  <div class='ocr_page' id='page_1' title='image "/cluster/home/n/w/nwhite01/storage/ocr_20150623/70/hvd.32044015469356/050.png"; bbox 0 0 4064 6360; ppageno 0'>
   <div class='ocr_carea' id='block_1_1' title="bbox 271 438 3554 507">
    <p class='ocr_par' dir='ltr' id='par_1_1' title="bbox 271 438 3554 507">
     <span class='ocr_line' id='line_1_1' title="bbox 271 438 3554 507; baseline 0.004 -14"><span class='ocrx_word' id='word_1_1' title='bbox 271 439 345 493; x_wconf 82' lang='lat'><strong>89</strong></span> <span class='ocrx_word' id='word_1_2' title='bbox 1240 438 1602 499; x_wconf 81' lang='lat' dir='ltr'><strong>EXPOSlTlO</strong></span> <span class='ocrx_word' id='word_1_3' title='bbox 1641 440 1707 496; x_wconf 83' lang='lat' dir='ltr'><strong>IN</strong></span> <span class='ocrx_word' id='word_1_4' title='bbox 1747 440 2202 500; x_wconf 83' lang='lat' dir='ltr'><strong>PSALTERIUM.</strong></span> <span class='ocrx_word' id='word_1_5' title='bbox 2243 445 2433 504; x_wconf 81' lang='lat' dir='ltr'><strong>PSAL.</strong></span> <span class='ocrx_word' id='word_1_6' title='bbox 2475 445 2570 503; x_wconf 80' lang='lat' dir='ltr'><strong>IX.</strong></span> <span class='ocrx_word' id='word_1_7' title='bbox 3483 451 3554 507; x_wconf 88' lang='lat'><strong>90</strong></span> 
     </span>
    </p>
   </div>
   <div class='ocr_carea' id='block_1_2' title="bbox 269 548 3552 633">
    <p class='ocr_par' dir='ltr' id='par_1_2' title="bbox 269 548 3552 633">
     <span class='ocr_line' id='line_1_2' title="bbox 269 548 3552 633; baseline 0.003 -27"><span class='ocrx_word' id='word_1_8' title='bbox 269 559 353 621; x_wconf 86' lang='lat' dir='ltr'><strong>ut,</strong></span> <span class='ocrx_word' id='word_1_9' title='bbox 386 549 526 606; x_wconf 83' lang='lat' dir='ltr'><strong>sicut</strong></span> <span class='ocrx_word' id='word_1_10' title='bbox 551 548 807 607; x_wconf 86' lang='lat' dir='ltr'><strong>Dominus</strong></span> <span class='ocrx_word' id='word_1_11' title='bbox 827 550 882 606; x_wconf 91' lang='lat' dir='ltr'><strong>in</strong></span> <span class='ocrx_word' id='word_1_12' title='bbox 901 549 1191 621; x_wconf 85' lang='lat' dir='ltr'><strong>Evangelio</strong></span> <span class='ocrx_word' id='word_1_13' title='bbox 1212 553 1380 620; x_wconf 88' lang='lat' dir='ltr'><strong>dicit,</strong></span> <span class='ocrx_word' id='word_1_14' title='bbox 1413 553 1640 621; x_wconf 79' lang='lat' dir='ltr'><strong>seducet,</strong></span> <span class='ocrx_word' id='word_1_15' title='bbox 1670 553 1713 607; x_wconf 98' lang='lat' dir='ltr'><strong>si</strong></span> <span class='ocrx_word' id='word_1_16' title='bbox 1743 552 1857 621; x_wconf 79' lang='lat' dir='ltr'><strong>ﬁeri</strong></span> <span class='ocrx_word' id='word_1_17' title='bbox 1881 555 1937 616; x_wconf 79' lang='grc' dir='ltr'><strong>Α</strong></span> <span class='ocrx_word' id='word_1_18' title='bbox 2033 554 2188 611; x_wconf 85' lang='lat' dir='ltr'><strong>Vers.</strong></span> <span class='ocrx_word' id='word_1_19' title='bbox 2219 555 2309 610; x_wconf 73' lang='grc'><strong>54.</strong></span> <span class='ocrx_word' id='word_1_20' title='bbox 2333 555 2556 627; x_wconf 81' lang='lat' dir='ltr'><strong>Propter</strong></span> <span class='ocrx_word' id='word_1_21' title='bbox 2583 555 2706 628; x_wconf 81' lang='lat' dir='ltr'><strong>quid</strong></span> <span class='ocrx_word' id='word_1_22' title='bbox 2726 556 2947 613; x_wconf 76' lang='lat' dir='ltr'><strong>irritavit</strong></span> <span class='ocrx_word' id='word_1_23' title='bbox 2973 557 3161 630; x_wconf 80' lang='lat' dir='ltr'><strong>impius</strong></span> <span class='ocrx_word' id='word_1_24' title='bbox 3182 556 3347 614; x_wconf 87' lang='lat' dir='ltr'><strong>Deum</strong></span> <span class='ocrx_word' id='word_1_25' title='bbox 3369 559 3552 633; x_wconf 89' lang='lat' dir='ltr'><strong>[mss.,</strong></span> 
     </span>
    </p>
   </div>
   <div class='ocr_carea' id='block_1_3' title="bbox 276 645 1863 718">
    <p class='ocr_par' dir='ltr' id='par_1_3' title="bbox 276 645 1863 718">
     <span class='ocr_line' id='line_1_3' title="bbox 276 645 1863 718; baseline 0.001 -17"><span class='ocrx_word' id='word_1_26' title='bbox 276 654 465 716; x_wconf 86' lang='lat' dir='ltr'><strong>potest,</strong></span> <span class='ocrx_word' id='word_1_27' title='bbox 517 647 668 701; x_wconf 87' lang='lat' dir='ltr'><strong>etiam</strong></span> <span class='ocrx_word' id='word_1_28' title='bbox 715 646 898 702; x_wconf 84' lang='lat' dir='ltr'><strong>electos</strong></span> <span class='ocrx_word' id='word_1_29' title='bbox 928 645 1145 718; x_wconf 85' lang='lat' dir='ltr'><strong>(Matth.</strong></span> <span class='ocrx_word' id='word_1_30' title='bbox 1179 664 1323 715; x_wconf 76' lang='lat' dir='ltr'><strong>xxrv,</strong></span> <span class='ocrx_word' id='word_1_31' title='bbox 1353 647 1467 716; x_wconf 72' lang='grc'><strong>24).</strong></span> <span class='ocrx_word' id='word_1_32' title='bbox 1522 646 1753 702; x_wconf 86' lang='lat' dir='ltr'><strong>Proinde</strong></span> <span class='ocrx_word' id='word_1_33' title='bbox 1797 645 1863 702; x_wconf 88' lang='lat' dir='ltr'><strong>ad</strong></span> 
     </span>
    </p>
   </div>
   <div class='ocr_carea' id='block_1_4' title="bbox 273 741 1864 813">
    <p class='ocr_par' dir='ltr' id='par_1_4' title="bbox 273 741 1864 813">
     <span class='ocr_line' id='line_1_4' title="bbox 273 741 1864 813; baseline 0 -16"><span class='ocrx_word' id='word_1_34' title='bbox 273 743 386 798; x_wconf 85' lang='lat' dir='ltr'><strong>vim</strong></span> <span class='ocrx_word' id='word_1_35' title='bbox 414 743 646 812; x_wconf 73' lang='lat' dir='ltr'><strong>pertinet</strong></span> <span class='ocrx_word' id='word_1_36' title='bbox 675 742 816 812; x_wconf 90' lang='lat' dir='ltr'><strong>quod</strong></span> <span class='ocrx_word' id='word_1_37' title='bbox 843 743 1076 813; x_wconf 91' lang='lat' dir='ltr'><strong>positum</strong></span> <span class='ocrx_word' id='word_1_38' title='bbox 1105 752 1208 810; x_wconf 92' lang='lat' dir='ltr'><strong>est,</strong></span> <span class='ocrx_word' id='word_1_39' title='bbox 1241 744 1318 798; x_wconf 90' lang='lat' dir='ltr'><strong>leo</strong></span> <span class='ocrx_word' id='word_1_40' title='bbox 1342 760 1363 809; x_wconf 78' lang='lat'><strong>,-</strong></span> <span class='ocrx_word' id='word_1_41' title='bbox 1403 741 1472 797; x_wconf 91' lang='lat' dir='ltr'><strong>ad</strong></span> <span class='ocrx_word' id='word_1_42' title='bbox 1499 742 1671 808; x_wconf 89' lang='lat' dir='ltr'><strong>dolos,</strong></span> <span class='ocrx_word' id='word_1_43' title='bbox 1721 741 1864 812; x_wconf 89' lang='lat' dir='ltr'><strong>quod</strong></span> 
     </span>
    </p>
   </div>
   <div class='ocr_carea' id='block_1_5' title="bbox 274 831 1861 905">
    <p class='ocr_par' dir='ltr' id='par_1_5' title="bbox 274 831 1861 905">
     <span class='ocr_line' id='line_1_5' title="bbox 274 831 1861 905; baseline -0.002 -16"><span class='ocrx_word' id='word_1_44' title='bbox 274 835 372 900; x_wconf 90' lang='lat' dir='ltr'><strong>ait,</strong></span> <span class='ocrx_word' id='word_1_45' title='bbox 416 837 470 888; x_wconf 87' lang='lat' dir='ltr'><strong>in</strong></span> <span class='ocrx_word' id='word_1_46' title='bbox 499 834 788 888; x_wconf 85' lang='lat' dir='ltr'><strong>cubilisuo.</strong></span> <span class='ocrx_word' id='word_1_47' title='bbox 835 835 925 890; x_wconf 91' lang='lat' dir='ltr'><strong>Sic</strong></span> <span class='ocrx_word' id='word_1_48' title='bbox 954 842 1194 905; x_wconf 83' lang='lat' dir='ltr'><strong>utraeque</strong></span> <span class='ocrx_word' id='word_1_49' title='bbox 1251 833 1555 905; x_wconf 75' lang='lat' dir='ltr'><strong>iniquitates</strong></span> <span class='ocrx_word' id='word_1_50' title='bbox 1591 832 1710 902; x_wconf 87' lang='lat' dir='ltr'><strong>ejus</strong></span> <span class='ocrx_word' id='word_1_51' title='bbox 1750 831 1861 887; x_wconf 86' lang='lat' dir='ltr'><strong>sin-</strong></span> 
     </span>
    </p>
   </div>
   <div class='ocr_carea' id='block_1_6' title="bbox 272 927 1877 998">
    <p class='ocr_par' dir='ltr' id='par_1_6' title="bbox 272 927 1877 998">
     <span class='ocr_line' id='line_1_6' title="bbox 272 927 1877 998; baseline -0.001 -16"><span class='ocrx_word' id='word_1_52' title='bbox 272 927 412 998; x_wconf 81' lang='lat' dir='ltr'><strong>gulis</strong></span> <span class='ocrx_word' id='word_1_53' title='bbox 440 927 778 983; x_wconf 87' lang='lat' dir='ltr'><strong>sermonibus</strong></span> <span class='ocrx_word' id='word_1_54' title='bbox 807 927 1137 982; x_wconf 90' lang='lat' dir='ltr'><strong>intimantur.</strong></span> <span class='ocrx_word' id='word_1_55' title='bbox 1874 993 1877 996; x_wconf 95' lang='lat'><em>_</em></span> 
     </span>
    </p>
   </div>
   <div class='ocr_carea' id='block_1_7' title="bbox 348 1018 1861 1089">
    <p class='ocr_par' dir='ltr' id='par_1_7' title="bbox 348 1018 1861 1089">
     <span class='ocr_line' id='line_1_7' title="bbox 348 1018 1861 1089; baseline -0.002 -17"><span class='ocrx_word' id='word_1_56' title='bbox 348 1019 502 1074; x_wconf 78' lang='lat' dir='ltr'><strong>Vers.</strong></span> <span class='ocrx_word' id='word_1_57' title='bbox 539 1020 629 1073; x_wconf 83' lang='lat'><strong>&#39;50.</strong></span> <span class='ocrx_word' id='word_1_58' title='bbox 670 1018 958 1073; x_wconf 86' lang='lat' dir='ltr'><strong>Insidiatur</strong></span> <span class='ocrx_word' id='word_1_59' title='bbox 1001 1031 1055 1073; x_wconf 91' lang='lat' dir='ltr'><strong>ut</strong></span> <span class='ocrx_word' id='word_1_60' title='bbox 1100 1019 1268 1089; x_wconf 78' lang='lat' dir='ltr'><strong>rapiat</strong></span> <span class='ocrx_word' id='word_1_61' title='bbox 1299 1032 1622 1087; x_wconf 82' lang='lat' dir='ltr'><strong>pauperem:</strong></span> <span class='ocrx_word' id='word_1_62' title='bbox 1677 1031 1861 1085; x_wconf 87' lang='lat' dir='ltr'><strong>rapere</strong></span> 
     </span>
    </p>
   </div>
   <div class='ocr_carea' id='block_1_8' title="bbox 275 1106 1864 1179">
    <p class='ocr_par' dir='ltr' id='par_1_8' title="bbox 275 1106 1864 1179">
     <span class='ocr_line' id='line_1_8' title="bbox 275 1106 1864 1179; baseline -0.003 -16"><span class='ocrx_word' id='word_1_63' title='bbox 275 1127 575 1178; x_wconf 80' lang='lat' dir='ltr'><strong>pauperem,</strong></span> <span class='ocrx_word' id='word_1_64' title='bbox 609 1112 732 1164; x_wconf 87' lang='lat' dir='ltr'><strong>dum</strong></span> <span class='ocrx_word' id='word_1_65' title='bbox 768 1109 976 1164; x_wconf 82' lang='lat' dir='ltr'><strong>attrahit</strong></span> <span class='ocrx_word' id='word_1_66' title='bbox 998 1126 1132 1163; x_wconf 89' lang='lat' dir='ltr'><strong>eum.</strong></span> <span class='ocrx_word' id='word_1_67' title='bbox 1191 1108 1257 1163; x_wconf 90' lang='lat' dir='ltr'><strong>In</strong></span> <span class='ocrx_word' id='word_1_68' title='bbox 1288 1110 1471 1179; x_wconf 89' lang='lat' dir='ltr'><strong>laqueo</strong></span> <span class='ocrx_word' id='word_1_69' title='bbox 1501 1122 1593 1164; x_wconf 82' lang='lat' dir='ltr'><strong>suo</strong></span> <span class='ocrx_word' id='word_1_70' title='bbox 1618 1106 1864 1160; x_wconf 84' lang='lat' dir='ltr'><strong>humilia-</strong></span> 
     </span>
    </p>
   </div>
   <div class='ocr_carea' id='block_1_9' title="bbox 273 1196 1858 1267">
    <p class='ocr_par' dir='ltr' id='par_1_9' title="bbox 273 1196 1858 1267">
     <span class='ocr_line' id='line_1_9' title="bbox 273 1196 1858 1267; baseline -0.001 -14"><span class='ocrx_word' id='word_1_71' title='bbox 273 1202 349 1254; x_wconf 90' lang='lat' dir='ltr'><strong>bit</strong></span> <span class='ocrx_word' id='word_1_72' title='bbox 404 1217 538 1253; x_wconf 87' lang='lat' dir='ltr'><strong>eum.</strong></span> <span class='ocrx_word' id='word_1_73' title='bbox 617 1199 831 1255; x_wconf 85' lang='lat' dir='ltr'><strong>lteratio</strong></span> <span class='ocrx_word' id='word_1_74' title='bbox 878 1198 1232 1267; x_wconf 90' lang='lat' dir='ltr'><strong>insidiarum,</strong></span> <span class='ocrx_word' id='word_1_75' title='bbox 1287 1198 1618 1253; x_wconf 73' lang='lat' dir='ltr'><strong>nimietatem</strong></span> <span class='ocrx_word' id='word_1_76' title='bbox 1673 1196 1858 1252; x_wconf 88' lang='lat' dir='ltr'><strong>callidi</strong></span> 
     </span>
    </p>
   </div>
   <div class='ocr_carea' id='block_1_10' title="bbox 273 1287 1862 1362">
    <p class='ocr_par' dir='ltr' id='par_1_10' title="bbox 273 1287 1862 1362">
     <span class='ocr_line' id='line_1_10' title="bbox 273 1287 1862 1362; baseline -0.004 -14"><span class='ocrx_word' id='word_1_77' title='bbox 273 1291 638 1362; x_wconf 84' lang='lat' dir='ltr'><strong>persecutoris</strong></span> <span class='ocrx_word' id='word_1_78' title='bbox 685 1291 940 1347; x_wconf 89' lang='lat' dir='ltr'><strong>ostendit.</strong></span> <span class='ocrx_word' id='word_1_79' title='bbox 989 1292 1192 1362; x_wconf 86' lang='lat' dir='ltr'><strong>Rapere</strong></span> <span class='ocrx_word' id='word_1_80' title='bbox 1221 1304 1351 1346; x_wconf 90' lang='lat' dir='ltr'><strong>vero</strong></span> <span class='ocrx_word' id='word_1_81' title='bbox 1392 1305 1668 1361; x_wconf 83' lang='lat' dir='ltr'><strong>pauperem</strong></span> <span class='ocrx_word' id='word_1_82' title='bbox 1697 1287 1862 1358; x_wconf 82' lang='lat' dir='ltr'><strong>signi-</strong></span> 
     </span>
    </p>
   </div>
   <div class='ocr_carea' id='block_1_11' title="bbox 271 1382 1861 1454">
    <p class='ocr_par' dir='ltr' id='par_1_11' title="bbox 271 1382 1861 1454">
     <span class='ocr_line' id='line_1_11' title="bbox 271 1382 1861 1454; baseline -0.001 -17"><span class='ocrx_word' id='word_1_83' title='bbox 271 1383 397 1438; x_wconf 87' lang='lat' dir='ltr'><strong>ﬁcat</strong></span> <span class='ocrx_word' id='word_1_84' title='bbox 421 1384 656 1438; x_wconf 90' lang='lat' dir='ltr'><strong>subitum</strong></span> <span class='ocrx_word' id='word_1_85' title='bbox 687 1385 981 1453; x_wconf 89' lang='lat' dir='ltr'><strong>periculum</strong></span> <span class='ocrx_word' id='word_1_86' title='bbox 1013 1383 1227 1451; x_wconf 85' lang='lat' dir='ltr'><strong>animae,</strong></span> <span class='ocrx_word' id='word_1_87' title='bbox 1273 1383 1340 1439; x_wconf 89' lang='lat' dir='ltr'><strong>ad</strong></span> <span class='ocrx_word' id='word_1_88' title='bbox 1380 1383 1522 1454; x_wconf 89' lang='lat' dir='ltr'><strong>quod</strong></span> <span class='ocrx_word' id='word_1_89' title='bbox 1548 1383 1638 1439; x_wconf 91' lang='lat' dir='ltr'><strong>ille</strong></span> <span class='ocrx_word' id='word_1_90' title='bbox 1673 1382 1861 1439; x_wconf 81' lang='lat' dir='ltr'><strong>nefan-</strong></span> 
     </span>
    </p>
   </div>
   <div class='ocr_carea' id='block_1_12' title="bbox 271 1478 1860 1534">
    <p class='ocr_par' dir='ltr' id='par_1_12' title="bbox 271 1478 1860 1534">
     <span class='ocr_line' id='line_1_12' title="bbox 271 1478 1860 1534; baseline -0.001 -1"><span class='ocrx_word' id='word_1_91' title='bbox 271 1478 528 1533; x_wconf 89' lang='lat' dir='ltr'><strong>dissimus</strong></span> <span class='ocrx_word' id='word_1_92' title='bbox 573 1479 785 1534; x_wconf 86' lang='lat' dir='ltr'><strong>trahere</strong></span> <span class='ocrx_word' id='word_1_93' title='bbox 817 1478 1004 1532; x_wconf 87' lang='lat' dir='ltr'><strong>nititur</strong></span> <span class='ocrx_word' id='word_1_94' title='bbox 1032 1478 1367 1534; x_wconf 87' lang='lat' dir='ltr'><strong>innocentes.</strong></span> <span class='ocrx_word' id='word_1_95' title='bbox 1419 1478 1622 1533; x_wconf 90' lang='lat' dir='ltr'><strong>Deinde</strong></span> <span class='ocrx_word' id='word_1_96' title='bbox 1664 1478 1731 1532; x_wconf 89' lang='lat' dir='ltr'><strong>ad</strong></span> <span class='ocrx_word' id='word_1_97' title='bbox 1761 1492 1860 1533; x_wconf 83' lang='lat' dir='ltr'><strong>ex-</strong></span> 
     </span>
    </p>
   </div>
   <div class='ocr_carea' id='block_1_13' title="bbox 275 1569 1859 1641">
    <p class='ocr_par' dir='ltr' id='par_1_13' title="bbox 275 1569 1859 1641">
     <span class='ocr_line' id='line_1_13' title="bbox 275 1569 1859 1641; baseline 0.001 -16"><span class='ocrx_word' id='word_1_98' title='bbox 275 1571 594 1641; x_wconf 88' lang='lat' dir='ltr'><strong>positionem</strong></span> <span class='ocrx_word' id='word_1_99' title='bbox 629 1571 866 1640; x_wconf 89' lang='lat' dir='ltr'><strong>priorum</strong></span> <span class='ocrx_word' id='word_1_100' title='bbox 897 1571 1139 1640; x_wconf 86' lang='lat' dir='ltr'><strong>sequitur</strong></span> <span class='ocrx_word' id='word_1_101' title='bbox 1166 1569 1360 1626; x_wconf 88' lang='lat' dir='ltr'><strong>decora</strong></span> <span class='ocrx_word' id='word_1_102' title='bbox 1389 1571 1639 1639; x_wconf 89' lang='lat' dir='ltr'><strong>repetitio</strong></span> <span class='ocrx_word' id='word_1_103' title='bbox 1669 1587 1681 1634; x_wconf 93' lang='lat'>;</span> <span class='ocrx_word' id='word_1_104' title='bbox 1734 1584 1859 1626; x_wconf 91' lang='lat' dir='ltr'><strong>nam</strong></span> 
     </span>
    </p>
   </div>
   <div class='ocr_carea' id='block_1_14' title="bbox 275 1661 1858 1735">
    <p class='ocr_par' dir='ltr' id='par_1_14' title="bbox 275 1661 1858 1735">
     <span class='ocr_line' id='line_1_14' title="bbox 275 1661 1858 1735; baseline -0.002 -15"><span class='ocrx_word' id='word_1_105' title='bbox 275 1674 339 1720; x_wconf 90' lang='lat' dir='ltr'><strong>ut</strong></span> <span class='ocrx_word' id='word_1_106' title='bbox 381 1680 486 1722; x_wconf 90' lang='lat' dir='ltr'><strong>non</strong></span> <span class='ocrx_word' id='word_1_107' title='bbox 520 1673 735 1735; x_wconf 87' lang='lat' dir='ltr'><strong>putares</strong></span> <span class='ocrx_word' id='word_1_108' title='bbox 784 1679 1070 1734; x_wconf 84' lang='lat' dir='ltr'><strong>pauperem</strong></span> <span class='ocrx_word' id='word_1_109' title='bbox 1103 1671 1312 1733; x_wconf 91' lang='lat' dir='ltr'><strong>raptum</strong></span> <span class='ocrx_word' id='word_1_110' title='bbox 1363 1671 1454 1718; x_wconf 90' lang='lat' dir='ltr'><strong>aut</strong></span> <span class='ocrx_word' id='word_1_111' title='bbox 1491 1661 1606 1718; x_wconf 87' lang='lat' dir='ltr'><strong>ﬁsci</strong></span> <span class='ocrx_word' id='word_1_112' title='bbox 1655 1661 1858 1731; x_wconf 87' lang='lat' dir='ltr'><strong>debito,</strong></span> 
     </span>
    </p>
   </div>
   <div class='ocr_carea' id='block_1_15' title="bbox 272 1759 1860 1831">
    <p class='ocr_par' dir='ltr' id='par_1_15' title="bbox 272 1759 1860 1831">
     <span class='ocr_line' id='line_1_15' title="bbox 272 1759 1860 1831; baseline 0.001 -18"><span class='ocrx_word' id='word_1_113' title='bbox 272 1768 368 1815; x_wconf 87' lang='lat' dir='ltr'><strong>aut</strong></span> <span class='ocrx_word' id='word_1_114' title='bbox 405 1760 833 1830; x_wconf 86' lang='lat' dir='ltr'><strong>interpellatione</strong></span> <span class='ocrx_word' id='word_1_115' title='bbox 880 1773 1059 1814; x_wconf 84' lang='lat' dir='ltr'><strong>causae</strong></span> <span class='ocrx_word' id='word_1_116' title='bbox 1099 1759 1294 1826; x_wconf 82' lang='lat' dir='ltr'><strong>civilis,</strong></span> <span class='ocrx_word' id='word_1_117' title='bbox 1342 1759 1634 1829; x_wconf 77' lang='lat' dir='ltr'><strong>geminavit</strong></span> <span class='ocrx_word' id='word_1_118' title='bbox 1679 1775 1860 1831; x_wconf 89' lang='lat' dir='ltr'><strong>rapere</strong></span> 
     </span>
    </p>
   </div>
   <div class='ocr_carea' id='block_1_16' title="bbox 271 1853 1854 1924">
    <p class='ocr_par' dir='ltr' id='par_1_16' title="bbox 271 1853 1854 1924">
     <span class='ocr_line' id='line_1_16' title="bbox 271 1853 1854 1924; baseline -0.002 -15"><span class='ocrx_word' id='word_1_119' title='bbox 271 1863 689 1924; x_wconf 81' lang='lat' dir='ltr'><strong>pauperem;_et</strong></span> <span class='ocrx_word' id='word_1_120' title='bbox 738 1869 861 1909; x_wconf 83' lang='lat' dir='ltr'><strong>mox</strong></span> <span class='ocrx_word' id='word_1_121' title='bbox 910 1867 1126 1909; x_wconf 86' lang='lat' dir='ltr'><strong>causam</strong></span> <span class='ocrx_word' id='word_1_122' title='bbox 1176 1853 1568 1923; x_wconf 88' lang='lat' dir='ltr'><strong>persecutionis</strong></span> <span class='ocrx_word' id='word_1_123' title='bbox 1594 1853 1854 1917; x_wconf 81' lang='lat' dir='ltr'><strong>annectit,</strong></span> 
     </span>
    </p>
   </div>
   <div class='ocr_carea' id='block_1_17' title="bbox 1966 646 3554 720">
    <p class='ocr_par' dir='ltr' id='par_1_17' title="bbox 1966 646 3554 720">
     <span class='ocr_line' id='line_1_17' title="bbox 1966 646 3554 720; baseline 0.003 -18"><span class='ocrx_word' id='word_1_124' title='bbox 1966 646 2248 702; x_wconf 87' lang='lat' dir='ltr'><strong>Dominum</strong></span> <span class='ocrx_word' id='word_1_125' title='bbox 2273 649 2573 720; x_wconf 80' lang='lat' dir='ltr'><strong>peccator]?</strong></span> <span class='ocrx_word' id='word_1_126' title='bbox 2635 648 2782 704; x_wconf 75' lang='lat' dir='ltr'><strong>Dixit</strong></span> <span class='ocrx_word' id='word_1_127' title='bbox 2828 651 2959 706; x_wconf 88' lang='lat' dir='ltr'><strong>enim</strong></span> <span class='ocrx_word' id='word_1_128' title='bbox 2991 651 3045 704; x_wconf 85' lang='lat' dir='ltr'><strong>in</strong></span> <span class='ocrx_word' id='word_1_129' title='bbox 3087 653 3237 705; x_wconf 84' lang='lat' dir='ltr'><strong>corde</strong></span> <span class='ocrx_word' id='word_1_130' title='bbox 3281 667 3397 719; x_wconf 83' lang='lat' dir='ltr'><strong>suo,</strong></span> <span class='ocrx_word' id='word_1_131' title='bbox 3449 668 3554 707; x_wconf 89' lang='lat' dir='ltr'><strong>non</strong></span> 
     </span>
    </p>
   </div>
   <div class='ocr_carea' id='block_1_18' title="bbox 1966 741 3551 810">
    <p class='ocr_par' dir='ltr' id='par_1_18' title="bbox 1966 741 3551 810">
     <span class='ocr_line' id='line_1_18' title="bbox 1966 741 3551 810; baseline 0.005 -16"><span class='ocrx_word' id='word_1_132' title='bbox 1966 742 2206 810; x_wconf 85' lang='lat' dir='ltr'><strong>requiret.</strong></span> <span class='ocrx_word' id='word_1_133' title='bbox 2241 741 2296 796; x_wconf 90' lang='lat' dir='ltr'><strong>ln</strong></span> <span class='ocrx_word' id='word_1_134' title='bbox 2323 741 2423 796; x_wconf 91' lang='lat' dir='ltr'><strong>hoc</strong></span> <span class='ocrx_word' id='word_1_135' title='bbox 2451 756 2610 796; x_wconf 87' lang='lat' dir='ltr'><strong>versu</strong></span> <span class='ocrx_word' id='word_1_136' title='bbox 2631 743 2860 800; x_wconf 85' lang='lat' dir='ltr'><strong>mirabili</strong></span> <span class='ocrx_word' id='word_1_137' title='bbox 2894 744 3156 801; x_wconf 85' lang='lat' dir='ltr'><strong>brevitate</strong></span> <span class='ocrx_word' id='word_1_138' title='bbox 3179 752 3232 800; x_wconf 88' lang='lat' dir='ltr'><strong>et</strong></span> <span class='ocrx_word' id='word_1_139' title='bbox 3262 743 3551 802; x_wconf 84' lang='lat' dir='ltr'><strong>sciscitatio</strong></span> 
     </span>
    </p>
   </div>
   <div class='ocr_carea' id='block_1_19' title="bbox 1966 833 3548 906">
    <p class='ocr_par' dir='ltr' id='par_1_19' title="bbox 1966 833 3548 906">
     <span class='ocr_line' id='line_1_19' title="bbox 1966 833 3548 906; baseline 0.003 -18"><span class='ocrx_word' id='word_1_140' title='bbox 1966 833 2332 903; x_wconf 62' lang='lat' dir='ltr'><strong>praemittitur,</strong></span> <span class='ocrx_word' id='word_1_141' title='bbox 2378 842 2433 889; x_wconf 91' lang='lat' dir='ltr'><strong>et</strong></span> <span class='ocrx_word' id='word_1_142' title='bbox 2459 837 2742 904; x_wconf 77' lang='lat' dir='ltr'><strong>responsio</strong></span> <span class='ocrx_word' id='word_1_143' title='bbox 2763 845 2887 906; x_wconf 88' lang='lat' dir='ltr'><strong>apta</strong></span> <span class='ocrx_word' id='word_1_144' title='bbox 2909 837 3274 906; x_wconf 88' lang='lat' dir='ltr'><strong>consequitur.</strong></span> <span class='ocrx_word' id='word_1_145' title='bbox 3309 837 3548 893; x_wconf 88' lang='lat' dir='ltr'><strong>Interro-</strong></span> 
     </span>
    </p>
   </div>
   <div class='ocr_carea' id='block_1_20' title="bbox 1965 923 3551 997">
    <p class='ocr_par' dir='ltr' id='par_1_20' title="bbox 1965 923 3551 997">
     <span class='ocr_line' id='line_1_20' title="bbox 1965 923 3551 997; baseline 0.002 -19"><span class='ocrx_word' id='word_1_146' title='bbox 1965 925 2140 996; x_wconf 82' lang='lat' dir='ltr'><strong>gative</strong></span> <span class='ocrx_word' id='word_1_147' title='bbox 2169 924 2309 979; x_wconf 91' lang='lat' dir='ltr'><strong>enim</strong></span> <span class='ocrx_word' id='word_1_148' title='bbox 2343 923 2800 994; x_wconf 85' lang='lat' dir='ltr'><strong>pronuntiandum</strong></span> <span class='ocrx_word' id='word_1_149' title='bbox 2824 935 2907 981; x_wconf 89' lang='lat' dir='ltr'><strong>est</strong></span> <span class='ocrx_word' id='word_1_150' title='bbox 2938 945 2950 979; x_wconf 95' lang='lat'>:</span> <span class='ocrx_word' id='word_1_151' title='bbox 3001 925 3223 997; x_wconf 88' lang='lat' dir='ltr'><strong>Propter</strong></span> <span class='ocrx_word' id='word_1_152' title='bbox 3259 927 3383 997; x_wconf 89' lang='lat' dir='ltr'><strong>quid</strong></span> <span class='ocrx_word' id='word_1_153' title='bbox 3431 927 3551 981; x_wconf 86' lang='lat' dir='ltr'><strong>irri-</strong></span> 
     </span>
    </p>
   </div>
   <div class='ocr_carea' id='block_1_21' title="bbox 1965 1019 3550 1092">
    <p class='ocr_par' dir='ltr' id='par_1_21' title="bbox 1965 1019 3550 1092">
     <span class='ocr_line' id='line_1_21' title="bbox 1965 1019 3550 1092; baseline 0.004 -20"><span class='ocrx_word' id='word_1_154' title='bbox 1965 1021 2087 1074; x_wconf 86' lang='lat' dir='ltr'><strong>tavit</strong></span> <span class='ocrx_word' id='word_1_155' title='bbox 2115 1021 2304 1091; x_wconf 88' lang='lat' dir='ltr'><strong>impius</strong></span> <span class='ocrx_word' id='word_1_156' title='bbox 2335 1019 2496 1076; x_wconf 89' lang='lat' dir='ltr'><strong>Deum</strong></span> <span class='ocrx_word' id='word_1_157' title='bbox 2518 1022 2542 1074; x_wconf 86' lang='lat'><strong><em>?</em></strong></span> <span class='ocrx_word' id='word_1_158' title='bbox 2565 1019 2770 1076; x_wconf 91' lang='lat' dir='ltr'><strong>Deinde</strong></span> <span class='ocrx_word' id='word_1_159' title='bbox 2795 1023 3228 1092; x_wconf 87' lang='lat' dir='ltr'><strong>respondendum</strong></span> <span class='ocrx_word' id='word_1_160' title='bbox 3250 1033 3335 1080; x_wconf 89' lang='lat' dir='ltr'><strong>est</strong></span> <span class='ocrx_word' id='word_1_161' title='bbox 3360 1042 3374 1078; x_wconf 89' lang='lat'><strong>:</strong></span> <span class='ocrx_word' id='word_1_162' title='bbox 3401 1024 3550 1079; x_wconf 78' lang='lat' dir='ltr'><strong>Dixit</strong></span> 
     </span>
    </p>
   </div>
   <div class='ocr_carea' id='block_1_22' title="bbox 1964 1111 3551 1184">
    <p class='ocr_par' dir='ltr' id='par_1_22' title="bbox 1964 1111 3551 1184">
     <span class='ocr_line' id='line_1_22' title="bbox 1964 1111 3551 1184; baseline 0.003 -18"><span class='ocrx_word' id='word_1_163' title='bbox 1964 1113 2099 1166; x_wconf 88' lang='lat' dir='ltr'><strong>enim</strong></span> <span class='ocrx_word' id='word_1_164' title='bbox 2125 1112 2179 1164; x_wconf 88' lang='lat' dir='ltr'><strong>in</strong></span> <span class='ocrx_word' id='word_1_165' title='bbox 2201 1113 2352 1166; x_wconf 89' lang='lat' dir='ltr'><strong>corde</strong></span> <span class='ocrx_word' id='word_1_166' title='bbox 2382 1128 2496 1180; x_wconf 88' lang='lat' dir='ltr'><strong>suo,</strong></span> <span class='ocrx_word' id='word_1_167' title='bbox 2527 1128 2631 1166; x_wconf 84' lang='lat' dir='ltr'><strong>non</strong></span> <span class='ocrx_word' id='word_1_168' title='bbox 2661 1111 2904 1180; x_wconf 86' lang='lat' dir='ltr'><strong>requiret.</strong></span> <span class='ocrx_word' id='word_1_169' title='bbox 2930 1111 3149 1169; x_wconf 86' lang='lat' dir='ltr'><strong>Constat</strong></span> <span class='ocrx_word' id='word_1_170' title='bbox 3177 1113 3397 1184; x_wconf 87' lang='lat' dir='ltr'><strong>quippe,</strong></span> <span class='ocrx_word' id='word_1_171' title='bbox 3429 1112 3551 1170; x_wconf 88' lang='lat' dir='ltr'><strong>ideo</strong></span> 
     </span>
    </p>
   </div>
   <div class='ocr_carea' id='block_1_23' title="bbox 1966 1201 3548 1273">
    <p class='ocr_par' dir='ltr' id='par_1_23' title="bbox 1966 1201 3548 1273">
     <span class='ocr_line' id='line_1_23' title="bbox 1966 1201 3548 1273; baseline 0.001 -16"><span class='ocrx_word' id='word_1_172' title='bbox 1966 1202 2249 1258; x_wconf 91' lang='lat' dir='ltr'><strong>Dominum</strong></span> <span class='ocrx_word' id='word_1_173' title='bbox 2282 1203 2567 1269; x_wconf 89' lang='lat' dir='ltr'><strong>irritatum,</strong></span> <span class='ocrx_word' id='word_1_174' title='bbox 2613 1201 2865 1273; x_wconf 84' lang='lat' dir='ltr'><strong>quoniam</strong></span> <span class='ocrx_word' id='word_1_175' title='bbox 2895 1217 3018 1258; x_wconf 89' lang='lat' dir='ltr'><strong>eum</strong></span> <span class='ocrx_word' id='word_1_176' title='bbox 3047 1203 3244 1272; x_wconf 86' lang='lat' dir='ltr'><strong>impius</strong></span> <span class='ocrx_word' id='word_1_177' title='bbox 3275 1203 3414 1259; x_wconf 85' lang='lat' dir='ltr'><strong>facta</strong></span> <span class='ocrx_word' id='word_1_178' title='bbox 3454 1219 3548 1260; x_wconf 87' lang='lat' dir='ltr'><strong>sua</strong></span> 
     </span>
    </p>
   </div>
   <div class='ocr_carea' id='block_1_24' title="bbox 1964 1292 3548 1369">
    <p class='ocr_par' dir='ltr' id='par_1_24' title="bbox 1964 1292 3548 1369">
     <span class='ocr_line' id='line_1_24' title="bbox 1964 1292 3548 1369; baseline -0.001 -19"><span class='ocrx_word' id='word_1_179' title='bbox 1964 1311 2070 1351; x_wconf 92' lang='lat' dir='ltr'><strong>non</strong></span> <span class='ocrx_word' id='word_1_180' title='bbox 2096 1294 2317 1365; x_wconf 87' lang='lat' dir='ltr'><strong>putabat</strong></span> <span class='ocrx_word' id='word_1_181' title='bbox 2338 1309 2497 1369; x_wconf 86' lang='lat' dir='ltr'><strong>posse</strong></span> <span class='ocrx_word' id='word_1_182' title='bbox 2519 1294 2812 1364; x_wconf 90' lang='lat' dir='ltr'><strong>requirere.</strong></span> <span class='ocrx_word' id='word_1_183' title='bbox 2843 1293 2950 1349; x_wconf 88' lang='lat' dir='ltr'><strong>Sed</strong></span> <span class='ocrx_word' id='word_1_184' title='bbox 2973 1292 3210 1348; x_wconf 89' lang='lat' dir='ltr'><strong>inveniet</strong></span> <span class='ocrx_word' id='word_1_185' title='bbox 3232 1308 3548 1360; x_wconf 87' lang='lat' dir='ltr'><strong>memorem,</strong></span> 
     </span>
    </p>
   </div>
   <div class='ocr_carea' id='block_1_25' title="bbox 1964 1385 3551 1458">
    <p class='ocr_par' dir='ltr' id='par_1_25' title="bbox 1964 1385 3551 1458">
     <span class='ocr_line' id='line_1_25' title="bbox 1964 1385 3551 1458; baseline -0.001 -15"><span class='ocrx_word' id='word_1_186' title='bbox 1964 1403 2125 1458; x_wconf 90' lang='lat' dir='ltr'><strong>quem</strong></span> <span class='ocrx_word' id='word_1_187' title='bbox 2154 1389 2404 1458; x_wconf 86' lang='lat' dir='ltr'><strong>sperabat</strong></span> <span class='ocrx_word' id='word_1_188' title='bbox 2431 1386 2678 1454; x_wconf 89' lang='lat' dir='ltr'><strong>oblitum,</strong></span> <span class='ocrx_word' id='word_1_189' title='bbox 2713 1393 2767 1442; x_wconf 91' lang='lat' dir='ltr'><strong>et</strong></span> <span class='ocrx_word' id='word_1_190' title='bbox 2795 1399 2964 1455; x_wconf 88' lang='lat' dir='ltr'><strong>usque</strong></span> <span class='ocrx_word' id='word_1_191' title='bbox 2987 1385 3056 1440; x_wconf 89' lang='lat' dir='ltr'><strong>ad</strong></span> <span class='ocrx_word' id='word_1_192' title='bbox 3084 1385 3403 1440; x_wconf 90' lang='lat' dir='ltr'><strong>immensum</strong></span> <span class='ocrx_word' id='word_1_193' title='bbox 3427 1400 3551 1442; x_wconf 88' lang='lat' dir='ltr'><strong>sen-</strong></span> 
     </span>
    </p>
   </div>
   <div class='ocr_carea' id='block_1_26' title="bbox 1967 1475 3550 1549">
    <p class='ocr_par' dir='ltr' id='par_1_26' title="bbox 1967 1475 3550 1549">
     <span class='ocr_line' id='line_1_26' title="bbox 1967 1475 3550 1549; baseline -0.001 -15"><span class='ocrx_word' id='word_1_194' title='bbox 1967 1481 2028 1534; x_wconf 89' lang='lat' dir='ltr'><strong>tit</strong></span> <span class='ocrx_word' id='word_1_195' title='bbox 2056 1480 2246 1549; x_wconf 89' lang='lat' dir='ltr'><strong>recipi,</strong></span> <span class='ocrx_word' id='word_1_196' title='bbox 2289 1493 2409 1549; x_wconf 74' lang='lat' dir='ltr'><strong>qute</strong></span> <span class='ocrx_word' id='word_1_197' title='bbox 2439 1493 2551 1549; x_wconf 83' lang='lat' dir='ltr'><strong>prae</strong></span> <span class='ocrx_word' id='word_1_198' title='bbox 2578 1476 2923 1533; x_wconf 88' lang='lat' dir='ltr'><strong>multitudine</strong></span> <span class='ocrx_word' id='word_1_199' title='bbox 2950 1475 3267 1533; x_wconf 89' lang='lat' dir='ltr'><strong>delictorum</strong></span> <span class='ocrx_word' id='word_1_200' title='bbox 3298 1475 3550 1533; x_wconf 85' lang='lat' dir='ltr'><strong>credebat</strong></span> 
     </span>
    </p>
   </div>
   <div class='ocr_carea' id='block_1_27' title="bbox 1963 1570 3561 1640">
    <p class='ocr_par' dir='ltr' id='par_1_27' title="bbox 1963 1570 3561 1640">
     <span class='ocr_line' id='line_1_27' title="bbox 1963 1570 3561 1640; baseline -0.008 -12"><span class='ocrx_word' id='word_1_201' title='bbox 1963 1571 2016 1628; x_wconf 91' lang='lat' dir='ltr'><strong>in</strong></span> <span class='ocrx_word' id='word_1_202' title='bbox 2049 1570 2305 1626; x_wconf 90' lang='lat' dir='ltr'><strong>memoria</strong></span> <span class='ocrx_word' id='word_1_203' title='bbox 2330 1585 2437 1626; x_wconf 91' lang='lat' dir='ltr'><strong>non</strong></span> <span class='ocrx_word' id='word_1_204' title='bbox 2472 1570 2663 1626; x_wconf 89' lang='lat' dir='ltr'><strong>teneri.</strong></span> <span class='ocrx_word' id='word_1_205' title='bbox 3554 1579 3561 1640; x_wconf 63' lang='grc' dir='ltr'><strong>ί</strong></span> 
     </span>
    </p>
   </div>
   <div class='ocr_carea' id='block_1_28' title="bbox 2034 1661 3551 1733">
    <p class='ocr_par' dir='ltr' id='par_1_28' title="bbox 2034 1661 3551 1733">
     <span class='ocr_line' id='line_1_28' title="bbox 2034 1661 3551 1733; baseline -0.001 -14"><span class='ocrx_word' id='word_1_206' title='bbox 2034 1662 2190 1719; x_wconf 79' lang='lat' dir='ltr'><strong>Vers.</strong></span> <span class='ocrx_word' id='word_1_207' title='bbox 2210 1662 2298 1718; x_wconf 79' lang='lat'><strong>55.</strong></span> <span class='ocrx_word' id='word_1_208' title='bbox 2335 1661 2491 1717; x_wconf 87' lang='lat' dir='ltr'><strong>Vides</strong></span> <span class='ocrx_word' id='word_1_209' title='bbox 2512 1663 2753 1733; x_wconf 85' lang='lat' dir='ltr'><strong>quoniam</strong></span> <span class='ocrx_word' id='word_1_210' title='bbox 2779 1671 2834 1717; x_wconf 90' lang='lat' dir='ltr'><strong>tu</strong></span> <span class='ocrx_word' id='word_1_211' title='bbox 2860 1662 3084 1717; x_wconf 88' lang='lat' dir='ltr'><strong>laborem</strong></span> <span class='ocrx_word' id='word_1_212' title='bbox 3104 1670 3156 1718; x_wconf 90' lang='lat' dir='ltr'><strong>et</strong></span> <span class='ocrx_word' id='word_1_213' title='bbox 3175 1663 3405 1718; x_wconf 85' lang='lat' dir='ltr'><strong>dolorem</strong></span> <span class='ocrx_word' id='word_1_214' title='bbox 3427 1679 3551 1718; x_wconf 87' lang='lat' dir='ltr'><strong>con-</strong></span> 
     </span>
    </p>
   </div>
   <div class='ocr_carea' id='block_1_29' title="bbox 1962 1755 3552 1828">
    <p class='ocr_par' dir='ltr' id='par_1_29' title="bbox 1962 1755 3552 1828">
     <span class='ocr_line' id='line_1_29' title="bbox 1962 1755 3552 1828; baseline 0.001 -17"><span class='ocrx_word' id='word_1_215' title='bbox 1962 1757 2181 1823; x_wconf 88' lang='lat' dir='ltr'><strong>sideras,</strong></span> <span class='ocrx_word' id='word_1_216' title='bbox 2201 1767 2256 1810; x_wconf 84' lang='lat' dir='ltr'><strong>ut</strong></span> <span class='ocrx_word' id='word_1_217' title='bbox 2283 1757 2458 1810; x_wconf 86' lang='lat' dir='ltr'><strong>tradas</strong></span> <span class='ocrx_word' id='word_1_218' title='bbox 2474 1773 2557 1811; x_wconf 87' lang='lat' dir='ltr'><strong>eos</strong></span> <span class='ocrx_word' id='word_1_219' title='bbox 2579 1757 2630 1810; x_wconf 87' lang='lat' dir='ltr'><strong>in</strong></span> <span class='ocrx_word' id='word_1_220' title='bbox 2655 1773 2840 1811; x_wconf 88' lang='lat' dir='ltr'><strong>manus</strong></span> <span class='ocrx_word' id='word_1_221' title='bbox 2867 1765 3000 1811; x_wconf 91' lang='lat' dir='ltr'><strong>tuas.</strong></span> <span class='ocrx_word' id='word_1_222' title='bbox 3023 1755 3168 1813; x_wconf 91' lang='lat' dir='ltr'><strong>lstud</strong></span> <span class='ocrx_word' id='word_1_223' title='bbox 3185 1756 3296 1827; x_wconf 83' lang='lat' dir='ltr'><strong>jam</strong></span> <span class='ocrx_word' id='word_1_224' title='bbox 3309 1755 3417 1828; x_wconf 59' lang='lat'><strong>52</strong></span> <span class='ocrx_word' id='word_1_225' title='bbox 3431 1770 3552 1827; x_wconf 84' lang='lat' dir='ltr'><strong>pro-</strong></span> 
     </span>
    </p>
   </div>
   <div class='ocr_carea' id='block_1_30' title="bbox 1962 1847 3552 1922">
    <p class='ocr_par' dir='ltr' id='par_1_30' title="bbox 1962 1847 3552 1922">
     <span class='ocr_line' id='line_1_30' title="bbox 1962 1847 3552 1922; baseline 0 -17"><span class='ocrx_word' id='word_1_226' title='bbox 1962 1851 2084 1905; x_wconf 89' lang='lat' dir='ltr'><strong>bata</strong></span> <span class='ocrx_word' id='word_1_227' title='bbox 2108 1866 2168 1906; x_wconf 89' lang='lat' dir='ltr'><strong>re</strong></span> <span class='ocrx_word' id='word_1_228' title='bbox 2201 1850 2330 1922; x_wconf 87' lang='lat' dir='ltr'><strong>[ed.,</strong></span> <span class='ocrx_word' id='word_1_229' title='bbox 2366 1847 2662 1920; x_wconf 81' lang='lat' dir='ltr'><strong>probatori]</strong></span> <span class='ocrx_word' id='word_1_230' title='bbox 2689 1850 2914 1906; x_wconf 92' lang='lat' dir='ltr'><strong>Domino</strong></span> <span class='ocrx_word' id='word_1_231' title='bbox 2940 1864 3061 1905; x_wconf 91' lang='lat' dir='ltr'><strong>cum</strong></span> <span class='ocrx_word' id='word_1_232' title='bbox 3089 1849 3443 1920; x_wconf 79' lang='lat' dir='ltr'><strong>gratulatione</strong></span> <span class='ocrx_word' id='word_1_233' title='bbox 3469 1848 3552 1905; x_wconf 90' lang='lat' dir='ltr'><strong>di-</strong></span> 
     </span>
    </p>
   </div>
   <div class='ocr_carea' id='block_1_31' title="bbox 269 1942 3551 2015">
    <p class='ocr_par' dir='ltr' id='par_1_31' title="bbox 269 1942 3551 2015">
     <span class='ocr_line' id='line_1_31' title="bbox 269 1942 3551 2015; baseline -0.001 -14"><span class='ocrx_word' id='word_1_234' title='bbox 269 1950 397 2001; x_wconf 83' lang='lat' dir='ltr'><strong>dum</strong></span> <span class='ocrx_word' id='word_1_235' title='bbox 426 1947 640 2000; x_wconf 80' lang='lat' dir='ltr'><strong>attrahit</strong></span> <span class='ocrx_word' id='word_1_236' title='bbox 669 1963 802 2012; x_wconf 89' lang='lat' dir='ltr'><strong>eum,</strong></span> <span class='ocrx_word' id='word_1_237' title='bbox 834 1945 884 2000; x_wconf 90' lang='lat' dir='ltr'><strong>id</strong></span> <span class='ocrx_word' id='word_1_238' title='bbox 913 1955 1014 2010; x_wconf 90' lang='lat' dir='ltr'><strong>est,</strong></span> <span class='ocrx_word' id='word_1_239' title='bbox 1067 1945 1191 1999; x_wconf 92' lang='lat' dir='ltr'><strong>dum</strong></span> <span class='ocrx_word' id='word_1_240' title='bbox 1241 1944 1389 1999; x_wconf 90' lang='lat' dir='ltr'><strong>illum</strong></span> <span class='ocrx_word' id='word_1_241' title='bbox 1419 1960 1450 1997; x_wconf 92' lang='lat' dir='ltr'><strong>a</strong></span> <span class='ocrx_word' id='word_1_242' title='bbox 1490 1943 1716 1999; x_wconf 79' lang='lat' dir='ltr'><strong>veritate</strong></span> <span class='ocrx_word' id='word_1_243' title='bbox 1741 1943 1859 1998; x_wconf 91' lang='lat' dir='ltr'><strong>cul-</strong></span> <span class='ocrx_word' id='word_1_244' title='bbox 1887 1946 1935 2006; x_wconf 91' lang='lat' dir='ltr'><strong>B</strong></span> <span class='ocrx_word' id='word_1_245' title='bbox 1963 1945 2192 2001; x_wconf 89' lang='lat' dir='ltr'><strong>cendum</strong></span> <span class='ocrx_word' id='word_1_246' title='bbox 2222 1954 2305 2000; x_wconf 90' lang='lat' dir='ltr'><strong>est</strong></span> <span class='ocrx_word' id='word_1_247' title='bbox 2341 1962 2354 1999; x_wconf 92' lang='lat'>:</span> <span class='ocrx_word' id='word_1_248' title='bbox 2396 1944 2550 1998; x_wconf 81' lang='lat' dir='ltr'><strong>Vides</strong></span> <span class='ocrx_word' id='word_1_249' title='bbox 2576 1945 2829 2015; x_wconf 90' lang='lat' dir='ltr'><strong>quoniam</strong></span> <span class='ocrx_word' id='word_1_250' title='bbox 2861 1944 3038 2000; x_wconf 90' lang='lat' dir='ltr'><strong>nullus</strong></span> <span class='ocrx_word' id='word_1_251' title='bbox 3066 1944 3162 2000; x_wconf 89' lang='lat' dir='ltr'><strong>tibi</strong></span> <span class='ocrx_word' id='word_1_252' title='bbox 3189 1943 3396 1999; x_wconf 90' lang='lat' dir='ltr'><strong>illudet.</strong></span> <span class='ocrx_word' id='word_1_253' title='bbox 3452 1942 3551 1999; x_wconf 87' lang='lat' dir='ltr'><strong>Su-</strong></span> 
     </span>
    </p>
   </div>
   <div class='ocr_carea' id='block_1_32' title="bbox 276 2033 1856 2094">
    <p class='ocr_par' dir='ltr' id='par_1_32' title="bbox 276 2033 1856 2094">
     <span class='ocr_line' id='line_1_32' title="bbox 276 2033 1856 2094; baseline -0.004 0"><span class='ocrx_word' id='word_1_254' title='bbox 276 2051 415 2094; x_wconf 76' lang='lat' dir='ltr'><strong>tura:</strong></span> <span class='ocrx_word' id='word_1_255' title='bbox 436 2039 501 2094; x_wconf 90' lang='lat' dir='ltr'><strong>ad</strong></span> <span class='ocrx_word' id='word_1_256' title='bbox 530 2038 761 2094; x_wconf 85' lang='lat' dir='ltr'><strong>nominis</strong></span> <span class='ocrx_word' id='word_1_257' title='bbox 787 2037 870 2092; x_wconf 91' lang='lat' dir='ltr'><strong>sui</strong></span> <span class='ocrx_word' id='word_1_258' title='bbox 892 2037 1295 2092; x_wconf 71' lang='lat' dir='ltr'><strong>venerationem</strong></span> <span class='ocrx_word' id='word_1_259' title='bbox 1322 2036 1542 2091; x_wconf 89' lang='lat' dir='ltr'><strong>molitur</strong></span> <span class='ocrx_word' id='word_1_260' title='bbox 1569 2033 1856 2089; x_wconf 88' lang='lat' dir='ltr'><strong>adducere.</strong></span> 
     </span>
    </p>
   </div>
   <div class='ocr_carea' id='block_1_33' title="bbox 272 2127 1860 2196">
    <p class='ocr_par' dir='ltr' id='par_1_33' title="bbox 272 2127 1860 2196">
     <span class='ocr_line' id='line_1_33' title="bbox 272 2127 1860 2196; baseline -0.004 -10"><span class='ocrx_word' id='word_1_261' title='bbox 272 2131 346 2186; x_wconf 87' lang='lat' dir='ltr'><strong>Et</strong></span> <span class='ocrx_word' id='word_1_262' title='bbox 375 2148 441 2186; x_wconf 91' lang='lat' dir='ltr'><strong>ne</strong></span> <span class='ocrx_word' id='word_1_263' title='bbox 470 2131 644 2185; x_wconf 86' lang='lat' dir='ltr'><strong>adhuc</strong></span> <span class='ocrx_word' id='word_1_264' title='bbox 678 2130 839 2194; x_wconf 87' lang='lat' dir='ltr'><strong>istud,</strong></span> <span class='ocrx_word' id='word_1_265' title='bbox 865 2131 1079 2183; x_wconf 82' lang='lat' dir='ltr'><strong>attrahit</strong></span> <span class='ocrx_word' id='word_1_266' title='bbox 1109 2145 1244 2195; x_wconf 90' lang='lat' dir='ltr'><strong>eum,</strong></span> <span class='ocrx_word' id='word_1_267' title='bbox 1273 2127 1492 2182; x_wconf 89' lang='lat' dir='ltr'><strong>dubium</strong></span> <span class='ocrx_word' id='word_1_268' title='bbox 1534 2127 1733 2182; x_wconf 88' lang='lat' dir='ltr'><strong>habere</strong></span> <span class='ocrx_word' id='word_1_269' title='bbox 1765 2141 1860 2196; x_wconf 84' lang='lat' dir='ltr'><strong>po-</strong></span> 
     </span>
    </p>
   </div>
   <div class='ocr_carea' id='block_1_34' title="bbox 270 2219 1861 2292">
    <p class='ocr_par' dir='ltr' id='par_1_34' title="bbox 270 2219 1861 2292">
     <span class='ocr_line' id='line_1_34' title="bbox 270 2219 1861 2292; baseline -0.004 -13"><span class='ocrx_word' id='word_1_270' title='bbox 270 2227 486 2292; x_wconf 83' lang='lat' dir='ltr'><strong>tuisses,</strong></span> <span class='ocrx_word' id='word_1_271' title='bbox 516 2224 719 2279; x_wconf 88' lang='lat' dir='ltr'><strong>addidit</strong></span> <span class='ocrx_word' id='word_1_272' title='bbox 749 2243 761 2275; x_wconf 88' lang='lat'>:</span> <span class='ocrx_word' id='word_1_273' title='bbox 810 2223 878 2277; x_wconf 83' lang='lat' dir='ltr'><strong>In</strong></span> <span class='ocrx_word' id='word_1_274' title='bbox 922 2224 1102 2292; x_wconf 86' lang='lat' dir='ltr'><strong>laqueo</strong></span> <span class='ocrx_word' id='word_1_275' title='bbox 1132 2239 1225 2276; x_wconf 87' lang='lat' dir='ltr'><strong>suo</strong></span> <span class='ocrx_word' id='word_1_276' title='bbox 1250 2221 1540 2276; x_wconf 75' lang='lat' dir='ltr'><strong>huiniliabit</strong></span> <span class='ocrx_word' id='word_1_277' title='bbox 1571 2237 1704 2275; x_wconf 86' lang='lat' dir='ltr'><strong>eum.</strong></span> <span class='ocrx_word' id='word_1_278' title='bbox 1757 2219 1861 2272; x_wconf 86' lang='lat' dir='ltr'><strong>La—</strong></span> 
     </span>
    </p>
   </div>
   <div class='ocr_carea' id='block_1_35' title="bbox 269 2314 1858 2387">
    <p class='ocr_par' dir='ltr' id='par_1_35' title="bbox 269 2314 1858 2387">
     <span class='ocr_line' id='line_1_35' title="bbox 269 2314 1858 2387; baseline -0.003 -15"><span class='ocrx_word' id='word_1_279' title='bbox 269 2334 428 2385; x_wconf 85' lang='lat' dir='ltr'><strong>queus</strong></span> <span class='ocrx_word' id='word_1_280' title='bbox 467 2318 729 2387; x_wconf 84' lang='lat' dir='ltr'><strong>signiﬁcat</strong></span> <span class='ocrx_word' id='word_1_281' title='bbox 779 2317 984 2383; x_wconf 88' lang='lat' dir='ltr'><strong>dolum,</strong></span> <span class='ocrx_word' id='word_1_282' title='bbox 1039 2331 1145 2385; x_wconf 90' lang='lat' dir='ltr'><strong>quo</strong></span> <span class='ocrx_word' id='word_1_283' title='bbox 1185 2317 1509 2384; x_wconf 90' lang='lat' dir='ltr'><strong>simplicium</strong></span> <span class='ocrx_word' id='word_1_284' title='bbox 1541 2314 1706 2369; x_wconf 88' lang='lat' dir='ltr'><strong>corda</strong></span> <span class='ocrx_word' id='word_1_285' title='bbox 1754 2328 1858 2368; x_wconf 93' lang='lat' dir='ltr'><strong>ca-</strong></span> 
     </span>
    </p>
   </div>
   <div class='ocr_carea' id='block_1_36' title="bbox 269 2404 1861 2478">
    <p class='ocr_par' dir='ltr' id='par_1_36' title="bbox 269 2404 1861 2478">
     <span class='ocr_line' id='line_1_36' title="bbox 269 2404 1861 2478; baseline -0.001 -15"><span class='ocrx_word' id='word_1_286' title='bbox 269 2411 508 2478; x_wconf 88' lang='lat' dir='ltr'><strong>piuntur,</strong></span> <span class='ocrx_word' id='word_1_287' title='bbox 553 2419 606 2465; x_wconf 90' lang='lat' dir='ltr'><strong>et</strong></span> <span class='ocrx_word' id='word_1_288' title='bbox 636 2409 781 2464; x_wconf 89' lang='lat' dir='ltr'><strong>velut</strong></span> <span class='ocrx_word' id='word_1_289' title='bbox 834 2408 976 2464; x_wconf 88' lang='lat' dir='ltr'><strong>nodo</strong></span> <span class='ocrx_word' id='word_1_290' title='bbox 1020 2408 1394 2478; x_wconf 86' lang='lat' dir='ltr'><strong>perversitatis</strong></span> <span class='ocrx_word' id='word_1_291' title='bbox 1443 2404 1861 2462; x_wconf 86' lang='lat' dir='ltr'><strong>lamentabiliter</strong></span> 
     </span>
    </p>
   </div>
   <div class='ocr_carea' id='block_1_37' title="bbox 266 2499 1863 2569">
    <p class='ocr_par' dir='ltr' id='par_1_37' title="bbox 266 2499 1863 2569">
     <span class='ocr_line' id='line_1_37' title="bbox 266 2499 1863 2569; baseline -0.001 -15"><span class='ocrx_word' id='word_1_292' title='bbox 266 2502 571 2569; x_wconf 79' lang='lat' dir='ltr'><strong>alligantur.</strong></span> <span class='ocrx_word' id='word_1_293' title='bbox 613 2501 918 2554; x_wconf 80' lang='lat' dir='ltr'><strong>Humiliabit</strong></span> <span class='ocrx_word' id='word_1_294' title='bbox 949 2510 1154 2568; x_wconf 90' lang='lat' dir='ltr'><strong>autem,</strong></span> <span class='ocrx_word' id='word_1_295' title='bbox 1186 2501 1325 2555; x_wconf 85' lang='lat' dir='ltr'><strong>bene</strong></span> <span class='ocrx_word' id='word_1_296' title='bbox 1350 2499 1550 2554; x_wconf 90' lang='lat' dir='ltr'><strong>dictum</strong></span> <span class='ocrx_word' id='word_1_297' title='bbox 1579 2506 1697 2552; x_wconf 89' lang='lat' dir='ltr'><strong>est:</strong></span> <span class='ocrx_word' id='word_1_298' title='bbox 1731 2512 1863 2566; x_wconf 87' lang='lat' dir='ltr'><strong>quo-</strong></span> 
     </span>
    </p>
   </div>
   <div class='ocr_carea' id='block_1_38' title="bbox 269 2589 1862 2665">
    <p class='ocr_par' dir='ltr' id='par_1_38' title="bbox 269 2589 1862 2665">
     <span class='ocr_line' id='line_1_38' title="bbox 269 2589 1862 2665; baseline -0.001 -17"><span class='ocrx_word' id='word_1_299' title='bbox 269 2594 417 2648; x_wconf 88' lang='lat' dir='ltr'><strong>niam</strong></span> <span class='ocrx_word' id='word_1_300' title='bbox 449 2595 513 2650; x_wconf 92' lang='lat' dir='ltr'><strong>de</strong></span> <span class='ocrx_word' id='word_1_301' title='bbox 558 2609 682 2650; x_wconf 90' lang='lat' dir='ltr'><strong>vera</strong></span> <span class='ocrx_word' id='word_1_302' title='bbox 737 2595 997 2665; x_wconf 84' lang='lat' dir='ltr'><strong>religione</strong></span> <span class='ocrx_word' id='word_1_303' title='bbox 1045 2597 1164 2649; x_wconf 90' lang='lat' dir='ltr'><strong>sine</strong></span> <span class='ocrx_word' id='word_1_304' title='bbox 1194 2593 1358 2650; x_wconf 91' lang='lat' dir='ltr'><strong>dubio</strong></span> <span class='ocrx_word' id='word_1_305' title='bbox 1387 2593 1602 2658; x_wconf 90' lang='lat' dir='ltr'><strong>cadunt,</strong></span> <span class='ocrx_word' id='word_1_306' title='bbox 1653 2591 1745 2661; x_wconf 88' lang='lat' dir='ltr'><strong>qui</strong></span> <span class='ocrx_word' id='word_1_307' title='bbox 1792 2589 1862 2646; x_wconf 90' lang='lat' dir='ltr'><strong>ad</strong></span> 
     </span>
    </p>
   </div>
   <div class='ocr_carea' id='block_1_39' title="bbox 267 2686 1182 2752">
    <p class='ocr_par' dir='ltr' id='par_1_39' title="bbox 267 2686 1182 2752">
     <span class='ocr_line' id='line_1_39' title="bbox 267 2686 1182 2752; baseline -0.002 -14"><span class='ocrx_word' id='word_1_308' title='bbox 267 2686 460 2740; x_wconf 86' lang='lat' dir='ltr'><strong>insana</strong></span> <span class='ocrx_word' id='word_1_309' title='bbox 509 2687 758 2752; x_wconf 75' lang='lat' dir='ltr'><strong>dogmata</strong></span> <span class='ocrx_word' id='word_1_310' title='bbox 798 2686 1182 2752; x_wconf 90' lang='lat' dir='ltr'><strong>perducuntur.</strong></span> 
     </span>
    </p>
   </div>
   <div class='ocr_carea' id='block_1_40' title="bbox 339 2774 1864 2846">
    <p class='ocr_par' dir='ltr' id='par_1_40' title="bbox 339 2774 1864 2846">
     <span class='ocr_line' id='line_1_40' title="bbox 339 2774 1864 2846; baseline -0.001 -17"><span class='ocrx_word' id='word_1_311' title='bbox 339 2776 500 2830; x_wconf 81' lang='lat' dir='ltr'><strong>Vers.</strong></span> <span class='ocrx_word' id='word_1_312' title='bbox 543 2775 633 2829; x_wconf 80' lang='grc'><strong>51.</strong></span> <span class='ocrx_word' id='word_1_313' title='bbox 675 2775 950 2846; x_wconf 80' lang='lat' dir='ltr'><strong>lnclinabit</strong></span> <span class='ocrx_word' id='word_1_314' title='bbox 1001 2792 1072 2840; x_wconf 87' lang='lat' dir='ltr'><strong>se,</strong></span> <span class='ocrx_word' id='word_1_315' title='bbox 1105 2785 1152 2827; x_wconf 91' lang='lat' dir='ltr'><strong>et</strong></span> <span class='ocrx_word' id='word_1_316' title='bbox 1186 2775 1331 2828; x_wconf 86' lang='lat' dir='ltr'><strong>cadet</strong></span> <span class='ocrx_word' id='word_1_317' title='bbox 1368 2776 1490 2828; x_wconf 89' lang='lat' dir='ltr'><strong>dum</strong></span> <span class='ocrx_word' id='word_1_318' title='bbox 1518 2774 1864 2827; x_wconf 84' lang='lat' dir='ltr'><strong>dominabitur</strong></span> 
     </span>
    </p>
   </div>
   <div class='ocr_carea' id='block_1_41' title="bbox 268 2865 1857 2958">
    <p class='ocr_par' dir='ltr' id='par_1_41' title="bbox 268 2865 1857 2958">
     <span class='ocr_line' id='line_1_41' title="bbox 268 2865 1857 2958; baseline 0 -39"><span class='ocrx_word' id='word_1_319' title='bbox 268 2882 578 2937; x_wconf 85' lang='lat' dir='ltr'><strong>pauperum.</strong></span> <span class='ocrx_word' id='word_1_320' title='bbox 627 2865 725 2921; x_wconf 89' lang='lat' dir='ltr'><strong>llic</strong></span> <span class='ocrx_word' id='word_1_321' title='bbox 751 2866 860 2958; x_wconf 70' lang='lat' dir='ltr'><strong>jam</strong></span> <span class='ocrx_word' id='word_1_322' title='bbox 890 2865 958 2920; x_wconf 93' lang='lat' dir='ltr'><strong>de</strong></span> <span class='ocrx_word' id='word_1_323' title='bbox 989 2866 1106 2934; x_wconf 91' lang='lat' dir='ltr'><strong>ipso</strong></span> <span class='ocrx_word' id='word_1_324' title='bbox 1154 2876 1381 2935; x_wconf 85' lang='lat' dir='ltr'><strong>tyranno</strong></span> <span class='ocrx_word' id='word_1_325' title='bbox 1408 2865 1625 2931; x_wconf 87' lang='lat' dir='ltr'><strong>dicitur,</strong></span> <span class='ocrx_word' id='word_1_326' title='bbox 1672 2865 1760 2933; x_wconf 87' lang='lat' dir='ltr'><strong>qui</strong></span> <span class='ocrx_word' id='word_1_327' title='bbox 1802 2865 1857 2919; x_wconf 90' lang='lat' dir='ltr'><strong>in</strong></span> 
     </span>
    </p>
   </div>
   <div class='ocr_carea' id='block_1_42' title="bbox 268 2955 1859 3036">
    <p class='ocr_par' dir='ltr' id='par_1_42' title="bbox 268 2955 1859 3036">
     <span class='ocr_line' id='line_1_42' title="bbox 268 2955 1859 3036; baseline -0.001 -24"><span class='ocrx_word' id='word_1_328' title='bbox 268 2959 371 3014; x_wconf 88' lang='lat' dir='ltr'><strong>Dei</strong></span> <span class='ocrx_word' id='word_1_329' title='bbox 397 2973 577 3014; x_wconf 86' lang='lat' dir='ltr'><strong>servos</strong></span> <span class='ocrx_word' id='word_1_330' title='bbox 610 2955 867 3027; x_wconf 83' lang='lat' dir='ltr'><strong>permissa</strong></span> <span class='ocrx_word' id='word_1_331' title='bbox 910 2966 1177 3036; x_wconf 85' lang='lat' dir='ltr'><strong>potestate</strong></span> <span class='ocrx_word' id='word_1_332' title='bbox 1205 2957 1562 3027; x_wconf 76' lang='lat' dir='ltr'><strong>grassabitur.‘</strong></span> <span class='ocrx_word' id='word_1_333' title='bbox 1619 2955 1859 3010; x_wconf 84' lang='lat' dir='ltr'><strong>Inclina-</strong></span> 
     </span>
    </p>
   </div>
   <div class='ocr_carea' id='block_1_43' title="bbox 271 3051 1858 3120">
    <p class='ocr_par' dir='ltr' id='par_1_43' title="bbox 271 3051 1858 3120">
     <span class='ocr_line' id='line_1_43' title="bbox 271 3051 1858 3120; baseline 0.001 -15"><span class='ocrx_word' id='word_1_334' title='bbox 271 3051 342 3105; x_wconf 85' lang='lat' dir='ltr'><strong>bit</strong></span> <span class='ocrx_word' id='word_1_335' title='bbox 375 3069 446 3116; x_wconf 81' lang='lat' dir='ltr'><strong>se,</strong></span> <span class='ocrx_word' id='word_1_336' title='bbox 474 3052 526 3106; x_wconf 90' lang='lat' dir='ltr'><strong>id</strong></span> <span class='ocrx_word' id='word_1_337' title='bbox 556 3060 656 3115; x_wconf 90' lang='lat' dir='ltr'><strong>est,</strong></span> <span class='ocrx_word' id='word_1_338' title='bbox 709 3066 830 3105; x_wconf 92' lang='lat' dir='ltr'><strong>cum</strong></span> <span class='ocrx_word' id='word_1_339' title='bbox 864 3051 1103 3106; x_wconf 88' lang='lat' dir='ltr'><strong>animum</strong></span> <span class='ocrx_word' id='word_1_340' title='bbox 1131 3065 1286 3105; x_wconf 92' lang='lat' dir='ltr'><strong>suum</strong></span> <span class='ocrx_word' id='word_1_341' title='bbox 1316 3051 1479 3105; x_wconf 89' lang='lat' dir='ltr'><strong>nimia</strong></span> <span class='ocrx_word' id='word_1_342' title='bbox 1524 3051 1858 3120; x_wconf 88' lang='lat' dir='ltr'><strong>perditorum</strong></span> 
     </span>
    </p>
   </div>
   <div class='ocr_carea' id='block_1_44' title="bbox 269 3141 1863 3214">
    <p class='ocr_par' dir='ltr' id='par_1_44' title="bbox 269 3141 1863 3214">
     <span class='ocr_line' id='line_1_44' title="bbox 269 3141 1863 3214; baseline -0.001 -16"><span class='ocrx_word' id='word_1_343' title='bbox 269 3143 622 3214; x_wconf 87' lang='lat' dir='ltr'><strong>acquisitione</strong></span> <span class='ocrx_word' id='word_1_344' title='bbox 653 3142 938 3208; x_wconf 87' lang='lat' dir='ltr'><strong>remiserit,</strong></span> <span class='ocrx_word' id='word_1_345' title='bbox 989 3150 1042 3197; x_wconf 91' lang='lat' dir='ltr'><strong>et</strong></span> <span class='ocrx_word' id='word_1_346' title='bbox 1075 3141 1227 3212; x_wconf 90' lang='lat' dir='ltr'><strong>quasi</strong></span> <span class='ocrx_word' id='word_1_347' title='bbox 1250 3141 1516 3196; x_wconf 88' lang='lat' dir='ltr'><strong>malorum</strong></span> <span class='ocrx_word' id='word_1_348' title='bbox 1561 3141 1713 3210; x_wconf 89' lang='lat' dir='ltr'><strong>copia</strong></span> <span class='ocrx_word' id='word_1_349' title='bbox 1743 3156 1863 3196; x_wconf 91' lang='lat' dir='ltr'><strong>cra-</strong></span> 
     </span>
    </p>
   </div>
   <div class='ocr_carea' id='block_1_45' title="bbox 274 3233 1863 3306">
    <p class='ocr_par' dir='ltr' id='par_1_45' title="bbox 274 3233 1863 3306">
     <span class='ocr_line' id='line_1_45' title="bbox 274 3233 1863 3306; baseline 0 -17"><span class='ocrx_word' id='word_1_350' title='bbox 274 3236 509 3306; x_wconf 89' lang='lat' dir='ltr'><strong>pulatus,</strong></span> <span class='ocrx_word' id='word_1_351' title='bbox 562 3236 617 3290; x_wconf 91' lang='lat' dir='ltr'><strong>in</strong></span> <span class='ocrx_word' id='word_1_352' title='bbox 661 3233 878 3304; x_wconf 90' lang='lat' dir='ltr'><strong>aliquod</strong></span> <span class='ocrx_word' id='word_1_353' title='bbox 930 3235 1096 3289; x_wconf 89' lang='lat' dir='ltr'><strong>otium</strong></span> <span class='ocrx_word' id='word_1_354' title='bbox 1147 3242 1270 3301; x_wconf 90' lang='lat' dir='ltr'><strong>post</strong></span> <span class='ocrx_word' id='word_1_355' title='bbox 1323 3245 1628 3287; x_wconf 90' lang='lat' dir='ltr'><strong>sanctorum</strong></span> <span class='ocrx_word' id='word_1_356' title='bbox 1678 3247 1863 3302; x_wconf 87' lang='lat' dir='ltr'><strong>poenas</strong></span> 
     </span>
    </p>
   </div>
   <div class='ocr_carea' id='block_1_46' title="bbox 1969 2036 3551 2109">
    <p class='ocr_par' dir='ltr' id='par_1_46' title="bbox 1969 2036 3551 2109">
     <span class='ocr_line' id='line_1_46' title="bbox 1969 2036 3551 2109; baseline -0.004 -15"><span class='ocrx_word' id='word_1_357' title='bbox 1969 2037 2149 2107; x_wconf 90' lang='lat' dir='ltr'><strong>perius</strong></span> <span class='ocrx_word' id='word_1_358' title='bbox 2178 2037 2322 2092; x_wconf 92' lang='lat' dir='ltr'><strong>enim</strong></span> <span class='ocrx_word' id='word_1_359' title='bbox 2353 2037 2600 2092; x_wconf 82' lang='lat' dir='ltr'><strong>dixerat:</strong></span> <span class='ocrx_word' id='word_1_360' title='bbox 2635 2036 2742 2092; x_wconf 85' lang='lat' dir='ltr'><strong>Sub</strong></span> <span class='ocrx_word' id='word_1_361' title='bbox 2774 2037 2953 2109; x_wconf 85' lang='lat' dir='ltr'><strong>lingua</strong></span> <span class='ocrx_word' id='word_1_362' title='bbox 2980 2038 3091 2107; x_wconf 86' lang='lat' dir='ltr'><strong>ejus</strong></span> <span class='ocrx_word' id='word_1_363' title='bbox 3113 2037 3256 2091; x_wconf 88' lang='lat' dir='ltr'><strong>labor</strong></span> <span class='ocrx_word' id='word_1_364' title='bbox 3285 2045 3331 2091; x_wconf 93' lang='lat' dir='ltr'><strong>et</strong></span> <span class='ocrx_word' id='word_1_365' title='bbox 3363 2036 3551 2102; x_wconf 78' lang='lat' dir='ltr'><strong>dolor,-</strong></span> 
     </span>
    </p>
   </div>
   <div class='ocr_carea' id='block_1_47' title="bbox 1967 2127 3553 2197">
    <p class='ocr_par' dir='ltr' id='par_1_47' title="bbox 1967 2127 3553 2197">
     <span class='ocr_line' id='line_1_47' title="bbox 1967 2127 3553 2197; baseline -0.001 -15"><span class='ocrx_word' id='word_1_366' title='bbox 1967 2127 2083 2184; x_wconf 82' lang='lat' dir='ltr'><strong>haec</strong></span> <span class='ocrx_word' id='word_1_367' title='bbox 2109 2144 2249 2184; x_wconf 90' lang='lat' dir='ltr'><strong>nunc</strong></span> <span class='ocrx_word' id='word_1_368' title='bbox 2276 2128 2438 2184; x_wconf 87' lang='lat' dir='ltr'><strong>verba</strong></span> <span class='ocrx_word' id='word_1_369' title='bbox 2471 2129 2667 2197; x_wconf 89' lang='lat' dir='ltr'><strong>repetit</strong></span> <span class='ocrx_word' id='word_1_370' title='bbox 2691 2144 2707 2183; x_wconf 88' lang='lat'>:</span> <span class='ocrx_word' id='word_1_371' title='bbox 2744 2127 2899 2183; x_wconf 86' lang='lat' dir='ltr'><strong>Vides</strong></span> <span class='ocrx_word' id='word_1_372' title='bbox 2927 2131 3046 2197; x_wconf 83' lang='lat' dir='ltr'><strong>quia</strong></span> <span class='ocrx_word' id='word_1_373' title='bbox 3075 2129 3299 2183; x_wconf 80' lang='lat' dir='ltr'><strong>laborem</strong></span> <span class='ocrx_word' id='word_1_374' title='bbox 3328 2138 3379 2182; x_wconf 89' lang='lat' dir='ltr'><strong>et</strong></span> <span class='ocrx_word' id='word_1_375' title='bbox 3408 2128 3553 2181; x_wconf 87' lang='lat' dir='ltr'><strong>dolo-</strong></span> 
     </span>
    </p>
   </div>
   <div class='ocr_carea' id='block_1_48' title="bbox 1965 2219 3553 2291">
    <p class='ocr_par' dir='ltr' id='par_1_48' title="bbox 1965 2219 3553 2291">
     <span class='ocr_line' id='line_1_48' title="bbox 1965 2219 3553 2291; baseline -0.001 -17"><span class='ocrx_word' id='word_1_376' title='bbox 1965 2237 2072 2276; x_wconf 88' lang='lat' dir='ltr'><strong>rem</strong></span> <span class='ocrx_word' id='word_1_377' title='bbox 2115 2221 2432 2288; x_wconf 76' lang='lat' dir='ltr'><strong>consideras,</strong></span> <span class='ocrx_word' id='word_1_378' title='bbox 2473 2236 2591 2291; x_wconf 84' lang='lat' dir='ltr'><strong>quae</strong></span> <span class='ocrx_word' id='word_1_379' title='bbox 2618 2230 2672 2276; x_wconf 92' lang='lat' dir='ltr'><strong>et</strong></span> <span class='ocrx_word' id='word_1_380' title='bbox 2701 2219 2790 2275; x_wconf 93' lang='lat' dir='ltr'><strong>ille</strong></span> <span class='ocrx_word' id='word_1_381' title='bbox 2825 2219 3061 2290; x_wconf 88' lang='lat' dir='ltr'><strong>perﬁdus</strong></span> <span class='ocrx_word' id='word_1_382' title='bbox 3088 2221 3216 2275; x_wconf 88' lang='lat' dir='ltr'><strong>dum</strong></span> <span class='ocrx_word' id='word_1_383' title='bbox 3245 2219 3345 2275; x_wconf 88' lang='lat' dir='ltr'><strong>sub</strong></span> <span class='ocrx_word' id='word_1_384' title='bbox 3373 2219 3553 2288; x_wconf 86' lang='lat' dir='ltr'><strong>lingua</strong></span> 
     </span>
    </p>
   </div>
   <div class='ocr_carea' id='block_1_49' title="bbox 1965 2312 3655 2382">
    <p class='ocr_par' dir='ltr' id='par_1_49' title="bbox 1965 2312 3655 2382">
     <span class='ocr_line' id='line_1_49' title="bbox 1965 2312 3655 2382; baseline -0.001 -14"><span class='ocrx_word' id='word_1_385' title='bbox 1965 2327 2059 2368; x_wconf 87' lang='lat' dir='ltr'><strong>sua</strong></span> <span class='ocrx_word' id='word_1_386' title='bbox 2083 2313 2326 2380; x_wconf 88' lang='lat' dir='ltr'><strong>haberet,</strong></span> <span class='ocrx_word' id='word_1_387' title='bbox 2367 2314 2420 2368; x_wconf 92' lang='lat' dir='ltr'><strong>id</strong></span> <span class='ocrx_word' id='word_1_388' title='bbox 2451 2321 2537 2368; x_wconf 90' lang='lat' dir='ltr'><strong>est</strong></span> <span class='ocrx_word' id='word_1_389' title='bbox 2569 2313 2622 2367; x_wconf 92' lang='lat' dir='ltr'><strong>in</strong></span> <span class='ocrx_word' id='word_1_390' title='bbox 2646 2313 2970 2382; x_wconf 77' lang='lat' dir='ltr'><strong>cogitatione</strong></span> <span class='ocrx_word' id='word_1_391' title='bbox 2996 2312 3316 2376; x_wconf 88' lang='lat' dir='ltr'><strong>revolveret,</strong></span> <span class='ocrx_word' id='word_1_392' title='bbox 3355 2325 3555 2382; x_wconf 81' lang='lat' dir='ltr'><strong>cOgno-</strong></span> <span class='ocrx_word' id='word_1_393' title='bbox 3649 2321 3655 2327; x_wconf 88' lang='lat'>&#39;</span> 
     </span>
    </p>
   </div>
   <div class='ocr_carea' id='block_1_50' title="bbox 1965 2403 3552 2475">
    <p class='ocr_par' dir='ltr' id='par_1_50' title="bbox 1965 2403 3552 2475">
     <span class='ocr_line' id='line_1_50' title="bbox 1965 2403 3552 2475; baseline -0.003 -14"><span class='ocrx_word' id='word_1_394' title='bbox 1965 2406 2043 2461; x_wconf 91' lang='lat' dir='ltr'><strong>sci</strong></span> <span class='ocrx_word' id='word_1_395' title='bbox 2068 2406 2279 2475; x_wconf 90' lang='lat' dir='ltr'><strong>penitus</strong></span> <span class='ocrx_word' id='word_1_396' title='bbox 2301 2420 2406 2460; x_wconf 91' lang='lat' dir='ltr'><strong>non</strong></span> <span class='ocrx_word' id='word_1_397' title='bbox 2422 2405 2696 2460; x_wconf 88' lang='lat' dir='ltr'><strong>credebat.</strong></span> <span class='ocrx_word' id='word_1_398' title='bbox 2723 2405 3031 2460; x_wconf 83' lang='lat' dir='ltr'><strong>Consideras</strong></span> <span class='ocrx_word' id='word_1_399' title='bbox 3054 2403 3314 2474; x_wconf 81' lang='lat' dir='ltr'><strong>profecto,</strong></span> <span class='ocrx_word' id='word_1_400' title='bbox 3337 2403 3552 2474; x_wconf 90' lang='lat' dir='ltr'><strong>quando</strong></span> 
     </span>
    </p>
   </div>
   <div class='ocr_carea' id='block_1_51' title="bbox 1967 2495 3550 2566">
    <p class='ocr_par' dir='ltr' id='par_1_51' title="bbox 1967 2495 3550 2566">
     <span class='ocr_line' id='line_1_51' title="bbox 1967 2495 3550 2566; baseline -0.003 -14"><span class='ocrx_word' id='word_1_401' title='bbox 1967 2498 2018 2552; x_wconf 92' lang='lat' dir='ltr'><strong>in</strong></span> <span class='ocrx_word' id='word_1_402' title='bbox 2051 2498 2156 2552; x_wconf 92' lang='lat' dir='ltr'><strong>tuis</strong></span> <span class='ocrx_word' id='word_1_403' title='bbox 2183 2497 2452 2562; x_wconf 87' lang='lat' dir='ltr'><strong>manibus,</strong></span> <span class='ocrx_word' id='word_1_404' title='bbox 2505 2497 2560 2551; x_wconf 91' lang='lat' dir='ltr'><strong>id</strong></span> <span class='ocrx_word' id='word_1_405' title='bbox 2588 2504 2670 2552; x_wconf 91' lang='lat' dir='ltr'><strong>est</strong></span> <span class='ocrx_word' id='word_1_406' title='bbox 2695 2496 2896 2566; x_wconf 89' lang='lat' dir='ltr'><strong>judicio</strong></span> <span class='ocrx_word' id='word_1_407' title='bbox 2925 2495 3155 2552; x_wconf 90' lang='lat' dir='ltr'><strong>traditus</strong></span> <span class='ocrx_word' id='word_1_408' title='bbox 3181 2511 3288 2552; x_wconf 94' lang='lat' dir='ltr'><strong>non</strong></span> <span class='ocrx_word' id='word_1_409' title='bbox 3332 2496 3511 2550; x_wconf 82' lang='lat' dir='ltr'><strong>evadit</strong></span> <span class='ocrx_word' id='word_1_410' title='bbox 3535 2512 3550 2561; x_wconf 89' lang='lat'><strong>;</strong></span> 
     </span>
    </p>
   </div>
   <div class='ocr_carea' id='block_1_52' title="bbox 1965 2585 3554 2658">
    <p class='ocr_par' dir='ltr' id='par_1_52' title="bbox 1965 2585 3554 2658">
     <span class='ocr_line' id='line_1_52' title="bbox 1965 2585 3554 2658; baseline -0.001 -16"><span class='ocrx_word' id='word_1_411' title='bbox 1965 2587 2060 2642; x_wconf 90' lang='lat' dir='ltr'><strong>sed</strong></span> <span class='ocrx_word' id='word_1_412' title='bbox 2087 2587 2248 2657; x_wconf 79' lang='lat' dir='ltr'><strong>digna</strong></span> <span class='ocrx_word' id='word_1_413' title='bbox 2270 2587 2424 2643; x_wconf 82' lang='lat' dir='ltr'><strong>lactis</strong></span> <span class='ocrx_word' id='word_1_414' title='bbox 2464 2586 2674 2656; x_wconf 89' lang='lat' dir='ltr'><strong>recipit,</strong></span> <span class='ocrx_word' id='word_1_415' title='bbox 2720 2587 2811 2658; x_wconf 90' lang='lat' dir='ltr'><strong>qui</strong></span> <span class='ocrx_word' id='word_1_416' title='bbox 2839 2587 3133 2642; x_wconf 89' lang='lat' dir='ltr'><strong>vacandum</strong></span> <span class='ocrx_word' id='word_1_417' title='bbox 3164 2588 3233 2643; x_wconf 89' lang='lat' dir='ltr'><strong>ab</strong></span> <span class='ocrx_word' id='word_1_418' title='bbox 3259 2585 3554 2642; x_wconf 87' lang='lat' dir='ltr'><strong>sceleribus</strong></span> 
     </span>
    </p>
   </div>
   <div class='ocr_carea' id='block_1_53' title="bbox 1966 2678 3554 2750">
    <p class='ocr_par' dir='ltr' id='par_1_53' title="bbox 1966 2678 3554 2750">
     <span class='ocr_line' id='line_1_53' title="bbox 1966 2678 3554 2750; baseline 0.001 -17"><span class='ocrx_word' id='word_1_419' title='bbox 1966 2693 2073 2733; x_wconf 91' lang='lat' dir='ltr'><strong>non</strong></span> <span class='ocrx_word' id='word_1_420' title='bbox 2123 2679 2344 2748; x_wconf 86' lang='lat' dir='ltr'><strong>putavit.</strong></span> <span class='ocrx_word' id='word_1_421' title='bbox 2398 2678 2490 2734; x_wconf 91' lang='lat' dir='ltr'><strong>Sic</strong></span> <span class='ocrx_word' id='word_1_422' title='bbox 2537 2679 2715 2734; x_wconf 88' lang='lat' dir='ltr'><strong>omnis</strong></span> <span class='ocrx_word' id='word_1_423' title='bbox 2753 2687 2992 2748; x_wconf 89' lang='lat' dir='ltr'><strong>potestas</strong></span> <span class='ocrx_word' id='word_1_424' title='bbox 3034 2691 3202 2750; x_wconf 88' lang='lat' dir='ltr'><strong>penes</strong></span> <span class='ocrx_word' id='word_1_425' title='bbox 3231 2678 3402 2735; x_wconf 88' lang='lat' dir='ltr'><strong>Deum</strong></span> <span class='ocrx_word' id='word_1_426' title='bbox 3433 2692 3554 2734; x_wconf 89' lang='lat' dir='ltr'><strong>esse</strong></span> 
     </span>
    </p>
   </div>
   <div class='ocr_carea' id='block_1_54' title="bbox 1967 2769 3551 2840">
    <p class='ocr_par' dir='ltr' id='par_1_54' title="bbox 1967 2769 3551 2840">
     <span class='ocr_line' id='line_1_54' title="bbox 1967 2769 3551 2840; baseline -0.001 -15"><span class='ocrx_word' id='word_1_427' title='bbox 1967 2771 2287 2836; x_wconf 88' lang='lat' dir='ltr'><strong>declaratur,</strong></span> <span class='ocrx_word' id='word_1_428' title='bbox 2323 2772 2412 2840; x_wconf 92' lang='lat' dir='ltr'><strong>qui</strong></span> <span class='ocrx_word' id='word_1_429' title='bbox 2439 2780 2751 2840; x_wconf 84' lang='lat' dir='ltr'><strong>peccatores</strong></span> <span class='ocrx_word' id='word_1_430' title='bbox 2776 2772 2889 2840; x_wconf 91' lang='lat' dir='ltr'><strong>ipse</strong></span> <span class='ocrx_word' id='word_1_431' title='bbox 2908 2771 3011 2828; x_wconf 90' lang='lat' dir='ltr'><strong>sibi</strong></span> <span class='ocrx_word' id='word_1_432' title='bbox 3040 2780 3094 2825; x_wconf 90' lang='lat' dir='ltr'><strong>et</strong></span> <span class='ocrx_word' id='word_1_433' title='bbox 3117 2771 3359 2829; x_wconf 83' lang='lat' dir='ltr'><strong>traditet</strong></span> <span class='ocrx_word' id='word_1_434' title='bbox 3381 2769 3551 2839; x_wconf 88' lang='lat' dir='ltr'><strong>punit.</strong></span> 
     </span>
    </p>
   </div>
   <div class='ocr_carea' id='block_1_55' title="bbox 1967 2861 3555 2931">
    <p class='ocr_par' dir='ltr' id='par_1_55' title="bbox 1967 2861 3555 2931">
     <span class='ocr_line' id='line_1_55' title="bbox 1967 2861 3555 2931; baseline 0.001 -16"><span class='ocrx_word' id='word_1_435' title='bbox 1967 2861 2101 2915; x_wconf 83' lang='lat' dir='ltr'><strong>Nam</strong></span> <span class='ocrx_word' id='word_1_436' title='bbox 2149 2862 2292 2931; x_wconf 91' lang='lat' dir='ltr'><strong>quod</strong></span> <span class='ocrx_word' id='word_1_437' title='bbox 2324 2875 2419 2929; x_wconf 91' lang='lat' dir='ltr'><strong>per</strong></span> <span class='ocrx_word' id='word_1_438' title='bbox 2447 2861 2724 2916; x_wconf 90' lang='lat' dir='ltr'><strong>ministros</strong></span> <span class='ocrx_word' id='word_1_439' title='bbox 2742 2861 2865 2930; x_wconf 80' lang='lat' dir='ltr'><strong>ejus</strong></span> <span class='ocrx_word' id='word_1_440' title='bbox 2891 2863 3112 2930; x_wconf 87' lang='lat' dir='ltr'><strong>geritur,</strong></span> <span class='ocrx_word' id='word_1_441' title='bbox 3161 2861 3331 2930; x_wconf 81' lang='lat' dir='ltr'><strong>ipsius</strong></span> <span class='ocrx_word' id='word_1_442' title='bbox 3362 2861 3555 2916; x_wconf 86' lang='lat' dir='ltr'><strong>virtute</strong></span> 
     </span>
    </p>
   </div>
   <div class='ocr_carea' id='block_1_56' title="bbox 1967 2939 3556 3030">
    <p class='ocr_par' dir='ltr' id='par_1_56' title="bbox 1967 2939 3556 3030">
     <span class='ocr_line' id='line_1_56' title="bbox 1967 2939 3556 3030; baseline -0.001 -20"><span class='ocrx_word' id='word_1_443' title='bbox 1967 2955 2085 3010; x_wconf 87' lang='lat' dir='ltr'><strong>sine</strong></span> <span class='ocrx_word' id='word_1_444' title='bbox 2111 2953 2446 3030; x_wconf 85' lang='lat' dir='ltr'><strong>dubitatione</strong></span> <span class='ocrx_word' id='word_1_445' title='bbox 2474 2953 2817 3024; x_wconf 87' lang='lat' dir='ltr'><strong>completur._</strong></span> <span class='ocrx_word' id='word_1_446' title='bbox 2845 2954 2963 3021; x_wconf 87' lang='lat' dir='ltr'><strong>Quo</strong></span> <span class='ocrx_word' id='word_1_447' title='bbox 2987 2953 3174 3024; x_wconf 79' lang='lat' dir='ltr'><strong>fugiat,</strong></span> <span class='ocrx_word' id='word_1_448' title='bbox 3221 2939 3556 3023; x_wconf 86' lang='lat' dir='ltr'><strong>quemtanta</strong></span> 
     </span>
    </p>
   </div>
   <div class='ocr_carea' id='block_1_57' title="bbox 1967 3043 3558 3117">
    <p class='ocr_par' dir='ltr' id='par_1_57' title="bbox 1967 3043 3558 3117">
     <span class='ocr_line' id='line_1_57' title="bbox 1967 3043 3558 3117; baseline -0.001 -16"><span class='ocrx_word' id='word_1_449' title='bbox 1967 3047 2138 3101; x_wconf 86' lang='lat' dir='ltr'><strong>virtus</strong></span> <span class='ocrx_word' id='word_1_450' title='bbox 2156 3046 2502 3115; x_wconf 87' lang='lat' dir='ltr'><strong>insequitur?</strong></span> <span class='ocrx_word' id='word_1_451' title='bbox 2533 3044 2852 3117; x_wconf 74' lang='lat' dir='ltr'><strong>Committat</strong></span> <span class='ocrx_word' id='word_1_452' title='bbox 2878 3046 3006 3102; x_wconf 86' lang='lat' dir='ltr'><strong>licet</strong></span> <span class='ocrx_word' id='word_1_453' title='bbox 3045 3046 3270 3112; x_wconf 80' lang='lat' dir='ltr'><strong>scelera,</strong></span> <span class='ocrx_word' id='word_1_454' title='bbox 3300 3053 3355 3100; x_wconf 86' lang='lat' dir='ltr'><strong>et</strong></span> <span class='ocrx_word' id='word_1_455' title='bbox 3380 3043 3558 3100; x_wconf 86' lang='lat' dir='ltr'><strong>diver-</strong></span> 
     </span>
    </p>
   </div>
   <div class='ocr_carea' id='block_1_58' title="bbox 1967 3137 3554 3210">
    <p class='ocr_par' dir='ltr' id='par_1_58' title="bbox 1967 3137 3554 3210">
     <span class='ocr_line' id='line_1_58' title="bbox 1967 3137 3554 3210; baseline -0.003 -14"><span class='ocrx_word' id='word_1_456' title='bbox 1967 3155 2150 3196; x_wconf 90' lang='lat' dir='ltr'><strong>sorum</strong></span> <span class='ocrx_word' id='word_1_457' title='bbox 2181 3140 2462 3196; x_wconf 89' lang='lat' dir='ltr'><strong>hominum</strong></span> <span class='ocrx_word' id='word_1_458' title='bbox 2496 3139 2848 3195; x_wconf 88' lang='lat' dir='ltr'><strong>subversione</strong></span> <span class='ocrx_word' id='word_1_459' title='bbox 2871 3145 3120 3210; x_wconf 88' lang='lat' dir='ltr'><strong>pascatur</strong></span> <span class='ocrx_word' id='word_1_460' title='bbox 3145 3156 3160 3207; x_wconf 89' lang='lat'><strong>;</strong></span> <span class='ocrx_word' id='word_1_461' title='bbox 3189 3137 3446 3210; x_wconf 90' lang='lat' dir='ltr'><strong>quidquid</strong></span> <span class='ocrx_word' id='word_1_462' title='bbox 3474 3139 3554 3193; x_wconf 80' lang='lat' dir='ltr'><strong>te-</strong></span> 
     </span>
    </p>
   </div>
   <div class='ocr_carea' id='block_1_59' title="bbox 1968 3231 3554 3302">
    <p class='ocr_par' dir='ltr' id='par_1_59' title="bbox 1968 3231 3554 3302">
     <span class='ocr_line' id='line_1_59' title="bbox 1968 3231 3554 3302; baseline 0.001 -16"><span class='ocrx_word' id='word_1_463' title='bbox 1968 3232 2106 3287; x_wconf 91' lang='lat' dir='ltr'><strong>cerit</strong></span> <span class='ocrx_word' id='word_1_464' title='bbox 2151 3246 2258 3287; x_wconf 93' lang='lat' dir='ltr'><strong>non</strong></span> <span class='ocrx_word' id='word_1_465' title='bbox 2287 3232 2390 3287; x_wconf 88' lang='lat' dir='ltr'><strong>erit</strong></span> <span class='ocrx_word' id='word_1_466' title='bbox 2417 3231 2762 3302; x_wconf 86' lang='lat' dir='ltr'><strong>impunitum,</strong></span> <span class='ocrx_word' id='word_1_467' title='bbox 2815 3245 2937 3288; x_wconf 90' lang='lat' dir='ltr'><strong>cum</strong></span> <span class='ocrx_word' id='word_1_468' title='bbox 2964 3242 3166 3288; x_wconf 85' lang='lat' dir='ltr'><strong>aeterna</strong></span> <span class='ocrx_word' id='word_1_469' title='bbox 3207 3231 3554 3288; x_wconf 83' lang='lat' dir='ltr'><strong>damnatione</strong></span> 
     </span>
    </p>
   </div>
   <div class='ocr_carea' id='block_1_60' title="bbox 273 3323 2328 3398">
    <p class='ocr_par' dir='ltr' id='par_1_60' title="bbox 273 3323 2328 3398">
     <span class='ocr_line' id='line_1_60' title="bbox 273 3323 2328 3398; baseline -0.001 -17"><span class='ocrx_word' id='word_1_470' title='bbox 273 3327 694 3398; x_wconf 78' lang='lat' dir='ltr'><strong>afﬂictionesque</strong></span> <span class='ocrx_word' id='word_1_471' title='bbox 716 3328 1041 3396; x_wconf 88' lang='lat' dir='ltr'><strong>pervenerit.</strong></span> <span class='ocrx_word' id='word_1_472' title='bbox 1073 3325 1222 3381; x_wconf 90' lang='lat' dir='ltr'><strong>Tunc</strong></span> <span class='ocrx_word' id='word_1_473' title='bbox 1243 3340 1371 3396; x_wconf 86' lang='lat' dir='ltr'><strong>ergo</strong></span> <span class='ocrx_word' id='word_1_474' title='bbox 1396 3325 1464 3381; x_wconf 91' lang='lat' dir='ltr'><strong>de</strong></span> <span class='ocrx_word' id='word_1_475' title='bbox 1486 3340 1580 3380; x_wconf 87' lang='lat' dir='ltr'><strong>sua</strong></span> <span class='ocrx_word' id='word_1_476' title='bbox 1604 3339 1864 3395; x_wconf 82' lang='lat' dir='ltr'><strong>praesum-</strong></span> <span class='ocrx_word' id='word_1_477' title='bbox 1893 3323 1939 3386; x_wconf 89' lang='lat' dir='ltr'>C</span> <span class='ocrx_word' id='word_1_478' title='bbox 1971 3325 2328 3396; x_wconf 89' lang='lat' dir='ltr'><strong>torquebitur.</strong></span> 
     </span>
    </p>
   </div>
   <div class='ocr_carea' id='block_1_61' title="bbox 273 3417 1868 3490">
    <p class='ocr_par' dir='ltr' id='par_1_61' title="bbox 273 3417 1868 3490">
     <span class='ocr_line' id='line_1_61' title="bbox 273 3417 1868 3490; baseline 0.002 -19"><span class='ocrx_word' id='word_1_479' title='bbox 273 3419 456 3489; x_wconf 88' lang='lat' dir='ltr'><strong>ptione</strong></span> <span class='ocrx_word' id='word_1_480' title='bbox 505 3420 860 3490; x_wconf 89' lang='lat' dir='ltr'><strong>nequissimus</strong></span> <span class='ocrx_word' id='word_1_481' title='bbox 904 3418 1082 3483; x_wconf 89' lang='lat' dir='ltr'><strong>cadet,</strong></span> <span class='ocrx_word' id='word_1_482' title='bbox 1128 3418 1343 3488; x_wconf 89' lang='lat' dir='ltr'><strong>quando</strong></span> <span class='ocrx_word' id='word_1_483' title='bbox 1391 3417 1472 3472; x_wconf 92' lang='lat' dir='ltr'><strong>illi</strong></span> <span class='ocrx_word' id='word_1_484' title='bbox 1498 3433 1620 3473; x_wconf 91' lang='lat' dir='ltr'><strong>cum</strong></span> <span class='ocrx_word' id='word_1_485' title='bbox 1643 3419 1754 3473; x_wconf 88' lang='lat' dir='ltr'><strong>suis</strong></span> <span class='ocrx_word' id='word_1_486' title='bbox 1783 3432 1868 3474; x_wconf 90' lang='lat' dir='ltr'><strong>se-</strong></span> 
     </span>
    </p>
   </div>
   <div class='ocr_carea' id='block_1_62' title="bbox 274 3509 1863 3581">
    <p class='ocr_par' dir='ltr' id='par_1_62' title="bbox 274 3509 1863 3581">
     <span class='ocr_line' id='line_1_62' title="bbox 274 3509 1863 3581; baseline 0.001 -15"><span class='ocrx_word' id='word_1_487' title='bbox 274 3511 532 3581; x_wconf 89' lang='lat' dir='ltr'><strong>quacibus</strong></span> <span class='ocrx_word' id='word_1_488' title='bbox 577 3513 948 3581; x_wconf 89' lang='lat' dir='ltr'><strong>supervenerit</strong></span> <span class='ocrx_word' id='word_1_489' title='bbox 992 3511 1306 3580; x_wconf 88' lang='lat' dir='ltr'><strong>repentinus</strong></span> <span class='ocrx_word' id='word_1_490' title='bbox 1355 3510 1626 3566; x_wconf 75' lang='lat' dir='ltr'><strong>interitus.</strong></span> <span class='ocrx_word' id='word_1_491' title='bbox 1676 3509 1863 3567; x_wconf 86' lang='lat' dir='ltr'><strong>Finem</strong></span> 
     </span>
    </p>
   </div>
   <div class='ocr_carea' id='block_1_63' title="bbox 274 3602 1866 3674">
    <p class='ocr_par' dir='ltr' id='par_1_63' title="bbox 274 3602 1866 3674">
     <span class='ocr_line' id='line_1_63' title="bbox 274 3602 1866 3674; baseline 0.001 -18"><span class='ocrx_word' id='word_1_492' title='bbox 274 3605 475 3673; x_wconf 89' lang='lat' dir='ltr'><strong>quippe</strong></span> <span class='ocrx_word' id='word_1_493' title='bbox 499 3603 684 3659; x_wconf 56' lang='lat' dir='ltr'><strong>saeculi</strong></span> <span class='ocrx_word' id='word_1_494' title='bbox 717 3604 911 3671; x_wconf 90' lang='lat' dir='ltr'><strong>nescit,</strong></span> <span class='ocrx_word' id='word_1_495' title='bbox 953 3603 1206 3674; x_wconf 90' lang='lat' dir='ltr'><strong>quoniam</strong></span> <span class='ocrx_word' id='word_1_496' title='bbox 1237 3617 1357 3659; x_wconf 91' lang='lat' dir='ltr'><strong>eum</strong></span> <span class='ocrx_word' id='word_1_497' title='bbox 1393 3602 1653 3660; x_wconf 90' lang='lat' dir='ltr'><strong>Dominus</strong></span> <span class='ocrx_word' id='word_1_498' title='bbox 1684 3605 1736 3660; x_wconf 93' lang='lat' dir='ltr'><strong>in</strong></span> <span class='ocrx_word' id='word_1_499' title='bbox 1768 3619 1866 3660; x_wconf 90' lang='lat' dir='ltr'><strong>sua</strong></span> 
     </span>
    </p>
   </div>
   <div class='ocr_carea' id='block_1_64' title="bbox 274 3695 859 3763">
    <p class='ocr_par' dir='ltr' id='par_1_64' title="bbox 274 3695 859 3763">
     <span class='ocr_line' id='line_1_64' title="bbox 274 3695 859 3763; baseline 0 -16"><span class='ocrx_word' id='word_1_500' title='bbox 274 3703 544 3763; x_wconf 83' lang='lat' dir='ltr'><strong>potestate</strong></span> <span class='ocrx_word' id='word_1_501' title='bbox 569 3695 859 3749; x_wconf 91' lang='lat' dir='ltr'><strong>constituit.</strong></span> 
     </span>
    </p>
   </div>
   <div class='ocr_carea' id='block_1_65' title="bbox 357 3783 1870 3842">
    <p class='ocr_par' dir='ltr' id='par_1_65' title="bbox 357 3783 1870 3842">
     <span class='ocr_line' id='line_1_65' title="bbox 357 3783 1870 3842; baseline 0.003 -4"><span class='ocrx_word' id='word_1_502' title='bbox 357 3783 508 3840; x_wconf 76' lang='lat' dir='ltr'><strong>Vers.</strong></span> <span class='ocrx_word' id='word_1_503' title='bbox 537 3785 621 3840; x_wconf 79' lang='lat'><strong>52.</strong></span> <span class='ocrx_word' id='word_1_504' title='bbox 643 3787 788 3841; x_wconf 75' lang='lat' dir='ltr'><strong>Dixit</strong></span> <span class='ocrx_word' id='word_1_505' title='bbox 811 3787 945 3841; x_wconf 88' lang='lat' dir='ltr'><strong>enim</strong></span> <span class='ocrx_word' id='word_1_506' title='bbox 965 3787 1019 3840; x_wconf 91' lang='lat' dir='ltr'><strong>in</strong></span> <span class='ocrx_word' id='word_1_507' title='bbox 1045 3787 1196 3840; x_wconf 87' lang='lat' dir='ltr'><strong>corde</strong></span> <span class='ocrx_word' id='word_1_508' title='bbox 1223 3802 1314 3842; x_wconf 92' lang='lat' dir='ltr'><strong>suo</strong></span> <span class='ocrx_word' id='word_1_509' title='bbox 1335 3803 1352 3841; x_wconf 90' lang='lat'><strong><em>:</em></strong></span> <span class='ocrx_word' id='word_1_510' title='bbox 1373 3786 1569 3842; x_wconf 80' lang='lat' dir='ltr'><strong>Oblitus</strong></span> <span class='ocrx_word' id='word_1_511' title='bbox 1591 3795 1664 3842; x_wconf 88' lang='lat' dir='ltr'><strong>est</strong></span> <span class='ocrx_word' id='word_1_512' title='bbox 1695 3787 1870 3842; x_wconf 88' lang='lat' dir='ltr'><strong>Deus:</strong></span> 
     </span>
    </p>
   </div>
   <div class='ocr_carea' id='block_1_66' title="bbox 274 3878 1866 3949">
    <p class='ocr_par' dir='ltr' id='par_1_66' title="bbox 274 3878 1866 3949">
     <span class='ocr_line' id='line_1_66' title="bbox 274 3878 1866 3949; baseline 0.004 -19"><span class='ocrx_word' id='word_1_513' title='bbox 274 3878 461 3931; x_wconf 82' lang='lat' dir='ltr'><strong>avertit</strong></span> <span class='ocrx_word' id='word_1_514' title='bbox 489 3878 673 3947; x_wconf 79' lang='lat' dir='ltr'><strong>facient</strong></span> <span class='ocrx_word' id='word_1_515' title='bbox 703 3895 868 3947; x_wconf 88' lang='lat' dir='ltr'><strong>suam,</strong></span> <span class='ocrx_word' id='word_1_516' title='bbox 906 3896 968 3933; x_wconf 86' lang='lat' dir='ltr'><strong>ne</strong></span> <span class='ocrx_word' id='word_1_517' title='bbox 997 3879 1165 3933; x_wconf 82' lang='lat' dir='ltr'><strong>videat</strong></span> <span class='ocrx_word' id='word_1_518' title='bbox 1195 3896 1351 3946; x_wconf 88' lang='lat' dir='ltr'><strong>usque</strong></span> <span class='ocrx_word' id='word_1_519' title='bbox 1382 3881 1433 3933; x_wconf 88' lang='lat' dir='ltr'><strong>in</strong></span> <span class='ocrx_word' id='word_1_520' title='bbox 1461 3881 1638 3949; x_wconf 84' lang='lat' dir='ltr'><strong>ﬁnem.</strong></span> <span class='ocrx_word' id='word_1_521' title='bbox 1696 3880 1866 3937; x_wconf 84' lang='lat' dir='ltr'><strong>Nimis</strong></span> 
     </span>
    </p>
   </div>
   <div class='ocr_carea' id='block_1_67' title="bbox 282 3967 1863 4040">
    <p class='ocr_par' dir='ltr' id='par_1_67' title="bbox 282 3967 1863 4040">
     <span class='ocr_line' id='line_1_67' title="bbox 282 3967 1863 4040; baseline 0.004 -18"><span class='ocrx_word' id='word_1_522' title='bbox 282 3968 446 4022; x_wconf 86' lang='lat' dir='ltr'><strong>stulta</strong></span> <span class='ocrx_word' id='word_1_523' title='bbox 493 3968 764 4038; x_wconf 80' lang='lat' dir='ltr'><strong>cogitatio.</strong></span> <span class='ocrx_word' id='word_1_524' title='bbox 814 3969 1128 4025; x_wconf 88' lang='lat' dir='ltr'><strong>Crediturus</strong></span> <span class='ocrx_word' id='word_1_525' title='bbox 1175 3978 1257 4025; x_wconf 91' lang='lat' dir='ltr'><strong>est</strong></span> <span class='ocrx_word' id='word_1_526' title='bbox 1286 3971 1451 4026; x_wconf 90' lang='lat' dir='ltr'><strong>Deum</strong></span> <span class='ocrx_word' id='word_1_527' title='bbox 1504 3967 1863 4040; x_wconf 85' lang='lat' dir='ltr'><strong>dissimulare,</strong></span> 
     </span>
    </p>
   </div>
   <div class='ocr_carea' id='block_1_68' title="bbox 281 4059 1866 4131">
    <p class='ocr_par' dir='ltr' id='par_1_68' title="bbox 281 4059 1866 4131">
     <span class='ocr_line' id='line_1_68' title="bbox 281 4059 1866 4131; baseline 0.001 -17"><span class='ocrx_word' id='word_1_528' title='bbox 281 4059 370 4114; x_wconf 87' lang='lat' dir='ltr'><strong>cui</strong></span> <span class='ocrx_word' id='word_1_529' title='bbox 403 4059 660 4115; x_wconf 88' lang='lat' dir='ltr'><strong>honorem</strong></span> <span class='ocrx_word' id='word_1_530' title='bbox 689 4061 981 4130; x_wconf 85' lang='lat' dir='ltr'><strong>sacrilegus</strong></span> <span class='ocrx_word' id='word_1_531' title='bbox 1003 4069 1229 4116; x_wconf 91' lang='lat' dir='ltr'><strong>conatur</strong></span> <span class='ocrx_word' id='word_1_532' title='bbox 1256 4060 1490 4130; x_wconf 89' lang='lat' dir='ltr'><strong>eripere,</strong></span> <span class='ocrx_word' id='word_1_533' title='bbox 1520 4073 1715 4131; x_wconf 86' lang='lat' dir='ltr'><strong>putans</strong></span> <span class='ocrx_word' id='word_1_534' title='bbox 1743 4077 1866 4117; x_wconf 91' lang='lat' dir='ltr'><strong>eum</strong></span> 
     </span>
    </p>
   </div>
   <div class='ocr_carea' id='block_1_69' title="bbox 277 4151 1868 4223">
    <p class='ocr_par' dir='ltr' id='par_1_69' title="bbox 277 4151 1868 4223">
     <span class='ocr_line' id='line_1_69' title="bbox 277 4151 1868 4223; baseline 0.001 -17"><span class='ocrx_word' id='word_1_535' title='bbox 277 4151 466 4208; x_wconf 91' lang='lat' dir='ltr'><strong>ﬁdeles</strong></span> <span class='ocrx_word' id='word_1_536' title='bbox 496 4168 623 4209; x_wconf 90' lang='lat' dir='ltr'><strong>suos</strong></span> <span class='ocrx_word' id='word_1_537' title='bbox 649 4153 794 4208; x_wconf 92' lang='lat' dir='ltr'><strong>nolle</strong></span> <span class='ocrx_word' id='word_1_538' title='bbox 820 4155 1112 4223; x_wconf 73' lang='lat' dir='ltr'><strong>rcSpicere,</strong></span> <span class='ocrx_word' id='word_1_539' title='bbox 1158 4168 1279 4208; x_wconf 90' lang='lat' dir='ltr'><strong>cum</strong></span> <span class='ocrx_word' id='word_1_540' title='bbox 1324 4162 1542 4223; x_wconf 82' lang='lat' dir='ltr'><strong>prOpter</strong></span> <span class='ocrx_word' id='word_1_541' title='bbox 1564 4154 1738 4223; x_wconf 92' lang='lat' dir='ltr'><strong>ipsum</strong></span> <span class='ocrx_word' id='word_1_542' title='bbox 1771 4155 1868 4208; x_wconf 84' lang='lat' dir='ltr'><strong>do-</strong></span> 
     </span>
    </p>
   </div>
   <div class='ocr_carea' id='block_1_70' title="bbox 279 4245 1868 4316">
    <p class='ocr_par' dir='ltr' id='par_1_70' title="bbox 279 4245 1868 4316">
     <span class='ocr_line' id='line_1_70' title="bbox 279 4245 1868 4316; baseline 0.001 -16"><span class='ocrx_word' id='word_1_543' title='bbox 279 4253 504 4300; x_wconf 87' lang='lat' dir='ltr'><strong>ceantur</strong></span> <span class='ocrx_word' id='word_1_544' title='bbox 549 4247 729 4299; x_wconf 88' lang='lat' dir='ltr'><strong>omnia</strong></span> <span class='ocrx_word' id='word_1_545' title='bbox 779 4247 1010 4316; x_wconf 88' lang='lat' dir='ltr'><strong>poenalia</strong></span> <span class='ocrx_word' id='word_1_546' title='bbox 1041 4245 1328 4301; x_wconf 90' lang='lat' dir='ltr'><strong>sustinere.</strong></span> <span class='ocrx_word' id='word_1_547' title='bbox 1376 4245 1598 4316; x_wconf 83' lang='lat' dir='ltr'><strong>Ignarus</strong></span> <span class='ocrx_word' id='word_1_548' title='bbox 1628 4247 1868 4302; x_wconf 87' lang='lat' dir='ltr'><strong>veritatis</strong></span> 
     </span>
    </p>
   </div>
   <div class='ocr_carea' id='block_1_71' title="bbox 277 4336 1868 4407">
    <p class='ocr_par' dir='ltr' id='par_1_71' title="bbox 277 4336 1868 4407">
     <span class='ocr_line' id='line_1_71' title="bbox 277 4336 1868 4407; baseline 0.002 -18"><span class='ocrx_word' id='word_1_549' title='bbox 277 4336 546 4391; x_wconf 89' lang='lat' dir='ltr'><strong>contraria</strong></span> <span class='ocrx_word' id='word_1_550' title='bbox 580 4337 884 4406; x_wconf 87' lang='lat' dir='ltr'><strong>suspicione</strong></span> <span class='ocrx_word' id='word_1_551' title='bbox 910 4336 1212 4392; x_wconf 86' lang='lat' dir='ltr'><strong>movebitur</strong></span> <span class='ocrx_word' id='word_1_552' title='bbox 1233 4337 1264 4402; x_wconf 78' lang='lat'><strong>;&#39;</strong></span> <span class='ocrx_word' id='word_1_553' title='bbox 1298 4350 1399 4391; x_wconf 91' lang='lat' dir='ltr'><strong>nec</strong></span> <span class='ocrx_word' id='word_1_554' title='bbox 1439 4336 1696 4407; x_wconf 83' lang='lat' dir='ltr'><strong>intelliget</strong></span> <span class='ocrx_word' id='word_1_555' title='bbox 1725 4337 1868 4407; x_wconf 90' lang='lat' dir='ltr'><strong>quod</strong></span> 
     </span>
    </p>
   </div>
   <div class='ocr_carea' id='block_1_72' title="bbox 231 4423 1867 4502">
    <p class='ocr_par' dir='ltr' id='par_1_72' title="bbox 231 4423 1867 4502">
     <span class='ocr_line' id='line_1_72' title="bbox 231 4423 1867 4502; baseline 0.001 -18"><span class='ocrx_word' id='word_1_556' title='bbox 231 4423 234 4426; x_wconf 60' lang='grc'><em>’</em></span> <span class='ocrx_word' id='word_1_557' title='bbox 277 4429 522 4499; x_wconf 78' lang='lat' dir='ltr'><strong>sequitur</strong></span> <span class='ocrx_word' id='word_1_558' title='bbox 568 4449 582 4484; x_wconf 91' lang='lat'><strong>:</strong></span> <span class='ocrx_word' id='word_1_559' title='bbox 628 4430 711 4485; x_wconf 85' lang='lat' dir='ltr'><strong>Ne</strong></span> <span class='ocrx_word' id='word_1_560' title='bbox 743 4431 1054 4485; x_wconf 83' lang='lat' dir='ltr'><strong>obliviscaris</strong></span> <span class='ocrx_word' id='word_1_561' title='bbox 1105 4447 1385 4502; x_wconf 85' lang='lat' dir='ltr'><strong>pauperum</strong></span> <span class='ocrx_word' id='word_1_562' title='bbox 1427 4431 1481 4485; x_wconf 85' lang='lat' dir='ltr'><strong>in</strong></span> <span class='ocrx_word' id='word_1_563' title='bbox 1521 4432 1698 4499; x_wconf 83' lang='lat' dir='ltr'><strong>ﬁnem.</strong></span> <span class='ocrx_word' id='word_1_564' title='bbox 1752 4431 1867 4486; x_wconf 83' lang='lat' dir='ltr'><strong>Non</strong></span> 
     </span>
    </p>
   </div>
   <div class='ocr_carea' id='block_1_73' title="bbox 278 4520 1868 4592">
    <p class='ocr_par' dir='ltr' id='par_1_73' title="bbox 278 4520 1868 4592">
     <span class='ocr_line' id='line_1_73' title="bbox 278 4520 1868 4592; baseline 0.003 -16"><span class='ocrx_word' id='word_1_565' title='bbox 278 4520 424 4576; x_wconf 89' lang='lat' dir='ltr'><strong>enim</strong></span> <span class='ocrx_word' id='word_1_566' title='bbox 477 4522 608 4577; x_wconf 92' lang='lat' dir='ltr'><strong>dicit</strong></span> <span class='ocrx_word' id='word_1_567' title='bbox 656 4523 789 4578; x_wconf 90' lang='lat' dir='ltr'><strong>nihil</strong></span> <span class='ocrx_word' id='word_1_568' title='bbox 836 4537 928 4578; x_wconf 91' lang='lat' dir='ltr'><strong>eos</strong></span> <span class='ocrx_word' id='word_1_569' title='bbox 966 4536 1088 4578; x_wconf 89' lang='lat' dir='ltr'><strong>esse</strong></span> <span class='ocrx_word' id='word_1_570' title='bbox 1113 4537 1384 4592; x_wconf 84' lang='lat' dir='ltr'><strong>passuros,</strong></span> <span class='ocrx_word' id='word_1_571' title='bbox 1434 4523 1530 4578; x_wconf 90' lang='lat' dir='ltr'><strong>sed</strong></span> <span class='ocrx_word' id='word_1_572' title='bbox 1565 4523 1868 4580; x_wconf 85' lang='lat' dir='ltr'><strong>nullatenus</strong></span> 
     </span>
    </p>
   </div>
   <div class='ocr_carea' id='block_1_74' title="bbox 278 4614 1864 4682">
    <p class='ocr_par' dir='ltr' id='par_1_74' title="bbox 278 4614 1864 4682">
     <span class='ocr_line' id='line_1_74' title="bbox 278 4614 1864 4682; baseline 0.003 -16"><span class='ocrx_word' id='word_1_573' title='bbox 278 4615 442 4682; x_wconf 78' lang='lat' dir='ltr'><strong>usque</strong></span> <span class='ocrx_word' id='word_1_574' title='bbox 470 4615 522 4667; x_wconf 89' lang='lat' dir='ltr'><strong>in</strong></span> <span class='ocrx_word' id='word_1_575' title='bbox 552 4615 707 4682; x_wconf 84' lang='lat' dir='ltr'><strong>linem</strong></span> <span class='ocrx_word' id='word_1_576' title='bbox 735 4629 858 4669; x_wconf 87' lang='lat' dir='ltr'><strong>esse</strong></span> <span class='ocrx_word' id='word_1_577' title='bbox 888 4614 1232 4669; x_wconf 88' lang='lat' dir='ltr'><strong>deserendos.</strong></span> <span class='ocrx_word' id='word_1_578' title='bbox 1861 4631 1864 4634; x_wconf 82' lang='lat'>&#39;</span> 
     </span>
    </p>
   </div>
   <div class='ocr_carea' id='block_1_75' title="bbox 2004 3416 3558 3491">
    <p class='ocr_par' dir='ltr' id='par_1_75' title="bbox 2004 3416 3558 3491">
     <span class='ocr_line' id='line_1_75' title="bbox 2004 3416 3558 3491; baseline -0.002 -15"><span class='ocrx_word' id='word_1_579' title='bbox 2004 3473 2007 3476; x_wconf 87' lang='lat'><strong>.</strong></span> <span class='ocrx_word' id='word_1_580' title='bbox 2042 3417 2200 3473; x_wconf 82' lang='lat' dir='ltr'><strong>Vers.</strong></span> <span class='ocrx_word' id='word_1_581' title='bbox 2231 3417 2322 3474; x_wconf 81' lang='grc'><strong>56.</strong></span> <span class='ocrx_word' id='word_1_582' title='bbox 2365 3416 2477 3473; x_wconf 87' lang='lat' dir='ltr'><strong>Tibi</strong></span> <span class='ocrx_word' id='word_1_583' title='bbox 2511 3418 2647 3473; x_wconf 89' lang='lat' dir='ltr'><strong>enim</strong></span> <span class='ocrx_word' id='word_1_584' title='bbox 2677 3419 2948 3476; x_wconf 85' lang='lat' dir='ltr'><strong>derelictus</strong></span> <span class='ocrx_word' id='word_1_585' title='bbox 2978 3427 3050 3475; x_wconf 89' lang='lat' dir='ltr'><strong>est</strong></span> <span class='ocrx_word' id='word_1_586' title='bbox 3084 3435 3281 3491; x_wconf 84' lang='lat' dir='ltr'><strong>pauper</strong></span> <span class='ocrx_word' id='word_1_587' title='bbox 3309 3435 3330 3473; x_wconf 89' lang='lat'><strong><em>:</em></strong></span> <span class='ocrx_word' id='word_1_588' title='bbox 3359 3417 3558 3489; x_wconf 88' lang='lat' dir='ltr'><strong>pupillo</strong></span> 
     </span>
    </p>
   </div>
   <div class='ocr_carea' id='block_1_76' title="bbox 1969 3510 3555 3582">
    <p class='ocr_par' dir='ltr' id='par_1_76' title="bbox 1969 3510 3555 3582">
     <span class='ocr_line' id='line_1_76' title="bbox 1969 3510 3555 3582; baseline 0 -18"><span class='ocrx_word' id='word_1_589' title='bbox 1969 3520 2025 3564; x_wconf 92' lang='lat' dir='ltr'><strong>tu</strong></span> <span class='ocrx_word' id='word_1_590' title='bbox 2069 3510 2170 3564; x_wconf 87' lang='lat' dir='ltr'><strong>eris</strong></span> <span class='ocrx_word' id='word_1_591' title='bbox 2218 3510 2447 3580; x_wconf 83' lang='lat' dir='ltr'><strong>adjutor;</strong></span> <span class='ocrx_word' id='word_1_592' title='bbox 2493 3510 2548 3565; x_wconf 93' lang='lat' dir='ltr'><strong>ln</strong></span> <span class='ocrx_word' id='word_1_593' title='bbox 2598 3510 2834 3566; x_wconf 89' lang='lat' dir='ltr'><strong>medium</strong></span> <span class='ocrx_word' id='word_1_594' title='bbox 2877 3511 3120 3568; x_wconf 86' lang='lat' dir='ltr'><strong>deductis</strong></span> <span class='ocrx_word' id='word_1_595' title='bbox 3156 3511 3334 3582; x_wconf 89' lang='lat' dir='ltr'><strong>impiis</strong></span> <span class='ocrx_word' id='word_1_596' title='bbox 3394 3520 3555 3581; x_wconf 90' lang='lat' dir='ltr'><strong>atque</strong></span> 
     </span>
    </p>
   </div>
   <div class='ocr_carea' id='block_1_77' title="bbox 1969 3600 3559 3674">
    <p class='ocr_par' dir='ltr' id='par_1_77' title="bbox 1969 3600 3559 3674">
     <span class='ocr_line' id='line_1_77' title="bbox 1969 3600 3559 3674; baseline 0.001 -18"><span class='ocrx_word' id='word_1_597' title='bbox 1969 3600 2256 3668; x_wconf 88' lang='lat' dir='ltr'><strong>convictis,</strong></span> <span class='ocrx_word' id='word_1_598' title='bbox 2285 3602 2427 3656; x_wconf 88' lang='lat' dir='ltr'><strong>redit</strong></span> <span class='ocrx_word' id='word_1_599' title='bbox 2465 3602 2530 3656; x_wconf 88' lang='lat' dir='ltr'><strong>ad</strong></span> <span class='ocrx_word' id='word_1_600' title='bbox 2560 3601 2778 3672; x_wconf 84' lang='lat' dir='ltr'><strong>justus;</strong></span> <span class='ocrx_word' id='word_1_601' title='bbox 2837 3611 2896 3658; x_wconf 92' lang='lat' dir='ltr'><strong>ut</strong></span> <span class='ocrx_word' id='word_1_602' title='bbox 2937 3603 3078 3659; x_wconf 90' lang='lat' dir='ltr'><strong>sicut</strong></span> <span class='ocrx_word' id='word_1_603' title='bbox 3105 3603 3181 3659; x_wconf 90' lang='lat' dir='ltr'><strong>illi</strong></span> <span class='ocrx_word' id='word_1_604' title='bbox 3222 3603 3378 3674; x_wconf 83' lang='lat' dir='ltr'><strong>digna</strong></span> <span class='ocrx_word' id='word_1_605' title='bbox 3404 3602 3559 3658; x_wconf 82' lang='lat' dir='ltr'><strong>factis</strong></span> 
     </span>
    </p>
   </div>
   <div class='ocr_carea' id='block_1_78' title="bbox 1969 3693 3555 3768">
    <p class='ocr_par' dir='ltr' id='par_1_78' title="bbox 1969 3693 3555 3768">
     <span class='ocr_line' id='line_1_78' title="bbox 1969 3693 3555 3768; baseline 0.002 -20"><span class='ocrx_word' id='word_1_606' title='bbox 1969 3693 2260 3763; x_wconf 87' lang='lat' dir='ltr'><strong>recipiunt,</strong></span> <span class='ocrx_word' id='word_1_607' title='bbox 2308 3695 2383 3750; x_wconf 87' lang='lat' dir='ltr'><strong>ita</strong></span> <span class='ocrx_word' id='word_1_608' title='bbox 2429 3695 2516 3751; x_wconf 90' lang='lat' dir='ltr'><strong>isti</strong></span> <span class='ocrx_word' id='word_1_609' title='bbox 2565 3698 2831 3767; x_wconf 88' lang='lat' dir='ltr'><strong>promissa</strong></span> <span class='ocrx_word' id='word_1_610' title='bbox 2874 3698 3094 3766; x_wconf 84' lang='lat' dir='ltr'><strong>praemia</strong></span> <span class='ocrx_word' id='word_1_611' title='bbox 3135 3707 3555 3768; x_wconf 79' lang='lat' dir='ltr'><strong>consequantur.</strong></span> 
     </span>
    </p>
   </div>
   <div class='ocr_carea' id='block_1_79' title="bbox 1970 3785 3562 3862">
    <p class='ocr_par' dir='ltr' id='par_1_79' title="bbox 1970 3785 3562 3862">
     <span class='ocr_line' id='line_1_79' title="bbox 1970 3785 3562 3862; baseline 0.001 -22"><span class='ocrx_word' id='word_1_612' title='bbox 1970 3785 2104 3840; x_wconf 81' lang='lat' dir='ltr'><strong>Nam</strong></span> <span class='ocrx_word' id='word_1_613' title='bbox 2133 3800 2255 3842; x_wconf 89' lang='lat' dir='ltr'><strong>cum</strong></span> <span class='ocrx_word' id='word_1_614' title='bbox 2281 3787 2407 3842; x_wconf 85' lang='lat' dir='ltr'><strong>dicit</strong></span> <span class='ocrx_word' id='word_1_615' title='bbox 2439 3804 2452 3840; x_wconf 91' lang='lat'>:</span> <span class='ocrx_word' id='word_1_616' title='bbox 2504 3788 2621 3841; x_wconf 85' lang='lat' dir='ltr'><strong>Tibi</strong></span> <span class='ocrx_word' id='word_1_617' title='bbox 2646 3788 2916 3843; x_wconf 80' lang='lat' dir='ltr'><strong>derelictus</strong></span> <span class='ocrx_word' id='word_1_618' title='bbox 2945 3798 3019 3843; x_wconf 87' lang='lat' dir='ltr'><strong>est</strong></span> <span class='ocrx_word' id='word_1_619' title='bbox 3056 3807 3271 3862; x_wconf 78' lang='lat' dir='ltr'><strong>pauper,</strong></span> <span class='ocrx_word' id='word_1_620' title='bbox 3326 3787 3562 3846; x_wconf 83' lang='lat' dir='ltr'><strong>ostendit</strong></span> 
     </span>
    </p>
   </div>
   <div class='ocr_carea' id='block_1_80' title="bbox 1970 3879 3561 3952">
    <p class='ocr_par' dir='ltr' id='par_1_80' title="bbox 1970 3879 3561 3952">
     <span class='ocr_line' id='line_1_80' title="bbox 1970 3879 3561 3952; baseline 0.002 -20"><span class='ocrx_word' id='word_1_621' title='bbox 1970 3879 2226 3948; x_wconf 90' lang='lat' dir='ltr'><strong>quoniam</strong></span> <span class='ocrx_word' id='word_1_622' title='bbox 2251 3880 2343 3950; x_wconf 92' lang='lat' dir='ltr'><strong>qui</strong></span> <span class='ocrx_word' id='word_1_623' title='bbox 2370 3879 2447 3935; x_wconf 91' lang='lat' dir='ltr'><strong>illi</strong></span> <span class='ocrx_word' id='word_1_624' title='bbox 2471 3881 2885 3952; x_wconf 89' lang='lat' dir='ltr'><strong>derelinquitur,</strong></span> <span class='ocrx_word' id='word_1_625' title='bbox 2919 3884 3064 3940; x_wconf 87' lang='lat' dir='ltr'><strong>nulla</strong></span> <span class='ocrx_word' id='word_1_626' title='bbox 3092 3885 3321 3940; x_wconf 90' lang='lat' dir='ltr'><strong>utilitate</strong></span> <span class='ocrx_word' id='word_1_627' title='bbox 3347 3882 3561 3938; x_wconf 81' lang='lat' dir='ltr'><strong>frauda-</strong></span> 
     </span>
    </p>
   </div>
   <div class='ocr_carea' id='block_1_81' title="bbox 1972 3971 3562 4046">
    <p class='ocr_par' dir='ltr' id='par_1_81' title="bbox 1972 3971 3562 4046">
     <span class='ocr_line' id='line_1_81' title="bbox 1972 3971 3562 4046; baseline 0.003 -22"><span class='ocrx_word' id='word_1_628' title='bbox 1972 3977 2057 4024; x_wconf 91' lang='lat' dir='ltr'><strong>tur</strong></span> <span class='ocrx_word' id='word_1_629' title='bbox 2075 4009 2092 4036; x_wconf 93' lang='lat'><strong>,</strong></span> <span class='ocrx_word' id='word_1_630' title='bbox 2149 3971 2402 4040; x_wconf 90' lang='lat' dir='ltr'><strong>quoniam</strong></span> <span class='ocrx_word' id='word_1_631' title='bbox 2434 3972 2534 4027; x_wconf 90' lang='lat' dir='ltr'><strong>hoc</strong></span> <span class='ocrx_word' id='word_1_632' title='bbox 2562 3983 2644 4028; x_wconf 89' lang='lat' dir='ltr'><strong>est</strong></span> <span class='ocrx_word' id='word_1_633' title='bbox 2670 3974 2761 4043; x_wconf 90' lang='lat' dir='ltr'><strong>pio</strong></span> <span class='ocrx_word' id='word_1_634' title='bbox 2789 3975 3014 4046; x_wconf 89' lang='lat' dir='ltr'><strong>principi</strong></span> <span class='ocrx_word' id='word_1_635' title='bbox 3046 3975 3265 4041; x_wconf 92' lang='lat' dir='ltr'><strong>dimitti,</strong></span> <span class='ocrx_word' id='word_1_636' title='bbox 3293 3975 3435 4046; x_wconf 86' lang='lat' dir='ltr'><strong>quod</strong></span> <span class='ocrx_word' id='word_1_637' title='bbox 3463 3974 3562 4031; x_wconf 83' lang='lat' dir='ltr'><strong>bo-</strong></span> 
     </span>
    </p>
   </div>
   <div class='ocr_carea' id='block_1_82' title="bbox 1971 4061 3557 4136">
    <p class='ocr_par' dir='ltr' id='par_1_82' title="bbox 1971 4061 3557 4136">
     <span class='ocr_line' id='line_1_82' title="bbox 1971 4061 3557 4136; baseline 0.003 -20"><span class='ocrx_word' id='word_1_638' title='bbox 1971 4061 2056 4116; x_wconf 91' lang='lat' dir='ltr'><strong>nis</strong></span> <span class='ocrx_word' id='word_1_639' title='bbox 2087 4062 2336 4118; x_wconf 89' lang='lat' dir='ltr'><strong>omnibus</strong></span> <span class='ocrx_word' id='word_1_640' title='bbox 2361 4063 2522 4118; x_wconf 88' lang='lat' dir='ltr'><strong>tradi.</strong></span> <span class='ocrx_word' id='word_1_641' title='bbox 2574 4062 2784 4134; x_wconf 86' lang='lat' dir='ltr'><strong>Pauper</strong></span> <span class='ocrx_word' id='word_1_642' title='bbox 2805 4067 2948 4121; x_wconf 88' lang='lat' dir='ltr'><strong>enim</strong></span> <span class='ocrx_word' id='word_1_643' title='bbox 2972 4067 3144 4122; x_wconf 90' lang='lat' dir='ltr'><strong>dictus</strong></span> <span class='ocrx_word' id='word_1_644' title='bbox 3174 4077 3258 4122; x_wconf 92' lang='lat' dir='ltr'><strong>est</strong></span> <span class='ocrx_word' id='word_1_645' title='bbox 3278 4082 3308 4122; x_wconf 91' lang='lat' dir='ltr'><strong>a</strong></span> <span class='ocrx_word' id='word_1_646' title='bbox 3341 4068 3557 4136; x_wconf 87' lang='lat' dir='ltr'><strong>paulu’o</strong></span> 
     </span>
    </p>
   </div>
   <div class='ocr_carea' id='block_1_83' title="bbox 1973 4149 3555 4223">
    <p class='ocr_par' dir='ltr' id='par_1_83' title="bbox 1973 4149 3555 4223">
     <span class='ocr_line' id='line_1_83' title="bbox 1973 4149 3555 4223; baseline 0.006 -20"><span class='ocrx_word' id='word_1_647' title='bbox 1973 4149 2104 4204; x_wconf 89' lang='lat' dir='ltr'><strong>lare.</strong></span> <span class='ocrx_word' id='word_1_648' title='bbox 2156 4151 2418 4206; x_wconf 84' lang='lat' dir='ltr'><strong>Relictum</strong></span> <span class='ocrx_word' id='word_1_649' title='bbox 2447 4168 2576 4222; x_wconf 80' lang='lat' dir='ltr'><strong>ergo</strong></span> <span class='ocrx_word' id='word_1_650' title='bbox 2604 4155 2735 4208; x_wconf 91' lang='lat' dir='ltr'><strong>dicit</strong></span> <span class='ocrx_word' id='word_1_651' title='bbox 2776 4170 3066 4223; x_wconf 89' lang='lat' dir='ltr'><strong>pauperem</strong></span> <span class='ocrx_word' id='word_1_652' title='bbox 3094 4157 3225 4221; x_wconf 91' lang='lat' dir='ltr'><strong>Deo,</strong></span> <span class='ocrx_word' id='word_1_653' title='bbox 3275 4165 3334 4211; x_wconf 94' lang='lat' dir='ltr'><strong>ut</strong></span> <span class='ocrx_word' id='word_1_654' title='bbox 3367 4171 3555 4212; x_wconf 85' lang='lat' dir='ltr'><strong>omnes</strong></span> 
     </span>
    </p>
   </div>
   <div class='ocr_carea' id='block_1_84' title="bbox 1973 4240 3556 4317">
    <p class='ocr_par' dir='ltr' id='par_1_84' title="bbox 1973 4240 3556 4317">
     <span class='ocr_line' id='line_1_84' title="bbox 1973 4240 3556 4317; baseline 0.006 -23"><span class='ocrx_word' id='word_1_655' title='bbox 1973 4240 2191 4295; x_wconf 87' lang='lat' dir='ltr'><strong>videant</strong></span> <span class='ocrx_word' id='word_1_656' title='bbox 2218 4255 2336 4311; x_wconf 73' lang='lat' dir='ltr'><strong>quae</strong></span> <span class='ocrx_word' id='word_1_657' title='bbox 2380 4242 2519 4296; x_wconf 89' lang='lat' dir='ltr'><strong>bona</strong></span> <span class='ocrx_word' id='word_1_658' title='bbox 2549 4243 2755 4312; x_wconf 87' lang='lat' dir='ltr'><strong>possint</strong></span> <span class='ocrx_word' id='word_1_659' title='bbox 2792 4244 2860 4300; x_wconf 89' lang='lat' dir='ltr'><strong>de</strong></span> <span class='ocrx_word' id='word_1_660' title='bbox 2887 4244 3002 4314; x_wconf 90' lang='lat' dir='ltr'><strong>ejus</strong></span> <span class='ocrx_word' id='word_1_661' title='bbox 3031 4253 3309 4316; x_wconf 84' lang='lat' dir='ltr'><strong>reportare</strong></span> <span class='ocrx_word' id='word_1_662' title='bbox 3333 4246 3556 4317; x_wconf 90' lang='lat' dir='ltr'><strong>judicio.</strong></span> 
     </span>
    </p>
   </div>
   <div class='ocr_carea' id='block_1_85' title="bbox 1973 4332 3557 4409">
    <p class='ocr_par' dir='ltr' id='par_1_85' title="bbox 1973 4332 3557 4409">
     <span class='ocr_line' id='line_1_85' title="bbox 1973 4332 3557 4409; baseline 0.006 -24"><span class='ocrx_word' id='word_1_663' title='bbox 1973 4332 2241 4402; x_wconf 85' lang='lat' dir='ltr'><strong>Pupillum</strong></span> <span class='ocrx_word' id='word_1_664' title='bbox 2273 4349 2402 4390; x_wconf 88' lang='lat' dir='ltr'><strong>vero</strong></span> <span class='ocrx_word' id='word_1_665' title='bbox 2428 4335 2578 4405; x_wconf 91' lang='lat' dir='ltr'><strong>dicit,</strong></span> <span class='ocrx_word' id='word_1_666' title='bbox 2628 4352 2732 4391; x_wconf 90' lang='lat' dir='ltr'><strong>non</strong></span> <span class='ocrx_word' id='word_1_667' title='bbox 2763 4338 2916 4408; x_wconf 88' lang='lat' dir='ltr'><strong>cujus</strong></span> <span class='ocrx_word' id='word_1_668' title='bbox 2943 4339 3152 4409; x_wconf 88' lang='lat' dir='ltr'><strong>genitor</strong></span> <span class='ocrx_word' id='word_1_669' title='bbox 3196 4339 3427 4396; x_wconf 91' lang='lat' dir='ltr'><strong>carnalis</strong></span> <span class='ocrx_word' id='word_1_670' title='bbox 3465 4353 3557 4396; x_wconf 85' lang='lat' dir='ltr'><strong>oc-</strong></span> 
     </span>
    </p>
   </div>
   <div class='ocr_carea' id='block_1_86' title="bbox 1971 4429 3560 4500">
    <p class='ocr_par' dir='ltr' id='par_1_86' title="bbox 1971 4429 3560 4500">
     <span class='ocr_line' id='line_1_86' title="bbox 1971 4429 3560 4500; baseline 0.004 -17"><span class='ocrx_word' id='word_1_671' title='bbox 1971 4429 2173 4492; x_wconf 91' lang='lat' dir='ltr'><strong>cubuit,</strong></span> <span class='ocrx_word' id='word_1_672' title='bbox 2197 4430 2291 4486; x_wconf 91' lang='lat' dir='ltr'><strong>sed</strong></span> <span class='ocrx_word' id='word_1_673' title='bbox 2313 4431 2397 4487; x_wconf 90' lang='lat' dir='ltr'><strong>cui</strong></span> <span class='ocrx_word' id='word_1_674' title='bbox 2411 4437 2562 4500; x_wconf 90' lang='lat' dir='ltr'><strong>pater</strong></span> <span class='ocrx_word' id='word_1_675' title='bbox 2574 4433 2814 4500; x_wconf 90' lang='lat' dir='ltr'><strong>sepultus</strong></span> <span class='ocrx_word' id='word_1_676' title='bbox 2835 4441 2917 4489; x_wconf 89' lang='lat' dir='ltr'><strong>est</strong></span> <span class='ocrx_word' id='word_1_677' title='bbox 2937 4434 3186 4490; x_wconf 89' lang='lat' dir='ltr'><strong>mundus.</strong></span> <span class='ocrx_word' id='word_1_678' title='bbox 3205 4433 3339 4490; x_wconf 79' lang='lat' dir='ltr'><strong>Nam</strong></span> <span class='ocrx_word' id='word_1_679' title='bbox 3360 4433 3560 4491; x_wconf 87' lang='lat' dir='ltr'><strong>multos</strong></span> 
     </span>
    </p>
   </div>
   <div class='ocr_carea' id='block_1_87' title="bbox 1973 4523 3643 4596">
    <p class='ocr_par' dir='ltr' id='par_1_87' title="bbox 1973 4523 3643 4596">
     <span class='ocr_line' id='line_1_87' title="bbox 1973 4523 3643 4596; baseline 0.002 -19"><span class='ocrx_word' id='word_1_680' title='bbox 1973 4523 2208 4592; x_wconf 91' lang='lat' dir='ltr'><strong>pupillos</strong></span> <span class='ocrx_word' id='word_1_681' title='bbox 2255 4524 2495 4580; x_wconf 89' lang='lat' dir='ltr'><strong>invenies</strong></span> <span class='ocrx_word' id='word_1_682' title='bbox 2568 4525 2787 4580; x_wconf 89' lang='lat' dir='ltr'><strong>orbatos</strong></span> <span class='ocrx_word' id='word_1_683' title='bbox 2838 4536 2989 4596; x_wconf 90' lang='lat' dir='ltr'><strong>patre</strong></span> <span class='ocrx_word' id='word_1_684' title='bbox 3039 4527 3259 4596; x_wconf 90' lang='lat' dir='ltr'><strong>visibili,</strong></span> <span class='ocrx_word' id='word_1_685' title='bbox 3318 4534 3372 4581; x_wconf 91' lang='lat' dir='ltr'><strong>et</strong></span> <span class='ocrx_word' id='word_1_686' title='bbox 3433 4534 3561 4582; x_wconf 85' lang='lat' dir='ltr'><strong>sunt</strong></span> <span class='ocrx_word' id='word_1_687' title='bbox 3641 4561 3643 4564; x_wconf 65' lang='grc'>‹</span> 
     </span>
    </p>
   </div>
   <div class='ocr_carea' id='block_1_88' title="bbox 1973 4616 3562 4689">
    <p class='ocr_par' dir='ltr' id='par_1_88' title="bbox 1973 4616 3562 4689">
     <span class='ocr_line' id='line_1_88' title="bbox 1973 4616 3562 4689; baseline 0 -17"><span class='ocrx_word' id='word_1_688' title='bbox 1973 4616 2295 4687; x_wconf 85' lang='lat' dir='ltr'><strong>blasphemi,</strong></span> <span class='ocrx_word' id='word_1_689' title='bbox 2341 4617 2738 4687; x_wconf 87' lang='lat' dir='ltr'><strong>abliguritores,</strong></span> <span class='ocrx_word' id='word_1_690' title='bbox 2785 4625 2840 4674; x_wconf 92' lang='lat' dir='ltr'><strong>et</strong></span> <span class='ocrx_word' id='word_1_691' title='bbox 2865 4618 3006 4689; x_wconf 90' lang='lat' dir='ltr'><strong>quod</strong></span> <span class='ocrx_word' id='word_1_692' title='bbox 3032 4619 3085 4673; x_wconf 81' lang='lat' dir='ltr'><strong>in</strong></span> <span class='ocrx_word' id='word_1_693' title='bbox 3128 4618 3221 4672; x_wconf 90' lang='lat' dir='ltr'><strong>illa</strong></span> <span class='ocrx_word' id='word_1_694' title='bbox 3260 4624 3416 4672; x_wconf 68' lang='lat' dir='ltr'><strong>relate</strong></span> <span class='ocrx_word' id='word_1_695' title='bbox 3443 4631 3562 4672; x_wconf 87' lang='lat' dir='ltr'><strong>cre-</strong></span> 
     </span>
    </p>
   </div>
   <div class='ocr_carea' id='block_1_89' title="bbox 353 4693 3560 4782">
    <p class='ocr_par' dir='ltr' id='par_1_89' title="bbox 353 4693 3560 4782">
     <span class='ocr_line' id='line_1_89' title="bbox 353 4693 3560 4782; baseline 0.002 -24"><span class='ocrx_word' id='word_1_696' title='bbox 353 4704 509 4760; x_wconf 76' lang='lat' dir='ltr'><strong>Vcrs.</strong></span> <span class='ocrx_word' id='word_1_697' title='bbox 546 4705 635 4759; x_wconf 75' lang='lat'><strong>55.</strong></span> <span class='ocrx_word' id='word_1_698' title='bbox 679 4704 936 4779; x_wconf 75' lang='lat' dir='ltr'><strong>Exsurge,</strong></span> <span class='ocrx_word' id='word_1_699' title='bbox 985 4707 1207 4762; x_wconf 84' lang='lat' dir='ltr'><strong>Domine</strong></span> <span class='ocrx_word' id='word_1_700' title='bbox 1237 4707 1375 4763; x_wconf 87' lang='lat' dir='ltr'><strong>Deus</strong></span> <span class='ocrx_word' id='word_1_701' title='bbox 1405 4725 1567 4778; x_wconf 88' lang='lat' dir='ltr'><strong>meus,</strong></span> <span class='ocrx_word' id='word_1_702' title='bbox 1598 4720 1642 4765; x_wconf 87' lang='lat' dir='ltr'><strong>et</strong></span> <span class='ocrx_word' id='word_1_703' title='bbox 1674 4712 1866 4766; x_wconf 77' lang='lat' dir='ltr'><strong>exalte-</strong></span> <span class='ocrx_word' id='word_1_704' title='bbox 1892 4693 1947 4754; x_wconf 83' lang='grc' dir='ltr'>Ῑ)</span> <span class='ocrx_word' id='word_1_705' title='bbox 1974 4709 2268 4765; x_wconf 89' lang='lat' dir='ltr'><strong>berrimum</strong></span> <span class='ocrx_word' id='word_1_706' title='bbox 2298 4718 2402 4776; x_wconf 92' lang='lat' dir='ltr'><strong>est,</strong></span> <span class='ocrx_word' id='word_1_707' title='bbox 2449 4711 2736 4778; x_wconf 82' lang='lat' dir='ltr'><strong>luxuriosi,</strong></span> <span class='ocrx_word' id='word_1_708' title='bbox 2774 4720 2829 4768; x_wconf 93' lang='lat' dir='ltr'><strong>et</strong></span> <span class='ocrx_word' id='word_1_709' title='bbox 2856 4712 2911 4767; x_wconf 91' lang='lat' dir='ltr'><strong>hi</strong></span> <span class='ocrx_word' id='word_1_710' title='bbox 2947 4727 2977 4767; x_wconf 89' lang='lat' dir='ltr'><strong>a</strong></span> <span class='ocrx_word' id='word_1_711' title='bbox 3009 4711 3237 4768; x_wconf 91' lang='lat' dir='ltr'><strong>Domino</strong></span> <span class='ocrx_word' id='word_1_712' title='bbox 3267 4710 3560 4782; x_wconf 88' lang='lat' dir='ltr'><strong>probantur</strong></span> 
     </span>
    </p>
   </div>
   <div class='ocr_carea' id='block_1_90' title="bbox 278 4800 1863 4871">
    <p class='ocr_par' dir='ltr' id='par_1_90' title="bbox 278 4800 1863 4871">
     <span class='ocr_line' id='line_1_90' title="bbox 278 4800 1863 4871; baseline 0.005 -21"><span class='ocrx_word' id='word_1_713' title='bbox 278 4806 365 4851; x_wconf 87' lang='lat' dir='ltr'><strong>tur</strong></span> <span class='ocrx_word' id='word_1_714' title='bbox 403 4814 584 4852; x_wconf 88' lang='lat' dir='ltr'><strong>manus</strong></span> <span class='ocrx_word' id='word_1_715' title='bbox 634 4809 721 4852; x_wconf 88' lang='lat' dir='ltr'><strong>tua</strong></span> <span class='ocrx_word' id='word_1_716' title='bbox 752 4814 773 4854; x_wconf 89' lang='lat'><strong><em>:</em></strong></span> <span class='ocrx_word' id='word_1_717' title='bbox 817 4817 878 4853; x_wconf 89' lang='lat' dir='ltr'><strong>ne</strong></span> <span class='ocrx_word' id='word_1_718' title='bbox 924 4800 1230 4855; x_wconf 82' lang='lat' dir='ltr'><strong>obliviscaris</strong></span> <span class='ocrx_word' id='word_1_719' title='bbox 1269 4817 1549 4871; x_wconf 86' lang='lat' dir='ltr'><strong>pauperum</strong></span> <span class='ocrx_word' id='word_1_720' title='bbox 1589 4802 1642 4855; x_wconf 85' lang='lat' dir='ltr'><strong>in</strong></span> <span class='ocrx_word' id='word_1_721' title='bbox 1689 4804 1863 4871; x_wconf 81' lang='lat' dir='ltr'><strong>ﬁnem.</strong></span> 
     </span>
    </p>
   </div>
   <div class='ocr_carea' id='block_1_91' title="bbox 281 4889 1867 4966">
    <p class='ocr_par' dir='ltr' id='par_1_91' title="bbox 281 4889 1867 4966">
     <span class='ocr_line' id='line_1_91' title="bbox 281 4889 1867 4966; baseline 0.006 -23"><span class='ocrx_word' id='word_1_722' title='bbox 281 4889 536 4946; x_wconf 91' lang='lat' dir='ltr'><strong>Decursis</strong></span> <span class='ocrx_word' id='word_1_723' title='bbox 567 4901 797 4961; x_wconf 89' lang='lat' dir='ltr'><strong>quatuor</strong></span> <span class='ocrx_word' id='word_1_724' title='bbox 826 4893 1084 4963; x_wconf 89' lang='lat' dir='ltr'><strong>partibus,</strong></span> <span class='ocrx_word' id='word_1_725' title='bbox 1117 4909 1259 4948; x_wconf 89' lang='lat' dir='ltr'><strong>nunc</strong></span> <span class='ocrx_word' id='word_1_726' title='bbox 1290 4895 1574 4951; x_wconf 80' lang='lat' dir='ltr'><strong>exaltative</strong></span> <span class='ocrx_word' id='word_1_727' title='bbox 1609 4897 1867 4966; x_wconf 88' lang='lat' dir='ltr'><strong>propheta</strong></span> 
     </span>
    </p>
   </div>
   <div class='ocr_carea' id='block_1_92' title="bbox 279 4981 1865 5057">
    <p class='ocr_par' dir='ltr' id='par_1_92' title="bbox 279 4981 1865 5057">
     <span class='ocr_line' id='line_1_92' title="bbox 279 4981 1865 5057; baseline 0.007 -23"><span class='ocrx_word' id='word_1_728' title='bbox 279 4993 345 5035; x_wconf 87' lang='lat' dir='ltr'><strong>se</strong></span> <span class='ocrx_word' id='word_1_729' title='bbox 363 4981 627 5036; x_wconf 90' lang='lat' dir='ltr'><strong>convertit</strong></span> <span class='ocrx_word' id='word_1_730' title='bbox 650 4981 715 5036; x_wconf 88' lang='lat' dir='ltr'><strong>ad</strong></span> <span class='ocrx_word' id='word_1_731' title='bbox 737 4982 976 5052; x_wconf 90' lang='lat' dir='ltr'><strong>quintam</strong></span> <span class='ocrx_word' id='word_1_732' title='bbox 1004 5001 1017 5037; x_wconf 94' lang='lat'>:</span> <span class='ocrx_word' id='word_1_733' title='bbox 1047 4984 1352 5055; x_wconf 89' lang='lat' dir='ltr'><strong>supplicans</strong></span> <span class='ocrx_word' id='word_1_734' title='bbox 1383 4986 1497 5042; x_wconf 84' lang='lat' dir='ltr'><strong>ﬁeri</strong></span> <span class='ocrx_word' id='word_1_735' title='bbox 1520 4987 1660 5057; x_wconf 92' lang='lat' dir='ltr'><strong>quod</strong></span> <span class='ocrx_word' id='word_1_736' title='bbox 1687 4996 1865 5046; x_wconf 90' lang='lat' dir='ltr'><strong>tamen</strong></span> 
     </span>
    </p>
   </div>
   <div class='ocr_carea' id='block_1_93' title="bbox 275 5069 1862 5150">
    <p class='ocr_par' dir='ltr' id='par_1_93' title="bbox 275 5069 1862 5150">
     <span class='ocr_line' id='line_1_93' title="bbox 275 5069 1862 5150; baseline 0.008 -26"><span class='ocrx_word' id='word_1_737' title='bbox 275 5069 484 5126; x_wconf 89' lang='lat' dir='ltr'><strong>sciebat</strong></span> <span class='ocrx_word' id='word_1_738' title='bbox 515 5087 635 5128; x_wconf 89' lang='lat' dir='ltr'><strong>esse</strong></span> <span class='ocrx_word' id='word_1_739' title='bbox 661 5082 964 5128; x_wconf 83' lang='lat' dir='ltr'><strong>venturum.</strong></span> <span class='ocrx_word' id='word_1_740' title='bbox 997 5075 1230 5147; x_wconf 71' lang='lat' dir='ltr'><strong>Exsurge</strong></span> <span class='ocrx_word' id='word_1_741' title='bbox 1256 5077 1471 5146; x_wconf 91' lang='lat' dir='ltr'><strong>dicitur,</strong></span> <span class='ocrx_word' id='word_1_742' title='bbox 1501 5080 1656 5135; x_wconf 89' lang='lat' dir='ltr'><strong>citius</strong></span> <span class='ocrx_word' id='word_1_743' title='bbox 1682 5093 1862 5150; x_wconf 84' lang='lat' dir='ltr'><strong>surge,</strong></span> 
     </span>
    </p>
   </div>
   <div class='ocr_carea' id='block_1_94' title="bbox 279 5160 1865 5228">
    <p class='ocr_par' dir='ltr' id='par_1_94' title="bbox 279 5160 1865 5228">
     <span class='ocr_line' id='line_1_94' title="bbox 279 5160 1865 5228; baseline 0.008 -12"><span class='ocrx_word' id='word_1_744' title='bbox 279 5160 386 5218; x_wconf 84' lang='lat' dir='ltr'><strong>hoc</strong></span> <span class='ocrx_word' id='word_1_745' title='bbox 414 5173 495 5218; x_wconf 89' lang='lat' dir='ltr'><strong>est</strong></span> <span class='ocrx_word' id='word_1_746' title='bbox 523 5165 767 5221; x_wconf 84' lang='lat' dir='ltr'><strong>celeriter</strong></span> <span class='ocrx_word' id='word_1_747' title='bbox 801 5166 943 5222; x_wconf 89' lang='lat' dir='ltr'><strong>veni.</strong></span> <span class='ocrx_word' id='word_1_748' title='bbox 993 5167 1263 5224; x_wconf 76' lang='lat' dir='ltr'><strong>Eraltetur</strong></span> <span class='ocrx_word' id='word_1_749' title='bbox 1302 5187 1485 5224; x_wconf 87' lang='lat' dir='ltr'><strong>manus</strong></span> <span class='ocrx_word' id='word_1_750' title='bbox 1517 5182 1603 5226; x_wconf 90' lang='lat' dir='ltr'><strong>tua</strong></span> <span class='ocrx_word' id='word_1_751' title='bbox 1635 5188 1655 5226; x_wconf 90' lang='lat'><strong><em>:</em></strong></span> <span class='ocrx_word' id='word_1_752' title='bbox 1683 5189 1865 5228; x_wconf 88' lang='lat' dir='ltr'><strong>manus</strong></span> 
     </span>
    </p>
   </div>
   <div class='ocr_carea' id='block_1_95' title="bbox 282 5258 1865 5336">
    <p class='ocr_par' dir='ltr' id='par_1_95' title="bbox 282 5258 1865 5336">
     <span class='ocr_line' id='line_1_95' title="bbox 282 5258 1865 5336; baseline 0.007 -26"><span class='ocrx_word' id='word_1_753' title='bbox 282 5258 651 5324; x_wconf 87' lang='lat' dir='ltr'><strong>operationem</strong></span> <span class='ocrx_word' id='word_1_754' title='bbox 697 5259 958 5329; x_wconf 84' lang='lat' dir='ltr'><strong>signiﬁcat</strong></span> <span class='ocrx_word' id='word_1_755' title='bbox 993 5278 1005 5312; x_wconf 90' lang='lat'><strong>:</strong></span> <span class='ocrx_word' id='word_1_756' title='bbox 1053 5260 1144 5316; x_wconf 91' lang='lat' dir='ltr'><strong>sed</strong></span> <span class='ocrx_word' id='word_1_757' title='bbox 1178 5262 1276 5316; x_wconf 88' lang='lat' dir='ltr'><strong>ista</strong></span> <span class='ocrx_word' id='word_1_758' title='bbox 1308 5264 1399 5318; x_wconf 90' lang='lat' dir='ltr'><strong>Dei</strong></span> <span class='ocrx_word' id='word_1_759' title='bbox 1443 5265 1686 5336; x_wconf 91' lang='lat' dir='ltr'><strong>operatio</strong></span> <span class='ocrx_word' id='word_1_760' title='bbox 1723 5265 1865 5336; x_wconf 88' lang='lat' dir='ltr'><strong>judi-</strong></span> 
     </span>
    </p>
   </div>
   <div class='ocr_carea' id='block_1_96' title="bbox 278 5349 1865 5422">
    <p class='ocr_par' dir='ltr' id='par_1_96' title="bbox 278 5349 1865 5422">
     <span class='ocr_line' id='line_1_96' title="bbox 278 5349 1865 5422; baseline 0.007 -20"><span class='ocrx_word' id='word_1_761' title='bbox 278 5349 423 5403; x_wconf 91' lang='lat' dir='ltr'><strong>cium</strong></span> <span class='ocrx_word' id='word_1_762' title='bbox 452 5360 556 5417; x_wconf 90' lang='lat' dir='ltr'><strong>est,</strong></span> <span class='ocrx_word' id='word_1_763' title='bbox 605 5352 745 5420; x_wconf 88' lang='lat' dir='ltr'><strong>quod</strong></span> <span class='ocrx_word' id='word_1_764' title='bbox 786 5362 1162 5422; x_wconf 77' lang='lat' dir='ltr'><strong>exspecmmus</strong></span> <span class='ocrx_word' id='word_1_765' title='bbox 1204 5368 1323 5407; x_wconf 88' lang='lat' dir='ltr'><strong>esse</strong></span> <span class='ocrx_word' id='word_1_766' title='bbox 1366 5366 1673 5412; x_wconf 89' lang='lat' dir='ltr'><strong>venturum.</strong></span> <span class='ocrx_word' id='word_1_767' title='bbox 1731 5357 1865 5413; x_wconf 90' lang='lat' dir='ltr'><strong>Illud</strong></span> 
     </span>
    </p>
   </div>
   <div class='ocr_carea' id='block_1_97' title="bbox 277 5442 1866 5519">
    <p class='ocr_par' dir='ltr' id='par_1_97' title="bbox 277 5442 1866 5519">
     <span class='ocr_line' id='line_1_97' title="bbox 277 5442 1866 5519; baseline 0.006 -23"><span class='ocrx_word' id='word_1_768' title='bbox 277 5442 426 5496; x_wconf 90' lang='lat' dir='ltr'><strong>enim</strong></span> <span class='ocrx_word' id='word_1_769' title='bbox 474 5443 815 5499; x_wconf 83' lang='lat' dir='ltr'><strong>desiderabat</strong></span> <span class='ocrx_word' id='word_1_770' title='bbox 861 5445 1063 5511; x_wconf 87' lang='lat' dir='ltr'><strong>venire,</strong></span> <span class='ocrx_word' id='word_1_771' title='bbox 1111 5444 1202 5500; x_wconf 91' lang='lat' dir='ltr'><strong>ubi</strong></span> <span class='ocrx_word' id='word_1_772' title='bbox 1248 5445 1347 5500; x_wconf 91' lang='lat' dir='ltr'><strong>iste</strong></span> <span class='ocrx_word' id='word_1_773' title='bbox 1395 5450 1656 5516; x_wconf 88' lang='lat' dir='ltr'><strong>superbus</strong></span> <span class='ocrx_word' id='word_1_774' title='bbox 1683 5458 1866 5519; x_wconf 90' lang='lat' dir='ltr'><strong>posset</strong></span> 
     </span>
    </p>
   </div>
   <div class='ocr_carea' id='block_1_98' title="bbox 277 5533 1868 5607">
    <p class='ocr_par' dir='ltr' id='par_1_98' title="bbox 277 5533 1868 5607">
     <span class='ocr_line' id='line_1_98' title="bbox 277 5533 1868 5607; baseline 0.006 -20"><span class='ocrx_word' id='word_1_775' title='bbox 277 5533 620 5589; x_wconf 86' lang='lat' dir='ltr'><strong>occumbere.</strong></span> <span class='ocrx_word' id='word_1_776' title='bbox 678 5534 760 5588; x_wconf 72' lang='lat' dir='ltr'><strong>Ne</strong></span> <span class='ocrx_word' id='word_1_777' title='bbox 783 5535 1094 5590; x_wconf 81' lang='lat' dir='ltr'><strong>obliviscaris</strong></span> <span class='ocrx_word' id='word_1_778' title='bbox 1124 5551 1405 5606; x_wconf 84' lang='lat' dir='ltr'><strong>pauperum</strong></span> <span class='ocrx_word' id='word_1_779' title='bbox 1431 5540 1484 5591; x_wconf 91' lang='lat' dir='ltr'><strong>in</strong></span> <span class='ocrx_word' id='word_1_780' title='bbox 1511 5540 1681 5607; x_wconf 78' lang='lat' dir='ltr'><strong>ﬁnem.</strong></span> <span class='ocrx_word' id='word_1_781' title='bbox 1726 5541 1868 5596; x_wconf 82' lang='lat' dir='ltr'><strong>Con-</strong></span> 
     </span>
    </p>
   </div>
   <div class='ocr_carea' id='block_1_99' title="bbox 282 5627 1870 5698">
    <p class='ocr_par' dir='ltr' id='par_1_99' title="bbox 282 5627 1870 5698">
     <span class='ocr_line' id='line_1_99' title="bbox 282 5627 1870 5698; baseline 0.005 -20"><span class='ocrx_word' id='word_1_782' title='bbox 282 5635 364 5680; x_wconf 85' lang='lat' dir='ltr'><strong>tra</strong></span> <span class='ocrx_word' id='word_1_783' title='bbox 392 5640 525 5695; x_wconf 91' lang='lat' dir='ltr'><strong>quos</strong></span> <span class='ocrx_word' id='word_1_784' title='bbox 558 5627 755 5695; x_wconf 88' lang='lat' dir='ltr'><strong>impius</strong></span> <span class='ocrx_word' id='word_1_785' title='bbox 783 5627 996 5681; x_wconf 85' lang='lat' dir='ltr'><strong>(licebat</strong></span> <span class='ocrx_word' id='word_1_786' title='bbox 1029 5644 1042 5679; x_wconf 89' lang='lat'><strong>:</strong></span> <span class='ocrx_word' id='word_1_787' title='bbox 1076 5628 1263 5681; x_wconf 83' lang='lat' dir='ltr'><strong>Avertit</strong></span> <span class='ocrx_word' id='word_1_788' title='bbox 1286 5630 1468 5698; x_wconf 81' lang='lat' dir='ltr'><strong>faciem</strong></span> <span class='ocrx_word' id='word_1_789' title='bbox 1497 5646 1664 5694; x_wconf 87' lang='lat' dir='ltr'><strong>suam,</strong></span> <span class='ocrx_word' id='word_1_790' title='bbox 1710 5648 1770 5685; x_wconf 80' lang='lat' dir='ltr'><strong>ne</strong></span> <span class='ocrx_word' id='word_1_791' title='bbox 1796 5633 1870 5686; x_wconf 86' lang='lat' dir='ltr'><strong>vi-</strong></span> 
     </span>
    </p>
   </div>
   <div class='ocr_carea' id='block_1_100' title="bbox 281 5719 1867 5791">
    <p class='ocr_par' dir='ltr' id='par_1_100' title="bbox 281 5719 1867 5791">
     <span class='ocr_line' id='line_1_100' title="bbox 281 5719 1867 5791; baseline 0.004 -20"><span class='ocrx_word' id='word_1_792' title='bbox 281 5719 401 5772; x_wconf 87' lang='lat' dir='ltr'><strong>deat</strong></span> <span class='ocrx_word' id='word_1_793' title='bbox 433 5736 589 5789; x_wconf 80' lang='lat' dir='ltr'><strong>asque</strong></span> <span class='ocrx_word' id='word_1_794' title='bbox 618 5721 671 5772; x_wconf 89' lang='lat' dir='ltr'><strong>in</strong></span> <span class='ocrx_word' id='word_1_795' title='bbox 696 5720 868 5788; x_wconf 78' lang='lat' dir='ltr'><strong>ﬁnem.</strong></span> <span class='ocrx_word' id='word_1_796' title='bbox 920 5719 1071 5774; x_wconf 86' lang='lat' dir='ltr'><strong>Nunc</strong></span> <span class='ocrx_word' id='word_1_797' title='bbox 1093 5730 1243 5791; x_wconf 82' lang='lat' dir='ltr'><strong>rogat</strong></span> <span class='ocrx_word' id='word_1_798' title='bbox 1273 5737 1341 5778; x_wconf 90' lang='lat' dir='ltr'><strong>ne</strong></span> <span class='ocrx_word' id='word_1_799' title='bbox 1363 5722 1656 5778; x_wconf 88' lang='lat' dir='ltr'><strong>secundum</strong></span> <span class='ocrx_word' id='word_1_800' title='bbox 1688 5734 1867 5778; x_wconf 86' lang='lat' dir='ltr'><strong>votum</strong></span> 
     </span>
    </p>
   </div>
   <div class='ocr_carea' id='block_1_101' title="bbox 279 5814 1866 5889">
    <p class='ocr_par' dir='ltr' id='par_1_101' title="bbox 279 5814 1866 5889">
     <span class='ocr_line' id='line_1_101' title="bbox 279 5814 1866 5889; baseline 0.006 -22"><span class='ocrx_word' id='word_1_801' title='bbox 279 5814 602 5868; x_wconf 79' lang='lat' dir='ltr'><strong>Anticbristi</strong></span> <span class='ocrx_word' id='word_1_802' title='bbox 627 5815 954 5868; x_wconf 84' lang='lat' dir='ltr'><strong>obliviscatur</strong></span> <span class='ocrx_word' id='word_1_803' title='bbox 978 5832 1258 5884; x_wconf 82' lang='lat' dir='ltr'><strong>pauperum</strong></span> <span class='ocrx_word' id='word_1_804' title='bbox 1283 5818 1336 5872; x_wconf 86' lang='lat' dir='ltr'><strong>in</strong></span> <span class='ocrx_word' id='word_1_805' title='bbox 1362 5819 1516 5888; x_wconf 82' lang='lat' dir='ltr'><strong>ﬁnem</strong></span> <span class='ocrx_word' id='word_1_806' title='bbox 1543 5818 1746 5889; x_wconf 66' lang='lat' dir='ltr'><strong>saeculi,</strong></span> <span class='ocrx_word' id='word_1_807' title='bbox 1779 5819 1866 5877; x_wconf 89' lang='lat' dir='ltr'><strong>ubi</strong></span> 
     </span>
    </p>
   </div>
   <div class='ocr_carea' id='block_1_102' title="bbox 282 5908 1243 6000">
    <p class='ocr_par' dir='ltr' id='par_1_102' title="bbox 282 5908 1243 6000">
     <span class='ocr_line' id='line_1_102' title="bbox 282 5908 1243 6000; baseline 0.005 -32"><span class='ocrx_word' id='word_1_808' title='bbox 282 5908 467 5972; x_wconf 76' lang='lat' dir='ltr'><strong>futura</strong></span> <span class='ocrx_word' id='word_1_809' title='bbox 487 5921 570 6000; x_wconf 78' lang='lat' dir='ltr'><strong>est</strong></span> <span class='ocrx_word' id='word_1_810' title='bbox 599 5911 883 5974; x_wconf 86' lang='lat' dir='ltr'><strong>retributio</strong></span> <span class='ocrx_word' id='word_1_811' title='bbox 907 5913 1243 5982; x_wconf 85' lang='lat' dir='ltr'><strong>meritorum.</strong></span> 
     </span>
    </p>
   </div>
   <div class='ocr_carea' id='block_1_103' title="bbox 1977 4801 3560 4874">
    <p class='ocr_par' dir='ltr' id='par_1_103' title="bbox 1977 4801 3560 4874">
     <span class='ocr_line' id='line_1_103' title="bbox 1977 4801 3560 4874; baseline 0.001 -17"><span class='ocrx_word' id='word_1_812' title='bbox 1977 4803 2157 4858; x_wconf 85' lang='lat' dir='ltr'><strong>alieni.</strong></span> <span class='ocrx_word' id='word_1_813' title='bbox 2189 4801 2296 4858; x_wconf 90' lang='lat' dir='ltr'><strong>Sed</strong></span> <span class='ocrx_word' id='word_1_814' title='bbox 2323 4802 2392 4856; x_wconf 89' lang='lat' dir='ltr'><strong>ab</strong></span> <span class='ocrx_word' id='word_1_815' title='bbox 2427 4801 2532 4857; x_wconf 90' lang='lat' dir='ltr'><strong>illis</strong></span> <span class='ocrx_word' id='word_1_816' title='bbox 2560 4803 2778 4874; x_wconf 89' lang='lat' dir='ltr'><strong>pupillis</strong></span> <span class='ocrx_word' id='word_1_817' title='bbox 2799 4803 2963 4859; x_wconf 90' lang='lat' dir='ltr'><strong>dividi</strong></span> <span class='ocrx_word' id='word_1_818' title='bbox 2992 4817 3102 4858; x_wconf 91' lang='lat' dir='ltr'><strong>non</strong></span> <span class='ocrx_word' id='word_1_819' title='bbox 3133 4809 3311 4872; x_wconf 85' lang='lat' dir='ltr'><strong>potest</strong></span> <span class='ocrx_word' id='word_1_820' title='bbox 3349 4802 3560 4873; x_wconf 80' lang='lat' dir='ltr'><strong>adjuto-</strong></span> 
     </span>
    </p>
   </div>
   <div class='ocr_carea' id='block_1_104' title="bbox 1976 4895 3561 4966">
    <p class='ocr_par' dir='ltr' id='par_1_104' title="bbox 1976 4895 3561 4966">
     <span class='ocr_line' id='line_1_104' title="bbox 1976 4895 3561 4966; baseline 0 -16"><span class='ocrx_word' id='word_1_821' title='bbox 1976 4895 2116 4950; x_wconf 89' lang='lat' dir='ltr'><strong>rium</strong></span> <span class='ocrx_word' id='word_1_822' title='bbox 2141 4895 2258 4961; x_wconf 92' lang='lat' dir='ltr'><strong>Dei,</strong></span> <span class='ocrx_word' id='word_1_823' title='bbox 2291 4909 2518 4966; x_wconf 91' lang='lat' dir='ltr'><strong>quorum</strong></span> <span class='ocrx_word' id='word_1_824' title='bbox 2543 4904 2696 4966; x_wconf 90' lang='lat' dir='ltr'><strong>pater</strong></span> <span class='ocrx_word' id='word_1_825' title='bbox 2739 4896 2987 4952; x_wconf 87' lang='lat' dir='ltr'><strong>diabolus</strong></span> <span class='ocrx_word' id='word_1_826' title='bbox 3025 4897 3077 4951; x_wconf 92' lang='lat' dir='ltr'><strong>in</strong></span> <span class='ocrx_word' id='word_1_827' title='bbox 3120 4897 3332 4953; x_wconf 87' lang='lat' dir='ltr'><strong>actione</strong></span> <span class='ocrx_word' id='word_1_828' title='bbox 3358 4897 3561 4953; x_wconf 84' lang='lat' dir='ltr'><strong>facino-</strong></span> 
     </span>
    </p>
   </div>
   <div class='ocr_carea' id='block_1_105' title="bbox 1975 4985 3562 5059">
    <p class='ocr_par' dir='ltr' id='par_1_105' title="bbox 1975 4985 3562 5059">
     <span class='ocr_line' id='line_1_105' title="bbox 1975 4985 3562 5059; baseline 0.001 -19"><span class='ocrx_word' id='word_1_829' title='bbox 1975 5001 2094 5041; x_wconf 88' lang='lat' dir='ltr'><strong>rum</strong></span> <span class='ocrx_word' id='word_1_830' title='bbox 2121 4986 2380 5057; x_wconf 90' lang='lat' dir='ltr'><strong>probatur</strong></span> <span class='ocrx_word' id='word_1_831' title='bbox 2407 4989 2726 5043; x_wconf 82' lang='lat' dir='ltr'><strong>exstinctus.</strong></span> <span class='ocrx_word' id='word_1_832' title='bbox 2758 4987 2824 5042; x_wconf 87' lang='lat' dir='ltr'><strong>Et</strong></span> <span class='ocrx_word' id='word_1_833' title='bbox 2853 4985 3073 5044; x_wconf 89' lang='lat' dir='ltr'><strong>intende</strong></span> <span class='ocrx_word' id='word_1_834' title='bbox 3096 4987 3238 5059; x_wconf 93' lang='lat' dir='ltr'><strong>quod</strong></span> <span class='ocrx_word' id='word_1_835' title='bbox 3264 4988 3393 5045; x_wconf 90' lang='lat' dir='ltr'><strong>dicit</strong></span> <span class='ocrx_word' id='word_1_836' title='bbox 3422 5006 3436 5042; x_wconf 86' lang='lat'><strong>:</strong></span> <span class='ocrx_word' id='word_1_837' title='bbox 3479 4987 3562 5042; x_wconf 86' lang='lat' dir='ltr'><strong>Tu</strong></span> 
     </span>
    </p>
   </div>
   <div class='ocr_carea' id='block_1_106' title="bbox 1975 5077 3562 5151">
    <p class='ocr_par' dir='ltr' id='par_1_106' title="bbox 1975 5077 3562 5151">
     <span class='ocr_line' id='line_1_106' title="bbox 1975 5077 3562 5151; baseline 0.003 -19"><span class='ocrx_word' id='word_1_838' title='bbox 1975 5079 2074 5133; x_wconf 87' lang='lat' dir='ltr'><strong>eris</strong></span> <span class='ocrx_word' id='word_1_839' title='bbox 2103 5078 2346 5151; x_wconf 85' lang='lat' dir='ltr'><strong>adjutor;</strong></span> <span class='ocrx_word' id='word_1_840' title='bbox 2380 5087 2436 5134; x_wconf 92' lang='lat' dir='ltr'><strong>ut</strong></span> <span class='ocrx_word' id='word_1_841' title='bbox 2455 5095 2578 5134; x_wconf 90' lang='lat' dir='ltr'><strong>cum</strong></span> <span class='ocrx_word' id='word_1_842' title='bbox 2607 5078 2896 5134; x_wconf 85' lang='lat' dir='ltr'><strong>carnaliter</strong></span> <span class='ocrx_word' id='word_1_843' title='bbox 2925 5077 3090 5150; x_wconf 81' lang='lat' dir='ltr'><strong>afﬂigi</strong></span> <span class='ocrx_word' id='word_1_844' title='bbox 3106 5079 3290 5138; x_wconf 85' lang='lat' dir='ltr'><strong>videas</strong></span> <span class='ocrx_word' id='word_1_845' title='bbox 3309 5095 3422 5150; x_wconf 88' lang='lat' dir='ltr'><strong>eos,</strong></span> <span class='ocrx_word' id='word_1_846' title='bbox 3453 5094 3562 5137; x_wconf 86' lang='lat' dir='ltr'><strong>non</strong></span> 
     </span>
    </p>
   </div>
   <div class='ocr_carea' id='block_1_107' title="bbox 1975 5171 2691 5229">
    <p class='ocr_par' dir='ltr' id='par_1_107' title="bbox 1975 5171 2691 5229">
     <span class='ocr_line' id='line_1_107' title="bbox 1975 5171 2691 5229; baseline -0.004 -1"><span class='ocrx_word' id='word_1_847' title='bbox 1975 5171 2185 5228; x_wconf 87' lang='lat' dir='ltr'><strong>dubites</strong></span> <span class='ocrx_word' id='word_1_848' title='bbox 2217 5187 2339 5229; x_wconf 84' lang='lat' dir='ltr'><strong>esse</strong></span> <span class='ocrx_word' id='word_1_849' title='bbox 2364 5171 2691 5227; x_wconf 90' lang='lat' dir='ltr'><strong>liberandos.</strong></span> 
     </span>
    </p>
   </div>
   <div class='ocr_carea' id='block_1_108' title="bbox 2046 5263 3562 5337">
    <p class='ocr_par' dir='ltr' id='par_1_108' title="bbox 2046 5263 3562 5337">
     <span class='ocr_line' id='line_1_108' title="bbox 2046 5263 3562 5337; baseline 0 -19"><span class='ocrx_word' id='word_1_850' title='bbox 2046 5265 2199 5320; x_wconf 80' lang='lat' dir='ltr'><strong>Vcrs.</strong></span> <span class='ocrx_word' id='word_1_851' title='bbox 2233 5265 2321 5319; x_wconf 78' lang='grc'><strong>57.</strong></span> <span class='ocrx_word' id='word_1_852' title='bbox 2363 5264 2577 5318; x_wconf 87' lang='lat' dir='ltr'><strong>Contere</strong></span> <span class='ocrx_word' id='word_1_853' title='bbox 2604 5263 2866 5318; x_wconf 85' lang='lat' dir='ltr'><strong>brachium</strong></span> <span class='ocrx_word' id='word_1_854' title='bbox 2908 5266 3186 5337; x_wconf 87' lang='lat' dir='ltr'><strong>peccatoris</strong></span> <span class='ocrx_word' id='word_1_855' title='bbox 3215 5274 3262 5321; x_wconf 88' lang='lat' dir='ltr'><strong>et</strong></span> <span class='ocrx_word' id='word_1_856' title='bbox 3301 5265 3562 5336; x_wconf 85' lang='lat' dir='ltr'><strong>maligni;</strong></span> 
     </span>
    </p>
   </div>
   <div class='ocr_carea' id='block_1_109' title="bbox 1976 5357 3559 5432">
    <p class='ocr_par' dir='ltr' id='par_1_109' title="bbox 1976 5357 3559 5432">
     <span class='ocr_line' id='line_1_109' title="bbox 1976 5357 3559 5432; baseline -0.001 -18"><span class='ocrx_word' id='word_1_857' title='bbox 1976 5360 2258 5428; x_wconf 87' lang='lat' dir='ltr'><strong>requiretur</strong></span> <span class='ocrx_word' id='word_1_858' title='bbox 2284 5357 2524 5411; x_wconf 87' lang='lat' dir='ltr'><strong>delictum</strong></span> <span class='ocrx_word' id='word_1_859' title='bbox 2553 5360 2684 5432; x_wconf 88' lang='lat' dir='ltr'><strong>ejus,</strong></span> <span class='ocrx_word' id='word_1_860' title='bbox 2733 5376 2823 5414; x_wconf 84' lang='lat' dir='ltr'><strong>nec</strong></span> <span class='ocrx_word' id='word_1_861' title='bbox 2852 5361 3155 5416; x_wconf 85' lang='lat' dir='ltr'><strong>invenietur.</strong></span> <span class='ocrx_word' id='word_1_862' title='bbox 3207 5361 3345 5416; x_wconf 82' lang='lat' dir='ltr'><strong>Ante</strong></span> <span class='ocrx_word' id='word_1_863' title='bbox 3371 5361 3559 5415; x_wconf 86' lang='lat' dir='ltr'><strong>oculos</strong></span> 
     </span>
    </p>
   </div>
   <div class='ocr_carea' id='block_1_110' title="bbox 1976 5450 3560 5524">
    <p class='ocr_par' dir='ltr' id='par_1_110' title="bbox 1976 5450 3560 5524">
     <span class='ocr_line' id='line_1_110' title="bbox 1976 5450 3560 5524; baseline 0.001 -17"><span class='ocrx_word' id='word_1_864' title='bbox 1976 5453 2253 5522; x_wconf 71' lang='lat' dir='ltr'><strong>prophetm</strong></span> <span class='ocrx_word' id='word_1_865' title='bbox 2282 5450 2595 5507; x_wconf 81' lang='lat' dir='ltr'><strong>Antichristi</strong></span> <span class='ocrx_word' id='word_1_866' title='bbox 2623 5453 2858 5524; x_wconf 89' lang='lat' dir='ltr'><strong>nequitia</strong></span> <span class='ocrx_word' id='word_1_867' title='bbox 2887 5453 3026 5510; x_wconf 83' lang='lat' dir='ltr'><strong>redit</strong></span> <span class='ocrx_word' id='word_1_868' title='bbox 3056 5473 3070 5520; x_wconf 93' lang='lat'><strong>;</strong></span> <span class='ocrx_word' id='word_1_869' title='bbox 3117 5463 3172 5509; x_wconf 92' lang='lat' dir='ltr'><strong>et</strong></span> <span class='ocrx_word' id='word_1_870' title='bbox 3212 5463 3364 5524; x_wconf 81' lang='lat' dir='ltr'><strong>rogat</strong></span> <span class='ocrx_word' id='word_1_871' title='bbox 3391 5465 3458 5507; x_wconf 91' lang='lat' dir='ltr'><strong>ne</strong></span> <span class='ocrx_word' id='word_1_872' title='bbox 3484 5451 3560 5508; x_wconf 91' lang='lat' dir='ltr'><strong>illi</strong></span> 
     </span>
    </p>
   </div>
   <div class='ocr_carea' id='block_1_111' title="bbox 1974 5544 3557 5616">
    <p class='ocr_par' dir='ltr' id='par_1_111' title="bbox 1974 5544 3557 5616">
     <span class='ocr_line' id='line_1_111' title="bbox 1974 5544 3557 5616; baseline -0.001 -18"><span class='ocrx_word' id='word_1_873' title='bbox 1974 5545 2220 5600; x_wconf 89' lang='lat' dir='ltr'><strong>bacchari</strong></span> <span class='ocrx_word' id='word_1_874' title='bbox 2242 5544 2439 5599; x_wconf 89' lang='lat' dir='ltr'><strong>diutius</strong></span> <span class='ocrx_word' id='word_1_875' title='bbox 2463 5544 2619 5600; x_wconf 91' lang='lat' dir='ltr'><strong>liceat</strong></span> <span class='ocrx_word' id='word_1_876' title='bbox 2640 5547 2692 5601; x_wconf 93' lang='lat' dir='ltr'><strong>in</strong></span> <span class='ocrx_word' id='word_1_877' title='bbox 2717 5547 2975 5616; x_wconf 84' lang='lat' dir='ltr'><strong>sanguine</strong></span> <span class='ocrx_word' id='word_1_878' title='bbox 3000 5547 3296 5602; x_wconf 88' lang='lat' dir='ltr'><strong>beatorum.</strong></span> <span class='ocrx_word' id='word_1_879' title='bbox 3323 5545 3557 5611; x_wconf 84' lang='lat' dir='ltr'><strong>Contere,</strong></span> 
     </span>
    </p>
   </div>
   <div class='ocr_carea' id='block_1_112' title="bbox 1973 5639 3560 5711">
    <p class='ocr_par' dir='ltr' id='par_1_112' title="bbox 1973 5639 3560 5711">
     <span class='ocr_line' id='line_1_112' title="bbox 1973 5639 3560 5711; baseline -0.003 -19"><span class='ocrx_word' id='word_1_880' title='bbox 1973 5640 2026 5694; x_wconf 92' lang='lat' dir='ltr'><strong>id</strong></span> <span class='ocrx_word' id='word_1_881' title='bbox 2053 5641 2225 5694; x_wconf 89' lang='lat' dir='ltr'><strong>estad</strong></span> <span class='ocrx_word' id='word_1_882' title='bbox 2258 5639 2480 5693; x_wconf 83' lang='lat' dir='ltr'><strong>nihilum</strong></span> <span class='ocrx_word' id='word_1_883' title='bbox 2510 5641 2715 5711; x_wconf 79' lang='lat' dir='ltr'><strong>redige.</strong></span> <span class='ocrx_word' id='word_1_884' title='bbox 2763 5639 3040 5694; x_wconf 82' lang='lat' dir='ltr'><strong>Brachium</strong></span> <span class='ocrx_word' id='word_1_885' title='bbox 3070 5640 3186 5708; x_wconf 88' lang='lat' dir='ltr'><strong>ejus</strong></span> <span class='ocrx_word' id='word_1_886' title='bbox 3214 5639 3344 5693; x_wconf 91' lang='lat' dir='ltr'><strong>dicit</strong></span> <span class='ocrx_word' id='word_1_887' title='bbox 3375 5644 3560 5705; x_wconf 85' lang='lat' dir='ltr'><strong>poten-</strong></span> 
     </span>
    </p>
   </div>
   <div class='ocr_carea' id='block_1_113' title="bbox 1975 5723 3562 5800">
    <p class='ocr_par' dir='ltr' id='par_1_113' title="bbox 1975 5723 3562 5800">
     <span class='ocr_line' id='line_1_113' title="bbox 1975 5723 3562 5800; baseline -0.004 -14"><span class='ocrx_word' id='word_1_888' title='bbox 1975 5732 2101 5786; x_wconf 91' lang='lat' dir='ltr'><strong>tiam</strong></span> <span class='ocrx_word' id='word_1_889' title='bbox 2130 5746 2229 5800; x_wconf 90' lang='lat' dir='ltr'><strong>qua</strong></span> <span class='ocrx_word' id='word_1_890' title='bbox 2262 5740 2576 5800; x_wconf 88' lang='lat' dir='ltr'><strong>peccatores</strong></span> <span class='ocrx_word' id='word_1_891' title='bbox 2607 5731 2749 5787; x_wconf 87' lang='lat' dir='ltr'><strong>male</strong></span> <span class='ocrx_word' id='word_1_892' title='bbox 2779 5730 3102 5786; x_wconf 86' lang='lat' dir='ltr'><strong>utebantur:</strong></span> <span class='ocrx_word' id='word_1_893' title='bbox 3133 5730 3256 5797; x_wconf 90' lang='lat' dir='ltr'><strong>quia</strong></span> <span class='ocrx_word' id='word_1_894' title='bbox 3282 5723 3562 5790; x_wconf 80' lang='lat' dir='ltr'><strong>insigniter</strong></span> 
     </span>
    </p>
   </div>
   <div class='ocr_carea' id='block_1_114' title="bbox 1975 5813 3564 5896">
    <p class='ocr_par' dir='ltr' id='par_1_114' title="bbox 1975 5813 3564 5896">
     <span class='ocr_line' id='line_1_114' title="bbox 1975 5813 3564 5896; baseline -0.006 -14"><span class='ocrx_word' id='word_1_895' title='bbox 1975 5827 2143 5896; x_wconf 88' lang='lat' dir='ltr'><strong>impia</strong></span> <span class='ocrx_word' id='word_1_896' title='bbox 2201 5825 2474 5893; x_wconf 78' lang='lat' dir='ltr'><strong>faciebat;</strong></span> <span class='ocrx_word' id='word_1_897' title='bbox 2527 5834 2582 5881; x_wconf 91' lang='lat' dir='ltr'><strong>et</strong></span> <span class='ocrx_word' id='word_1_898' title='bbox 2630 5826 2735 5880; x_wconf 91' lang='lat' dir='ltr'><strong>hoc</strong></span> <span class='ocrx_word' id='word_1_899' title='bbox 2778 5839 2974 5879; x_wconf 86' lang='lat' dir='ltr'><strong>nomen</strong></span> <span class='ocrx_word' id='word_1_900' title='bbox 3017 5822 3085 5874; x_wconf 85' lang='lat' dir='ltr'><strong>ab</strong></span> <span class='ocrx_word' id='word_1_901' title='bbox 3113 5835 3178 5876; x_wconf 90' lang='lat' dir='ltr'><strong>eo</strong></span> <span class='ocrx_word' id='word_1_902' title='bbox 3220 5813 3564 5885; x_wconf 80' lang='lat' dir='ltr'><strong>singulariter</strong></span> 
     </span>
    </p>
   </div>
   <div class='ocr_carea' id='block_1_115' title="bbox 1981 5899 3576 5999">
    <p class='ocr_par' dir='ltr' id='par_1_115' title="bbox 1981 5899 3576 5999">
     <span class='ocr_line' id='line_1_115' title="bbox 1981 5899 3576 5999; baseline -0.006 -22"><span class='ocrx_word' id='word_1_903' title='bbox 1981 5919 2199 5991; x_wconf 86' lang='lat' dir='ltr'><strong>meruit,</strong></span> <span class='ocrx_word' id='word_1_904' title='bbox 2232 5919 2485 5992; x_wconf 88' lang='lat' dir='ltr'><strong>quoniam</strong></span> <span class='ocrx_word' id='word_1_905' title='bbox 2515 5920 2571 5978; x_wconf 84' lang='lat' dir='ltr'><strong>in</strong></span> <span class='ocrx_word' id='word_1_906' title='bbox 2599 5916 2895 5980; x_wconf 80' lang='lat' dir='ltr'><strong>sceleribus</strong></span> <span class='ocrx_word' id='word_1_907' title='bbox 2918 5912 3148 5971; x_wconf 84' lang='lat' dir='ltr'><strong>similem</strong></span> <span class='ocrx_word' id='word_1_908' title='bbox 3178 5922 3284 5968; x_wconf 88' lang='lat' dir='ltr'><strong>non</strong></span> <span class='ocrx_word' id='word_1_909' title='bbox 3316 5899 3576 5999; x_wconf 44' lang='lat' dir='ltr'><strong>habebit‘.</strong></span> 
     </span>
    </p>
   </div>
  </div>
