  <div class='ocr_page' id='page_1' title='image "/cluster/home/n/w/nwhite01/storage/ocr_20150623/70/hvd.32044015469356/051.png"; bbox 0 0 4016 6344; ppageno 0'>
   <div class='ocr_carea' id='block_1_1' title="bbox 522 444 3772 519">
    <p class='ocr_par' dir='ltr' id='par_1_1' title="bbox 522 444 3772 519">
     <span class='ocr_line' id='line_1_1' title="bbox 522 444 3772 519; baseline -0.006 0"><span class='ocrx_word' id='word_1_1' title='bbox 522 462 585 519; x_wconf 79' lang='grc'><strong>91</strong></span> <span class='ocrx_word' id='word_1_2' title='bbox 1740 453 1815 512; x_wconf 74' lang='grc' dir='ltr'><strong>Μ.</strong></span> <span class='ocrx_word' id='word_1_3' title='bbox 1855 450 2132 511; x_wconf 75' lang='lat' dir='ltr'><strong>AUBELII</strong></span> <span class='ocrx_word' id='word_1_4' title='bbox 2166 448 2567 509; x_wconf 83' lang='lat' dir='ltr'><strong>CASSIODORI</strong></span> <span class='ocrx_word' id='word_1_5' title='bbox 2898 456 2899 459; x_wconf 68' lang='lat'>‘</span> <span class='ocrx_word' id='word_1_6' title='bbox 3700 444 3772 501; x_wconf 72' lang='lat'><strong>92</strong></span> 
     </span>
    </p>
   </div>
   <div class='ocr_carea' id='block_1_2' title="bbox 524 561 3771 647">
    <p class='ocr_par' dir='ltr' id='par_1_2' title="bbox 524 561 3771 647">
     <span class='ocr_line' id='line_1_2' title="bbox 524 561 3771 647; baseline -0.003 -18"><span class='ocrx_word' id='word_1_7' title='bbox 524 574 806 647; x_wconf 74' lang='lat' dir='ltr'><strong>Hatignus,</strong></span> <span class='ocrx_word' id='word_1_8' title='bbox 838 575 965 645; x_wconf 85' lang='lat' dir='ltr'><strong>quia</strong></span> <span class='ocrx_word' id='word_1_9' title='bbox 992 573 1206 646; x_wconf 83' lang='lat' dir='ltr'><strong>iniquus</strong></span> <span class='ocrx_word' id='word_1_10' title='bbox 1232 572 1508 628; x_wconf 81' lang='lat' dir='ltr'><strong>dissuasor</strong></span> <span class='ocrx_word' id='word_1_11' title='bbox 1543 568 1684 635; x_wconf 88' lang='lat' dir='ltr'><strong>erit;</strong></span> <span class='ocrx_word' id='word_1_12' title='bbox 1724 576 1782 624; x_wconf 94' lang='lat' dir='ltr'><strong>ut</strong></span> <span class='ocrx_word' id='word_1_13' title='bbox 1821 581 1955 635; x_wconf 87' lang='lat' dir='ltr'><strong>quos</strong></span> <span class='ocrx_word' id='word_1_14' title='bbox 1991 574 2097 622; x_wconf 83' lang='lat' dir='ltr'><strong>ter—</strong></span> <span class='ocrx_word' id='word_1_15' title='bbox 2126 570 2178 630; x_wconf 81' lang='grc' dir='ltr'><strong>Α</strong></span> <span class='ocrx_word' id='word_1_16' title='bbox 2202 574 2287 621; x_wconf 91' lang='lat' dir='ltr'><strong>cta</strong></span> <span class='ocrx_word' id='word_1_17' title='bbox 2328 566 2548 629; x_wconf 83' lang='lat' dir='ltr'><strong>lumina,</strong></span> <span class='ocrx_word' id='word_1_18' title='bbox 2596 563 2822 633; x_wconf 79' lang='lat' dir='ltr'><strong>plurima</strong></span> <span class='ocrx_word' id='word_1_19' title='bbox 2844 571 2899 619; x_wconf 92' lang='lat' dir='ltr'><strong>et</strong></span> <span class='ocrx_word' id='word_1_20' title='bbox 2916 562 3182 619; x_wconf 81' lang='lat' dir='ltr'><strong>luculenta</strong></span> <span class='ocrx_word' id='word_1_21' title='bbox 3200 561 3451 620; x_wconf 80' lang='lat' dir='ltr'><strong>dixerunt</strong></span> <span class='ocrx_word' id='word_1_22' title='bbox 3478 577 3496 619; x_wconf 74' lang='grc' dir='ltr'><em>ε</em></span> <span class='ocrx_word' id='word_1_23' title='bbox 3524 561 3771 634; x_wconf 79' lang='lat' dir='ltr'><strong>judican-</strong></span> 
     </span>
    </p>
   </div>
   <div class='ocr_carea' id='block_1_3' title="bbox 526 662 2097 736">
    <p class='ocr_par' dir='ltr' id='par_1_3' title="bbox 526 662 2097 736">
     <span class='ocr_line' id='line_1_3' title="bbox 526 662 2097 736; baseline -0.006 -15"><span class='ocrx_word' id='word_1_24' title='bbox 526 680 651 721; x_wconf 87' lang='lat' dir='ltr'><strong>rore</strong></span> <span class='ocrx_word' id='word_1_25' title='bbox 677 680 784 720; x_wconf 92' lang='lat' dir='ltr'><strong>non</strong></span> <span class='ocrx_word' id='word_1_26' title='bbox 811 673 988 735; x_wconf 88' lang='lat' dir='ltr'><strong>potest</strong></span> <span class='ocrx_word' id='word_1_27' title='bbox 1016 673 1344 736; x_wconf 73' lang='lat' dir='ltr'><strong>pervertere,</strong></span> <span class='ocrx_word' id='word_1_28' title='bbox 1390 662 1581 717; x_wconf 89' lang='lat' dir='ltr'><strong>saltem</strong></span> <span class='ocrx_word' id='word_1_29' title='bbox 1609 668 1833 715; x_wconf 89' lang='lat' dir='ltr'><strong>conetur</strong></span> <span class='ocrx_word' id='word_1_30' title='bbox 1872 673 1971 729; x_wconf 87' lang='lat' dir='ltr'><strong>per</strong></span> <span class='ocrx_word' id='word_1_31' title='bbox 1998 671 2097 712; x_wconf 92' lang='lat' dir='ltr'><strong>no-</strong></span> 
     </span>
    </p>
   </div>
   <div class='ocr_carea' id='block_1_4' title="bbox 525 747 2098 826">
    <p class='ocr_par' dir='ltr' id='par_1_4' title="bbox 525 747 2098 826">
     <span class='ocr_line' id='line_1_4' title="bbox 525 747 2098 826; baseline -0.006 -16"><span class='ocrx_word' id='word_1_32' title='bbox 525 756 613 810; x_wconf 83' lang='lat' dir='ltr'><strong>xia</strong></span> <span class='ocrx_word' id='word_1_33' title='bbox 653 757 875 826; x_wconf 86' lang='lat' dir='ltr'><strong>praemia</strong></span> <span class='ocrx_word' id='word_1_34' title='bbox 917 755 1203 812; x_wconf 84' lang='lat' dir='ltr'><strong>declinare.</strong></span> <span class='ocrx_word' id='word_1_35' title='bbox 1258 750 1511 807; x_wconf 74' lang='lat' dir='ltr'><strong>Delicium</strong></span> <span class='ocrx_word' id='word_1_36' title='bbox 1550 759 1724 804; x_wconf 86' lang='lat' dir='ltr'><strong>autem</strong></span> <span class='ocrx_word' id='word_1_37' title='bbox 1773 750 1904 820; x_wconf 84' lang='lat' dir='ltr'><strong>ejus,</strong></span> <span class='ocrx_word' id='word_1_38' title='bbox 1967 747 2098 803; x_wconf 86' lang='lat' dir='ltr'><strong>dicit</strong></span> 
     </span>
    </p>
   </div>
   <div class='ocr_carea' id='block_1_5' title="bbox 529 840 2097 919">
    <p class='ocr_par' dir='ltr' id='par_1_5' title="bbox 529 840 2097 919">
     <span class='ocr_line' id='line_1_5' title="bbox 529 840 2097 919; baseline -0.01 -13"><span class='ocrx_word' id='word_1_39' title='bbox 529 852 812 905; x_wconf 87' lang='lat' dir='ltr'><strong>commissa</strong></span> <span class='ocrx_word' id='word_1_40' title='bbox 857 862 1173 919; x_wconf 82' lang='lat' dir='ltr'><strong>perperam;</strong></span> <span class='ocrx_word' id='word_1_41' title='bbox 1232 846 1374 916; x_wconf 90' lang='lat' dir='ltr'><strong>quod</strong></span> <span class='ocrx_word' id='word_1_42' title='bbox 1414 845 1538 899; x_wconf 88' lang='lat' dir='ltr'><strong>licet</strong></span> <span class='ocrx_word' id='word_1_43' title='bbox 1578 840 1919 910; x_wconf 78' lang='lat' dir='ltr'><strong>singulariter</strong></span> <span class='ocrx_word' id='word_1_44' title='bbox 1969 855 2097 909; x_wconf 88' lang='lat' dir='ltr'><strong>pro-</strong></span> 
     </span>
    </p>
   </div>
   <div class='ocr_carea' id='block_1_6' title="bbox 533 931 2099 1005">
    <p class='ocr_par' dir='ltr' id='par_1_6' title="bbox 533 931 2099 1005">
     <span class='ocr_line' id='line_1_6' title="bbox 533 931 2099 1005; baseline -0.007 -8"><span class='ocrx_word' id='word_1_45' title='bbox 533 942 833 997; x_wconf 89' lang='lat' dir='ltr'><strong>nuntiatum</strong></span> <span class='ocrx_word' id='word_1_46' title='bbox 863 941 950 1005; x_wconf 88' lang='lat' dir='ltr'><strong>sit,</strong></span> <span class='ocrx_word' id='word_1_47' title='bbox 994 937 1402 995; x_wconf 70' lang='lat' dir='ltr'><strong>innumerabilia</strong></span> <span class='ocrx_word' id='word_1_48' title='bbox 1445 945 1621 989; x_wconf 89' lang='lat' dir='ltr'><strong>tamen</strong></span> <span class='ocrx_word' id='word_1_49' title='bbox 1649 933 1768 1002; x_wconf 86' lang='lat' dir='ltr'><strong>ejus</strong></span> <span class='ocrx_word' id='word_1_50' title='bbox 1813 931 2099 987; x_wconf 80' lang='lat' dir='ltr'><strong>exstabunt</strong></span> 
     </span>
    </p>
   </div>
   <div class='ocr_carea' id='block_1_7' title="bbox 531 1022 2099 1100">
    <p class='ocr_par' dir='ltr' id='par_1_7' title="bbox 531 1022 2099 1100">
     <span class='ocr_line' id='line_1_7' title="bbox 531 1022 2099 1100; baseline -0.006 -13"><span class='ocrx_word' id='word_1_51' title='bbox 531 1034 648 1087; x_wconf 85' lang='lat' dir='ltr'><strong>sine</strong></span> <span class='ocrx_word' id='word_1_52' title='bbox 702 1032 1037 1087; x_wconf 87' lang='lat' dir='ltr'><strong>dubitatione</strong></span> <span class='ocrx_word' id='word_1_53' title='bbox 1087 1038 1328 1100; x_wconf 88' lang='lat' dir='ltr'><strong>peccata.</strong></span> <span class='ocrx_word' id='word_1_54' title='bbox 1401 1026 1592 1082; x_wconf 86' lang='lat' dir='ltr'><strong>Omnia</strong></span> <span class='ocrx_word' id='word_1_55' title='bbox 1649 1025 1911 1093; x_wconf 85' lang='lat' dir='ltr'><strong>siquidem</strong></span> <span class='ocrx_word' id='word_1_56' title='bbox 1960 1022 2099 1077; x_wconf 87' lang='lat' dir='ltr'><strong>facta</strong></span> 
     </span>
    </p>
   </div>
   <div class='ocr_carea' id='block_1_8' title="bbox 534 1115 2100 1193">
    <p class='ocr_par' dir='ltr' id='par_1_8' title="bbox 534 1115 2100 1193">
     <span class='ocr_line' id='line_1_8' title="bbox 534 1115 2100 1193; baseline -0.006 -14"><span class='ocrx_word' id='word_1_57' title='bbox 534 1124 700 1193; x_wconf 85' lang='lat' dir='ltr'><strong>ipsius</strong></span> <span class='ocrx_word' id='word_1_58' title='bbox 752 1138 815 1179; x_wconf 83' lang='lat' dir='ltr'><strong>ac</strong></span> <span class='ocrx_word' id='word_1_59' title='bbox 853 1123 995 1178; x_wconf 86' lang='lat' dir='ltr'><strong>dicta</strong></span> <span class='ocrx_word' id='word_1_60' title='bbox 1032 1128 1247 1191; x_wconf 88' lang='lat' dir='ltr'><strong>peccata</strong></span> <span class='ocrx_word' id='word_1_61' title='bbox 1292 1129 1448 1188; x_wconf 89' lang='lat' dir='ltr'><strong>sunt,</strong></span> <span class='ocrx_word' id='word_1_62' title='bbox 1503 1118 1654 1187; x_wconf 83' lang='lat' dir='ltr'><strong>cujus</strong></span> <span class='ocrx_word' id='word_1_63' title='bbox 1701 1116 1952 1172; x_wconf 86' lang='lat' dir='ltr'><strong>universa</strong></span> <span class='ocrx_word' id='word_1_64' title='bbox 1987 1115 2100 1169; x_wconf 85' lang='lat' dir='ltr'><strong>vita</strong></span> 
     </span>
    </p>
   </div>
   <div class='ocr_carea' id='block_1_9' title="bbox 532 1208 2101 1279">
    <p class='ocr_par' dir='ltr' id='par_1_9' title="bbox 532 1208 2101 1279">
     <span class='ocr_line' id='line_1_9' title="bbox 532 1208 2101 1279; baseline -0.004 -10"><span class='ocrx_word' id='word_1_65' title='bbox 532 1215 782 1271; x_wconf 87' lang='lat' dir='ltr'><strong>delictum</strong></span> <span class='ocrx_word' id='word_1_66' title='bbox 802 1222 1043 1270; x_wconf 84' lang='lat' dir='ltr'><strong>vocatur.</strong></span> <span class='ocrx_word' id='word_1_67' title='bbox 1075 1214 1255 1278; x_wconf 81' lang='lat' dir='ltr'><strong>Addit,</strong></span> <span class='ocrx_word' id='word_1_68' title='bbox 1294 1229 1384 1267; x_wconf 85' lang='lat' dir='ltr'><strong>nec</strong></span> <span class='ocrx_word' id='word_1_69' title='bbox 1403 1212 1701 1279; x_wconf 79' lang='lat' dir='ltr'><strong>invenietur,</strong></span> <span class='ocrx_word' id='word_1_70' title='bbox 1733 1209 1854 1279; x_wconf 84' lang='lat' dir='ltr'><strong>quia</strong></span> <span class='ocrx_word' id='word_1_71' title='bbox 1878 1208 2101 1263; x_wconf 87' lang='lat' dir='ltr'><strong>dubium</strong></span> 
     </span>
    </p>
   </div>
   <div class='ocr_carea' id='block_1_10' title="bbox 534 1300 2102 1375">
    <p class='ocr_par' dir='ltr' id='par_1_10' title="bbox 534 1300 2102 1375">
     <span class='ocr_line' id='line_1_10' title="bbox 534 1300 2102 1375; baseline -0.004 -16"><span class='ocrx_word' id='word_1_72' title='bbox 534 1319 640 1360; x_wconf 90' lang='lat' dir='ltr'><strong>non</strong></span> <span class='ocrx_word' id='word_1_73' title='bbox 672 1314 753 1360; x_wconf 88' lang='lat' dir='ltr'><strong>est</strong></span> <span class='ocrx_word' id='word_1_74' title='bbox 781 1306 961 1375; x_wconf 89' lang='lat' dir='ltr'><strong>perire</strong></span> <span class='ocrx_word' id='word_1_75' title='bbox 982 1305 1261 1359; x_wconf 88' lang='lat' dir='ltr'><strong>scelestam</strong></span> <span class='ocrx_word' id='word_1_76' title='bbox 1291 1311 1629 1373; x_wconf 87' lang='lat' dir='ltr'><strong>potestatem,</strong></span> <span class='ocrx_word' id='word_1_77' title='bbox 1656 1300 1812 1370; x_wconf 85' lang='lat' dir='ltr'><strong>cujus</strong></span> <span class='ocrx_word' id='word_1_78' title='bbox 1841 1300 2102 1355; x_wconf 61' lang='lat' dir='ltr'><strong>damnanc</strong></span> 
     </span>
    </p>
   </div>
   <div class='ocr_carea' id='block_1_11' title="bbox 544 1397 1227 1451">
    <p class='ocr_par' dir='ltr' id='par_1_11' title="bbox 544 1397 1227 1451">
     <span class='ocr_line' id='line_1_11' title="bbox 544 1397 1227 1451; baseline -0.003 0"><span class='ocrx_word' id='word_1_79' title='bbox 544 1397 670 1451; x_wconf 89' lang='lat' dir='ltr'><strong>dum</strong></span> <span class='ocrx_word' id='word_1_80' title='bbox 700 1403 912 1449; x_wconf 89' lang='lat' dir='ltr'><strong>constat</strong></span> <span class='ocrx_word' id='word_1_81' title='bbox 933 1406 1227 1449; x_wconf 82' lang='lat' dir='ltr'><strong>auctorem.</strong></span> 
     </span>
    </p>
   </div>
   <div class='ocr_carea' id='block_1_12' title="bbox 602 1484 2104 1556">
    <p class='ocr_par' dir='ltr' id='par_1_12' title="bbox 602 1484 2104 1556">
     <span class='ocr_line' id='line_1_12' title="bbox 602 1484 2104 1556; baseline -0.005 -15"><span class='ocrx_word' id='word_1_82' title='bbox 602 1486 859 1541; x_wconf 77' lang='lat' dir='ltr'><strong>Vers.58.</strong></span> <span class='ocrx_word' id='word_1_83' title='bbox 892 1486 1145 1556; x_wconf 79' lang='lat' dir='ltr'><strong>Regnabit</strong></span> <span class='ocrx_word' id='word_1_84' title='bbox 1168 1485 1418 1539; x_wconf 77' lang='lat' dir='ltr'><strong>Dominus</strong></span> <span class='ocrx_word' id='word_1_85' title='bbox 1439 1485 1492 1538; x_wconf 88' lang='lat' dir='ltr'><strong>in</strong></span> <span class='ocrx_word' id='word_1_86' title='bbox 1516 1492 1765 1539; x_wconf 63' lang='lat' dir='ltr'><strong>internum</strong></span> <span class='ocrx_word' id='word_1_87' title='bbox 1786 1492 1835 1537; x_wconf 86' lang='lat' dir='ltr'><strong>et</strong></span> <span class='ocrx_word' id='word_1_88' title='bbox 1862 1484 1914 1536; x_wconf 89' lang='lat' dir='ltr'><strong>in</strong></span> <span class='ocrx_word' id='word_1_89' title='bbox 1942 1497 2104 1536; x_wconf 72' lang='lat' dir='ltr'><strong>strau-</strong></span> 
     </span>
    </p>
   </div>
   <div class='ocr_carea' id='block_1_13' title="bbox 537 1575 2101 1647">
    <p class='ocr_par' dir='ltr' id='par_1_13' title="bbox 537 1575 2101 1647">
     <span class='ocr_line' id='line_1_13' title="bbox 537 1575 2101 1647; baseline -0.003 -14"><span class='ocrx_word' id='word_1_90' title='bbox 537 1576 644 1633; x_wconf 85' lang='lat' dir='ltr'><strong>lum</strong></span> <span class='ocrx_word' id='word_1_91' title='bbox 669 1575 844 1631; x_wconf 67' lang='lat' dir='ltr'><strong>saeculi</strong></span> <span class='ocrx_word' id='word_1_92' title='bbox 867 1593 886 1630; x_wconf 85' lang='lat'><strong><em>:</em></strong></span> <span class='ocrx_word' id='word_1_93' title='bbox 914 1577 1155 1644; x_wconf 85' lang='lat' dir='ltr'><strong>peribitis,</strong></span> <span class='ocrx_word' id='word_1_94' title='bbox 1184 1586 1374 1647; x_wconf 79' lang='lat' dir='ltr'><strong>gentes,</strong></span> <span class='ocrx_word' id='word_1_95' title='bbox 1402 1576 1463 1629; x_wconf 86' lang='lat' dir='ltr'><strong>de</strong></span> <span class='ocrx_word' id='word_1_96' title='bbox 1486 1585 1620 1629; x_wconf 84' lang='lat' dir='ltr'><strong>terra</strong></span> <span class='ocrx_word' id='word_1_97' title='bbox 1644 1575 1806 1628; x_wconf 79' lang='lat' dir='ltr'><strong>illius.</strong></span> <span class='ocrx_word' id='word_1_98' title='bbox 1832 1575 2101 1630; x_wconf 80' lang='lat' dir='ltr'><strong>Exstincta</strong></span> 
     </span>
    </p>
   </div>
   <div class='ocr_carea' id='block_1_14' title="bbox 537 1664 2099 1738">
    <p class='ocr_par' dir='ltr' id='par_1_14' title="bbox 537 1664 2099 1738">
     <span class='ocr_line' id='line_1_14' title="bbox 537 1664 2099 1738; baseline -0.001 -15"><span class='ocrx_word' id='word_1_99' title='bbox 537 1668 692 1723; x_wconf 88' lang='lat' dir='ltr'><strong>clade</strong></span> <span class='ocrx_word' id='word_1_100' title='bbox 713 1668 966 1738; x_wconf 78' lang='lat' dir='ltr'><strong>generali,</strong></span> <span class='ocrx_word' id='word_1_101' title='bbox 1010 1668 1077 1722; x_wconf 88' lang='lat' dir='ltr'><strong>ad</strong></span> <span class='ocrx_word' id='word_1_102' title='bbox 1100 1666 1399 1722; x_wconf 82' lang='lat' dir='ltr'><strong>futurarum</strong></span> <span class='ocrx_word' id='word_1_103' title='bbox 1427 1683 1606 1722; x_wconf 88' lang='lat' dir='ltr'><strong>rerum</strong></span> <span class='ocrx_word' id='word_1_104' title='bbox 1651 1666 1895 1723; x_wconf 88' lang='lat' dir='ltr'><strong>ordinem</strong></span> <span class='ocrx_word' id='word_1_105' title='bbox 1922 1664 2099 1721; x_wconf 82' lang='lat' dir='ltr'><strong>venit:</strong></span> 
     </span>
    </p>
   </div>
   <div class='ocr_carea' id='block_1_15' title="bbox 533 1759 2105 1832">
    <p class='ocr_par' dir='ltr' id='par_1_15' title="bbox 533 1759 2105 1832">
     <span class='ocr_line' id='line_1_15' title="bbox 533 1759 2105 1832; baseline -0.001 -16"><span class='ocrx_word' id='word_1_106' title='bbox 533 1759 783 1831; x_wconf 86' lang='lat' dir='ltr'><strong>quoniam</strong></span> <span class='ocrx_word' id='word_1_107' title='bbox 806 1760 1086 1816; x_wconf 88' lang='lat' dir='ltr'><strong>interfecto</strong></span> <span class='ocrx_word' id='word_1_108' title='bbox 1100 1761 1448 1828; x_wconf 87' lang='lat' dir='ltr'><strong>Antichristo,</strong></span> <span class='ocrx_word' id='word_1_109' title='bbox 1469 1762 1680 1816; x_wconf 89' lang='lat' dir='ltr'><strong>Domini</strong></span> <span class='ocrx_word' id='word_1_110' title='bbox 1702 1777 1922 1832; x_wconf 86' lang='lat' dir='ltr'><strong>regnum</strong></span> <span class='ocrx_word' id='word_1_111' title='bbox 1948 1769 2105 1815; x_wconf 74' lang='lat' dir='ltr'><strong>aeter-</strong></span> 
     </span>
    </p>
   </div>
   <div class='ocr_carea' id='block_1_16' title="bbox 538 1852 2106 1923">
    <p class='ocr_par' dir='ltr' id='par_1_16' title="bbox 538 1852 2106 1923">
     <span class='ocr_line' id='line_1_16' title="bbox 538 1852 2106 1923; baseline 0.001 -16"><span class='ocrx_word' id='word_1_112' title='bbox 538 1868 688 1918; x_wconf 88' lang='lat' dir='ltr'><strong>num,</strong></span> <span class='ocrx_word' id='word_1_113' title='bbox 729 1854 897 1922; x_wconf 90' lang='lat' dir='ltr'><strong>pium,</strong></span> <span class='ocrx_word' id='word_1_114' title='bbox 930 1852 1341 1923; x_wconf 87' lang='lat' dir='ltr'><strong>muniﬁcumque</strong></span> <span class='ocrx_word' id='word_1_115' title='bbox 1381 1863 1663 1910; x_wconf 87' lang='lat' dir='ltr'><strong>venturum</strong></span> <span class='ocrx_word' id='word_1_116' title='bbox 1693 1862 1795 1910; x_wconf 89' lang='lat' dir='ltr'><strong>est.</strong></span> <span class='ocrx_word' id='word_1_117' title='bbox 1841 1852 2106 1908; x_wconf 87' lang='lat' dir='ltr'><strong>Permitti-</strong></span> 
     </span>
    </p>
   </div>
   <div class='ocr_carea' id='block_1_17' title="bbox 2201 655 3770 726">
    <p class='ocr_par' dir='ltr' id='par_1_17' title="bbox 2201 655 3770 726">
     <span class='ocr_line' id='line_1_17' title="bbox 2201 655 3770 726; baseline -0.001 -13"><span class='ocrx_word' id='word_1_118' title='bbox 2201 667 2279 713; x_wconf 92' lang='lat' dir='ltr'><strong>tes</strong></span> <span class='ocrx_word' id='word_1_119' title='bbox 2325 672 2445 713; x_wconf 90' lang='lat' dir='ltr'><strong>esse</strong></span> <span class='ocrx_word' id='word_1_120' title='bbox 2476 655 2761 721; x_wconf 71' lang='lat' dir='ltr'><strong>nefarium,</strong></span> <span class='ocrx_word' id='word_1_121' title='bbox 2805 656 2851 710; x_wconf 87' lang='lat' dir='ltr'><strong>si</strong></span> <span class='ocrx_word' id='word_1_122' title='bbox 2880 656 2965 710; x_wconf 85' lang='lat' dir='ltr'><strong>illa</strong></span> <span class='ocrx_word' id='word_1_123' title='bbox 3002 655 3346 726; x_wconf 85' lang='lat' dir='ltr'><strong>omnipotens</strong></span> <span class='ocrx_word' id='word_1_124' title='bbox 3374 655 3535 713; x_wconf 77' lang='lat' dir='ltr'><strong>Verbi</strong></span> <span class='ocrx_word' id='word_1_125' title='bbox 3573 657 3770 712; x_wconf 80' lang='lat' dir='ltr'><strong>huma-</strong></span> 
     </span>
    </p>
   </div>
   <div class='ocr_carea' id='block_1_18' title="bbox 2200 746 3770 819">
    <p class='ocr_par' dir='ltr' id='par_1_18' title="bbox 2200 746 3770 819">
     <span class='ocr_line' id='line_1_18' title="bbox 2200 746 3770 819; baseline 0.003 -17"><span class='ocrx_word' id='word_1_126' title='bbox 2200 749 2345 803; x_wconf 90' lang='lat' dir='ltr'><strong>uatio</strong></span> <span class='ocrx_word' id='word_1_127' title='bbox 2371 747 2584 816; x_wconf 88' lang='lat' dir='ltr'><strong>aliquod</strong></span> <span class='ocrx_word' id='word_1_128' title='bbox 2623 747 2691 802; x_wconf 91' lang='lat' dir='ltr'><strong>de</strong></span> <span class='ocrx_word' id='word_1_129' title='bbox 2719 746 2910 802; x_wconf 82' lang='lat' dir='ltr'><strong>futuris</strong></span> <span class='ocrx_word' id='word_1_130' title='bbox 2942 747 3218 816; x_wconf 79' lang='lat' dir='ltr'><strong>ignorasse</strong></span> <span class='ocrx_word' id='word_1_131' title='bbox 3266 757 3565 818; x_wconf 83' lang='lat' dir='ltr'><strong>putaretur,</strong></span> <span class='ocrx_word' id='word_1_132' title='bbox 3622 751 3770 819; x_wconf 88' lang='lat' dir='ltr'><strong>quod</strong></span> 
     </span>
    </p>
   </div>
   <div class='ocr_carea' id='block_1_19' title="bbox 2200 836 3775 907">
    <p class='ocr_par' dir='ltr' id='par_1_19' title="bbox 2200 836 3775 907">
     <span class='ocr_line' id='line_1_19' title="bbox 2200 836 3775 907; baseline 0.001 -14"><span class='ocrx_word' id='word_1_133' title='bbox 2200 839 2413 893; x_wconf 80' lang='lat' dir='ltr'><strong>Patrem</strong></span> <span class='ocrx_word' id='word_1_134' title='bbox 2450 837 2589 893; x_wconf 88' lang='lat' dir='ltr'><strong>scire</strong></span> <span class='ocrx_word' id='word_1_135' title='bbox 2616 836 2944 907; x_wconf 81' lang='lat' dir='ltr'><strong>praedicavit.</strong></span> <span class='ocrx_word' id='word_1_136' title='bbox 2985 838 3119 893; x_wconf 81' lang='lat' dir='ltr'><strong>Nam</strong></span> <span class='ocrx_word' id='word_1_137' title='bbox 3149 854 3271 893; x_wconf 88' lang='lat' dir='ltr'><strong>cum</strong></span> <span class='ocrx_word' id='word_1_138' title='bbox 3294 841 3485 897; x_wconf 83' lang='lat' dir='ltr'><strong>Petrus</strong></span> <span class='ocrx_word' id='word_1_139' title='bbox 3511 842 3566 895; x_wconf 90' lang='lat' dir='ltr'><strong>in</strong></span> <span class='ocrx_word' id='word_1_140' title='bbox 3593 841 3775 896; x_wconf 84' lang='lat' dir='ltr'><strong>Evan-</strong></span> 
     </span>
    </p>
   </div>
   <div class='ocr_carea' id='block_1_20' title="bbox 2198 929 3778 1005">
    <p class='ocr_par' dir='ltr' id='par_1_20' title="bbox 2198 929 3778 1005">
     <span class='ocr_line' id='line_1_20' title="bbox 2198 929 3778 1005; baseline 0.004 -20"><span class='ocrx_word' id='word_1_141' title='bbox 2198 930 2337 1001; x_wconf 84' lang='lat' dir='ltr'><strong>gelio</strong></span> <span class='ocrx_word' id='word_1_142' title='bbox 2380 929 2521 985; x_wconf 85' lang='lat' dir='ltr'><strong>dicat</strong></span> <span class='ocrx_word' id='word_1_143' title='bbox 2559 947 2572 984; x_wconf 92' lang='lat'><strong>:</strong></span> <span class='ocrx_word' id='word_1_144' title='bbox 2623 929 2857 997; x_wconf 82' lang='lat' dir='ltr'><strong>Domine,</strong></span> <span class='ocrx_word' id='word_1_145' title='bbox 2910 940 2965 986; x_wconf 84' lang='lat' dir='ltr'><strong>tu</strong></span> <span class='ocrx_word' id='word_1_146' title='bbox 3008 934 3179 987; x_wconf 88' lang='lat' dir='ltr'><strong>omnia</strong></span> <span class='ocrx_word' id='word_1_147' title='bbox 3226 936 3379 1000; x_wconf 91' lang='lat' dir='ltr'><strong>nosti,</strong></span> <span class='ocrx_word' id='word_1_148' title='bbox 3431 944 3487 988; x_wconf 85' lang='lat' dir='ltr'><strong>tu</strong></span> <span class='ocrx_word' id='word_1_149' title='bbox 3519 936 3616 989; x_wconf 86' lang='lat' dir='ltr'><strong>scis</strong></span> <span class='ocrx_word' id='word_1_150' title='bbox 3653 937 3778 1005; x_wconf 87' lang='lat' dir='ltr'><strong>quia</strong></span> 
     </span>
    </p>
   </div>
   <div class='ocr_carea' id='block_1_21' title="bbox 2199 1019 3776 1092">
    <p class='ocr_par' dir='ltr' id='par_1_21' title="bbox 2199 1019 3776 1092">
     <span class='ocr_line' id='line_1_21' title="bbox 2199 1019 3776 1092; baseline 0.006 -20"><span class='ocrx_word' id='word_1_151' title='bbox 2199 1036 2315 1073; x_wconf 88' lang='lat' dir='ltr'><strong>amo</strong></span> <span class='ocrx_word' id='word_1_152' title='bbox 2343 1029 2391 1073; x_wconf 86' lang='lat' dir='ltr'><strong>te</strong></span> <span class='ocrx_word' id='word_1_153' title='bbox 2430 1019 2609 1090; x_wconf 84' lang='lat' dir='ltr'><strong>(Joan.</strong></span> <span class='ocrx_word' id='word_1_154' title='bbox 2642 1036 2758 1088; x_wconf 77' lang='lat' dir='ltr'><strong>xxi,</strong></span> <span class='ocrx_word' id='word_1_155' title='bbox 2791 1020 2880 1092; x_wconf 83' lang='grc'><strong>17)</strong></span> <span class='ocrx_word' id='word_1_156' title='bbox 2921 1038 2934 1074; x_wconf 92' lang='lat'>:</span> <span class='ocrx_word' id='word_1_157' title='bbox 2996 1022 3121 1077; x_wconf 92' lang='lat' dir='ltr'><strong>item</strong></span> <span class='ocrx_word' id='word_1_158' title='bbox 3153 1024 3266 1092; x_wconf 91' lang='lat' dir='ltr'><strong>ipse</strong></span> <span class='ocrx_word' id='word_1_159' title='bbox 3303 1023 3562 1081; x_wconf 87' lang='lat' dir='ltr'><strong>Dominus</strong></span> <span class='ocrx_word' id='word_1_160' title='bbox 3592 1025 3725 1081; x_wconf 86' lang='lat' dir='ltr'><strong>dicit</strong></span> <span class='ocrx_word' id='word_1_161' title='bbox 3757 1044 3776 1084; x_wconf 85' lang='lat'><strong>:</strong></span> 
     </span>
    </p>
   </div>
   <div class='ocr_carea' id='block_1_22' title="bbox 2204 1111 3775 1189">
    <p class='ocr_par' dir='ltr' id='par_1_22' title="bbox 2204 1111 3775 1189">
     <span class='ocr_line' id='line_1_22' title="bbox 2204 1111 3775 1189; baseline 0.003 -24"><span class='ocrx_word' id='word_1_162' title='bbox 2204 1111 2387 1165; x_wconf 80' lang='lat' dir='ltr'><strong>Omnia</strong></span> <span class='ocrx_word' id='word_1_163' title='bbox 2423 1127 2535 1181; x_wconf 77' lang='lat' dir='ltr'><strong>qua:</strong></span> <span class='ocrx_word' id='word_1_164' title='bbox 2566 1112 2709 1167; x_wconf 80' lang='lat' dir='ltr'><strong>habet</strong></span> <span class='ocrx_word' id='word_1_165' title='bbox 2746 1111 2921 1179; x_wconf 87' lang='lat' dir='ltr'><strong>Pater,</strong></span> <span class='ocrx_word' id='word_1_166' title='bbox 2962 1128 3076 1167; x_wconf 88' lang='lat' dir='ltr'><strong>mea</strong></span> <span class='ocrx_word' id='word_1_167' title='bbox 3114 1125 3235 1170; x_wconf 81' lang='lat' dir='ltr'><strong>sunt</strong></span> <span class='ocrx_word' id='word_1_168' title='bbox 3280 1114 3459 1185; x_wconf 81' lang='lat' dir='ltr'><strong>(Joan.</strong></span> <span class='ocrx_word' id='word_1_169' title='bbox 3492 1133 3603 1185; x_wconf 81' lang='lat' dir='ltr'><strong>xvt,</strong></span> <span class='ocrx_word' id='word_1_170' title='bbox 3636 1118 3727 1189; x_wconf 79' lang='lat' dir='ltr'><strong>l5)</strong></span> <span class='ocrx_word' id='word_1_171' title='bbox 3757 1134 3775 1186; x_wconf 90' lang='lat'><strong>;</strong></span> 
     </span>
    </p>
   </div>
   <div class='ocr_carea' id='block_1_23' title="bbox 2204 1202 3766 1275">
    <p class='ocr_par' dir='ltr' id='par_1_23' title="bbox 2204 1202 3766 1275">
     <span class='ocr_line' id='line_1_23' title="bbox 2204 1202 3766 1275; baseline 0.004 -17"><span class='ocrx_word' id='word_1_172' title='bbox 2204 1203 2385 1273; x_wconf 90' lang='lat' dir='ltr'><strong>utique</strong></span> <span class='ocrx_word' id='word_1_173' title='bbox 2409 1202 2583 1259; x_wconf 83' lang='lat' dir='ltr'><strong>Patris</strong></span> <span class='ocrx_word' id='word_1_174' title='bbox 2602 1204 2780 1258; x_wconf 90' lang='lat' dir='ltr'><strong>omnia</strong></span> <span class='ocrx_word' id='word_1_175' title='bbox 2810 1218 2915 1258; x_wconf 92' lang='lat' dir='ltr'><strong>non</strong></span> <span class='ocrx_word' id='word_1_176' title='bbox 2946 1204 3187 1273; x_wconf 88' lang='lat' dir='ltr'><strong>haberet,</strong></span> <span class='ocrx_word' id='word_1_177' title='bbox 3217 1206 3261 1261; x_wconf 87' lang='lat' dir='ltr'><strong>si</strong></span> <span class='ocrx_word' id='word_1_178' title='bbox 3287 1208 3430 1275; x_wconf 90' lang='lat' dir='ltr'><strong>quod</strong></span> <span class='ocrx_word' id='word_1_179' title='bbox 3458 1209 3617 1264; x_wconf 89' lang='lat' dir='ltr'><strong>Pater</strong></span> <span class='ocrx_word' id='word_1_180' title='bbox 3640 1224 3766 1265; x_wconf 92' lang='lat' dir='ltr'><strong>nos-</strong></span> 
     </span>
    </p>
   </div>
   <div class='ocr_carea' id='block_1_24' title="bbox 2205 1297 3778 1362">
    <p class='ocr_par' dir='ltr' id='par_1_24' title="bbox 2205 1297 3778 1362">
     <span class='ocr_line' id='line_1_24' title="bbox 2205 1297 3778 1362; baseline 0.007 -12"><span class='ocrx_word' id='word_1_181' title='bbox 2205 1305 2309 1362; x_wconf 92' lang='lat' dir='ltr'><strong>set,</strong></span> <span class='ocrx_word' id='word_1_182' title='bbox 2361 1297 2451 1352; x_wconf 92' lang='lat' dir='ltr'><strong>ille</strong></span> <span class='ocrx_word' id='word_1_183' title='bbox 2502 1298 2753 1354; x_wconf 88' lang='lat' dir='ltr'><strong>nesciret.</strong></span> <span class='ocrx_word' id='word_1_184' title='bbox 2806 1297 2914 1353; x_wconf 90' lang='lat' dir='ltr'><strong>Sed</strong></span> <span class='ocrx_word' id='word_1_185' title='bbox 2953 1299 3026 1353; x_wconf 88' lang='lat' dir='ltr'><strong>ita</strong></span> <span class='ocrx_word' id='word_1_186' title='bbox 3071 1300 3375 1357; x_wconf 89' lang='lat' dir='ltr'><strong>salutariter</strong></span> <span class='ocrx_word' id='word_1_187' title='bbox 3419 1318 3482 1358; x_wconf 90' lang='lat' dir='ltr'><strong>ac</strong></span> <span class='ocrx_word' id='word_1_188' title='bbox 3510 1307 3778 1361; x_wconf 83' lang='lat' dir='ltr'><strong>veraciter</strong></span> 
     </span>
    </p>
   </div>
   <div class='ocr_carea' id='block_1_25' title="bbox 2202 1388 3776 1466">
    <p class='ocr_par' dir='ltr' id='par_1_25' title="bbox 2202 1388 3776 1466">
     <span class='ocr_line' id='line_1_25' title="bbox 2202 1388 3776 1466; baseline 0.006 -23"><span class='ocrx_word' id='word_1_189' title='bbox 2202 1388 2525 1444; x_wconf 86' lang='lat' dir='ltr'><strong>credendum</strong></span> <span class='ocrx_word' id='word_1_190' title='bbox 2573 1405 2694 1447; x_wconf 89' lang='lat' dir='ltr'><strong>esse</strong></span> <span class='ocrx_word' id='word_1_191' title='bbox 2736 1391 3050 1457; x_wconf 89' lang='lat' dir='ltr'><strong>docuerunt,</strong></span> <span class='ocrx_word' id='word_1_192' title='bbox 3110 1402 3169 1447; x_wconf 92' lang='lat' dir='ltr'><strong>ut</strong></span> <span class='ocrx_word' id='word_1_193' title='bbox 3212 1409 3305 1462; x_wconf 87' lang='lat' dir='ltr'><strong>per</strong></span> <span class='ocrx_word' id='word_1_194' title='bbox 3344 1395 3564 1466; x_wconf 89' lang='lat' dir='ltr'><strong>ﬁguram</strong></span> <span class='ocrx_word' id='word_1_195' title='bbox 3603 1406 3776 1452; x_wconf 79' lang='lat' dir='ltr'><strong>meto-</strong></span> 
     </span>
    </p>
   </div>
   <div class='ocr_carea' id='block_1_26' title="bbox 2202 1482 3781 1557">
    <p class='ocr_par' dir='ltr' id='par_1_26' title="bbox 2202 1482 3781 1557">
     <span class='ocr_line' id='line_1_26' title="bbox 2202 1482 3781 1557; baseline 0.006 -21"><span class='ocrx_word' id='word_1_196' title='bbox 2202 1482 2460 1551; x_wconf 88' lang='lat' dir='ltr'><strong>nymiam,</strong></span> <span class='ocrx_word' id='word_1_197' title='bbox 2514 1482 2567 1536; x_wconf 93' lang='lat' dir='ltr'><strong>id</strong></span> <span class='ocrx_word' id='word_1_198' title='bbox 2614 1491 2697 1537; x_wconf 88' lang='lat' dir='ltr'><strong>est</strong></span> <span class='ocrx_word' id='word_1_199' title='bbox 2740 1484 3332 1552; x_wconf 89' lang='lat' dir='ltr'><strong>transnominationem,</strong></span> <span class='ocrx_word' id='word_1_200' title='bbox 3385 1503 3502 1557; x_wconf 75' lang='lat' dir='ltr'><strong>qua:</strong></span> <span class='ocrx_word' id='word_1_201' title='bbox 3548 1489 3602 1543; x_wconf 93' lang='lat' dir='ltr'><strong>in</strong></span> <span class='ocrx_word' id='word_1_202' title='bbox 3632 1489 3781 1545; x_wconf 89' lang='lat' dir='ltr'><strong>Scri-</strong></span> 
     </span>
    </p>
   </div>
   <div class='ocr_carea' id='block_1_27' title="bbox 2203 1573 3778 1650">
    <p class='ocr_par' dir='ltr' id='par_1_27' title="bbox 2203 1573 3778 1650">
     <span class='ocr_line' id='line_1_27' title="bbox 2203 1573 3778 1650; baseline 0.007 -25"><span class='ocrx_word' id='word_1_203' title='bbox 2203 1573 2372 1642; x_wconf 85' lang='lat' dir='ltr'><strong>pturis</strong></span> <span class='ocrx_word' id='word_1_204' title='bbox 2400 1575 2567 1647; x_wconf 69' lang='lat' dir='ltr'><strong>sacris</strong></span> <span class='ocrx_word' id='word_1_205' title='bbox 2594 1574 2787 1643; x_wconf 69' lang='lat' dir='ltr'><strong>smpius</strong></span> <span class='ocrx_word' id='word_1_206' title='bbox 2807 1574 3100 1641; x_wconf 88' lang='lat' dir='ltr'><strong>invenitur,</strong></span> <span class='ocrx_word' id='word_1_207' title='bbox 3135 1578 3329 1633; x_wconf 82' lang='lat' dir='ltr'><strong>debeat</strong></span> <span class='ocrx_word' id='word_1_208' title='bbox 3352 1579 3595 1649; x_wconf 79' lang='lat' dir='ltr'><strong>intelligi,</strong></span> <span class='ocrx_word' id='word_1_209' title='bbox 3637 1582 3778 1650; x_wconf 90' lang='lat' dir='ltr'><strong>quod</strong></span> 
     </span>
    </p>
   </div>
   <div class='ocr_carea' id='block_1_28' title="bbox 2205 1664 3778 1736">
    <p class='ocr_par' dir='ltr' id='par_1_28' title="bbox 2205 1664 3778 1736">
     <span class='ocr_line' id='line_1_28' title="bbox 2205 1664 3778 1736; baseline 0.006 -17"><span class='ocrx_word' id='word_1_210' title='bbox 2205 1664 2407 1719; x_wconf 87' lang='lat' dir='ltr'><strong>utiliter</strong></span> <span class='ocrx_word' id='word_1_211' title='bbox 2427 1679 2554 1719; x_wconf 91' lang='lat' dir='ltr'><strong>suos</strong></span> <span class='ocrx_word' id='word_1_212' title='bbox 2588 1665 2746 1719; x_wconf 84' lang='lat' dir='ltr'><strong>faciat</strong></span> <span class='ocrx_word' id='word_1_213' title='bbox 2773 1668 2987 1722; x_wconf 86' lang='lat' dir='ltr'><strong>nescire</strong></span> <span class='ocrx_word' id='word_1_214' title='bbox 3014 1666 3306 1736; x_wconf 89' lang='lat' dir='ltr'><strong>subjectos.</strong></span> <span class='ocrx_word' id='word_1_215' title='bbox 3346 1669 3476 1723; x_wconf 84' lang='lat' dir='ltr'><strong>Nam</strong></span> <span class='ocrx_word' id='word_1_216' title='bbox 3502 1671 3555 1724; x_wconf 92' lang='lat' dir='ltr'><strong>in</strong></span> <span class='ocrx_word' id='word_1_217' title='bbox 3583 1671 3778 1727; x_wconf 88' lang='lat' dir='ltr'><strong>Genesi</strong></span> 
     </span>
    </p>
   </div>
   <div class='ocr_carea' id='block_1_29' title="bbox 2204 1758 3778 1832">
    <p class='ocr_par' dir='ltr' id='par_1_29' title="bbox 2204 1758 3778 1832">
     <span class='ocr_line' id='line_1_29' title="bbox 2204 1758 3778 1832; baseline 0.003 -19"><span class='ocrx_word' id='word_1_218' title='bbox 2204 1758 2475 1813; x_wconf 79' lang='lat' dir='ltr'><strong>Abraham</strong></span> <span class='ocrx_word' id='word_1_219' title='bbox 2505 1758 2646 1814; x_wconf 85' lang='lat' dir='ltr'><strong>Deus</strong></span> <span class='ocrx_word' id='word_1_220' title='bbox 2683 1759 2812 1814; x_wconf 87' lang='lat' dir='ltr'><strong>dicit</strong></span> <span class='ocrx_word' id='word_1_221' title='bbox 2855 1778 2867 1813; x_wconf 94' lang='lat'><strong>:</strong></span> <span class='ocrx_word' id='word_1_222' title='bbox 2904 1759 3059 1815; x_wconf 80' lang='lat' dir='ltr'><strong>Nunc</strong></span> <span class='ocrx_word' id='word_1_223' title='bbox 3099 1761 3309 1831; x_wconf 85' lang='lat' dir='ltr'><strong>cognovi</strong></span> <span class='ocrx_word' id='word_1_224' title='bbox 3345 1763 3585 1832; x_wconf 83' lang='lat' dir='ltr'><strong>quoniam</strong></span> <span class='ocrx_word' id='word_1_225' title='bbox 3631 1764 3778 1819; x_wconf 82' lang='lat' dir='ltr'><strong>times</strong></span> 
     </span>
    </p>
   </div>
   <div class='ocr_carea' id='block_1_30' title="bbox 2208 1851 3783 1925">
    <p class='ocr_par' dir='ltr' id='par_1_30' title="bbox 2208 1851 3783 1925">
     <span class='ocr_line' id='line_1_30' title="bbox 2208 1851 3783 1925; baseline 0.006 -20"><span class='ocrx_word' id='word_1_226' title='bbox 2208 1851 2482 1906; x_wconf 81' lang='lat' dir='ltr'><strong>Dominum</strong></span> <span class='ocrx_word' id='word_1_227' title='bbox 2511 1852 2677 1907; x_wconf 87' lang='lat' dir='ltr'><strong>Deum</strong></span> <span class='ocrx_word' id='word_1_228' title='bbox 2697 1863 2841 1906; x_wconf 85' lang='lat' dir='ltr'><strong>tuum</strong></span> <span class='ocrx_word' id='word_1_229' title='bbox 2862 1852 3020 1923; x_wconf 83' lang='lat' dir='ltr'><strong>(Gen.</strong></span> <span class='ocrx_word' id='word_1_230' title='bbox 3052 1870 3182 1922; x_wconf 79' lang='lat' dir='ltr'><strong>ml,</strong></span> <span class='ocrx_word' id='word_1_231' title='bbox 3215 1855 3324 1925; x_wconf 73' lang='lat' dir='ltr'><strong>l2),</strong></span> <span class='ocrx_word' id='word_1_232' title='bbox 3375 1856 3426 1910; x_wconf 89' lang='lat' dir='ltr'><strong>id</strong></span> <span class='ocrx_word' id='word_1_233' title='bbox 3451 1866 3533 1912; x_wconf 89' lang='lat' dir='ltr'><strong>est</strong></span> <span class='ocrx_word' id='word_1_234' title='bbox 3568 1872 3708 1913; x_wconf 86' lang='lat' dir='ltr'><strong>nunc</strong></span> <span class='ocrx_word' id='word_1_235' title='bbox 3730 1865 3783 1914; x_wconf 86' lang='lat' dir='ltr'><strong>te</strong></span> 
     </span>
    </p>
   </div>
   <div class='ocr_carea' id='block_1_31' title="bbox 535 1946 3785 2017">
    <p class='ocr_par' dir='ltr' id='par_1_31' title="bbox 535 1946 3785 2017">
     <span class='ocr_line' id='line_1_31' title="bbox 535 1946 3785 2017; baseline 0.003 -19"><span class='ocrx_word' id='word_1_236' title='bbox 535 1953 619 1998; x_wconf 86' lang='lat' dir='ltr'><strong>tur</strong></span> <span class='ocrx_word' id='word_1_237' title='bbox 664 1946 805 2000; x_wconf 90' lang='lat' dir='ltr'><strong>enim</strong></span> <span class='ocrx_word' id='word_1_238' title='bbox 849 1946 1009 2001; x_wconf 84' lang='lat' dir='ltr'><strong>nimis</strong></span> <span class='ocrx_word' id='word_1_239' title='bbox 1052 1960 1383 2014; x_wconf 68' lang='lat' dir='ltr'><strong>prmcurrere</strong></span> <span class='ocrx_word' id='word_1_240' title='bbox 1431 1948 1713 2001; x_wconf 86' lang='lat' dir='ltr'><strong>scelestum</strong></span> <span class='ocrx_word' id='word_1_241' title='bbox 1760 1946 1981 2015; x_wconf 87' lang='lat' dir='ltr'><strong>malum,</strong></span> <span class='ocrx_word' id='word_1_242' title='bbox 2039 1952 2098 1999; x_wconf 91' lang='lat' dir='ltr'><strong>ut</strong></span> <span class='ocrx_word' id='word_1_243' title='bbox 2127 1955 2177 2016; x_wconf 79' lang='grc' dir='ltr'><strong>Β</strong></span> <span class='ocrx_word' id='word_1_244' title='bbox 2209 1960 2535 2014; x_wconf 75' lang='lat' dir='ltr'><strong>cognoscere</strong></span> <span class='ocrx_word' id='word_1_245' title='bbox 2559 1946 2680 2001; x_wconf 90' lang='lat' dir='ltr'><strong>feci.</strong></span> <span class='ocrx_word' id='word_1_246' title='bbox 2709 1946 2797 2003; x_wconf 90' lang='lat' dir='ltr'><strong>Sic</strong></span> <span class='ocrx_word' id='word_1_247' title='bbox 2825 1954 2879 2000; x_wconf 82' lang='lat' dir='ltr'><strong>et</strong></span> <span class='ocrx_word' id='word_1_248' title='bbox 2907 1947 2994 2001; x_wconf 91' lang='lat' dir='ltr'><strong>hic</strong></span> <span class='ocrx_word' id='word_1_249' title='bbox 3020 1949 3250 2017; x_wconf 90' lang='lat' dir='ltr'><strong>positum</strong></span> <span class='ocrx_word' id='word_1_250' title='bbox 3273 1959 3377 2016; x_wconf 92' lang='lat' dir='ltr'><strong>est,</strong></span> <span class='ocrx_word' id='word_1_251' title='bbox 3402 1953 3592 2016; x_wconf 85' lang='lat' dir='ltr'><strong>nescio,</strong></span> <span class='ocrx_word' id='word_1_252' title='bbox 3625 1951 3677 2004; x_wconf 92' lang='lat' dir='ltr'><strong>id</strong></span> <span class='ocrx_word' id='word_1_253' title='bbox 3700 1960 3785 2007; x_wconf 90' lang='lat' dir='ltr'><strong>est</strong></span> 
     </span>
    </p>
   </div>
   <div class='ocr_carea' id='block_1_32' title="bbox 536 2037 2103 2107">
    <p class='ocr_par' dir='ltr' id='par_1_32' title="bbox 536 2037 2103 2107">
     <span class='ocr_line' id='line_1_32' title="bbox 536 2037 2103 2107; baseline 0.003 -18"><span class='ocrx_word' id='word_1_254' title='bbox 536 2038 742 2105; x_wconf 85' lang='lat' dir='ltr'><strong>gratius</strong></span> <span class='ocrx_word' id='word_1_255' title='bbox 780 2051 999 2107; x_wconf 79' lang='lat' dir='ltr'><strong>regnum</strong></span> <span class='ocrx_word' id='word_1_256' title='bbox 1042 2037 1250 2092; x_wconf 89' lang='lat' dir='ltr'><strong>Domini</strong></span> <span class='ocrx_word' id='word_1_257' title='bbox 1300 2038 1623 2107; x_wconf 87' lang='lat' dir='ltr'><strong>suscipiatur</strong></span> <span class='ocrx_word' id='word_1_258' title='bbox 1671 2046 1957 2107; x_wconf 88' lang='lat' dir='ltr'><strong>optatum:</strong></span> <span class='ocrx_word' id='word_1_259' title='bbox 2011 2038 2103 2093; x_wconf 91' lang='lat' dir='ltr'><strong>ubi</strong></span> 
     </span>
    </p>
   </div>
   <div class='ocr_carea' id='block_1_33' title="bbox 533 2127 2106 2200">
    <p class='ocr_par' dir='ltr' id='par_1_33' title="bbox 533 2127 2106 2200">
     <span class='ocr_line' id='line_1_33' title="bbox 533 2127 2106 2200; baseline 0.001 -18"><span class='ocrx_word' id='word_1_260' title='bbox 533 2127 641 2197; x_wconf 83' lang='lat' dir='ltr'><strong>jam</strong></span> <span class='ocrx_word' id='word_1_261' title='bbox 681 2129 957 2184; x_wconf 86' lang='lat' dir='ltr'><strong>beatorum</strong></span> <span class='ocrx_word' id='word_1_262' title='bbox 988 2130 1178 2200; x_wconf 88' lang='lat' dir='ltr'><strong>adepta</strong></span> <span class='ocrx_word' id='word_1_263' title='bbox 1207 2130 1466 2185; x_wconf 84' lang='lat' dir='ltr'><strong>securitas</strong></span> <span class='ocrx_word' id='word_1_264' title='bbox 1492 2130 1857 2199; x_wconf 90' lang='lat' dir='ltr'><strong>conquiescat,</strong></span> <span class='ocrx_word' id='word_1_265' title='bbox 1888 2145 1989 2185; x_wconf 82' lang='lat' dir='ltr'><strong>nec</strong></span> <span class='ocrx_word' id='word_1_266' title='bbox 2020 2129 2106 2184; x_wconf 90' lang='lat' dir='ltr'><strong>ul-</strong></span> 
     </span>
    </p>
   </div>
   <div class='ocr_carea' id='block_1_34' title="bbox 538 2220 2099 2292">
    <p class='ocr_par' dir='ltr' id='par_1_34' title="bbox 538 2220 2099 2292">
     <span class='ocr_line' id='line_1_34' title="bbox 538 2220 2099 2292; baseline 0.001 -18"><span class='ocrx_word' id='word_1_267' title='bbox 538 2221 705 2276; x_wconf 83' lang='lat' dir='ltr'><strong>terius</strong></span> <span class='ocrx_word' id='word_1_268' title='bbox 744 2220 1096 2277; x_wconf 85' lang='lat' dir='ltr'><strong>formidentnr</strong></span> <span class='ocrx_word' id='word_1_269' title='bbox 1138 2222 1365 2289; x_wconf 74' lang='lat' dir='ltr'><strong>insidiae,</strong></span> <span class='ocrx_word' id='word_1_270' title='bbox 1411 2236 1544 2292; x_wconf 90' lang='lat' dir='ltr'><strong>quas</strong></span> <span class='ocrx_word' id='word_1_271' title='bbox 1573 2222 1741 2292; x_wconf 87' lang='lat' dir='ltr'><strong>magis</strong></span> <span class='ocrx_word' id='word_1_272' title='bbox 1769 2232 1987 2277; x_wconf 87' lang='lat' dir='ltr'><strong>sanctus</strong></span> <span class='ocrx_word' id='word_1_273' title='bbox 2016 2224 2099 2276; x_wconf 89' lang='lat' dir='ltr'><strong>vir</strong></span> 
     </span>
    </p>
   </div>
   <div class='ocr_carea' id='block_1_35' title="bbox 540 2312 2110 2382">
    <p class='ocr_par' dir='ltr' id='par_1_35' title="bbox 540 2312 2110 2382">
     <span class='ocr_line' id='line_1_35' title="bbox 540 2312 2110 2382; baseline 0.002 -16"><span class='ocrx_word' id='word_1_274' title='bbox 540 2312 592 2366; x_wconf 86' lang='lat' dir='ltr'><strong>in</strong></span> <span class='ocrx_word' id='word_1_275' title='bbox 624 2312 726 2367; x_wconf 87' lang='lat' dir='ltr'><strong>hoc</strong></span> <span class='ocrx_word' id='word_1_276' title='bbox 747 2314 948 2368; x_wconf 87' lang='lat' dir='ltr'><strong>mundo</strong></span> <span class='ocrx_word' id='word_1_277' title='bbox 970 2314 1178 2382; x_wconf 81' lang='lat' dir='ltr'><strong>cogitur</strong></span> <span class='ocrx_word' id='word_1_278' title='bbox 1206 2314 1491 2369; x_wconf 87' lang='lat' dir='ltr'><strong>sustinere.</strong></span> <span class='ocrx_word' id='word_1_279' title='bbox 1522 2312 1710 2368; x_wconf 86' lang='lat' dir='ltr'><strong>Gentes</strong></span> <span class='ocrx_word' id='word_1_280' title='bbox 1732 2322 1909 2369; x_wconf 88' lang='lat' dir='ltr'><strong>autem</strong></span> <span class='ocrx_word' id='word_1_281' title='bbox 1934 2314 2110 2382; x_wconf 90' lang='lat' dir='ltr'><strong>posuit</strong></span> 
     </span>
    </p>
   </div>
   <div class='ocr_carea' id='block_1_36' title="bbox 536 2405 2106 2474">
    <p class='ocr_par' dir='ltr' id='par_1_36' title="bbox 536 2405 2106 2474">
     <span class='ocr_line' id='line_1_36' title="bbox 536 2405 2106 2474; baseline 0.003 -18"><span class='ocrx_word' id='word_1_282' title='bbox 536 2411 843 2471; x_wconf 86' lang='lat' dir='ltr'><strong>peccatores</strong></span> <span class='ocrx_word' id='word_1_283' title='bbox 869 2412 923 2459; x_wconf 88' lang='lat' dir='ltr'><strong>et</strong></span> <span class='ocrx_word' id='word_1_284' title='bbox 950 2405 1163 2474; x_wconf 81' lang='lat' dir='ltr'><strong>impios,</strong></span> <span class='ocrx_word' id='word_1_285' title='bbox 1200 2407 1293 2474; x_wconf 81' lang='lat' dir='ltr'><strong>qui</strong></span> <span class='ocrx_word' id='word_1_286' title='bbox 1324 2405 1562 2460; x_wconf 82' lang='lat' dir='ltr'><strong>feraliter</strong></span> <span class='ocrx_word' id='word_1_287' title='bbox 1608 2407 1817 2473; x_wconf 88' lang='lat' dir='ltr'><strong>vivunt,</strong></span> <span class='ocrx_word' id='word_1_288' title='bbox 1868 2421 1970 2461; x_wconf 90' lang='lat' dir='ltr'><strong>nec</strong></span> <span class='ocrx_word' id='word_1_289' title='bbox 1999 2407 2106 2461; x_wconf 84' lang='lat' dir='ltr'><strong>Do-</strong></span> 
     </span>
    </p>
   </div>
   <div class='ocr_carea' id='block_1_37' title="bbox 536 2495 2109 2567">
    <p class='ocr_par' dir='ltr' id='par_1_37' title="bbox 536 2495 2109 2567">
     <span class='ocr_line' id='line_1_37' title="bbox 536 2495 2109 2567; baseline 0.003 -18"><span class='ocrx_word' id='word_1_290' title='bbox 536 2496 667 2549; x_wconf 88' lang='lat' dir='ltr'><strong>mini</strong></span> <span class='ocrx_word' id='word_1_291' title='bbox 704 2495 912 2565; x_wconf 75' lang='lat' dir='ltr'><strong>legibus</strong></span> <span class='ocrx_word' id='word_1_292' title='bbox 956 2497 1345 2567; x_wconf 86' lang='lat' dir='ltr'><strong>obsequuntur.</strong></span> <span class='ocrx_word' id='word_1_293' title='bbox 1407 2497 1483 2552; x_wconf 89' lang='lat' dir='ltr'><strong>De</strong></span> <span class='ocrx_word' id='word_1_294' title='bbox 1516 2506 1652 2552; x_wconf 85' lang='lat' dir='ltr'><strong>terra</strong></span> <span class='ocrx_word' id='word_1_295' title='bbox 1679 2499 1843 2565; x_wconf 84' lang='lat' dir='ltr'><strong>illius,</strong></span> <span class='ocrx_word' id='word_1_296' title='bbox 1885 2513 2109 2567; x_wconf 89' lang='lat' dir='ltr'><strong>regnum</strong></span> 
     </span>
    </p>
   </div>
   <div class='ocr_carea' id='block_1_38' title="bbox 537 2587 2112 2662">
    <p class='ocr_par' dir='ltr' id='par_1_38' title="bbox 537 2587 2112 2662">
     <span class='ocr_line' id='line_1_38' title="bbox 537 2587 2112 2662; baseline 0.004 -21"><span class='ocrx_word' id='word_1_297' title='bbox 537 2587 800 2656; x_wconf 82' lang='lat' dir='ltr'><strong>signiﬁcat</strong></span> <span class='ocrx_word' id='word_1_298' title='bbox 826 2588 1034 2645; x_wconf 85' lang='lat' dir='ltr'><strong>Domini</strong></span> <span class='ocrx_word' id='word_1_299' title='bbox 1056 2589 1373 2659; x_wconf 87' lang='lat' dir='ltr'><strong>Salvatoris,</strong></span> <span class='ocrx_word' id='word_1_300' title='bbox 1407 2606 1514 2662; x_wconf 90' lang='lat' dir='ltr'><strong>quo</strong></span> <span class='ocrx_word' id='word_1_301' title='bbox 1539 2592 1639 2647; x_wconf 82' lang='lat' dir='ltr'><strong>soli</strong></span> <span class='ocrx_word' id='word_1_302' title='bbox 1667 2591 1960 2648; x_wconf 88' lang='lat' dir='ltr'><strong>beatissimi</strong></span> <span class='ocrx_word' id='word_1_303' title='bbox 1990 2607 2112 2661; x_wconf 89' lang='lat' dir='ltr'><strong>per-</strong></span> 
     </span>
    </p>
   </div>
   <div class='ocr_carea' id='block_1_39' title="bbox 540 2679 803 2737">
    <p class='ocr_par' dir='ltr' id='par_1_39' title="bbox 540 2679 803 2737">
     <span class='ocr_line' id='line_1_39' title="bbox 540 2679 803 2737; baseline 0.015 -4"><span class='ocrx_word' id='word_1_304' title='bbox 540 2679 803 2737; x_wconf 84' lang='lat' dir='ltr'><strong>fruuntur.</strong></span> 
     </span>
    </p>
   </div>
   <div class='ocr_carea' id='block_1_40' title="bbox 606 2771 2107 2848">
    <p class='ocr_par' dir='ltr' id='par_1_40' title="bbox 606 2771 2107 2848">
     <span class='ocr_line' id='line_1_40' title="bbox 606 2771 2107 2848; baseline 0.005 -23"><span class='ocrx_word' id='word_1_305' title='bbox 606 2771 863 2828; x_wconf 75' lang='lat' dir='ltr'><strong>Vcrs.59.</strong></span> <span class='ocrx_word' id='word_1_306' title='bbox 899 2774 1221 2830; x_wconf 80' lang='lat' dir='ltr'><strong>Desiderium</strong></span> <span class='ocrx_word' id='word_1_307' title='bbox 1248 2791 1532 2848; x_wconf 73' lang='lat' dir='ltr'><strong>pauperum</strong></span> <span class='ocrx_word' id='word_1_308' title='bbox 1555 2778 1813 2833; x_wconf 71' lang='lat' dir='ltr'><strong>exaudivit</strong></span> <span class='ocrx_word' id='word_1_309' title='bbox 1840 2778 2107 2848; x_wconf 78' lang='lat' dir='ltr'><strong>Dominus,</strong></span> 
     </span>
    </p>
   </div>
   <div class='ocr_carea' id='block_1_41' title="bbox 539 2866 2105 2935">
    <p class='ocr_par' dir='ltr' id='par_1_41' title="bbox 539 2866 2105 2935">
     <span class='ocr_line' id='line_1_41' title="bbox 539 2866 2105 2935; baseline 0.008 -20"><span class='ocrx_word' id='word_1_310' title='bbox 539 2866 998 2935; x_wconf 70' lang='lat' dir='ltr'><strong>concupiscentiam</strong></span> <span class='ocrx_word' id='word_1_311' title='bbox 1051 2870 1219 2924; x_wconf 84' lang='lat' dir='ltr'><strong>cordis</strong></span> <span class='ocrx_word' id='word_1_312' title='bbox 1271 2886 1443 2923; x_wconf 85' lang='lat' dir='ltr'><strong>eorum</strong></span> <span class='ocrx_word' id='word_1_313' title='bbox 1490 2871 1752 2925; x_wconf 69' lang='lat' dir='ltr'><strong>exaudivit</strong></span> <span class='ocrx_word' id='word_1_314' title='bbox 1804 2872 1945 2925; x_wconf 86' lang='lat' dir='ltr'><strong>auris</strong></span> <span class='ocrx_word' id='word_1_315' title='bbox 1999 2879 2105 2927; x_wconf 83' lang='lat' dir='ltr'><strong>tua.</strong></span> 
     </span>
    </p>
   </div>
   <div class='ocr_carea' id='block_1_42' title="bbox 540 2957 2105 3034">
    <p class='ocr_par' dir='ltr' id='par_1_42' title="bbox 540 2957 2105 3034">
     <span class='ocr_line' id='line_1_42' title="bbox 540 2957 2105 3034; baseline 0.005 -23"><span class='ocrx_word' id='word_1_316' title='bbox 540 2957 685 3013; x_wconf 88' lang='lat' dir='ltr'><strong>Bene</strong></span> <span class='ocrx_word' id='word_1_317' title='bbox 722 2967 847 3014; x_wconf 87' lang='lat' dir='ltr'><strong>vota</strong></span> <span class='ocrx_word' id='word_1_318' title='bbox 888 2963 1151 3029; x_wconf 83' lang='lat' dir='ltr'><strong>justorum</strong></span> <span class='ocrx_word' id='word_1_319' title='bbox 1194 2963 1373 3018; x_wconf 83' lang='lat' dir='ltr'><strong>verbis</strong></span> <span class='ocrx_word' id='word_1_320' title='bbox 1412 2965 1662 3034; x_wconf 89' lang='lat' dir='ltr'><strong>congruis</strong></span> <span class='ocrx_word' id='word_1_321' title='bbox 1713 2966 2105 3034; x_wconf 83' lang='lat' dir='ltr'><strong>exprimuntur.</strong></span> 
     </span>
    </p>
   </div>
   <div class='ocr_carea' id='block_1_43' title="bbox 540 3049 2112 3127">
    <p class='ocr_par' dir='ltr' id='par_1_43' title="bbox 540 3049 2112 3127">
     <span class='ocr_line' id='line_1_43' title="bbox 540 3049 2112 3127; baseline 0.006 -23"><span class='ocrx_word' id='word_1_322' title='bbox 540 3049 676 3105; x_wconf 86' lang='lat' dir='ltr'><strong>Dicit</strong></span> <span class='ocrx_word' id='word_1_323' title='bbox 718 3053 882 3119; x_wconf 79' lang='lat' dir='ltr'><strong>enim,</strong></span> <span class='ocrx_word' id='word_1_324' title='bbox 913 3054 1221 3108; x_wconf 72' lang='lat' dir='ltr'><strong>desiderium</strong></span> <span class='ocrx_word' id='word_1_325' title='bbox 1248 3072 1555 3126; x_wconf 84' lang='lat' dir='ltr'><strong>pauperum,</strong></span> <span class='ocrx_word' id='word_1_326' title='bbox 1607 3059 1747 3126; x_wconf 90' lang='lat' dir='ltr'><strong>quod</strong></span> <span class='ocrx_word' id='word_1_327' title='bbox 1797 3060 1856 3110; x_wconf 88' lang='lat' dir='ltr'><strong>lit</strong></span> <span class='ocrx_word' id='word_1_328' title='bbox 1900 3074 2112 3127; x_wconf 84' lang='lat' dir='ltr'><strong>semper</strong></span> 
     </span>
    </p>
   </div>
   <div class='ocr_carea' id='block_1_44' title="bbox 539 3144 2113 3211">
    <p class='ocr_par' dir='ltr' id='par_1_44' title="bbox 539 3144 2113 3211">
     <span class='ocr_line' id='line_1_44' title="bbox 539 3144 2113 3211; baseline 0.008 -19"><span class='ocrx_word' id='word_1_329' title='bbox 539 3154 721 3196; x_wconf 83' lang='lat' dir='ltr'><strong>amore</strong></span> <span class='ocrx_word' id='word_1_330' title='bbox 751 3144 1048 3211; x_wconf 72' lang='lat' dir='ltr'><strong>praemisso,</strong></span> <span class='ocrx_word' id='word_1_331' title='bbox 1092 3152 1155 3198; x_wconf 89' lang='lat' dir='ltr'><strong>ut</strong></span> <span class='ocrx_word' id='word_1_332' title='bbox 1182 3145 1292 3199; x_wconf 89' lang='lat' dir='ltr'><strong>illic</strong></span> <span class='ocrx_word' id='word_1_333' title='bbox 1320 3161 1440 3200; x_wconf 85' lang='lat' dir='ltr'><strong>eum</strong></span> <span class='ocrx_word' id='word_1_334' title='bbox 1468 3148 1746 3202; x_wconf 87' lang='lat' dir='ltr'><strong>evidenter</strong></span> <span class='ocrx_word' id='word_1_335' title='bbox 1785 3148 1973 3204; x_wconf 89' lang='lat' dir='ltr'><strong>videre</strong></span> <span class='ocrx_word' id='word_1_336' title='bbox 2014 3164 2113 3205; x_wconf 86' lang='lat' dir='ltr'><strong>cu-</strong></span> 
     </span>
    </p>
   </div>
   <div class='ocr_carea' id='block_1_45' title="bbox 538 3232 2106 3321">
    <p class='ocr_par' dir='ltr' id='par_1_45' title="bbox 538 3232 2106 3321">
     <span class='ocr_line' id='line_1_45' title="bbox 538 3232 2106 3321; baseline 0.007 -37"><span class='ocrx_word' id='word_1_337' title='bbox 538 3232 706 3300; x_wconf 86' lang='lat' dir='ltr'><strong>piant,</strong></span> <span class='ocrx_word' id='word_1_338' title='bbox 756 3232 844 3287; x_wconf 87' lang='lat' dir='ltr'><strong>ubi</strong></span> <span class='ocrx_word' id='word_1_339' title='bbox 871 3248 1016 3288; x_wconf 81' lang='lat' dir='ltr'><strong>nunc</strong></span> <span class='ocrx_word' id='word_1_340' title='bbox 1041 3236 1203 3289; x_wconf 88' lang='lat' dir='ltr'><strong>etiam</strong></span> <span class='ocrx_word' id='word_1_341' title='bbox 1234 3237 1428 3291; x_wconf 81' lang='lat' dir='ltr'><strong>mentis</strong></span> <span class='ocrx_word' id='word_1_342' title='bbox 1460 3238 1661 3321; x_wconf 57' lang='lat' dir='ltr'><strong>lumine</strong></span> <span class='ocrx_word' id='word_1_343' title='bbox 1691 3239 2106 3295; x_wconf 88' lang='lat' dir='ltr'><strong>transferuntur.</strong></span> 
     </span>
    </p>
   </div>
   <div class='ocr_carea' id='block_1_46' title="bbox 2210 2036 3784 2108">
    <p class='ocr_par' dir='ltr' id='par_1_46' title="bbox 2210 2036 3784 2108">
     <span class='ocr_line' id='line_1_46' title="bbox 2210 2036 3784 2108; baseline 0.004 -16"><span class='ocrx_word' id='word_1_344' title='bbox 2210 2038 2420 2092; x_wconf 83' lang='lat' dir='ltr'><strong>nescire</strong></span> <span class='ocrx_word' id='word_1_345' title='bbox 2458 2051 2554 2091; x_wconf 89' lang='lat' dir='ltr'><strong>vos</strong></span> <span class='ocrx_word' id='word_1_346' title='bbox 2580 2036 2735 2092; x_wconf 82' lang='lat' dir='ltr'><strong>facio.</strong></span> <span class='ocrx_word' id='word_1_347' title='bbox 2793 2038 2925 2092; x_wconf 83' lang='lat' dir='ltr'><strong>Nam</strong></span> <span class='ocrx_word' id='word_1_348' title='bbox 2961 2040 3073 2108; x_wconf 87' lang='lat' dir='ltr'><strong>ipse</strong></span> <span class='ocrx_word' id='word_1_349' title='bbox 3105 2040 3358 2095; x_wconf 87' lang='lat' dir='ltr'><strong>Dominus</strong></span> <span class='ocrx_word' id='word_1_350' title='bbox 3387 2041 3509 2095; x_wconf 89' lang='lat' dir='ltr'><strong>alibi</strong></span> <span class='ocrx_word' id='word_1_351' title='bbox 3539 2042 3784 2099; x_wconf 89' lang='lat' dir='ltr'><strong>similiter</strong></span> 
     </span>
    </p>
   </div>
   <div class='ocr_carea' id='block_1_47' title="bbox 2209 2128 3784 2206">
    <p class='ocr_par' dir='ltr' id='par_1_47' title="bbox 2209 2128 3784 2206">
     <span class='ocr_line' id='line_1_47' title="bbox 2209 2128 3784 2206; baseline 0.005 -22"><span class='ocrx_word' id='word_1_352' title='bbox 2209 2129 2340 2184; x_wconf 91' lang='lat' dir='ltr'><strong>dicit</strong></span> <span class='ocrx_word' id='word_1_353' title='bbox 2371 2147 2383 2182; x_wconf 95' lang='lat'>:</span> <span class='ocrx_word' id='word_1_354' title='bbox 2417 2128 2604 2183; x_wconf 86' lang='lat' dir='ltr'><strong>Nescio</strong></span> <span class='ocrx_word' id='word_1_355' title='bbox 2629 2145 2713 2184; x_wconf 84' lang='lat' dir='ltr'><strong>vos</strong></span> <span class='ocrx_word' id='word_1_356' title='bbox 2736 2129 2951 2202; x_wconf 76' lang='lat' dir='ltr'><strong>(Matth.</strong></span> <span class='ocrx_word' id='word_1_357' title='bbox 2980 2147 3109 2197; x_wconf 83' lang='lat' dir='ltr'><strong>xxv,</strong></span> <span class='ocrx_word' id='word_1_358' title='bbox 3136 2132 3225 2204; x_wconf 72' lang='grc'><strong>12)</strong></span> <span class='ocrx_word' id='word_1_359' title='bbox 3249 2150 3265 2199; x_wconf 93' lang='lat'><strong>;</strong></span> <span class='ocrx_word' id='word_1_360' title='bbox 3294 2149 3413 2188; x_wconf 88' lang='lat' dir='ltr'><strong>cum</strong></span> <span class='ocrx_word' id='word_1_361' title='bbox 3442 2136 3625 2205; x_wconf 85' lang='lat' dir='ltr'><strong>utique</strong></span> <span class='ocrx_word' id='word_1_362' title='bbox 3651 2153 3784 2206; x_wconf 84' lang='lat' dir='ltr'><strong>quos</strong></span> 
     </span>
    </p>
   </div>
   <div class='ocr_carea' id='block_1_48' title="bbox 2210 2220 3785 2299">
    <p class='ocr_par' dir='ltr' id='par_1_48' title="bbox 2210 2220 3785 2299">
     <span class='ocr_line' id='line_1_48' title="bbox 2210 2220 3785 2299; baseline 0.006 -25"><span class='ocrx_word' id='word_1_363' title='bbox 2210 2220 2498 2275; x_wconf 85' lang='lat' dir='ltr'><strong>damnabat</strong></span> <span class='ocrx_word' id='word_1_364' title='bbox 2528 2220 2775 2289; x_wconf 81' lang='lat' dir='ltr'><strong>ignorare</strong></span> <span class='ocrx_word' id='word_1_365' title='bbox 2816 2237 2921 2278; x_wconf 91' lang='lat' dir='ltr'><strong>non</strong></span> <span class='ocrx_word' id='word_1_366' title='bbox 2953 2233 3179 2293; x_wconf 83' lang='lat' dir='ltr'><strong>poterat.</strong></span> <span class='ocrx_word' id='word_1_367' title='bbox 3228 2226 3464 2296; x_wconf 89' lang='lat' dir='ltr'><strong>Denique</strong></span> <span class='ocrx_word' id='word_1_368' title='bbox 3490 2228 3785 2299; x_wconf 84' lang='lat' dir='ltr'><strong>interroga-</strong></span> 
     </span>
    </p>
   </div>
   <div class='ocr_carea' id='block_1_49' title="bbox 2211 2314 3784 2383">
    <p class='ocr_par' dir='ltr' id='par_1_49' title="bbox 2211 2314 3784 2383">
     <span class='ocr_line' id='line_1_49' title="bbox 2211 2314 3784 2383; baseline 0.004 -14"><span class='ocrx_word' id='word_1_369' title='bbox 2211 2323 2296 2369; x_wconf 85' lang='lat' dir='ltr'><strong>tus</strong></span> <span class='ocrx_word' id='word_1_370' title='bbox 2317 2316 2385 2369; x_wconf 88' lang='lat' dir='ltr'><strong>de</strong></span> <span class='ocrx_word' id='word_1_371' title='bbox 2412 2314 2527 2383; x_wconf 91' lang='lat' dir='ltr'><strong>ipso</strong></span> <span class='ocrx_word' id='word_1_372' title='bbox 2552 2315 2778 2369; x_wconf 89' lang='lat' dir='ltr'><strong>articulo</strong></span> <span class='ocrx_word' id='word_1_373' title='bbox 2806 2316 2936 2371; x_wconf 92' lang='lat' dir='ltr'><strong>dicit</strong></span> <span class='ocrx_word' id='word_1_374' title='bbox 2966 2334 2980 2371; x_wconf 91' lang='lat'><strong>:</strong></span> <span class='ocrx_word' id='word_1_375' title='bbox 3014 2317 3137 2371; x_wconf 84' lang='lat' dir='ltr'><strong>Non</strong></span> <span class='ocrx_word' id='word_1_376' title='bbox 3165 2328 3238 2372; x_wconf 91' lang='lat' dir='ltr'><strong>est</strong></span> <span class='ocrx_word' id='word_1_377' title='bbox 3264 2328 3482 2373; x_wconf 82' lang='lat' dir='ltr'><strong>vestrum</strong></span> <span class='ocrx_word' id='word_1_378' title='bbox 3507 2322 3635 2375; x_wconf 88' lang='lat' dir='ltr'><strong>scire</strong></span> <span class='ocrx_word' id='word_1_379' title='bbox 3662 2330 3784 2375; x_wconf 85' lang='lat' dir='ltr'><strong>tent-</strong></span> 
     </span>
    </p>
   </div>
   <div class='ocr_carea' id='block_1_50' title="bbox 2209 2408 3785 2479">
    <p class='ocr_par' dir='ltr' id='par_1_50' title="bbox 2209 2408 3785 2479">
     <span class='ocr_line' id='line_1_50' title="bbox 2209 2408 3785 2479; baseline 0.004 -18"><span class='ocrx_word' id='word_1_380' title='bbox 2209 2424 2337 2479; x_wconf 83' lang='lat' dir='ltr'><strong>pora</strong></span> <span class='ocrx_word' id='word_1_381' title='bbox 2378 2409 2453 2461; x_wconf 85' lang='lat' dir='ltr'><strong>vel</strong></span> <span class='ocrx_word' id='word_1_382' title='bbox 2476 2417 2736 2463; x_wconf 83' lang='lat' dir='ltr'><strong>momenta</strong></span> <span class='ocrx_word' id='word_1_383' title='bbox 2767 2408 2903 2478; x_wconf 85' lang='lat' dir='ltr'><strong>(Act.</strong></span> <span class='ocrx_word' id='word_1_384' title='bbox 2937 2424 2978 2475; x_wconf 85' lang='lat' dir='ltr'><strong>l,</strong></span> <span class='ocrx_word' id='word_1_385' title='bbox 3019 2409 3108 2479; x_wconf 88' lang='lat'><strong>7);</strong></span> <span class='ocrx_word' id='word_1_386' title='bbox 3158 2425 3265 2464; x_wconf 93' lang='lat' dir='ltr'><strong>non</strong></span> <span class='ocrx_word' id='word_1_387' title='bbox 3296 2411 3438 2465; x_wconf 90' lang='lat' dir='ltr'><strong>enim</strong></span> <span class='ocrx_word' id='word_1_388' title='bbox 3481 2410 3634 2475; x_wconf 74' lang='lat' dir='ltr'><strong>dixit,</strong></span> <span class='ocrx_word' id='word_1_389' title='bbox 3679 2427 3785 2467; x_wconf 90' lang='lat' dir='ltr'><strong>non</strong></span> 
     </span>
    </p>
   </div>
   <div class='ocr_carea' id='block_1_51' title="bbox 2210 2500 3786 2567">
    <p class='ocr_par' dir='ltr' id='par_1_51' title="bbox 2210 2500 3786 2567">
     <span class='ocr_line' id='line_1_51' title="bbox 2210 2500 3786 2567; baseline 0.003 -14"><span class='ocrx_word' id='word_1_390' title='bbox 2210 2507 2293 2553; x_wconf 91' lang='lat' dir='ltr'><strong>est</strong></span> <span class='ocrx_word' id='word_1_391' title='bbox 2340 2513 2540 2561; x_wconf 89' lang='lat' dir='ltr'><strong>meum,</strong></span> <span class='ocrx_word' id='word_1_392' title='bbox 2588 2500 2673 2553; x_wconf 87' lang='lat' dir='ltr'><strong>vel</strong></span> <span class='ocrx_word' id='word_1_393' title='bbox 2712 2513 2817 2553; x_wconf 92' lang='lat' dir='ltr'><strong>non</strong></span> <span class='ocrx_word' id='word_1_394' title='bbox 2857 2508 2942 2554; x_wconf 87' lang='lat' dir='ltr'><strong>est</strong></span> <span class='ocrx_word' id='word_1_395' title='bbox 2981 2510 3244 2567; x_wconf 90' lang='lat' dir='ltr'><strong>nostrum,</strong></span> <span class='ocrx_word' id='word_1_396' title='bbox 3276 2501 3370 2557; x_wconf 90' lang='lat' dir='ltr'><strong>sed</strong></span> <span class='ocrx_word' id='word_1_397' title='bbox 3408 2502 3526 2557; x_wconf 90' lang='lat' dir='ltr'><strong>ait:</strong></span> <span class='ocrx_word' id='word_1_398' title='bbox 3570 2502 3690 2557; x_wconf 85' lang='lat' dir='ltr'><strong>Non</strong></span> <span class='ocrx_word' id='word_1_399' title='bbox 3714 2512 3786 2558; x_wconf 84' lang='lat' dir='ltr'><strong>est</strong></span> 
     </span>
    </p>
   </div>
   <div class='ocr_carea' id='block_1_52' title="bbox 2209 2592 3788 2663">
    <p class='ocr_par' dir='ltr' id='par_1_52' title="bbox 2209 2592 3788 2663">
     <span class='ocr_line' id='line_1_52' title="bbox 2209 2592 3788 2663; baseline 0.006 -18"><span class='ocrx_word' id='word_1_400' title='bbox 2209 2602 2425 2645; x_wconf 80' lang='lat' dir='ltr'><strong>vestrum</strong></span> <span class='ocrx_word' id='word_1_401' title='bbox 2454 2592 2601 2645; x_wconf 88' lang='lat' dir='ltr'><strong>scire.</strong></span> <span class='ocrx_word' id='word_1_402' title='bbox 2652 2592 2738 2647; x_wconf 90' lang='lat' dir='ltr'><strong>Sic</strong></span> <span class='ocrx_word' id='word_1_403' title='bbox 2774 2604 3057 2663; x_wconf 88' lang='lat' dir='ltr'><strong>utrumque</strong></span> <span class='ocrx_word' id='word_1_404' title='bbox 3089 2605 3359 2650; x_wconf 89' lang='lat' dir='ltr'><strong>servatum</strong></span> <span class='ocrx_word' id='word_1_405' title='bbox 3396 2607 3497 2663; x_wconf 90' lang='lat' dir='ltr'><strong>est,</strong></span> <span class='ocrx_word' id='word_1_406' title='bbox 3525 2607 3584 2651; x_wconf 90' lang='lat' dir='ltr'><strong>ut</strong></span> <span class='ocrx_word' id='word_1_407' title='bbox 3612 2604 3669 2652; x_wconf 88' lang='lat' dir='ltr'><strong>et</strong></span> <span class='ocrx_word' id='word_1_408' title='bbox 3692 2600 3788 2655; x_wconf 83' lang='lat' dir='ltr'><strong>ho-</strong></span> 
     </span>
    </p>
   </div>
   <div class='ocr_carea' id='block_1_53' title="bbox 2210 2683 3791 2757">
    <p class='ocr_par' dir='ltr' id='par_1_53' title="bbox 2210 2683 3791 2757">
     <span class='ocr_line' id='line_1_53' title="bbox 2210 2683 3791 2757; baseline 0.005 -20"><span class='ocrx_word' id='word_1_409' title='bbox 2210 2684 2381 2738; x_wconf 88' lang='lat' dir='ltr'><strong>mines</strong></span> <span class='ocrx_word' id='word_1_410' title='bbox 2424 2683 2729 2753; x_wconf 87' lang='lat' dir='ltr'><strong>ignorarent</strong></span> <span class='ocrx_word' id='word_1_411' title='bbox 2757 2698 2876 2753; x_wconf 65' lang='lat' dir='ltr'><strong>quae</strong></span> <span class='ocrx_word' id='word_1_412' title='bbox 2906 2685 3010 2755; x_wconf 66' lang='grc'><strong>43</strong></span> <span class='ocrx_word' id='word_1_413' title='bbox 3042 2686 3163 2741; x_wconf 88' lang='lat' dir='ltr'><strong>illos</strong></span> <span class='ocrx_word' id='word_1_414' title='bbox 3189 2701 3293 2742; x_wconf 89' lang='lat' dir='ltr'><strong>non</strong></span> <span class='ocrx_word' id='word_1_415' title='bbox 3324 2688 3601 2757; x_wconf 86' lang='lat' dir='ltr'><strong>oportebat</strong></span> <span class='ocrx_word' id='word_1_416' title='bbox 3624 2702 3791 2757; x_wconf 81' lang='lat' dir='ltr'><strong>agno-</strong></span> 
     </span>
    </p>
   </div>
   <div class='ocr_carea' id='block_1_54' title="bbox 2213 2775 3788 2848">
    <p class='ocr_par' dir='ltr' id='par_1_54' title="bbox 2213 2775 3788 2848">
     <span class='ocr_line' id='line_1_54' title="bbox 2213 2775 3788 2848; baseline 0.003 -20"><span class='ocrx_word' id='word_1_417' title='bbox 2213 2786 2384 2841; x_wconf 84' lang='lat' dir='ltr'><strong>scere,</strong></span> <span class='ocrx_word' id='word_1_418' title='bbox 2436 2783 2494 2829; x_wconf 92' lang='lat' dir='ltr'><strong>et</strong></span> <span class='ocrx_word' id='word_1_419' title='bbox 2532 2776 2632 2829; x_wconf 88' lang='lat' dir='ltr'><strong>hoc</strong></span> <span class='ocrx_word' id='word_1_420' title='bbox 2662 2775 2757 2829; x_wconf 88' lang='lat' dir='ltr'><strong>Dei</strong></span> <span class='ocrx_word' id='word_1_421' title='bbox 2784 2775 2951 2830; x_wconf 81' lang='lat' dir='ltr'><strong>Filius</strong></span> <span class='ocrx_word' id='word_1_422' title='bbox 2981 2792 3310 2848; x_wconf 87' lang='lat' dir='ltr'><strong>nequaquam</strong></span> <span class='ocrx_word' id='word_1_423' title='bbox 3340 2782 3517 2833; x_wconf 89' lang='lat' dir='ltr'><strong>carnis</strong></span> <span class='ocrx_word' id='word_1_424' title='bbox 3558 2779 3788 2833; x_wconf 87' lang='lat' dir='ltr'><strong>inﬁrmi-</strong></span> 
     </span>
    </p>
   </div>
   <div class='ocr_carea' id='block_1_55' title="bbox 2212 2867 3791 2939">
    <p class='ocr_par' dir='ltr' id='par_1_55' title="bbox 2212 2867 3791 2939">
     <span class='ocr_line' id='line_1_55' title="bbox 2212 2867 3791 2939; baseline 0.003 -18"><span class='ocrx_word' id='word_1_425' title='bbox 2212 2875 2320 2923; x_wconf 88' lang='lat' dir='ltr'><strong>tate</strong></span> <span class='ocrx_word' id='word_1_426' title='bbox 2342 2868 2591 2923; x_wconf 89' lang='lat' dir='ltr'><strong>nesciret.</strong></span> <span class='ocrx_word' id='word_1_427' title='bbox 2613 2867 2767 2933; x_wconf 83' lang='lat' dir='ltr'><strong>Quod</strong></span> <span class='ocrx_word' id='word_1_428' title='bbox 2787 2870 2833 2923; x_wconf 88' lang='lat' dir='ltr'><strong>si</strong></span> <span class='ocrx_word' id='word_1_429' title='bbox 2858 2868 3187 2939; x_wconf 87' lang='lat' dir='ltr'><strong>majestatem</strong></span> <span class='ocrx_word' id='word_1_430' title='bbox 3210 2871 3371 2935; x_wconf 89' lang='lat' dir='ltr'><strong>illam,</strong></span> <span class='ocrx_word' id='word_1_431' title='bbox 3398 2870 3537 2937; x_wconf 87' lang='lat' dir='ltr'><strong>quod</strong></span> <span class='ocrx_word' id='word_1_432' title='bbox 3564 2871 3674 2925; x_wconf 86' lang='lat' dir='ltr'><strong>dici</strong></span> <span class='ocrx_word' id='word_1_433' title='bbox 3703 2885 3791 2926; x_wconf 80' lang='lat' dir='ltr'><strong>ne-</strong></span> 
     </span>
    </p>
   </div>
   <div class='ocr_carea' id='block_1_56' title="bbox 2212 2958 3791 3032">
    <p class='ocr_par' dir='ltr' id='par_1_56' title="bbox 2212 2958 3791 3032">
     <span class='ocr_line' id='line_1_56' title="bbox 2212 2958 3791 3032; baseline 0.003 -19"><span class='ocrx_word' id='word_1_434' title='bbox 2212 2958 2290 3013; x_wconf 89' lang='lat' dir='ltr'><strong>fas</strong></span> <span class='ocrx_word' id='word_1_435' title='bbox 2309 2968 2410 3023; x_wconf 88' lang='lat' dir='ltr'><strong>est,</strong></span> <span class='ocrx_word' id='word_1_436' title='bbox 2426 2960 2623 3015; x_wconf 79' lang='lat' dir='ltr'><strong>texisse</strong></span> <span class='ocrx_word' id='word_1_437' title='bbox 2637 2961 2985 3030; x_wconf 88' lang='lat' dir='ltr'><strong>ignorantiam</strong></span> <span class='ocrx_word' id='word_1_438' title='bbox 3009 2963 3360 3031; x_wconf 90' lang='lat' dir='ltr'><strong>suspicemur,</strong></span> <span class='ocrx_word' id='word_1_439' title='bbox 3394 2962 3584 3017; x_wconf 86' lang='lat' dir='ltr'><strong>fortior</strong></span> <span class='ocrx_word' id='word_1_440' title='bbox 3605 2963 3791 3032; x_wconf 88' lang='lat' dir='ltr'><strong>utique</strong></span> 
     </span>
    </p>
   </div>
   <div class='ocr_carea' id='block_1_57' title="bbox 2217 3051 3791 3124">
    <p class='ocr_par' dir='ltr' id='par_1_57' title="bbox 2217 3051 3791 3124">
     <span class='ocr_line' id='line_1_57' title="bbox 2217 3051 3791 3124; baseline 0.003 -19"><span class='ocrx_word' id='word_1_441' title='bbox 2217 3051 2549 3106; x_wconf 81' lang='lat' dir='ltr'><strong>inveniretur</strong></span> <span class='ocrx_word' id='word_1_442' title='bbox 2578 3053 2875 3121; x_wconf 88' lang='lat' dir='ltr'><strong>ignorantia</strong></span> <span class='ocrx_word' id='word_1_443' title='bbox 2898 3069 3055 3123; x_wconf 91' lang='lat' dir='ltr'><strong>quam</strong></span> <span class='ocrx_word' id='word_1_444' title='bbox 3085 3055 3263 3108; x_wconf 90' lang='lat' dir='ltr'><strong>divina</strong></span> <span class='ocrx_word' id='word_1_445' title='bbox 3293 3063 3503 3121; x_wconf 88' lang='lat' dir='ltr'><strong>natura,</strong></span> <span class='ocrx_word' id='word_1_446' title='bbox 3545 3068 3686 3124; x_wconf 64' lang='lat' dir='ltr'><strong>quas,</strong></span> <span class='ocrx_word' id='word_1_447' title='bbox 3730 3064 3791 3110; x_wconf 89' lang='lat' dir='ltr'><strong>ut</strong></span> 
     </span>
    </p>
   </div>
   <div class='ocr_carea' id='block_1_58' title="bbox 2212 3142 3792 3214">
    <p class='ocr_par' dir='ltr' id='par_1_58' title="bbox 2212 3142 3792 3214">
     <span class='ocr_line' id='line_1_58' title="bbox 2212 3142 3792 3214; baseline 0.003 -19"><span class='ocrx_word' id='word_1_448' title='bbox 2212 3142 2373 3196; x_wconf 89' lang='lat' dir='ltr'><strong>stulte</strong></span> <span class='ocrx_word' id='word_1_449' title='bbox 2414 3143 2610 3212; x_wconf 88' lang='lat' dir='ltr'><strong>dicam,</strong></span> <span class='ocrx_word' id='word_1_450' title='bbox 2664 3145 2967 3214; x_wconf 84' lang='lat' dir='ltr'><strong>opprimere</strong></span> <span class='ocrx_word' id='word_1_451' title='bbox 3014 3144 3181 3199; x_wconf 87' lang='lat' dir='ltr'><strong>valuit</strong></span> <span class='ocrx_word' id='word_1_452' title='bbox 3237 3144 3643 3214; x_wconf 88' lang='lat' dir='ltr'><strong>providentiam,</strong></span> <span class='ocrx_word' id='word_1_453' title='bbox 3691 3159 3792 3212; x_wconf 88' lang='lat' dir='ltr'><strong>per</strong></span> 
     </span>
    </p>
   </div>
   <div class='ocr_carea' id='block_1_59' title="bbox 2214 3234 3788 3302">
    <p class='ocr_par' dir='ltr' id='par_1_59' title="bbox 2214 3234 3788 3302">
     <span class='ocr_line' id='line_1_59' title="bbox 2214 3234 3788 3302; baseline 0.001 -16"><span class='ocrx_word' id='word_1_454' title='bbox 2214 3247 2370 3302; x_wconf 88' lang='lat' dir='ltr'><strong>quam</strong></span> <span class='ocrx_word' id='word_1_455' title='bbox 2397 3234 2574 3289; x_wconf 89' lang='lat' dir='ltr'><strong>omnia</strong></span> <span class='ocrx_word' id='word_1_456' title='bbox 2596 3243 2719 3289; x_wconf 87' lang='lat' dir='ltr'><strong>sunt</strong></span> <span class='ocrx_word' id='word_1_457' title='bbox 2741 3244 2942 3290; x_wconf 86' lang='lat' dir='ltr'><strong>creata.</strong></span> <span class='ocrx_word' id='word_1_458' title='bbox 2969 3235 3074 3290; x_wconf 88' lang='lat' dir='ltr'><strong>Sed</strong></span> <span class='ocrx_word' id='word_1_459' title='bbox 3101 3250 3223 3290; x_wconf 90' lang='lat' dir='ltr'><strong>cum</strong></span> <span class='ocrx_word' id='word_1_460' title='bbox 3248 3238 3361 3290; x_wconf 71' lang='lat' dir='ltr'><strong>haec</strong></span> <span class='ocrx_word' id='word_1_461' title='bbox 3381 3235 3533 3289; x_wconf 87' lang='lat' dir='ltr'><strong>nimis</strong></span> <span class='ocrx_word' id='word_1_462' title='bbox 3550 3234 3788 3289; x_wconf 88' lang='lat' dir='ltr'><strong>docean-</strong></span> 
     </span>
    </p>
   </div>
   <div class='ocr_carea' id='block_1_60' title="bbox 538 3320 3784 3396">
    <p class='ocr_par' dir='ltr' id='par_1_60' title="bbox 538 3320 3784 3396">
     <span class='ocr_line' id='line_1_60' title="bbox 538 3320 3784 3396; baseline 0.001 -21"><span class='ocrx_word' id='word_1_463' title='bbox 538 3320 807 3389; x_wconf 85' lang='lat' dir='ltr'><strong>Sequitur,</strong></span> <span class='ocrx_word' id='word_1_464' title='bbox 838 3326 1298 3395; x_wconf 85' lang='lat' dir='ltr'><strong>concupiscentiam</strong></span> <span class='ocrx_word' id='word_1_465' title='bbox 1324 3328 1492 3381; x_wconf 86' lang='lat' dir='ltr'><strong>cordis</strong></span> <span class='ocrx_word' id='word_1_466' title='bbox 1520 3320 1714 3383; x_wconf 76' lang='lat' dir='ltr'><strong>eorum.</strong></span> <span class='ocrx_word' id='word_1_467' title='bbox 1750 3330 1861 3385; x_wconf 82' lang='lat' dir='ltr'><strong>Hoc</strong></span> <span class='ocrx_word' id='word_1_468' title='bbox 1886 3331 2105 3388; x_wconf 87' lang='lat' dir='ltr'><strong>verbum</strong></span> <span class='ocrx_word' id='word_1_469' title='bbox 2134 3334 2179 3396; x_wconf 87' lang='lat' dir='ltr'>C</span> <span class='ocrx_word' id='word_1_470' title='bbox 2214 3335 2298 3381; x_wconf 76' lang='lat' dir='ltr'><strong>tur</strong></span> <span class='ocrx_word' id='word_1_471' title='bbox 2321 3326 2575 3393; x_wconf 80' lang='lat' dir='ltr'><strong>absurda,</strong></span> <span class='ocrx_word' id='word_1_472' title='bbox 2621 3327 2844 3383; x_wconf 89' lang='lat' dir='ltr'><strong>credere</strong></span> <span class='ocrx_word' id='word_1_473' title='bbox 2870 3327 3087 3396; x_wconf 82' lang='lat' dir='ltr'><strong>dignum</strong></span> <span class='ocrx_word' id='word_1_474' title='bbox 3117 3337 3201 3382; x_wconf 91' lang='lat' dir='ltr'><strong>est</strong></span> <span class='ocrx_word' id='word_1_475' title='bbox 3242 3335 3410 3382; x_wconf 88' lang='lat' dir='ltr'><strong>totam</strong></span> <span class='ocrx_word' id='word_1_476' title='bbox 3438 3325 3784 3392; x_wconf 85' lang='lat' dir='ltr'><strong>Trinitatem,</strong></span> 
     </span>
    </p>
   </div>
   <div class='ocr_carea' id='block_1_61' title="bbox 537 3416 2114 3486">
    <p class='ocr_par' dir='ltr' id='par_1_61' title="bbox 537 3416 2114 3486">
     <span class='ocr_line' id='line_1_61' title="bbox 537 3416 2114 3486; baseline 0.01 -21"><span class='ocrx_word' id='word_1_477' title='bbox 537 3422 751 3468; x_wconf 88' lang='lat' dir='ltr'><strong>constat</strong></span> <span class='ocrx_word' id='word_1_478' title='bbox 778 3429 900 3470; x_wconf 82' lang='lat' dir='ltr'><strong>esse</strong></span> <span class='ocrx_word' id='word_1_479' title='bbox 937 3416 1242 3472; x_wconf 79' lang='lat' dir='ltr'><strong>violentius.</strong></span> <span class='ocrx_word' id='word_1_480' title='bbox 1287 3418 1708 3486; x_wconf 76' lang='lat' dir='ltr'><strong>Concupiscentia</strong></span> <span class='ocrx_word' id='word_1_481' title='bbox 1731 3423 1876 3477; x_wconf 92' lang='lat' dir='ltr'><strong>enim</strong></span> <span class='ocrx_word' id='word_1_482' title='bbox 1919 3425 1992 3480; x_wconf 87' lang='lat' dir='ltr'><strong>ibi</strong></span> <span class='ocrx_word' id='word_1_483' title='bbox 2033 3425 2114 3481; x_wconf 90' lang='lat' dir='ltr'><strong>di-</strong></span> 
     </span>
    </p>
   </div>
   <div class='ocr_carea' id='block_1_62' title="bbox 534 3503 2113 3579">
    <p class='ocr_par' dir='ltr' id='par_1_62' title="bbox 534 3503 2113 3579">
     <span class='ocr_line' id='line_1_62' title="bbox 534 3503 2113 3579; baseline 0.01 -22"><span class='ocrx_word' id='word_1_484' title='bbox 534 3503 695 3567; x_wconf 78' lang='lat' dir='ltr'><strong>citur,</strong></span> <span class='ocrx_word' id='word_1_485' title='bbox 744 3504 834 3560; x_wconf 80' lang='lat' dir='ltr'><strong>ubi</strong></span> <span class='ocrx_word' id='word_1_486' title='bbox 875 3508 1169 3576; x_wconf 70' lang='lat' dir='ltr'><strong>coniuratis</strong></span> <span class='ocrx_word' id='word_1_487' title='bbox 1215 3511 1607 3579; x_wconf 81' lang='lat' dir='ltr'><strong>quodammodo</strong></span> <span class='ocrx_word' id='word_1_488' title='bbox 1657 3516 1852 3572; x_wconf 87' lang='lat' dir='ltr'><strong>animae</strong></span> <span class='ocrx_word' id='word_1_489' title='bbox 1910 3518 2113 3575; x_wconf 88' lang='lat' dir='ltr'><strong>viribus</strong></span> 
     </span>
    </p>
   </div>
   <div class='ocr_carea' id='block_1_63' title="bbox 537 3590 2111 3673">
    <p class='ocr_par' dir='ltr' id='par_1_63' title="bbox 537 3590 2111 3673">
     <span class='ocr_line' id='line_1_63' title="bbox 537 3590 2111 3673; baseline 0.013 -30"><span class='ocrx_word' id='word_1_490' title='bbox 537 3590 735 3659; x_wconf 89' lang='lat' dir='ltr'><strong>aliquid</strong></span> <span class='ocrx_word' id='word_1_491' title='bbox 755 3593 948 3651; x_wconf 89' lang='lat' dir='ltr'><strong>ardore</strong></span> <span class='ocrx_word' id='word_1_492' title='bbox 968 3598 1164 3653; x_wconf 87' lang='lat' dir='ltr'><strong>mentis</strong></span> <span class='ocrx_word' id='word_1_493' title='bbox 1194 3601 1484 3669; x_wconf 89' lang='lat' dir='ltr'><strong>appetitur.</strong></span> <span class='ocrx_word' id='word_1_494' title='bbox 1536 3602 1807 3673; x_wconf 88' lang='lat' dir='ltr'><strong>Sequitur,</strong></span> <span class='ocrx_word' id='word_1_495' title='bbox 1850 3610 2111 3665; x_wconf 72' lang='lat' dir='ltr'><strong>exaudivit</strong></span> 
     </span>
    </p>
   </div>
   <div class='ocr_carea' id='block_1_64' title="bbox 538 3683 2111 3769">
    <p class='ocr_par' dir='ltr' id='par_1_64' title="bbox 538 3683 2111 3769">
     <span class='ocr_line' id='line_1_64' title="bbox 538 3683 2111 3769; baseline 0.016 -36"><span class='ocrx_word' id='word_1_496' title='bbox 538 3683 676 3736; x_wconf 83' lang='lat' dir='ltr'><strong>auris</strong></span> <span class='ocrx_word' id='word_1_497' title='bbox 704 3693 816 3738; x_wconf 82' lang='lat' dir='ltr'><strong>tua.</strong></span> <span class='ocrx_word' id='word_1_498' title='bbox 848 3686 1000 3753; x_wconf 79' lang='lat' dir='ltr'><strong>Quod</strong></span> <span class='ocrx_word' id='word_1_499' title='bbox 1025 3688 1339 3758; x_wconf 79' lang='lat' dir='ltr'><strong>regulariter</strong></span> <span class='ocrx_word' id='word_1_500' title='bbox 1358 3691 1617 3749; x_wconf 85' lang='lat' dir='ltr'><strong>debemus</strong></span> <span class='ocrx_word' id='word_1_501' title='bbox 1639 3696 1941 3769; x_wconf 87' lang='lat' dir='ltr'><strong>advertere,</strong></span> <span class='ocrx_word' id='word_1_502' title='bbox 1971 3702 2111 3758; x_wconf 87' lang='lat' dir='ltr'><strong>nihil</strong></span> 
     </span>
    </p>
   </div>
   <div class='ocr_carea' id='block_1_65' title="bbox 537 3773 2111 3858">
    <p class='ocr_par' dir='ltr' id='par_1_65' title="bbox 537 3773 2111 3858">
     <span class='ocr_line' id='line_1_65' title="bbox 537 3773 2111 3858; baseline 0.015 -30"><span class='ocrx_word' id='word_1_503' title='bbox 537 3773 590 3829; x_wconf 88' lang='lat' dir='ltr'><strong>in</strong></span> <span class='ocrx_word' id='word_1_504' title='bbox 623 3777 732 3833; x_wconf 90' lang='lat' dir='ltr'><strong>Deo</strong></span> <span class='ocrx_word' id='word_1_505' title='bbox 770 3782 1127 3849; x_wconf 83' lang='lat' dir='ltr'><strong>corporalium</strong></span> <span class='ocrx_word' id='word_1_506' title='bbox 1166 3800 1288 3843; x_wconf 86' lang='lat' dir='ltr'><strong>esse</strong></span> <span class='ocrx_word' id='word_1_507' title='bbox 1317 3790 1707 3858; x_wconf 89' lang='lat' dir='ltr'><strong>membrorum,</strong></span> <span class='ocrx_word' id='word_1_508' title='bbox 1759 3795 1854 3849; x_wconf 88' lang='lat' dir='ltr'><strong>sed</strong></span> <span class='ocrx_word' id='word_1_509' title='bbox 1894 3795 2111 3851; x_wconf 88' lang='lat' dir='ltr'><strong>virtutis</strong></span> 
     </span>
    </p>
   </div>
   <div class='ocr_carea' id='block_1_66' title="bbox 538 3864 2108 3956">
    <p class='ocr_par' dir='ltr' id='par_1_66' title="bbox 538 3864 2108 3956">
     <span class='ocr_line' id='line_1_66' title="bbox 538 3864 2108 3956; baseline 0.013 -34"><span class='ocrx_word' id='word_1_510' title='bbox 538 3864 655 3935; x_wconf 86' lang='lat' dir='ltr'><strong>ejus</strong></span> <span class='ocrx_word' id='word_1_511' title='bbox 684 3868 925 3942; x_wconf 80' lang='lat' dir='ltr'><strong>ell‘ectus,</strong></span> <span class='ocrx_word' id='word_1_512' title='bbox 972 3888 1075 3944; x_wconf 85' lang='lat' dir='ltr'><strong>qua</strong></span> <span class='ocrx_word' id='word_1_513' title='bbox 1105 3876 1277 3945; x_wconf 88' lang='lat' dir='ltr'><strong>audit,</strong></span> <span class='ocrx_word' id='word_1_514' title='bbox 1325 3882 1468 3936; x_wconf 83' lang='lat' dir='ltr'><strong>auris</strong></span> <span class='ocrx_word' id='word_1_515' title='bbox 1497 3892 1757 3951; x_wconf 87' lang='lat' dir='ltr'><strong>vocatur;</strong></span> <span class='ocrx_word' id='word_1_516' title='bbox 1810 3901 1915 3955; x_wconf 89' lang='lat' dir='ltr'><strong>qua</strong></span> <span class='ocrx_word' id='word_1_517' title='bbox 1944 3887 2108 3956; x_wconf 89' lang='lat' dir='ltr'><strong>videt,</strong></span> 
     </span>
    </p>
   </div>
   <div class='ocr_carea' id='block_1_67' title="bbox 546 3962 2109 4037">
    <p class='ocr_par' dir='ltr' id='par_1_67' title="bbox 546 3962 2109 4037">
     <span class='ocr_line' id='line_1_67' title="bbox 546 3962 2109 4037; baseline 0.016 -25"><span class='ocrx_word' id='word_1_518' title='bbox 546 3962 787 4029; x_wconf 86' lang='lat' dir='ltr'><strong>oculus;</strong></span> <span class='ocrx_word' id='word_1_519' title='bbox 846 3981 950 4034; x_wconf 89' lang='lat' dir='ltr'><strong>qua</strong></span> <span class='ocrx_word' id='word_1_520' title='bbox 994 3970 1223 4036; x_wconf 87' lang='lat' dir='ltr'><strong>perﬁcit,</strong></span> <span class='ocrx_word' id='word_1_521' title='bbox 1277 3988 1481 4030; x_wconf 87' lang='lat' dir='ltr'><strong>manus.</strong></span> <span class='ocrx_word' id='word_1_522' title='bbox 1549 3977 1747 4031; x_wconf 85' lang='lat' dir='ltr'><strong>Verum</strong></span> <span class='ocrx_word' id='word_1_523' title='bbox 1804 3978 1921 4036; x_wconf 69' lang='lat' dir='ltr'><strong>haec</strong></span> <span class='ocrx_word' id='word_1_524' title='bbox 1970 3981 2109 4037; x_wconf 87' lang='lat' dir='ltr'><strong>dicta</strong></span> 
     </span>
    </p>
   </div>
   <div class='ocr_carea' id='block_1_68' title="bbox 538 4051 2108 4144">
    <p class='ocr_par' dir='ltr' id='par_1_68' title="bbox 538 4051 2108 4144">
     <span class='ocr_line' id='line_1_68' title="bbox 538 4051 2108 4144; baseline 0.017 -41"><span class='ocrx_word' id='word_1_525' title='bbox 538 4051 835 4110; x_wconf 82' lang='lat' dir='ltr'><strong>condantur</strong></span> <span class='ocrx_word' id='word_1_526' title='bbox 858 4060 1153 4130; x_wconf 68' lang='lat' dir='ltr'><strong>memorias,</strong></span> <span class='ocrx_word' id='word_1_527' title='bbox 1182 4077 1274 4134; x_wconf 90' lang='lat' dir='ltr'><strong>ue,</strong></span> <span class='ocrx_word' id='word_1_528' title='bbox 1301 4065 1422 4134; x_wconf 87' lang='lat' dir='ltr'><strong>quia</strong></span> <span class='ocrx_word' id='word_1_529' title='bbox 1444 4069 1634 4124; x_wconf 90' lang='lat' dir='ltr'><strong>crebro</strong></span> <span class='ocrx_word' id='word_1_530' title='bbox 1655 4072 1940 4140; x_wconf 90' lang='lat' dir='ltr'><strong>repetenda</strong></span> <span class='ocrx_word' id='word_1_531' title='bbox 1963 4081 2108 4144; x_wconf 90' lang='lat' dir='ltr'><strong>sunt,</strong></span> 
     </span>
    </p>
   </div>
   <div class='ocr_carea' id='block_1_69' title="bbox 545 4147 2002 4221">
    <p class='ocr_par' dir='ltr' id='par_1_69' title="bbox 545 4147 2002 4221">
     <span class='ocr_line' id='line_1_69' title="bbox 545 4147 2002 4221; baseline 0.016 -24"><span class='ocrx_word' id='word_1_532' title='bbox 545 4158 642 4199; x_wconf 86' lang='lat' dir='ltr'><strong>nos</strong></span> <span class='ocrx_word' id='word_1_533' title='bbox 686 4147 802 4217; x_wconf 84' lang='lat' dir='ltr'><strong>ipsa</strong></span> <span class='ocrx_word' id='word_1_534' title='bbox 844 4154 1137 4221; x_wconf 80' lang='lat' dir='ltr'><strong>repetendo</strong></span> <span class='ocrx_word' id='word_1_535' title='bbox 1182 4154 1452 4213; x_wconf 87' lang='lat' dir='ltr'><strong>fastidium</strong></span> <span class='ocrx_word' id='word_1_536' title='bbox 1495 4160 1669 4218; x_wconf 87' lang='lat' dir='ltr'><strong>facere</strong></span> <span class='ocrx_word' id='word_1_537' title='bbox 1708 4164 2002 4221; x_wconf 87' lang='lat' dir='ltr'><strong>videamur.</strong></span> 
     </span>
    </p>
   </div>
   <div class='ocr_carea' id='block_1_70' title="bbox 628 4234 2110 4329">
    <p class='ocr_par' dir='ltr' id='par_1_70' title="bbox 628 4234 2110 4329">
     <span class='ocr_line' id='line_1_70' title="bbox 628 4234 2110 4329; baseline 0.016 -39"><span class='ocrx_word' id='word_1_538' title='bbox 628 4234 777 4293; x_wconf 76' lang='lat' dir='ltr'><strong>Yers.</strong></span> <span class='ocrx_word' id='word_1_539' title='bbox 805 4239 895 4296; x_wconf 66' lang='lat'><strong>40.</strong></span> <span class='ocrx_word' id='word_1_540' title='bbox 935 4240 1180 4302; x_wconf 76' lang='lat' dir='ltr'><strong>Judicare</strong></span> <span class='ocrx_word' id='word_1_541' title='bbox 1203 4250 1401 4320; x_wconf 88' lang='lat' dir='ltr'><strong>pupillo</strong></span> <span class='ocrx_word' id='word_1_542' title='bbox 1422 4262 1469 4305; x_wconf 87' lang='lat' dir='ltr'><strong>et</strong></span> <span class='ocrx_word' id='word_1_543' title='bbox 1507 4254 1710 4323; x_wconf 82' lang='lat' dir='ltr'><strong>humili,</strong></span> <span class='ocrx_word' id='word_1_544' title='bbox 1741 4266 1795 4310; x_wconf 88' lang='lat' dir='ltr'><strong>ut</strong></span> <span class='ocrx_word' id='word_1_545' title='bbox 1816 4274 1916 4312; x_wconf 88' lang='lat' dir='ltr'><strong>non</strong></span> <span class='ocrx_word' id='word_1_546' title='bbox 1948 4274 2110 4329; x_wconf 82' lang='lat' dir='ltr'><strong>appo-</strong></span> 
     </span>
    </p>
   </div>
   <div class='ocr_carea' id='block_1_71' title="bbox 534 4329 2109 4415">
    <p class='ocr_par' dir='ltr' id='par_1_71' title="bbox 534 4329 2109 4415">
     <span class='ocr_line' id='line_1_71' title="bbox 534 4329 2109 4415; baseline 0.018 -38"><span class='ocrx_word' id='word_1_547' title='bbox 534 4336 629 4380; x_wconf 82' lang='lat' dir='ltr'><strong>nat</strong></span> <span class='ocrx_word' id='word_1_548' title='bbox 680 4329 817 4383; x_wconf 84' lang='lat' dir='ltr'><strong>ultra</strong></span> <span class='ocrx_word' id='word_1_549' title='bbox 861 4336 1191 4401; x_wconf 82' lang='lat' dir='ltr'><strong>magniﬁcare</strong></span> <span class='ocrx_word' id='word_1_550' title='bbox 1236 4355 1291 4394; x_wconf 89' lang='lat' dir='ltr'><strong>se</strong></span> <span class='ocrx_word' id='word_1_551' title='bbox 1319 4342 1469 4396; x_wconf 85' lang='lat' dir='ltr'><strong>homo</strong></span> <span class='ocrx_word' id='word_1_552' title='bbox 1512 4361 1663 4415; x_wconf 83' lang='lat' dir='ltr'><strong>super</strong></span> <span class='ocrx_word' id='word_1_553' title='bbox 1718 4356 1922 4403; x_wconf 82' lang='lat' dir='ltr'><strong>terram.</strong></span> <span class='ocrx_word' id='word_1_554' title='bbox 1972 4352 2109 4407; x_wconf 85' lang='lat' dir='ltr'><strong>Ecce</strong></span> 
     </span>
    </p>
   </div>
   <div class='ocr_carea' id='block_1_72' title="bbox 539 4420 2108 4506">
    <p class='ocr_par' dir='ltr' id='par_1_72' title="bbox 539 4420 2108 4506">
     <span class='ocr_line' id='line_1_72' title="bbox 539 4420 2108 4506; baseline 0.02 -38"><span class='ocrx_word' id='word_1_555' title='bbox 539 4420 853 4479; x_wconf 82' lang='lat' dir='ltr'><strong>auctoritate</strong></span> <span class='ocrx_word' id='word_1_556' title='bbox 904 4426 1214 4494; x_wconf 85' lang='lat' dir='ltr'><strong>prophetica</strong></span> <span class='ocrx_word' id='word_1_557' title='bbox 1264 4446 1707 4506; x_wconf 84' lang='lat' dir='ltr'><strong>commonemur,</strong></span> <span class='ocrx_word' id='word_1_558' title='bbox 1779 4454 1885 4495; x_wconf 87' lang='lat' dir='ltr'><strong>non</strong></span> <span class='ocrx_word' id='word_1_559' title='bbox 1933 4443 2108 4500; x_wconf 89' lang='lat' dir='ltr'><strong>solum</strong></span> 
     </span>
    </p>
   </div>
   <div class='ocr_carea' id='block_1_73' title="bbox 538 4515 2109 4595">
    <p class='ocr_par' dir='ltr' id='par_1_73' title="bbox 538 4515 2109 4595">
     <span class='ocr_line' id='line_1_73' title="bbox 538 4515 2109 4595; baseline 0.018 -30"><span class='ocrx_word' id='word_1_560' title='bbox 538 4515 831 4581; x_wconf 84' lang='lat' dir='ltr'><strong>quemlibet</strong></span> <span class='ocrx_word' id='word_1_561' title='bbox 876 4521 1149 4591; x_wconf 72' lang='lat' dir='ltr'><strong>pupillum,</strong></span> <span class='ocrx_word' id='word_1_562' title='bbox 1195 4523 1289 4578; x_wconf 90' lang='lat' dir='ltr'><strong>sed</strong></span> <span class='ocrx_word' id='word_1_563' title='bbox 1344 4527 1596 4595; x_wconf 85' lang='lat' dir='ltr'><strong>pupillum</strong></span> <span class='ocrx_word' id='word_1_564' title='bbox 1633 4540 1681 4585; x_wconf 89' lang='lat' dir='ltr'><strong>et</strong></span> <span class='ocrx_word' id='word_1_565' title='bbox 1728 4532 1969 4589; x_wconf 85' lang='lat' dir='ltr'><strong>humilem</strong></span> <span class='ocrx_word' id='word_1_566' title='bbox 1997 4536 2109 4594; x_wconf 90' lang='lat' dir='ltr'><strong>Deo</strong></span> 
     </span>
    </p>
   </div>
   <div class='ocr_carea' id='block_1_74' title="bbox 542 4610 2108 4701">
    <p class='ocr_par' dir='ltr' id='par_1_74' title="bbox 542 4610 2108 4701">
     <span class='ocr_line' id='line_1_74' title="bbox 542 4610 2108 4701; baseline 0.016 -40"><span class='ocrx_word' id='word_1_567' title='bbox 542 4620 660 4701; x_wconf 74' lang='lat' dir='ltr'><strong>esse</strong></span> <span class='ocrx_word' id='word_1_568' title='bbox 686 4610 1068 4701; x_wconf 85' lang='lat' dir='ltr'><strong>gratissimum.</strong></span> <span class='ocrx_word' id='word_1_569' title='bbox 1120 4614 1251 4672; x_wconf 85' lang='lat' dir='ltr'><strong>Nam</strong></span> <span class='ocrx_word' id='word_1_570' title='bbox 1280 4632 1401 4673; x_wconf 84' lang='lat' dir='ltr'><strong>cum</strong></span> <span class='ocrx_word' id='word_1_571' title='bbox 1430 4619 1558 4675; x_wconf 85' lang='lat' dir='ltr'><strong>dicit</strong></span> <span class='ocrx_word' id='word_1_572' title='bbox 1582 4640 1594 4675; x_wconf 87' lang='lat'><strong>:</strong></span> <span class='ocrx_word' id='word_1_573' title='bbox 1625 4621 1870 4681; x_wconf 75' lang='lat' dir='ltr'><strong>Judicare</strong></span> <span class='ocrx_word' id='word_1_574' title='bbox 1909 4631 2108 4701; x_wconf 81' lang='lat' dir='ltr'><strong>pupillo</strong></span> 
     </span>
    </p>
   </div>
   <div class='ocr_carea' id='block_1_75' title="bbox 542 4698 2192 4794">
    <p class='ocr_par' dir='ltr' id='par_1_75' title="bbox 542 4698 2192 4794">
     <span class='ocr_line' id='line_1_75' title="bbox 542 4698 2192 4794; baseline 0.02 -45"><span class='ocrx_word' id='word_1_575' title='bbox 542 4708 591 4794; x_wconf 68' lang='lat' dir='ltr'><strong>et</strong></span> <span class='ocrx_word' id='word_1_576' title='bbox 620 4698 826 4794; x_wconf 70' lang='lat' dir='ltr'><strong>hunn’li,</strong></span> <span class='ocrx_word' id='word_1_577' title='bbox 864 4704 1130 4773; x_wconf 79' lang='lat' dir='ltr'><strong>signiﬁcat</strong></span> <span class='ocrx_word' id='word_1_578' title='bbox 1158 4723 1253 4776; x_wconf 87' lang='lat' dir='ltr'><strong>pro</strong></span> <span class='ocrx_word' id='word_1_579' title='bbox 1281 4710 1397 4779; x_wconf 90' lang='lat' dir='ltr'><strong>ipso</strong></span> <span class='ocrx_word' id='word_1_580' title='bbox 1424 4712 1548 4767; x_wconf 85' lang='lat' dir='ltr'><strong>ferri</strong></span> <span class='ocrx_word' id='word_1_581' title='bbox 1580 4729 1738 4784; x_wconf 89' lang='lat' dir='ltr'><strong>posse</strong></span> <span class='ocrx_word' id='word_1_582' title='bbox 1766 4698 2107 4780; x_wconf 86' lang='lat' dir='ltr'><strong>sententiam.</strong></span> <span class='ocrx_word' id='word_1_583' title='bbox 2138 4733 2192 4794; x_wconf 82' lang='lat'><strong>1)</strong></span> 
     </span>
    </p>
   </div>
   <div class='ocr_carea' id='block_1_76' title="bbox 540 4788 2105 4883">
    <p class='ocr_par' dir='ltr' id='par_1_76' title="bbox 540 4788 2105 4883">
     <span class='ocr_line' id='line_1_76' title="bbox 540 4788 2105 4883; baseline 0.019 -39"><span class='ocrx_word' id='word_1_584' title='bbox 540 4788 646 4883; x_wconf 80' lang='lat' dir='ltr'><strong>Sed</strong></span> <span class='ocrx_word' id='word_1_585' title='bbox 692 4807 813 4848; x_wconf 88' lang='lat' dir='ltr'><strong>eum</strong></span> <span class='ocrx_word' id='word_1_586' title='bbox 864 4794 1075 4853; x_wconf 77' lang='lat' dir='ltr'><strong>humilis</strong></span> <span class='ocrx_word' id='word_1_587' title='bbox 1124 4798 1339 4868; x_wconf 89' lang='lat' dir='ltr'><strong>dicitur,</strong></span> <span class='ocrx_word' id='word_1_588' title='bbox 1397 4804 1721 4873; x_wconf 82' lang='lat' dir='ltr'><strong>iustissimus</strong></span> <span class='ocrx_word' id='word_1_589' title='bbox 1768 4815 2105 4883; x_wconf 84' lang='lat' dir='ltr'><strong>approbatur.</strong></span> 
     </span>
    </p>
   </div>
   <div class='ocr_carea' id='block_1_77' title="bbox 541 4882 2108 4978">
    <p class='ocr_par' dir='ltr' id='par_1_77' title="bbox 541 4882 2108 4978">
     <span class='ocr_line' id='line_1_77' title="bbox 541 4882 2108 4978; baseline 0.019 -44"><span class='ocrx_word' id='word_1_590' title='bbox 541 4882 791 4978; x_wconf 49' lang='lat' dir='ltr'><strong>Dequitur</strong></span> <span class='ocrx_word' id='word_1_591' title='bbox 818 4900 1032 4957; x_wconf 80' lang='lat' dir='ltr'><strong>quoque</strong></span> <span class='ocrx_word' id='word_1_592' title='bbox 1059 4889 1332 4949; x_wconf 84' lang='lat' dir='ltr'><strong>deﬁnitiva</strong></span> <span class='ocrx_word' id='word_1_593' title='bbox 1359 4898 1660 4967; x_wconf 88' lang='lat' dir='ltr'><strong>promissio,</strong></span> <span class='ocrx_word' id='word_1_594' title='bbox 1714 4882 1847 4959; x_wconf 87' lang='lat' dir='ltr'><strong>ideo</strong></span> <span class='ocrx_word' id='word_1_595' title='bbox 1865 4905 1953 4960; x_wconf 90' lang='lat' dir='ltr'><strong>illa</strong></span> <span class='ocrx_word' id='word_1_596' title='bbox 1988 4924 2108 4978; x_wconf 71' lang='lat' dir='ltr'><strong>quas</strong></span> 
     </span>
    </p>
   </div>
   <div class='ocr_carea' id='block_1_78' title="bbox 544 4975 2109 5069">
    <p class='ocr_par' dir='ltr' id='par_1_78' title="bbox 544 4975 2109 5069">
     <span class='ocr_line' id='line_1_78' title="bbox 544 4975 2109 5069; baseline 0.018 -40"><span class='ocrx_word' id='word_1_597' title='bbox 544 4975 683 5030; x_wconf 85' lang='lat' dir='ltr'><strong>dicta</strong></span> <span class='ocrx_word' id='word_1_598' title='bbox 713 4986 838 5035; x_wconf 81' lang='lat' dir='ltr'><strong>sunt</strong></span> <span class='ocrx_word' id='word_1_599' title='bbox 865 4979 1001 5048; x_wconf 83' lang='lat' dir='ltr'><strong>ﬁeri,</strong></span> <span class='ocrx_word' id='word_1_600' title='bbox 1027 4991 1086 5039; x_wconf 89' lang='lat' dir='ltr'><strong>ut</strong></span> <span class='ocrx_word' id='word_1_601' title='bbox 1111 4984 1330 5043; x_wconf 80' lang='lat' dir='ltr'><strong>ulterius</strong></span> <span class='ocrx_word' id='word_1_602' title='bbox 1354 5004 1384 5042; x_wconf 93' lang='lat' dir='ltr'><strong>a</strong></span> <span class='ocrx_word' id='word_1_603' title='bbox 1412 4991 1559 5047; x_wconf 88' lang='lat' dir='ltr'><strong>nullo</strong></span> <span class='ocrx_word' id='word_1_604' title='bbox 1587 4995 1861 5052; x_wconf 85' lang='lat' dir='ltr'><strong>hominum</strong></span> <span class='ocrx_word' id='word_1_605' title='bbox 1890 4975 2109 5069; x_wconf 83' lang='lat' dir='ltr'><strong>permit-</strong></span> 
     </span>
    </p>
   </div>
   <div class='ocr_carea' id='block_1_79' title="bbox 544 5071 2107 5149">
    <p class='ocr_par' dir='ltr' id='par_1_79' title="bbox 544 5071 2107 5149">
     <span class='ocr_line' id='line_1_79' title="bbox 544 5071 2107 5149; baseline 0.018 -28"><span class='ocrx_word' id='word_1_606' title='bbox 544 5074 688 5123; x_wconf 87' lang='lat' dir='ltr'><strong>tatur</strong></span> <span class='ocrx_word' id='word_1_607' title='bbox 733 5071 944 5128; x_wconf 78' lang='lat' dir='ltr'><strong>exoedi.</strong></span> <span class='ocrx_word' id='word_1_608' title='bbox 999 5072 1148 5132; x_wconf 85' lang='lat' dir='ltr'><strong>Tunc</strong></span> <span class='ocrx_word' id='word_1_609' title='bbox 1192 5078 1453 5149; x_wconf 86' lang='lat' dir='ltr'><strong>siquidem</strong></span> <span class='ocrx_word' id='word_1_610' title='bbox 1483 5086 1660 5141; x_wconf 88' lang='lat' dir='ltr'><strong>omnia</strong></span> <span class='ocrx_word' id='word_1_611' title='bbox 1702 5090 1837 5144; x_wconf 84' lang='lat' dir='ltr'><strong>mala</strong></span> <span class='ocrx_word' id='word_1_612' title='bbox 1880 5091 2107 5149; x_wconf 86' lang='lat' dir='ltr'><strong>ﬁnienda</strong></span> 
     </span>
    </p>
   </div>
   <div class='ocr_carea' id='block_1_80' title="bbox 544 5163 2109 5246">
    <p class='ocr_par' dir='ltr' id='par_1_80' title="bbox 544 5163 2109 5246">
     <span class='ocr_line' id='line_1_80' title="bbox 544 5163 2109 5246; baseline 0.019 -35"><span class='ocrx_word' id='word_1_613' title='bbox 544 5168 687 5229; x_wconf 88' lang='lat' dir='ltr'><strong>sunt,</strong></span> <span class='ocrx_word' id='word_1_614' title='bbox 737 5163 949 5231; x_wconf 90' lang='lat' dir='ltr'><strong>quando</strong></span> <span class='ocrx_word' id='word_1_615' title='bbox 990 5176 1174 5224; x_wconf 89' lang='lat' dir='ltr'><strong>auctor</strong></span> <span class='ocrx_word' id='word_1_616' title='bbox 1200 5174 1437 5230; x_wconf 91' lang='lat' dir='ltr'><strong>omnium</strong></span> <span class='ocrx_word' id='word_1_617' title='bbox 1481 5189 1820 5246; x_wconf 90' lang='lat' dir='ltr'><strong>peccatorum</strong></span> <span class='ocrx_word' id='word_1_618' title='bbox 1865 5199 1987 5239; x_wconf 89' lang='lat' dir='ltr'><strong>cum</strong></span> <span class='ocrx_word' id='word_1_619' title='bbox 2015 5200 2109 5241; x_wconf 88' lang='lat' dir='ltr'><strong>sua</strong></span> 
     </span>
    </p>
   </div>
   <div class='ocr_carea' id='block_1_81' title="bbox 548 5252 2112 5347">
    <p class='ocr_par' dir='ltr' id='par_1_81' title="bbox 548 5252 2112 5347">
     <span class='ocr_line' id='line_1_81' title="bbox 548 5252 2112 5347; baseline 0.019 -42"><span class='ocrx_word' id='word_1_620' title='bbox 548 5252 700 5347; x_wconf 78' lang='lat' dir='ltr'><strong>plebe</strong></span> <span class='ocrx_word' id='word_1_621' title='bbox 720 5254 1077 5347; x_wconf 82' lang='lat' dir='ltr'><strong>damnabitur.</strong></span> <span class='ocrx_word' id='word_1_622' title='bbox 1110 5261 1235 5320; x_wconf 67' lang='lat' dir='ltr'><strong>Haec</strong></span> <span class='ocrx_word' id='word_1_623' title='bbox 1262 5278 1385 5324; x_wconf 91' lang='lat' dir='ltr'><strong>sunt</strong></span> <span class='ocrx_word' id='word_1_624' title='bbox 1410 5273 1609 5326; x_wconf 86' lang='lat' dir='ltr'><strong>occulta</strong></span> <span class='ocrx_word' id='word_1_625' title='bbox 1632 5272 1752 5343; x_wconf 82' lang='lat' dir='ltr'><strong>ﬁlii,</strong></span> <span class='ocrx_word' id='word_1_626' title='bbox 1774 5290 1895 5344; x_wconf 85' lang='lat' dir='ltr'><strong>quae</strong></span> <span class='ocrx_word' id='word_1_627' title='bbox 1922 5277 2112 5347; x_wconf 88' lang='lat' dir='ltr'><strong>psalmi</strong></span> 
     </span>
    </p>
   </div>
   <div class='ocr_carea' id='block_1_82' title="bbox 531 5341 2109 5432">
    <p class='ocr_par' dir='ltr' id='par_1_82' title="bbox 531 5341 2109 5432">
     <span class='ocr_line' id='line_1_82' title="bbox 531 5341 2109 5432; baseline 0.018 -38"><span class='ocrx_word' id='word_1_628' title='bbox 531 5341 703 5432; x_wconf 77' lang='lat' dir='ltr'><strong>hujus</strong></span> <span class='ocrx_word' id='word_1_629' title='bbox 749 5344 934 5403; x_wconf 84' lang='lat' dir='ltr'><strong>titulus</strong></span> <span class='ocrx_word' id='word_1_630' title='bbox 959 5351 1122 5409; x_wconf 83' lang='lat' dir='ltr'><strong>canit.</strong></span> <span class='ocrx_word' id='word_1_631' title='bbox 1176 5353 1309 5412; x_wconf 83' lang='lat' dir='ltr'><strong>Nam</strong></span> <span class='ocrx_word' id='word_1_632' title='bbox 1341 5359 1470 5416; x_wconf 89' lang='lat' dir='ltr'><strong>licet</strong></span> <span class='ocrx_word' id='word_1_633' title='bbox 1498 5376 1593 5431; x_wconf 85' lang='lat' dir='ltr'><strong>per</strong></span> <span class='ocrx_word' id='word_1_634' title='bbox 1629 5341 1872 5432; x_wconf 76' lang='lat' dir='ltr'><strong>quaedam</strong></span> <span class='ocrx_word' id='word_1_635' title='bbox 1915 5341 2109 5424; x_wconf 78' lang='lat' dir='ltr'><strong>indicia</strong></span> 
     </span>
    </p>
   </div>
   <div class='ocr_carea' id='block_1_83' title="bbox 528 5431 2110 5525">
    <p class='ocr_par' dir='ltr' id='par_1_83' title="bbox 528 5431 2110 5525">
     <span class='ocr_line' id='line_1_83' title="bbox 528 5431 2110 5525; baseline 0.018 -40"><span class='ocrx_word' id='word_1_636' title='bbox 528 5431 854 5525; x_wconf 64' lang='lat' dir='ltr'><strong>frequenter</strong></span> <span class='ocrx_word' id='word_1_637' title='bbox 880 5438 1162 5500; x_wconf 86' lang='lat' dir='ltr'><strong>videantur</strong></span> <span class='ocrx_word' id='word_1_638' title='bbox 1188 5446 1386 5516; x_wconf 82' lang='lat' dir='ltr'><strong>edicta,</strong></span> <span class='ocrx_word' id='word_1_639' title='bbox 1428 5431 1841 5519; x_wconf 15' lang='lat' dir='ltr'><strong>quandoitamen</strong></span> <span class='ocrx_word' id='word_1_640' title='bbox 1871 5458 2110 5525; x_wconf 78' lang='lat' dir='ltr'><strong>veniant,</strong></span> 
     </span>
    </p>
   </div>
   <div class='ocr_carea' id='block_1_84' title="bbox 530 5523 2114 5612">
    <p class='ocr_par' dir='ltr' id='par_1_84' title="bbox 530 5523 2114 5612">
     <span class='ocr_line' id='line_1_84' title="bbox 530 5523 2114 5612; baseline 0.017 -35"><span class='ocrx_word' id='word_1_641' title='bbox 530 5523 855 5597; x_wconf 32' lang='lat' dir='ltr'><strong>‘bominibus</strong></span> <span class='ocrx_word' id='word_1_642' title='bbox 900 5531 1166 5606; x_wconf 71' lang='lat' dir='ltr'><strong>incognita</strong></span> <span class='ocrx_word' id='word_1_643' title='bbox 1216 5538 1502 5595; x_wconf 74' lang='lat' dir='ltr'><strong>habentur.</strong></span> <span class='ocrx_word' id='word_1_644' title='bbox 1565 5541 1641 5596; x_wconf 91' lang='lat' dir='ltr'><strong>De</strong></span> <span class='ocrx_word' id='word_1_645' title='bbox 1680 5543 1797 5612; x_wconf 86' lang='lat' dir='ltr'><strong>ipso</strong></span> <span class='ocrx_word' id='word_1_646' title='bbox 1836 5548 1977 5599; x_wconf 91' lang='lat' dir='ltr'><strong>enim</strong></span> <span class='ocrx_word' id='word_1_647' title='bbox 2026 5523 2114 5605; x_wconf 85' lang='lat' dir='ltr'><strong>die</strong></span> 
     </span>
    </p>
   </div>
   <div class='ocr_carea' id='block_1_85' title="bbox 543 5615 2108 5699">
    <p class='ocr_par' dir='ltr' id='par_1_85' title="bbox 543 5615 2108 5699">
     <span class='ocr_line' id='line_1_85' title="bbox 543 5615 2108 5699; baseline 0.017 -30"><span class='ocrx_word' id='word_1_648' title='bbox 543 5615 799 5676; x_wconf 85' lang='lat' dir='ltr'><strong>Dominus</strong></span> <span class='ocrx_word' id='word_1_649' title='bbox 836 5624 889 5679; x_wconf 92' lang='lat' dir='ltr'><strong>in</strong></span> <span class='ocrx_word' id='word_1_650' title='bbox 921 5626 1210 5699; x_wconf 79' lang='lat' dir='ltr'><strong>Evangelia</strong></span> <span class='ocrx_word' id='word_1_651' title='bbox 1254 5632 1425 5688; x_wconf 88' lang='lat' dir='ltr'><strong>dicit:</strong></span> <span class='ocrx_word' id='word_1_652' title='bbox 1478 5631 1556 5686; x_wconf 89' lang='lat' dir='ltr'><strong>De</strong></span> <span class='ocrx_word' id='word_1_653' title='bbox 1581 5634 1661 5688; x_wconf 85' lang='lat' dir='ltr'><strong>die</strong></span> <span class='ocrx_word' id='word_1_654' title='bbox 1696 5646 1866 5691; x_wconf 85' lang='lat' dir='ltr'><strong>autem</strong></span> <span class='ocrx_word' id='word_1_655' title='bbox 1915 5640 2007 5693; x_wconf 87' lang='lat' dir='ltr'><strong>illa</strong></span> <span class='ocrx_word' id='word_1_656' title='bbox 2059 5650 2108 5695; x_wconf 91' lang='lat' dir='ltr'><strong>et</strong></span> 
     </span>
    </p>
   </div>
   <div class='ocr_carea' id='block_1_86' title="bbox 547 5711 2103 5801">
    <p class='ocr_par' dir='ltr' id='par_1_86' title="bbox 547 5711 2103 5801">
     <span class='ocr_line' id='line_1_86' title="bbox 547 5711 2103 5801; baseline 0.017 -38"><span class='ocrx_word' id='word_1_657' title='bbox 547 5711 673 5767; x_wconf 87' lang='lat' dir='ltr'><strong>hora</strong></span> <span class='ocrx_word' id='word_1_658' title='bbox 701 5732 847 5773; x_wconf 84' lang='lat' dir='ltr'><strong>nemo</strong></span> <span class='ocrx_word' id='word_1_659' title='bbox 876 5721 989 5790; x_wconf 84' lang='lat' dir='ltr'><strong>scit,</strong></span> <span class='ocrx_word' id='word_1_660' title='bbox 1032 5738 1192 5792; x_wconf 77' lang='lat' dir='ltr'><strong>neque</strong></span> <span class='ocrx_word' id='word_1_661' title='bbox 1215 5726 1386 5794; x_wconf 80' lang='lat' dir='ltr'><strong>angeli</strong></span> <span class='ocrx_word' id='word_1_662' title='bbox 1424 5726 1684 5795; x_wconf 67' lang='lat' dir='ltr'><strong>oculorum,</strong></span> <span class='ocrx_word' id='word_1_663' title='bbox 1726 5747 1883 5799; x_wconf 85' lang='lat' dir='ltr'><strong>neque</strong></span> <span class='ocrx_word' id='word_1_664' title='bbox 1911 5731 2103 5801; x_wconf 82' lang='lat' dir='ltr'><strong>Filius,</strong></span> 
     </span>
    </p>
   </div>
   <div class='ocr_carea' id='block_1_87' title="bbox 548 5804 2111 5891">
    <p class='ocr_par' dir='ltr' id='par_1_87' title="bbox 548 5804 2111 5891">
     <span class='ocr_line' id='line_1_87' title="bbox 548 5804 2111 5891; baseline 0.018 -34"><span class='ocrx_word' id='word_1_665' title='bbox 548 5805 647 5859; x_wconf 83' lang='lat' dir='ltr'><strong>nisi</strong></span> <span class='ocrx_word' id='word_1_666' title='bbox 671 5804 831 5863; x_wconf 85' lang='lat' dir='ltr'><strong>Pater</strong></span> <span class='ocrx_word' id='word_1_667' title='bbox 860 5811 1001 5867; x_wconf 84' lang='lat' dir='ltr'><strong>solus</strong></span> <span class='ocrx_word' id='word_1_668' title='bbox 1031 5812 1222 5881; x_wconf 81' lang='lat' dir='ltr'><strong>(Mare.</strong></span> <span class='ocrx_word' id='word_1_669' title='bbox 1255 5830 1369 5881; x_wconf 74' lang='lat' dir='ltr'><strong>xm,</strong></span> <span class='ocrx_word' id='word_1_670' title='bbox 1400 5815 1516 5883; x_wconf 75' lang='lat'><strong>32).</strong></span> <span class='ocrx_word' id='word_1_671' title='bbox 1573 5818 1649 5874; x_wconf 86' lang='lat' dir='ltr'><strong>De</strong></span> <span class='ocrx_word' id='word_1_672' title='bbox 1675 5836 1781 5891; x_wconf 88' lang='lat' dir='ltr'><strong>quo</strong></span> <span class='ocrx_word' id='word_1_673' title='bbox 1828 5825 1947 5881; x_wconf 89' lang='lat' dir='ltr'><strong>loco</strong></span> <span class='ocrx_word' id='word_1_674' title='bbox 1987 5827 2111 5883; x_wconf 84' lang='lat' dir='ltr'><strong>bea-</strong></span> 
     </span>
    </p>
   </div>
   <div class='ocr_carea' id='block_1_88' title="bbox 526 5899 2109 5989">
    <p class='ocr_par' dir='ltr' id='par_1_88' title="bbox 526 5899 2109 5989">
     <span class='ocr_line' id='line_1_88' title="bbox 526 5899 2109 5989; baseline 0.015 -30"><span class='ocrx_word' id='word_1_675' title='bbox 526 5899 741 5989; x_wconf 45' lang='lat' dir='ltr'><strong>tum</strong></span> <span class='ocrx_word' id='word_1_676' title='bbox 764 5903 1215 5981; x_wconf 64' lang='lat' dir='ltr'><strong>Patresﬂilarius</strong></span> <span class='ocrx_word' id='word_1_677' title='bbox 1255 5919 1311 5970; x_wconf 83' lang='lat' dir='ltr'><strong>et</strong></span> <span class='ocrx_word' id='word_1_678' title='bbox 1336 5913 1664 5984; x_wconf 72' lang='lat' dir='ltr'><strong>Augustinus</strong></span> <span class='ocrx_word' id='word_1_679' title='bbox 1687 5917 1943 5981; x_wconf 75' lang='lat' dir='ltr'><strong>Ecclesiae</strong></span> <span class='ocrx_word' id='word_1_680' title='bbox 1987 5937 2109 5981; x_wconf 83' lang='lat' dir='ltr'><strong>san-</strong></span> 
     </span>
    </p>
   </div>
   <div class='ocr_carea' id='block_1_89' title="bbox 2211 3418 3791 3489">
    <p class='ocr_par' dir='ltr' id='par_1_89' title="bbox 2211 3418 3791 3489">
     <span class='ocr_line' id='line_1_89' title="bbox 2211 3418 3791 3489; baseline 0.001 -18"><span class='ocrx_word' id='word_1_681' title='bbox 2211 3418 2298 3472; x_wconf 84' lang='lat' dir='ltr'><strong>cui</strong></span> <span class='ocrx_word' id='word_1_682' title='bbox 2330 3432 2430 3471; x_wconf 90' lang='lat' dir='ltr'><strong>una</strong></span> <span class='ocrx_word' id='word_1_683' title='bbox 2455 3426 2613 3486; x_wconf 89' lang='lat' dir='ltr'><strong>atque</strong></span> <span class='ocrx_word' id='word_1_684' title='bbox 2633 3420 2971 3487; x_wconf 88' lang='lat' dir='ltr'><strong>omnipotens</strong></span> <span class='ocrx_word' id='word_1_685' title='bbox 2993 3428 3180 3473; x_wconf 87' lang='lat' dir='ltr'><strong>natura</strong></span> <span class='ocrx_word' id='word_1_686' title='bbox 3210 3426 3311 3489; x_wconf 86' lang='lat' dir='ltr'><strong>est,</strong></span> <span class='ocrx_word' id='word_1_687' title='bbox 3335 3418 3572 3475; x_wconf 86' lang='lat' dir='ltr'><strong>omnium</strong></span> <span class='ocrx_word' id='word_1_688' title='bbox 3600 3430 3791 3474; x_wconf 84' lang='lat' dir='ltr'><strong>rerum</strong></span> 
     </span>
    </p>
   </div>
   <div class='ocr_carea' id='block_1_90' title="bbox 2213 3508 3287 3580">
    <p class='ocr_par' dir='ltr' id='par_1_90' title="bbox 2213 3508 3287 3580">
     <span class='ocr_line' id='line_1_90' title="bbox 2213 3508 3287 3580; baseline -0.001 -16"><span class='ocrx_word' id='word_1_689' title='bbox 2213 3508 2534 3565; x_wconf 89' lang='lat' dir='ltr'><strong>indefectam</strong></span> <span class='ocrx_word' id='word_1_690' title='bbox 2558 3525 2772 3580; x_wconf 90' lang='lat' dir='ltr'><strong>semper</strong></span> <span class='ocrx_word' id='word_1_691' title='bbox 2795 3508 2994 3565; x_wconf 83' lang='lat' dir='ltr'><strong>habere</strong></span> <span class='ocrx_word' id='word_1_692' title='bbox 3022 3509 3287 3565; x_wconf 79' lang='lat' dir='ltr'><strong>notitiam.</strong></span> 
     </span>
    </p>
   </div>
   <div class='ocr_carea' id='block_1_91' title="bbox 2740 3647 3247 3722">
    <p class='ocr_par' dir='ltr' id='par_1_91' title="bbox 2740 3647 3247 3722">
     <span class='ocr_line' id='line_1_91' title="bbox 2740 3647 3247 3722; baseline 0 -17"><span class='ocrx_word' id='word_1_693' title='bbox 2740 3647 3009 3706; x_wconf 85' lang='lat' dir='ltr'><strong>Conclusio</strong></span> <span class='ocrx_word' id='word_1_694' title='bbox 3040 3651 3247 3722; x_wconf 87' lang='lat' dir='ltr'><strong>psalmi.</strong></span> 
     </span>
    </p>
   </div>
   <div class='ocr_carea' id='block_1_92' title="bbox 2282 3763 3783 3838">
    <p class='ocr_par' dir='ltr' id='par_1_92' title="bbox 2282 3763 3783 3838">
     <span class='ocr_line' id='line_1_92' title="bbox 2282 3763 3783 3838; baseline -0.001 -17"><span class='ocrx_word' id='word_1_695' title='bbox 2282 3763 2556 3835; x_wconf 89' lang='lat' dir='ltr'><strong>Completa</strong></span> <span class='ocrx_word' id='word_1_696' title='bbox 2584 3773 2668 3822; x_wconf 88' lang='lat' dir='ltr'><strong>est</strong></span> <span class='ocrx_word' id='word_1_697' title='bbox 2704 3766 3096 3838; x_wconf 83' lang='lat' dir='ltr'><strong>psalmographi</strong></span> <span class='ocrx_word' id='word_1_698' title='bbox 3128 3764 3439 3822; x_wconf 89' lang='lat' dir='ltr'><strong>denuntiata</strong></span> <span class='ocrx_word' id='word_1_699' title='bbox 3468 3763 3783 3835; x_wconf 85' lang='lat' dir='ltr'><strong>promissio,</strong></span> 
     </span>
    </p>
   </div>
   <div class='ocr_carea' id='block_1_93' title="bbox 2211 3857 3794 3928">
    <p class='ocr_par' dir='ltr' id='par_1_93' title="bbox 2211 3857 3794 3928">
     <span class='ocr_line' id='line_1_93' title="bbox 2211 3857 3794 3928; baseline 0.001 -16"><span class='ocrx_word' id='word_1_700' title='bbox 2211 3869 2446 3912; x_wconf 87' lang='lat' dir='ltr'><strong>reserata</strong></span> <span class='ocrx_word' id='word_1_701' title='bbox 2473 3866 2597 3912; x_wconf 90' lang='lat' dir='ltr'><strong>sunt</strong></span> <span class='ocrx_word' id='word_1_702' title='bbox 2626 3857 2754 3913; x_wconf 83' lang='lat' dir='ltr'><strong>Filii</strong></span> <span class='ocrx_word' id='word_1_703' title='bbox 2783 3858 2981 3915; x_wconf 81' lang='lat' dir='ltr'><strong>occulta</strong></span> <span class='ocrx_word' id='word_1_704' title='bbox 3025 3859 3300 3914; x_wconf 90' lang='lat' dir='ltr'><strong>miracula.</strong></span> <span class='ocrx_word' id='word_1_705' title='bbox 3363 3857 3408 3913; x_wconf 92' lang='lat'><strong>0</strong></span> <span class='ocrx_word' id='word_1_706' title='bbox 3447 3858 3689 3928; x_wconf 89' lang='lat' dir='ltr'><strong>ingentes</strong></span> <span class='ocrx_word' id='word_1_707' title='bbox 3733 3864 3794 3914; x_wconf 82' lang='lat' dir='ltr'><strong>et</strong></span> 
     </span>
    </p>
   </div>
   <div class='ocr_carea' id='block_1_94' title="bbox 2212 3948 3791 4021">
    <p class='ocr_par' dir='ltr' id='par_1_94' title="bbox 2212 3948 3791 4021">
     <span class='ocr_line' id='line_1_94' title="bbox 2212 3948 3791 4021; baseline 0.001 -18"><span class='ocrx_word' id='word_1_708' title='bbox 2212 3948 2553 4005; x_wconf 86' lang='lat' dir='ltr'><strong>admirabiles</strong></span> <span class='ocrx_word' id='word_1_709' title='bbox 2580 3966 2774 4018; x_wconf 66' lang='lat' dir='ltr'><strong>causae,</strong></span> <span class='ocrx_word' id='word_1_710' title='bbox 2801 3967 2918 4021; x_wconf 72' lang='lat' dir='ltr'><strong>qua:</strong></span> <span class='ocrx_word' id='word_1_711' title='bbox 2942 3950 3183 4020; x_wconf 89' lang='lat' dir='ltr'><strong>quamvis</strong></span> <span class='ocrx_word' id='word_1_712' title='bbox 3205 3950 3462 4020; x_wconf 69' lang='lat' dir='ltr'><strong>expositas</strong></span> <span class='ocrx_word' id='word_1_713' title='bbox 3481 3951 3791 4018; x_wconf 88' lang='lat' dir='ltr'><strong>videantur,</strong></span> 
     </span>
    </p>
   </div>
   <div class='ocr_carea' id='block_1_95' title="bbox 2211 4042 3794 4099">
    <p class='ocr_par' dir='ltr' id='par_1_95' title="bbox 2211 4042 3794 4099">
     <span class='ocr_line' id='line_1_95' title="bbox 2211 4042 3794 4099; baseline 0.001 -3"><span class='ocrx_word' id='word_1_714' title='bbox 2211 4042 2385 4098; x_wconf 84' lang='lat' dir='ltr'><strong>adhuc</strong></span> <span class='ocrx_word' id='word_1_715' title='bbox 2414 4050 2590 4098; x_wconf 84' lang='lat' dir='ltr'><strong>tamen</strong></span> <span class='ocrx_word' id='word_1_716' title='bbox 2638 4044 2755 4099; x_wconf 83' lang='lat' dir='ltr'><strong>sine</strong></span> <span class='ocrx_word' id='word_1_717' title='bbox 2803 4043 3131 4098; x_wconf 85' lang='lat' dir='ltr'><strong>dubitatione</strong></span> <span class='ocrx_word' id='word_1_718' title='bbox 3173 4053 3397 4098; x_wconf 74' lang='lat' dir='ltr'><strong>secretas</strong></span> <span class='ocrx_word' id='word_1_719' title='bbox 3449 4045 3610 4098; x_wconf 81' lang='lat' dir='ltr'><strong>sunt!</strong></span> <span class='ocrx_word' id='word_1_720' title='bbox 3651 4042 3794 4097; x_wconf 80' lang='lat' dir='ltr'><strong>Nam</strong></span> 
     </span>
    </p>
   </div>
   <div class='ocr_carea' id='block_1_96' title="bbox 2213 4131 3794 4205">
    <p class='ocr_par' dir='ltr' id='par_1_96' title="bbox 2213 4131 3794 4205">
     <span class='ocr_line' id='line_1_96' title="bbox 2213 4131 3794 4205; baseline -0.003 -13"><span class='ocrx_word' id='word_1_721' title='bbox 2213 4149 2333 4192; x_wconf 88' lang='lat' dir='ltr'><strong>cum</strong></span> <span class='ocrx_word' id='word_1_722' title='bbox 2385 4135 2773 4204; x_wconf 68' lang='lat' dir='ltr'><strong>praedicuntur,</strong></span> <span class='ocrx_word' id='word_1_723' title='bbox 2808 4150 2918 4190; x_wconf 87' lang='lat' dir='ltr'><strong>non</strong></span> <span class='ocrx_word' id='word_1_724' title='bbox 2964 4134 3229 4189; x_wconf 89' lang='lat' dir='ltr'><strong>habentur</strong></span> <span class='ocrx_word' id='word_1_725' title='bbox 3276 4133 3597 4205; x_wconf 72' lang='lat' dir='ltr'><strong>incognitae;</strong></span> <span class='ocrx_word' id='word_1_726' title='bbox 3660 4131 3794 4188; x_wconf 92' lang='lat' dir='ltr'><strong>dum</strong></span> 
     </span>
    </p>
   </div>
   <div class='ocr_carea' id='block_1_97' title="bbox 2211 4229 3796 4301">
    <p class='ocr_par' dir='ltr' id='par_1_97' title="bbox 2211 4229 3796 4301">
     <span class='ocr_line' id='line_1_97' title="bbox 2211 4229 3796 4301; baseline 0.001 -16"><span class='ocrx_word' id='word_1_727' title='bbox 2211 4229 2542 4300; x_wconf 84' lang='lat' dir='ltr'><strong>ignorantur,</strong></span> <span class='ocrx_word' id='word_1_728' title='bbox 2571 4232 2785 4301; x_wconf 86' lang='lat' dir='ltr'><strong>quando</strong></span> <span class='ocrx_word' id='word_1_729' title='bbox 2833 4232 3071 4298; x_wconf 87' lang='lat' dir='ltr'><strong>veniant,</strong></span> <span class='ocrx_word' id='word_1_730' title='bbox 3122 4230 3299 4288; x_wconf 87' lang='lat' dir='ltr'><strong>adhuc</strong></span> <span class='ocrx_word' id='word_1_731' title='bbox 3354 4232 3618 4286; x_wconf 62' lang='lat' dir='ltr'><strong>obstrusae</strong></span> <span class='ocrx_word' id='word_1_732' title='bbox 3663 4243 3796 4287; x_wconf 75' lang='lat' dir='ltr'><strong>esse</strong></span> 
     </span>
    </p>
   </div>
   <div class='ocr_carea' id='block_1_98' title="bbox 2211 4323 3793 4392">
    <p class='ocr_par' dir='ltr' id='par_1_98' title="bbox 2211 4323 3793 4392">
     <span class='ocr_line' id='line_1_98' title="bbox 2211 4323 3793 4392; baseline 0.002 -15"><span class='ocrx_word' id='word_1_733' title='bbox 2211 4332 2591 4378; x_wconf 87' lang='lat' dir='ltr'><strong>monstrantur.</strong></span> <span class='ocrx_word' id='word_1_734' title='bbox 2644 4324 2736 4378; x_wconf 89' lang='lat' dir='ltr'><strong>Sic</strong></span> <span class='ocrx_word' id='word_1_735' title='bbox 2775 4332 2832 4378; x_wconf 89' lang='lat' dir='ltr'><strong>et</strong></span> <span class='ocrx_word' id='word_1_736' title='bbox 2884 4332 3147 4379; x_wconf 87' lang='lat' dir='ltr'><strong>secretum</strong></span> <span class='ocrx_word' id='word_1_737' title='bbox 3191 4332 3275 4379; x_wconf 90' lang='lat' dir='ltr'><strong>est</strong></span> <span class='ocrx_word' id='word_1_738' title='bbox 3315 4324 3456 4392; x_wconf 89' lang='lat' dir='ltr'><strong>quod</strong></span> <span class='ocrx_word' id='word_1_739' title='bbox 3483 4323 3702 4387; x_wconf 84' lang='lat' dir='ltr'><strong>dicitur,</strong></span> <span class='ocrx_word' id='word_1_740' title='bbox 3732 4332 3793 4380; x_wconf 82' lang='lat' dir='ltr'><strong>et</strong></span> 
     </span>
    </p>
   </div>
   <div class='ocr_carea' id='block_1_99' title="bbox 2212 4413 3793 4485">
    <p class='ocr_par' dir='ltr' id='par_1_99' title="bbox 2212 4413 3793 4485">
     <span class='ocr_line' id='line_1_99' title="bbox 2212 4413 3793 4485; baseline 0.001 -17"><span class='ocrx_word' id='word_1_741' title='bbox 2212 4413 2568 4483; x_wconf 66' lang='lat' dir='ltr'><strong>quaerentibus</strong></span> <span class='ocrx_word' id='word_1_742' title='bbox 2598 4428 2705 4468; x_wconf 89' lang='lat' dir='ltr'><strong>non</strong></span> <span class='ocrx_word' id='word_1_743' title='bbox 2736 4423 2963 4469; x_wconf 89' lang='lat' dir='ltr'><strong>tacetur.</strong></span> <span class='ocrx_word' id='word_1_744' title='bbox 2991 4416 3325 4485; x_wconf 85' lang='lat' dir='ltr'><strong>Quapropter</strong></span> <span class='ocrx_word' id='word_1_745' title='bbox 3354 4414 3572 4468; x_wconf 77' lang='lat' dir='ltr'><strong>effusius</strong></span> <span class='ocrx_word' id='word_1_746' title='bbox 3600 4413 3793 4469; x_wconf 82' lang='lat' dir='ltr'><strong>Domi-</strong></span> 
     </span>
    </p>
   </div>
   <div class='ocr_carea' id='block_1_100' title="bbox 2213 4504 3798 4573">
    <p class='ocr_par' dir='ltr' id='par_1_100' title="bbox 2213 4504 3798 4573">
     <span class='ocr_line' id='line_1_100' title="bbox 2213 4504 3798 4573; baseline 0 -14"><span class='ocrx_word' id='word_1_747' title='bbox 2213 4518 2284 4559; x_wconf 89' lang='lat' dir='ltr'><strong>no</strong></span> <span class='ocrx_word' id='word_1_748' title='bbox 2311 4504 2694 4573; x_wconf 84' lang='lat' dir='ltr'><strong>supplicemus,</strong></span> <span class='ocrx_word' id='word_1_749' title='bbox 2725 4513 2783 4560; x_wconf 90' lang='lat' dir='ltr'><strong>ut</strong></span> <span class='ocrx_word' id='word_1_750' title='bbox 2822 4505 2976 4562; x_wconf 81' lang='lat' dir='ltr'><strong>nobis</strong></span> <span class='ocrx_word' id='word_1_751' title='bbox 3020 4506 3449 4562; x_wconf 85' lang='lat' dir='ltr'><strong>emendationem</strong></span> <span class='ocrx_word' id='word_1_752' title='bbox 3497 4505 3798 4562; x_wconf 88' lang='lat' dir='ltr'><strong>saluberri-</strong></span> 
     </span>
    </p>
   </div>
   <div class='ocr_carea' id='block_1_101' title="bbox 2212 4594 3790 4666">
    <p class='ocr_par' dir='ltr' id='par_1_101' title="bbox 2212 4594 3790 4666">
     <span class='ocr_line' id='line_1_101' title="bbox 2212 4594 3790 4666; baseline 0.001 -17"><span class='ocrx_word' id='word_1_753' title='bbox 2212 4608 2351 4649; x_wconf 89' lang='lat' dir='ltr'><strong>mam</strong></span> <span class='ocrx_word' id='word_1_754' title='bbox 2380 4594 2623 4649; x_wconf 88' lang='lat' dir='ltr'><strong>conferre</strong></span> <span class='ocrx_word' id='word_1_755' title='bbox 2664 4594 2943 4665; x_wconf 87' lang='lat' dir='ltr'><strong>dignetur;</strong></span> <span class='ocrx_word' id='word_1_756' title='bbox 2976 4597 3097 4666; x_wconf 89' lang='lat' dir='ltr'><strong>quia</strong></span> <span class='ocrx_word' id='word_1_757' title='bbox 3132 4596 3251 4653; x_wconf 88' lang='lat' dir='ltr'><strong>sine</strong></span> <span class='ocrx_word' id='word_1_758' title='bbox 3276 4594 3625 4652; x_wconf 80' lang='lat' dir='ltr'><strong>excusatione</strong></span> <span class='ocrx_word' id='word_1_759' title='bbox 3660 4609 3790 4665; x_wconf 85' lang='lat' dir='ltr'><strong>pec-</strong></span> 
     </span>
    </p>
   </div>
   <div class='ocr_carea' id='block_1_102' title="bbox 2219 4686 3793 4759">
    <p class='ocr_par' dir='ltr' id='par_1_102' title="bbox 2219 4686 3793 4759">
     <span class='ocr_line' id='line_1_102' title="bbox 2219 4686 3793 4759; baseline 0.001 -19"><span class='ocrx_word' id='word_1_760' title='bbox 2219 4694 2324 4752; x_wconf 91' lang='lat' dir='ltr'><strong>cat,</strong></span> <span class='ocrx_word' id='word_1_761' title='bbox 2351 4688 2435 4741; x_wconf 90' lang='lat' dir='ltr'><strong>cui</strong></span> <span class='ocrx_word' id='word_1_762' title='bbox 2464 4686 2740 4742; x_wconf 85' lang='lat' dir='ltr'><strong>retributio</strong></span> <span class='ocrx_word' id='word_1_763' title='bbox 2774 4698 3116 4758; x_wconf 90' lang='lat' dir='ltr'><strong>peccatorum</strong></span> <span class='ocrx_word' id='word_1_764' title='bbox 3154 4687 3461 4759; x_wconf 79' lang='lat' dir='ltr'><strong>praedicitur</strong></span> <span class='ocrx_word' id='word_1_765' title='bbox 3500 4700 3621 4742; x_wconf 89' lang='lat' dir='ltr'><strong>esse</strong></span> <span class='ocrx_word' id='word_1_766' title='bbox 3653 4702 3793 4742; x_wconf 82' lang='lat' dir='ltr'><strong>ven-</strong></span> 
     </span>
    </p>
   </div>
   <div class='ocr_carea' id='block_1_103' title="bbox 2216 4782 3791 4853">
    <p class='ocr_par' dir='ltr' id='par_1_103' title="bbox 2216 4782 3791 4853">
     <span class='ocr_line' id='line_1_103' title="bbox 2216 4782 3791 4853; baseline 0.003 -19"><span class='ocrx_word' id='word_1_767' title='bbox 2216 4788 2355 4836; x_wconf 88' lang='lat' dir='ltr'><strong>tura.</strong></span> <span class='ocrx_word' id='word_1_768' title='bbox 2380 4782 2556 4838; x_wconf 88' lang='lat' dir='ltr'><strong>Mente</strong></span> <span class='ocrx_word' id='word_1_769' title='bbox 2584 4797 2792 4853; x_wconf 87' lang='lat' dir='ltr'><strong>quoque</strong></span> <span class='ocrx_word' id='word_1_770' title='bbox 2812 4784 3151 4840; x_wconf 87' lang='lat' dir='ltr'><strong>retinendum</strong></span> <span class='ocrx_word' id='word_1_771' title='bbox 3195 4794 3298 4852; x_wconf 86' lang='lat' dir='ltr'><strong>est,</strong></span> <span class='ocrx_word' id='word_1_772' title='bbox 3330 4784 3470 4839; x_wconf 84' lang='lat' dir='ltr'><strong>hunc</strong></span> <span class='ocrx_word' id='word_1_773' title='bbox 3516 4782 3791 4853; x_wconf 86' lang='lat' dir='ltr'><strong>psalmum</strong></span> 
     </span>
    </p>
   </div>
   <div class='ocr_carea' id='block_1_104' title="bbox 2215 4876 3800 4949">
    <p class='ocr_par' dir='ltr' id='par_1_104' title="bbox 2215 4876 3800 4949">
     <span class='ocr_line' id='line_1_104' title="bbox 2215 4876 3800 4949; baseline -0.002 -15"><span class='ocrx_word' id='word_1_774' title='bbox 2215 4890 2335 4934; x_wconf 87' lang='lat' dir='ltr'><strong>esse</strong></span> <span class='ocrx_word' id='word_1_775' title='bbox 2364 4878 2590 4948; x_wconf 89' lang='lat' dir='ltr'><strong>primum</strong></span> <span class='ocrx_word' id='word_1_776' title='bbox 2619 4879 2675 4934; x_wconf 89' lang='lat' dir='ltr'><strong>in</strong></span> <span class='ocrx_word' id='word_1_777' title='bbox 2717 4894 2824 4949; x_wconf 90' lang='lat' dir='ltr'><strong>quo</strong></span> <span class='ocrx_word' id='word_1_778' title='bbox 2850 4879 3113 4934; x_wconf 88' lang='lat' dir='ltr'><strong>adventus</strong></span> <span class='ocrx_word' id='word_1_779' title='bbox 3144 4877 3495 4948; x_wconf 87' lang='lat' dir='ltr'><strong>prophetatur</strong></span> <span class='ocrx_word' id='word_1_780' title='bbox 3514 4876 3800 4931; x_wconf 86' lang='lat' dir='ltr'><strong>Antichri-</strong></span> 
     </span>
    </p>
   </div>
   <div class='ocr_carea' id='block_1_105' title="bbox 2213 4969 3805 5042">
    <p class='ocr_par' dir='ltr' id='par_1_105' title="bbox 2213 4969 3805 5042">
     <span class='ocr_line' id='line_1_105' title="bbox 2213 4969 3805 5042; baseline -0.002 -15"><span class='ocrx_word' id='word_1_781' title='bbox 2213 4972 2303 5028; x_wconf 89' lang='lat' dir='ltr'><strong>sti.</strong></span> <span class='ocrx_word' id='word_1_782' title='bbox 2334 4971 2596 5027; x_wconf 89' lang='lat' dir='ltr'><strong>Numerus</strong></span> <span class='ocrx_word' id='word_1_783' title='bbox 2623 4987 2837 5042; x_wconf 87' lang='lat' dir='ltr'><strong>quoque</strong></span> <span class='ocrx_word' id='word_1_784' title='bbox 2859 4986 3098 5041; x_wconf 69' lang='lat' dir='ltr'><strong>praesens</strong></span> <span class='ocrx_word' id='word_1_785' title='bbox 3122 4979 3178 5026; x_wconf 89' lang='lat' dir='ltr'><strong>et</strong></span> <span class='ocrx_word' id='word_1_786' title='bbox 3212 4970 3344 5027; x_wconf 88' lang='lat' dir='ltr'><strong>illud</strong></span> <span class='ocrx_word' id='word_1_787' title='bbox 3372 4969 3642 5026; x_wconf 88' lang='lat' dir='ltr'><strong>occultum</strong></span> <span class='ocrx_word' id='word_1_788' title='bbox 3666 4982 3805 5038; x_wconf 80' lang='lat' dir='ltr'><strong>pro-</strong></span> 
     </span>
    </p>
   </div>
   <div class='ocr_carea' id='block_1_106' title="bbox 2213 5061 3825 5134">
    <p class='ocr_par' dir='ltr' id='par_1_106' title="bbox 2213 5061 3825 5134">
     <span class='ocr_line' id='line_1_106' title="bbox 2213 5061 3825 5134; baseline 0.002 -16"><span class='ocrx_word' id='word_1_789' title='bbox 2213 5066 2369 5131; x_wconf 88' lang='lat' dir='ltr'><strong>batur</strong></span> <span class='ocrx_word' id='word_1_790' title='bbox 2397 5066 2631 5134; x_wconf 88' lang='lat' dir='ltr'><strong>aperire,</strong></span> <span class='ocrx_word' id='word_1_791' title='bbox 2659 5065 2802 5134; x_wconf 91' lang='lat' dir='ltr'><strong>quod</strong></span> <span class='ocrx_word' id='word_1_792' title='bbox 2828 5063 2958 5120; x_wconf 89' lang='lat' dir='ltr'><strong>hora</strong></span> <span class='ocrx_word' id='word_1_793' title='bbox 2991 5078 3129 5119; x_wconf 91' lang='lat' dir='ltr'><strong>nona</strong></span> <span class='ocrx_word' id='word_1_794' title='bbox 3155 5062 3414 5119; x_wconf 88' lang='lat' dir='ltr'><strong>Dominus</strong></span> <span class='ocrx_word' id='word_1_795' title='bbox 3452 5061 3633 5118; x_wconf 89' lang='lat' dir='ltr'><strong>emisit</strong></span> <span class='ocrx_word' id='word_1_796' title='bbox 3678 5061 3825 5130; x_wconf 81' lang='lat' dir='ltr'><strong>spi-.</strong></span> 
     </span>
    </p>
   </div>
   <div class='ocr_carea' id='block_1_107' title="bbox 2213 5152 3795 5225">
    <p class='ocr_par' dir='ltr' id='par_1_107' title="bbox 2213 5152 3795 5225">
     <span class='ocr_line' id='line_1_107' title="bbox 2213 5152 3795 5225; baseline 0.001 -14"><span class='ocrx_word' id='word_1_797' title='bbox 2213 5155 2395 5211; x_wconf 90' lang='lat' dir='ltr'><strong>ritum.</strong></span> <span class='ocrx_word' id='word_1_798' title='bbox 2450 5155 2583 5211; x_wconf 85' lang='lat' dir='ltr'><strong>Nam</strong></span> <span class='ocrx_word' id='word_1_799' title='bbox 2623 5170 2743 5210; x_wconf 90' lang='lat' dir='ltr'><strong>cum</strong></span> <span class='ocrx_word' id='word_1_800' title='bbox 2774 5156 2914 5212; x_wconf 90' lang='lat' dir='ltr'><strong>inter</strong></span> <span class='ocrx_word' id='word_1_801' title='bbox 2963 5156 3067 5211; x_wconf 90' lang='lat' dir='ltr'><strong>alia</strong></span> <span class='ocrx_word' id='word_1_802' title='bbox 3106 5163 3162 5211; x_wconf 91' lang='lat' dir='ltr'><strong>et</strong></span> <span class='ocrx_word' id='word_1_803' title='bbox 3206 5156 3273 5212; x_wconf 92' lang='lat' dir='ltr'><strong>de</strong></span> <span class='ocrx_word' id='word_1_804' title='bbox 3314 5153 3565 5225; x_wconf 85' lang='lat' dir='ltr'><strong>passione</strong></span> <span class='ocrx_word' id='word_1_805' title='bbox 3613 5152 3795 5222; x_wconf 72' lang='lat' dir='ltr'><strong>ipsius</strong></span> 
     </span>
    </p>
   </div>
   <div class='ocr_carea' id='block_1_108' title="bbox 2212 5245 3806 5318">
    <p class='ocr_par' dir='ltr' id='par_1_108' title="bbox 2212 5245 3806 5318">
     <span class='ocr_line' id='line_1_108' title="bbox 2212 5245 3806 5318; baseline 0.001 -17"><span class='ocrx_word' id='word_1_806' title='bbox 2212 5248 2448 5317; x_wconf 88' lang='lat' dir='ltr'><strong>psalmus</strong></span> <span class='ocrx_word' id='word_1_807' title='bbox 2498 5247 2597 5303; x_wconf 89' lang='lat' dir='ltr'><strong>iste</strong></span> <span class='ocrx_word' id='word_1_808' title='bbox 2646 5247 2853 5305; x_wconf 89' lang='lat' dir='ltr'><strong>locutus</strong></span> <span class='ocrx_word' id='word_1_809' title='bbox 2903 5250 2995 5318; x_wconf 87' lang='lat' dir='ltr'><strong>sit,</strong></span> <span class='ocrx_word' id='word_1_810' title='bbox 3039 5249 3230 5305; x_wconf 89' lang='lat' dir='ltr'><strong>merito</strong></span> <span class='ocrx_word' id='word_1_811' title='bbox 3255 5289 3272 5316; x_wconf 91' lang='lat'><strong>,</strong></span> <span class='ocrx_word' id='word_1_812' title='bbox 3322 5257 3379 5305; x_wconf 86' lang='lat' dir='ltr'><strong>et</strong></span> <span class='ocrx_word' id='word_1_813' title='bbox 3413 5262 3509 5318; x_wconf 87' lang='lat' dir='ltr'><strong>per</strong></span> <span class='ocrx_word' id='word_1_814' title='bbox 3531 5245 3806 5303; x_wconf 86' lang='lat' dir='ltr'><strong>calculum</strong></span> 
     </span>
    </p>
   </div>
   <div class='ocr_carea' id='block_1_109' title="bbox 2212 5335 3807 5410">
    <p class='ocr_par' dir='ltr' id='par_1_109' title="bbox 2212 5335 3807 5410">
     <span class='ocr_line' id='line_1_109' title="bbox 2212 5335 3807 5410; baseline -0.001 -16"><span class='ocrx_word' id='word_1_815' title='bbox 2212 5354 2365 5395; x_wconf 89' lang='lat' dir='ltr'><strong>suum</strong></span> <span class='ocrx_word' id='word_1_816' title='bbox 2394 5341 2649 5395; x_wconf 83' lang='lat' dir='ltr'><strong>transitus</strong></span> <span class='ocrx_word' id='word_1_817' title='bbox 2669 5338 2786 5410; x_wconf 78' lang='lat' dir='ltr'><strong>ejus</strong></span> <span class='ocrx_word' id='word_1_818' title='bbox 2809 5340 2998 5397; x_wconf 87' lang='lat' dir='ltr'><strong>horam</strong></span> <span class='ocrx_word' id='word_1_819' title='bbox 3037 5339 3314 5397; x_wconf 86' lang='lat' dir='ltr'><strong>annuntiat</strong></span> <span class='ocrx_word' id='word_1_820' title='bbox 3341 5377 3359 5407; x_wconf 92' lang='lat'><strong>,</strong></span> <span class='ocrx_word' id='word_1_821' title='bbox 3392 5337 3607 5409; x_wconf 85' lang='lat' dir='ltr'><strong>quando</strong></span> <span class='ocrx_word' id='word_1_822' title='bbox 3628 5335 3807 5394; x_wconf 76' lang='lat' dir='ltr'><strong>etiam</strong></span> 
     </span>
    </p>
   </div>
   <div class='ocr_carea' id='block_1_110' title="bbox 2213 5429 3433 5503">
    <p class='ocr_par' dir='ltr' id='par_1_110' title="bbox 2213 5429 3433 5503">
     <span class='ocr_line' id='line_1_110' title="bbox 2213 5429 3433 5503; baseline 0.002 -17"><span class='ocrx_word' id='word_1_823' title='bbox 2213 5429 2385 5488; x_wconf 83' lang='lat' dir='ltr'><strong>crucis</strong></span> <span class='ocrx_word' id='word_1_824' title='bbox 2412 5431 2578 5501; x_wconf 90' lang='lat' dir='ltr'><strong>ipsius</strong></span> <span class='ocrx_word' id='word_1_825' title='bbox 2607 5432 2846 5489; x_wconf 87' lang='lat' dir='ltr'><strong>noscitur</strong></span> <span class='ocrx_word' id='word_1_826' title='bbox 2876 5447 3124 5490; x_wconf 83' lang='lat' dir='ltr'><strong>narrasse</strong></span> <span class='ocrx_word' id='word_1_827' title='bbox 3152 5431 3433 5503; x_wconf 74' lang='lat' dir='ltr'><strong>mysteria.</strong></span> 
     </span>
    </p>
   </div>
   <div class='ocr_carea' id='block_1_111' title="bbox 2536 5551 3486 5632">
    <p class='ocr_par' dir='ltr' id='par_1_111' title="bbox 2536 5551 3486 5632">
     <span class='ocr_line' id='line_1_111' title="bbox 2536 5551 3486 5632; baseline 0 -3"><span class='ocrx_word' id='word_1_828' title='bbox 2536 5551 2910 5630; x_wconf 73' lang='lat' dir='ltr'><strong>sxrosrrto&#39;</strong></span> <span class='ocrx_word' id='word_1_829' title='bbox 2933 5570 3002 5627; x_wconf 86' lang='lat' dir='ltr'><strong>IN</strong></span> <span class='ocrx_word' id='word_1_830' title='bbox 3041 5572 3376 5632; x_wconf 82' lang='lat' dir='ltr'><strong>PSALMUM</strong></span> <span class='ocrx_word' id='word_1_831' title='bbox 3415 5572 3486 5632; x_wconf 74' lang='grc' dir='ltr'><strong>Χ.</strong></span> 
     </span>
    </p>
   </div>
   <div class='ocr_carea' id='block_1_112' title="bbox 2635 5685 3360 5760">
    <p class='ocr_par' dir='ltr' id='par_1_112' title="bbox 2635 5685 3360 5760">
     <span class='ocr_line' id='line_1_112' title="bbox 2635 5685 3360 5760; baseline 0.003 -18"><span class='ocrx_word' id='word_1_832' title='bbox 2635 5685 2703 5742; x_wconf 87' lang='grc' dir='ltr'><strong>1η</strong></span> <span class='ocrx_word' id='word_1_833' title='bbox 2732 5688 2889 5756; x_wconf 79' lang='lat' dir='ltr'><strong>ﬁnem</strong></span> <span class='ocrx_word' id='word_1_834' title='bbox 2915 5688 3144 5760; x_wconf 84' lang='lat' dir='ltr'><strong>psalmus</strong></span> <span class='ocrx_word' id='word_1_835' title='bbox 3175 5689 3360 5744; x_wconf 82' lang='lat' dir='ltr'><strong>David.</strong></span> 
     </span>
    </p>
   </div>
   <div class='ocr_carea' id='block_1_113' title="bbox 2285 5827 3807 5901">
    <p class='ocr_par' dir='ltr' id='par_1_113' title="bbox 2285 5827 3807 5901">
     <span class='ocr_line' id='line_1_113' title="bbox 2285 5827 3807 5901; baseline 0 -17"><span class='ocrx_word' id='word_1_836' title='bbox 2285 5828 2421 5884; x_wconf 86' lang='lat' dir='ltr'><strong>Cum</strong></span> <span class='ocrx_word' id='word_1_837' title='bbox 2461 5829 2766 5898; x_wconf 82' lang='lat' dir='ltr'><strong>frequenter</strong></span> <span class='ocrx_word' id='word_1_838' title='bbox 2790 5828 2847 5883; x_wconf 90' lang='lat' dir='ltr'><strong>in</strong></span> <span class='ocrx_word' id='word_1_839' title='bbox 2876 5829 3045 5886; x_wconf 88' lang='lat' dir='ltr'><strong>titulis</strong></span> <span class='ocrx_word' id='word_1_840' title='bbox 3071 5832 3296 5901; x_wconf 90' lang='lat' dir='ltr'><strong>positum</strong></span> <span class='ocrx_word' id='word_1_841' title='bbox 3327 5830 3587 5896; x_wconf 83' lang='lat' dir='ltr'><strong>videatur,</strong></span> <span class='ocrx_word' id='word_1_842' title='bbox 3628 5827 3698 5885; x_wconf 88' lang='lat' dir='ltr'><strong>In</strong></span> <span class='ocrx_word' id='word_1_843' title='bbox 3726 5829 3807 5899; x_wconf 79' lang='lat' dir='ltr'><strong>fi-</strong></span> 
     </span>
    </p>
   </div>
   <div class='ocr_carea' id='block_1_114' title="bbox 2214 5922 3807 5997">
    <p class='ocr_par' dir='ltr' id='par_1_114' title="bbox 2214 5922 3807 5997">
     <span class='ocr_line' id='line_1_114' title="bbox 2214 5922 3807 5997; baseline 0.003 -16"><span class='ocrx_word' id='word_1_844' title='bbox 2214 5941 2349 5992; x_wconf 88' lang='lat' dir='ltr'><strong>nem,</strong></span> <span class='ocrx_word' id='word_1_845' title='bbox 2388 5934 2443 5982; x_wconf 89' lang='lat' dir='ltr'><strong>et</strong></span> <span class='ocrx_word' id='word_1_846' title='bbox 2481 5922 2831 5984; x_wconf 86' lang='lat' dir='ltr'><strong>intentionem</strong></span> <span class='ocrx_word' id='word_1_847' title='bbox 2858 5927 3055 5987; x_wconf 74' lang='lat' dir='ltr'><strong>mentis</strong></span> <span class='ocrx_word' id='word_1_848' title='bbox 3076 5935 3274 5987; x_wconf 66' lang='lat' dir='ltr'><strong>nostra</strong></span> <span class='ocrx_word' id='word_1_849' title='bbox 3298 5925 3462 5986; x_wconf 78' lang='lat' dir='ltr'><strong>ducat</strong></span> <span class='ocrx_word' id='word_1_850' title='bbox 3488 5938 3707 5997; x_wconf 74' lang='lat' dir='ltr'><strong>mpcr</strong></span> <span class='ocrx_word' id='word_1_851' title='bbox 3726 5924 3807 5985; x_wconf 75' lang='lat' dir='ltr'><strong>ad</strong></span> 
     </span>
    </p>
   </div>
  </div>
