4064 6360
279 493 358 553 9'5

1264 488 1625 581 EXPOSITIO
1661 486 1729 544 IN
1766 484 2226 547 PSALTERIUM.
2269 486 2460 548 PSA!»
2503 489 2571 547 Χ.
3473 490 3544 549 94

285 608 568 666 Dominum
594 605 883 670 Christum,
907 612 1083 662 tamen
1114 613 1331 675 propter
1352 605 1559 661 diversa
1590 603 1852 659 miracula
1884 606 1939 666 Α
1964 604 2091 657 Aliis
2116 606 2322 672 quidem
2347 622 2525 660 sumus
2545 607 2670 661 ador
2696 607 2875 663 mortis
2907 606 2964 664 in
2985 613 3222 677 mortem,
3265 606 3383 663 aliis
3414 608 3543 663 odor

287 702 519 773 positum
547 715 667 757 esse
696 714 799 756 non
849 698 1070 755 dubium
1109 707 1210 755 est.
1264 696 1418 753 Modo
1470 698 1612 752 enim
1665 694 1867 751 indicat

289 793 725 867 gloriosissimam
776 794 1079 863 passionem
1107 831 1125 860 ,
1178 790 1337 846 modo
1390 788 1764 859 triumphalem
1812 794 1868 844 et

292 886 657 943 admirabilem
686 887 893 943 cunctis
922 886 1169 958 gentibus
1191 885 1647 940 resurrectionem
1672 901 1687 937 :
1724 898 1870 941 nunc

290 990 467 1035 autem
491 988 726 1035 sanctam
747 980 903 1035 ﬁdem
924 978 1184 1046 declarat,
1210 978 1264 1033 in
1290 993 1393 1049 qua
1424 976 1659 1033 haeretici
1699 976 1870 1048 digla-

293 1070 506 1127 diantur
544 1080 727 1126 contra
751 1070 1094 1127 ﬁdelissimos
1124 1070 1492 1134 Christianos;
1558 1068 1631 1123 ita
1679 1067 1761 1132 ﬁt,
1815 1074 1873 1122 ut

288 1163 486 1237 jugiter
515 1164 694 1219 tendat
723 1164 789 1218 ad
830 1163 1125 1229 Christum,
1159 1163 1405 1233 quamvis
1434 1161 1659 1217 diversis
1708 1160 1872 1230 signi-

294 1254 633 1310 ﬁcationibus
658 1255 958 1311 inveniatur
988 1262 1249 1324 aptatum.
1288 1254 1441 1322 Quod
1471 1253 1630 1308 etiam
1661 1251 1715 1306 in
1746 1252 1873 1306 reli—

292 1344 413 1413 quis
436 1345 667 1412 psalmis,
712 1345 754 1398 si
805 1344 976 1399 aciem
1032 1344 1225 1400 mentis
1274 1342 1549 1410 intendas,
1592 1341 1872 1411 cognoscis

294 1450 418 1492 esse
448 1436 763 1491 faciendum.
798 1437 873 1491 De
901 1436 1111 1490 Psalmo
1141 1442 1320 1491 autem
1352 1443 1405 1490 et
1446 1434 1612 1489 David
1640 1434 1729 1488 illa
1762 1448 1875 1489 me-

296 1527 518 1581 minisse
544 1526 791 1594 sufﬁciat,
822 1543 943 1597 qua:
972 1528 1215 1595 superius
1246 1526 1450 1581 dixisse
1473 1526 1870 1595 cognoscimur.

297 1616 583 1672 Sciendum
620 1626 798 1673 tamen
844 1618 982 1673 hunc
1022 1619 1283 1689 psalmum
1330 1619 1595 1689 prolatum
1636 1632 1756 1675 esse
1806 1617 1874 1675 ad

301 1707 585 1766 bmreticos
609 1709 983 1767 destruendos.

864 1845 1059 1901 Divisio
1103 1846 1307 1916 psalmi.

1969 697 2084 752 vita:
2103 698 2155 751 in
2179 700 2331 752 vitam
2356 697 2443 769 (II
2468 700 2591 757 Cor.
2618 717 2680 769 ιι,
2707 701 2817 769 l6).

2046 789 2191 845 Vers.
2228 791 2279 844 5.
2318 789 2635 846 Paraverunt
2661 796 2871 865 sagittas
2919 810 3037 850 suas
3072 795 3128 850 in
3167 796 3434 867 pharetra,
3482 803 3542 851 ut

1970 882 2205 951 sagittent
2227 882 2281 936 in
2304 881 2516 935 obscuro
2544 892 2706 936 rectos
2734 885 2907 939 corde.
2939 883 3226 943 Permanet
3255 885 3311 942 in
3332 899 3552 955 compa-

1971 970 2181 1025 ratione
2218 970 2510 1039 sagittarii;
2541 985 2663 1024 nam
2708 970 2843 1026 sicut
2890 973 2991 1028 iste
3042 974 3200 1031 habet
3242 976 3452 1045 sagittas
3490 974 3547 1030 in

1971 1060 2230 1132 pharetra,
2264 1062 2336 1116 ita
2368 1062 2454 1117 ille
2482 1070 2654 1132 gestat
2684 1062 2736 1116 in
2765 1062 2925 1117 corde
2964 1065 3125 1120 verba
3154 1080 3447 1122 venenosa.
3475 1065 3548 1121 In

1975 1154 2187 1207 obscuro
2213 1168 2359 1219 vero,
2391 1154 2502 1208 sive
2549 1170 2669 1209 cum
2700 1155 3159 1226 persecutionibns
3208 1158 3545 1225 perturbatur

1975 1244 2236 1311 Ecclesia,
2269 1246 2482 1316 quando
2511 1247 2701 1302 timore
2732 1248 2961 1316 periculi
3004 1250 3248 1305 carnales
3298 1250 3546 1306 homines

1974 1336 2265 1392 creduntur
2292 1335 2499 1392 facilius
2522 1337 2789 1393 immutari
2814 1353 2830 1391 :
2860 1339 2974 1393 sive
3000 1339 3053 1393 in
3082 1338 3397 1395 abscondito
3422 1356 3552 1395 con-

1978 1431 2122 1497 silio,
2145 1446 2265 1485 cum
2294 1431 2646 1500 opportunius
2692 1440 2885 1503 putant
2914 1433 3251 1489 Christianos
3278 1433 3548 1503 decipere,

1976 1521 2186 1590 quando
2201 1535 2293 1576 eos
2316 1521 2557 1590 judicant
2581 1539 2674 1577 sua
2697 1524 2919 1578 consilia
2941 1539 3046 1579 non
3071 1525 3277 1580 videre.
3298 1525 3402 1580 Sed
3426 1541 3546 1581 cum

1977 1612 2126 1677 dicit,
2156 1621 2318 1666 rectos
2342 1614 2513 1683 corde,
2547 1614 2765 1668 insidias
2796 1629 2984 1670 eorum
3011 1615 3249 1670 ostendit
3273 1615 3462 1670 inanes
3490 1623 3548 1670 et

1976 1720 2188 1761 vacuas.
2220 1706 2363 1759 Recti
2383 1705 2524 1760 enim
2547 1707 2697 1759 corde
2721 1721 2826 1762 non
2856 1717 3002 1774 sunt,
3028 1707 3130 1765 nisi
3162 1707 3255 1779 qui
3281 1707 3427 1764 nulla
3450 1706 3555 1763 ini-

1979 1812 2079 1868 qua
2111 1798 2283 1866 decipi
2318 1798 2668 1866 persuasione
2697 1808 3008 1868 potuerunt.

2050 1887 2203 1942 Vcrs.
2252 1886 2306 1940 4.
2369 1888 2623 1953 Quoniam
2678 1905 2792 1958 qua:
2848 1889 3105 1959 perfecisti
3159 1889 3552 1944 destruxerunt:

380 1982 617 2038 Psalmus
647 1982 732 2037 hic
763 1991 903 2038 totus
931 1983 997 2037 ad
1028 1996 1309 2053 personam
1332 1979 1608 2051 prophetae
1639 1976 1877 2034 referen-
1907 1987 1954 2047 Β
1970 1982 2145 2052 justus
2167 1990 2337 2034 autem
2361 1981 2485 2050 quid
2503 1982 2659 2049 fecit?
2686 1981 2833 2037 Idem
2859 1982 2927 2037 de
2954 1983 3082 2052 ipsis
3105 1980 3374 2038 haereticis
3402 1981 3553 2050 dicit,

306 2078 408 2133 dus
432 2087 534 2132 est.
562 2077 740 2132 Primo
761 2076 934 2145 capite
968 2077 1036 2131 de
1072 2075 1477 2130 insidiatoribus
1504 2074 1635 2127 dicit
1666 2071 1883 2127 haereti-

310 2169 410 2234 cis,
441 2168 530 2238 qui
560 2169 798 2222 nituntur
817 2166 1109 2220 catholicos
1154 2167 1207 2220 in
1230 2180 1379 2219 suam
1404 2173 1723 2218 convertere
1752 2177 1881 2231 pra-

309 2262 549 2316 vitatem.
598 2259 845 2316 Secundo
874 2260 1083 2313 Domini
1111 2259 1371 2328 judicium
1414 2257 1797 2319 comminatur,
1828 2261 1884 2308 et

318 2354 465 2423 quid
485 2354 537 2407 in
560 2353 647 2407 illa
676 2353 1027 2408 retributione
1056 2353 1324 2407 sustinere
1353 2350 1580 2419 possint,
1614 2347 1886 2403 evidenter

312 2443 567 2511 ostendit,
610 2453 666 2499 ut
703 2444 961 2513 justitiam
994 2442 1204 2499 Domini
1237 2450 1537 2498 metuentes
1559 2480 1577 2507 ,
1627 2438 1889 2510 supersti-

316 2536 481 2592 tiosus
505 2534 760 2592 deserant
787 2534 1066 2591 falsitates.

860 2664 1127 2736 Expositio
1153 2654 1377 2737 psalmi.

391 2804 550 2860 Vera.
566 2804 618 2857 l.
643 2802 709 2856 In
731 2802 954 2857 Domino
976 2803 1180 2869 conﬁdo
1200 2818 1218 2855 :
1237 2801 1485 2870 quomodo
1508 2801 1676 2854 dicitis
1699 2800 1885 2855 animm

316 2909 475 2952 mete:
492 2895 817 2963 Transmigra
840 2895 893 2947 in
914 2902 1133 2947 montem
1152 2894 1282 2948 sicut
1304 2893 1511 2963 passer?
1541 2891 1654 2946 Hoc
1675 2891 1892 2946 schema

322 2988 518 3043 dicitur
539 3000 878 3051 coenonema,
898 2984 950 3038 id
966 2994 1049 3038 est
1070 2982 1479 3038 communicatio
1493 2982 1735 3047 consilii;
1754 2980 1895 3049 quod

324 3083 382 3137 ﬁt
397 3082 704 3150 frequenter
722 3078 935 3148 quando
953 3086 1042 3131 aut
1066 3093 1186 3132 cum
1208 3076 1544 3141 adversariis,
1561 3084 1650 3129 aut
1668 3090 1789 3129 cum
1807 3073 1897 3128 ad-

323 3172 590 3243 iutoribus
620 3170 747 3241 [ed.,
778 3167 1128 3239 auditoribus]
1147 3167 1306 3221 verba
1334 3167 1640 3222 miscemus.
1664 3164 1746 3219 Ad
1775 3179 1891 3234 per-

326 3282 576 3323 suasores
597 3268 792 3336 quippe
841 3262 1121 3319 haereticos
1150 3262 1239 3317 hic
1264 3276 1445 3317 sermo
1493 3258 1767 3329 dirigitur,
1801 3257 1893 3328 qui

1984 2071 2313 2127 destruxisse
2347 2071 2465 2125 illos
2491 2074 2661 2142 legem
2714 2073 2956 2140 Domini,
2987 2088 3107 2130 cum
3160 2074 3558 2144 interpretatio-

1986 2164 2140 2219 nibus
2192 2162 2334 2216 ialsis
2361 2162 2664 2231 Scripturas
2692 2174 2901 2221 sanctas
2946 2166 3182 2220 lacerare
3210 2166 3502 2220 moliuntur
3534 2180 3550 2220 :

1986 2265 2357 2314 convertentes
2387 2255 2438 2309 in
2473 2256 2822 2325 quorumdam
2855 2271 3062 2322 necem,
3101 2271 3220 2326 quae
3269 2272 3297 2309 a
3331 2255 3559 2310 Domino

1987 2347 2303 2419 prephetata
2332 2354 2455 2399 sunt
2482 2346 2547 2400 ad
2578 2346 2825 2402 salutem.
2884 2347 3233 2417 Subjungitur
3260 2346 3425 2402 etiam
3456 2344 3556 2400 de-

1986 2438 2157 2494 fensio
2190 2436 2396 2491 Domini
2441 2424 2682 2491 Chrisﬁ:
2720 2437 2846 2491 dicit
2873 2437 3040 2503 enim,
3090 2437 3136 2492 si
3167 2436 3410 2491 homines
3456 2446 3555 2489 vo-

1986 2529 2200 2586 luerunt
2216 2530 2525 2599 aequitatem
2552 2530 2730 2600 iniqua
2754 2529 3195 2600 interpretatione
3223 2529 3559 2596 subvertere,

1990 2635 2086 2677 cur
2114 2629 2367 2677 accusant
2398 2635 2519 2676 eum
2572 2622 2661 2691 qui
2716 2622 2863 2691 juste
2907 2622 3115 2679 locutus
3167 2622 3300 2677 est?
3342 2620 3564 2677 Errores

1992 2718 2134 2772 enim
2176 2732 2281 2771 non
2323 2717 2389 2771 de
2418 2727 2685 2787 prmeepto
2715 2718 2956 2785 trahunt,
3000 2719 3098 2776 sed
3141 2719 3211 2777 de
3237 2718 3564 2789 nequissima

1995 2820 2089 2861 sua
2117 2807 2390 2860 voluntate
2415 2807 2741 2876 concipiunt.

2069 2896 2223 2951 Vers.
2258 2897 2309 2949 5.
2342 2897 2593 2950 Dominus
2621 2899 2674 2949 in
2721 2896 2908 2966 templo
2948 2907 3125 2953 sancto
3155 2886 3285 2965 suo;
3317 2897 3567 2952 Dominus

1994 2990 2049 3042 in
2077 2987 2187 3057 44,
2207 2988 2331 3041 (σεῖο
2358 2988 2499 3042 sedes
2528 2990 2659 3060 ejus.
2686 2989 3030 3058 Exprobratis
3051 2990 3135 3045 his
3166 2992 3254 3061 qui
3283 2990 3413 3045 falsa
3443 3006 3570 3046 sen-

1997 3079 2129 3132 tiunt
2156 3078 2221 3132 de
2246 3078 2502 3147 religione
2532 3078 2830 3142 verissima,
2859 3080 2924 3134 ad
2950 3081 3239 3136 secundum
3265 3090 3425 3150 caput
3446 3095 3569 3151 pro-

1997 3170 2156 3240 pheta
2190 3171 2453 3241 pervenit,
2484 3170 2536 3225 in
2560 3186 2663 3240 quo
2689 3171 2799 3242 jam
2829 3172 3029 3241 judicia
3064 3173 3270 3229 Domini
3300 3173 3428 3229 dicit
3450 3188 3572 3231 esse

1997 3270 2256 3327 ventura;
2300 3270 2357 3315 ut
2386 3262 2613 3316 humana
2637 3264 2959 3331 perversitas
2988 3263 3177 3319 saltem
3225 3279 3285 3320 se
3324 3263 3571 3320 conside-

327 3358 513 3417 volunt
534 3358 682 3427 loqui
710 3355 850 3426 quod
873 3356 1093 3421 impium
1113 3364 1215 3418 est,
1247 3362 1306 3408 ut
1329 3350 1758 3407 contentionibus
1776 3362 1892 3418 pra-
1922 3364 1968 3429 ρ
1998 3364 2113 3408 rata
2140 3352 2349 3407 Domini
2396 3354 2731 3411 districtione
2776 3356 3091 3427 recorrigat.
3131 3356 3199 3411 Et
3228 3364 3283 3410 ut
3311 3356 3569 3410 innocen-

331 3451 414 3505 vis
443 3449 699 3506 seducunt
727 3449 931 3502 animas
965 3449 1297 3502 innocentes.
1344 3445 1435 3497 llis
1466 3457 1594 3513 ergo
1619 3441 1699 3496 vir
1726 3440 1898 3496 ﬁdelis

330 3541 491 3596 dicit:
523 3541 658 3595 Dum
699 3555 797 3611 ego
825 3540 925 3594 sim
948 3539 999 3593 in
1025 3538 1299 3607 religionis
1330 3539 1435 3591 ﬁxo
1464 3538 1743 3591 cacumine
1771 3550 1900 3590 con-

334 3632 567 3696 stitutus,
596 3629 1039 3701 quemadmodum
1070 3628 1198 3682 mihi
1238 3628 1472 3683 suadetis
1496 3669 1511 3695 ,
1571 3627 1900 3699 Transmigra

334 3722 391 3774 in
415 3731 651 3784 montem,
694 3720 747 3774 id
778 3728 860 3775 est
907 3719 973 3773 ad
1010 3718 1312 3772 hmreticam
1357 3719 1670 3787 pravitatem
1704 3731 1897 3773 :meu-

337 3811 528 3866 tientes
554 3811 622 3866 ibi
649 3825 768 3866 esse
795 3810 1086 3877 Christum,
1117 3810 1205 3864 ubi
1248 3810 1445 3864 veritas
1466 3810 1673 3863 nullum
1712 3808 1903 3878 proba-

329 3912 418 3957 tur
443 3902 637 3958 habere
652 3903 953 3971 vestigium.
979 3900 1131 3954 Mons
1157 3900 1299 3955 enim
1318 3899 1369 3952 in
1394 3899 1683 3968 Scripturis
1704 3898 1900 3957 divinis

325 3995 631 4063 atquivocus
656 4002 759 4060 est,
790 3991 931 4062 quod
981 3990 1329 4047 dissimilibus
1378 3990 1537 4046 rebus
1586 4004 1686 4059 pro
1716 3990 1895 4059 aliqua

324 4085 726 4155 comparatione
775 4083 1079 4153 deputatur.
1153 4082 1483 4152 Frequenter
1539 4082 1681 4136 enim
1738 4090 1791 4136 et
1840 4081 1895 4135 in

326 4178 488 4246 bono,
520 4186 577 4233 et
605 4180 657 4231 in
683 4176 824 4231 malo
849 4175 1100 4245 ponitur;
1131 4188 1250 4227 nam
1282 4189 1403 4229 cum
1460 4173 1513 4227 in
1556 4173 1699 4227 bono
1751 4186 1897 4224 mons

329 4269 545 4338 dicitur,
579 4267 798 4323 ﬁrmitas
831 4267 948 4336 ejus
989 4264 1385 4331 consideratur,
1454 4270 1510 4317 et
1564 4260 1898 4315 honorabilis

329 4360 580 4426 altitudo;
600 4374 722 4414 cum
752 4358 806 4413 in
836 4357 1002 4422 malo,
1029 4364 1217 4424 stupor
1244 4353 1461 4419 mentis,
1494 4360 1550 4409 et
1570 4351 1777 4408 elevata
1807 4364 1903 4405 su-

330 4452 531 4522 perbia.
561 4450 652 4507 Sic
674 4464 836 4506 mium
866 4462 1064 4505 nomen
1091 4446 1318 4503 diversis
1337 4445 1517 4511 rebus,
1545 4441 1901 4500 consideratis

331 4544 696 4616 qualitatibus,
717 4554 1073 4613 congruenter
1114 4550 1348 4612 aptatur.
1376 4538 1656 4600 Passertsm
1687 4550 1901 4606 quoque

332 4640 484 4708 plura
509 4646 634 4693 sunt
650 4635 1003 4707 generazalii
1029 4635 1261 4705 gaudent
1302 4634 1369 4688 ad
1412 4631 1672 4688 foramina
1722 4630 1904 4699 parie—

2004 3455 2108 3501 tem
2154 3444 2327 3515 decipi
2356 3445 2546 3516 aliquis
2591 3461 2698 3502 non
2748 3455 2961 3515 putaret
3014 3449 3253 3518 impune,
3286 3448 3567 3503 Dominum

2001 3538 2128 3594 dicit
2164 3540 2219 3593 in
2270 3544 2587 3609 unoqhoque
2635 3540 2886 3609 religioso
2930 3541 3270 3606 consistere;
3309 3532 3448 3595 sicut
3491 3540 3569 3594 ait

1972 3694 1975 3697 μ
2001 3629 2291 3700 Apostolus
2322 3647 2334 3682 :
2372 3630 2431 3686 Si
2459 3633 2571 3701 quis
2609 3633 2853 3703 templum
2881 3629 2979 3687 Dei
3006 3630 3284 3698 violaverit,
3312 3630 3569 3701 disperdet

2001 3723 2147 3779 illum
2174 3722 2332 3778 Deus.
2350 3723 2615 3794 Templum
2643 3726 2774 3780 enim
2795 3724 2889 3779 Dei
2908 3735 3139 3780 amictum
3167 3734 3259 3790 est,
3289 3726 3426 3795 quod
3450 3723 3571 3778 estis

2000 3831 2089 3870 vos
2112 3814 2161 3889 (I
2186 3815 2304 3872 Cor.
2328 3831 2408 3882 ιιι,
2434 3816 2545 3887 l7).
2572 3816 2642 3872 Ut
2675 3819 2807 3873 sciat
2839 3818 3119 3873 haereticus
3145 3833 3176 3873 a
3203 3817 3315 3872 Deo
3335 3832 3395 3872 se
3413 3830 3572 3887 posse

2001 3908 2258 3979 disperdi,
2299 3923 2328 3962 a
2370 3924 2475 3978 quo
2524 3919 2819 3965 noscuntur
2848 3910 3011 3965 corda
3052 3916 3199 3964 recte
3233 3896 3565 3965 credentium

2000 4000 2282 4071 possideri.
2314 3998 2507 4055 Caelum
2530 4002 2672 4056 enim
2704 4010 2919 4056 sanctos
2946 4001 3088 4056 viros
3120 4000 3404 4072 signiﬁcat,
3429 4012 3566 4068 quos

2001 4093 2282 4165 prmsentia
2304 4093 2595 4162 majestatis
2616 4106 2726 4147 suae
2750 4093 3011 4149 Divinitas
3035 4092 3271 4147 insidere
3298 4091 3568 4159 dignatur.

2001 4184 2045 4239 0
2093 4198 2250 4252 quam
2280 4182 2500 4251 pulchre
2551 4183 2822 4236 suboritur
2869 4182 2984 4235 laus
3031 4196 3093 4235 re
3141 4180 3344 4234 illaesa!
3378 4177 3561 4246 Qualis

2001 4276 2144 4334 enim
2174 4275 2366 4341 honor,
2419 4273 2588 4342 qualis
2627 4279 2711 4329 est
2738 4272 2906 4343 gloria
2932 4274 3205 4343 suscipere
3233 4269 3568 4339 Creatorem,

2002 4387 2160 4444 quem
2190 4386 2294 4426 non
2325 4377 2407 4425 est
2426 4367 2645 4423 dubium
2662 4368 2833 4423 bonos
2857 4381 3070 4437 semper
3089 4363 3361 4423 invisere?

2077 4464 2230 4523 Vers.
2258 4464 2309 4517 6.
2335 4459 2484 4515 Oculi
2504 4462 2613 4530 ejus
2626 4461 2677 4514 in
2693 4475 2965 4532 pauperem
2985 4460 3295 4530 respiciunt;
3318 4456 3572 4528 palpebra:

2003 4557 2111 4628 ejus
2139 4555 2454 4625 interrogant
2481 4552 2613 4622 ﬁlios
2639 4551 2925 4607 hominum.
2961 4552 3109 4608 Sicut
3131 4550 3371 4605 infelices
3399 4556 3520 4601 sunt
3540 4561 3573 4601 a

2001 4645 2196 4717 quibus
2223 4644 2509 4707 avertitur,
2562 4642 2636 4696 ita
2664 4642 2805 4697 beati
2843 4641 3159 4705 redduntur,
3188 4638 3255 4692 ad
3282 4652 3414 4707 quos
3446 4651 3569 4705 pro-

332 4742 465 4800 tum,
496 4731 782 4789 aliidvalles
809 4729 1046 4785 roscidas
1075 4729 1374 4797 requirunt,
1405 4724 1643 4780 nonnulli
1686 4730 1890 4777 montes

1998 4738 2159 4808 pitius
2205 4735 2421 4805 respicit
2449 4734 2591 4789 Deus
2623 4749 2639 4790 :
2675 4733 2927 4803 quoniam
2975 4733 3195 4788 intuitus
3226 4730 3341 4800 ejus
3372 4728 3573 4782 beneﬁ-

330 4833 590 4894 appetunt
626 4824 948 4893 squalentes.
985 4820 1092 4876 Sed
1112 4834 1254 4875 nunc
1281 4819 1352 4874 de
1398 4819 1503 4873 illis
1540 4816 1673 4871 dicit
1698 4815 1790 4885 qui
1825 4813 1898 4869 ad

332 4916 593 4971 altissima
620 4916 737 4971 loca
767 4924 1026 4970 terrarum
1067 4912 1338 4968 levissima
1366 4910 1639 4965 voluntate
1678 4908 1901 4977 rapiun-

335 5017 455 5074 tur;
485 5017 542 5063 ut
585 5008 670 5065 his
699 5008 894 5063 merito
939 5006 1142 5063 similes
1195 5006 1545 5070 aestimentur,
1577 5002 1670 5072 qui
1697 5001 1767 5056 ad
1799 5015 1901 5057 ne-

331 5098 618 5168 quissimus
648 5098 1072 5169 prmdicationes,
1104 5098 1320 5155 levitate
1346 5095 1701 5153 inconstantia
1728 5091 1901 5149 animi

334 5190 748 5246 transferuntur.
1504 5231 1515 5238 ρ

410 5283 566 5340 Vera.
593 5283 649 5339 2.
672 5283 936 5351 Quoniam
970 5300 1104 5357 εσσε
1119 5291 1411 5353 peccatores
1452 5280 1780 5338 intenderunt
1818 5294 1906 5331 ar-

335 5391 476 5432 m.
505 5376 723 5443 Arcam,
760 5375 1010 5431 mandata
1054 5374 1238 5429 divina
1282 5372 1541 5428 debemus
1595 5371 1904 5435 advertere,

338 5484 459 5540 quae
488 5470 771 5526 haereticus
799 5478 1057 5538 tractans,
1086 5477 1141 5525 et
1166 5468 1221 5523 in
1250 5479 1344 5522 sua
1384 5467 1646 5536 pravitate
1684 5476 1907 5536 compo-

342 5578 498 5630 nens,
524 5564 596 5621 ad
624 5565 811 5621 vulnus
837 5565 1028 5620 animae
1054 5562 1221 5620 tendit
1250 5560 1597 5631 operandam,
1627 5567 1688 5614 ut
1712 5574 1814 5614 non
1839 5557 1906 5615 ad

342 5668 937 5738 salutem-compungat,
971 5666 1065 5723 sed
1094 5676 1293 5720 aeterna
1340 5668 1512 5717 morte
1563 5657 1901 5714 transfodiat.

336 5760 405 5814 Et
430 5760 568 5817 bene
603 5778 752 5817 arcus
794 5762 1010 5831 ponitur
1046 5760 1101 5814 in
1147 5754 1518 5814 sacratissimis
1560 5750 1898 5820 Scripturis:

334 5851 458 5919 quia
485 5852 538 5905 in
565 5867 727 5907 unum
756 5852 862 5908 duo
896 5852 1236 5908 Testamenta
1265 5846 1615 5917 conjungens,
1665 5850 1756 5896 aut
1809 5839 1906 5896 de-

2002 4830 2143 4886 cium
2172 4835 2274 4892 est,
2310 4828 2432 4897 quia
2461 4833 2800 4897 peccatorum
2824 4825 3057 4881 tenebris
3100 4839 3205 4878 non
3260 4822 3571 4885 oilunditur,

2004 4921 2095 4991 qui
2118 4927 2261 4974 tanta
2286 4919 2524 4974 claritate
2546 4917 2822 4972 luStratur.
2842 4915 2973 4970 Nam
2996 4924 3049 4971 et
3071 4914 3247 4984 lapsus
3269 4913 3460 4968 Petrus
3484 4928 3569 4967 re-

2006 5012 2121 5069 dire
2149 5020 2273 5066 tunc
2301 5012 2517 5077 meruit,
2554 5009 2765 5079 quando
2799 5022 2921 5061 eum
2956 5006 3240 5061 clementia
3273 5004 3574 5059 Divinitatis

2006 5102 2230 5173 aspexit.
2265 5101 2332 5156 Et
2370 5100 2589 5157 intende
2618 5100 2758 5168 quod
2790 5098 2939 5167 prius
2980 5098 3157 5169 posuit
3202 5098 3412 5161 oculos;
3453 5105 3574 5166 post

2006 5210 2132 5252 vero
2153 5194 2439 5264 palpebras.
2494 5191 2767 5261 Palpebrae
2791 5189 2949 5245 dictas
2991 5201 3117 5247 sunt
3161 5206 3191 5246 a
3236 5190 3570 5261 palpitando.

2006 5288 2141 5346 Sunt
2165 5287 2308 5343 enim
2336 5286 2580 5356 quaedam
2610 5284 2870 5340 luminum
2902 5284 3095 5353 thecae,
3127 5294 3184 5341 et
3231 5285 3383 5355 quasi
3419 5283 3577 5340 folles

2007 5381 2303 5444 oculorum,
2338 5391 2469 5447 quos
2489 5375 2781 5433 claudimus
2817 5377 3169 5443 dormientes,
3199 5382 3258 5430 ut
3299 5374 3575 5445 latigatum

2010 5472 2384 5544 corpusculum
2414 5482 2664 5540 reparare
2706 5472 2989 5542 possimus.
3025 5471 3166 5539 Ergo
3196 5469 3317 5538 quia
3361 5469 3417 5522 in
3459 5467 3569 5522 Do-

2011 5567 2157 5623 mino
2170 5563 2532 5620 membrorum
2556 5565 2848 5619 ministeria
2876 5578 2970 5634 per
2992 5563 3299 5633 allegoriam
3323 5560 3575 5631 frequen-

2012 5671 2095 5715 ter
2117 5664 2384 5727 aptantur,
2424 5656 2555 5711 dicit
2583 5672 2725 5723 cum,
2754 5669 2863 5710 non
2892 5655 3065 5709 solum
3115 5653 3328 5723 quando
3351 5649 3578 5706 intendit
3611 5712 3617 5723 ‘

2013 5751 2201 5813 oculis,
2232 5748 2323 5802 sed
2347 5750 2507 5803 etiam
2552 5756 2676 5803 tunc
2705 5747 3000 5818 requirere,
3031 5747 3081 5799 id
3107 5754 3190 5802 est
3227 5743 3578 5801 considerare

2013 5845 2151 5900 ﬁlios
2202 5842 2505 5913 hominum,
2537 5857 2661 5901 cum
2703 5855 2766 5901 ea
2796 5840 3067 5911 negligere
3095 5839 3249 5909 quasi
3287 5835 3587 5909 dormiens

331 5940 633 6035 fessionem
658 5944 863 6017 tribuit,
892 5952 989 6005 aut
1009 5947 1249 6017 unum;
1267 5946 1406 6009 sicut
1421 5940 1711 6034 Apostolus
1728 5933 1908 5999 dicit:
1948 5951 1971 6034 ς
2015 5939 2328 6001 metiuntur.
