4016 6344
16 3522 17 3555 l

16 3574 17 3615 l

18 3840 20 3895 ἱ

18 3900 19 3937 l

18 3944 19 3979 ι

18 3982 19 4019 l

464 392 538 482 95
1494 480 1497 483 η
1620 478 1625 485 Α
1728 401 1800 458 u.
1842 393 2127 457 AURELII
2163 391 2565 455 cassronom
3671 390 3742 447 θα

458 582 459 589 η
542 494 702 593 ἦρξε.
724 534 779 589 7.
808 528 1060 588 Dominus
1086 528 1364 599 interrogat
1387 523 1592 595 justum
1619 526 1669 575 et
1690 519 1943 590 impium;
1971 517 2060 588 qui
2087 521 2143 583 Α
2164 523 2219 572 et
2249 516 2303 571 in
2361 511 2655 583 Evangelia
2699 506 2854 583 (Luc.
2900 508 3040 581 xix),
3073 510 3244 569 bonus
3288 523 3475 569 servus
3508 510 3745 572 oﬁ'erens

470 638 639 686 autem
677 628 847 699 diligit
884 626 1207 692 iniquitatem
1236 661 1254 689 ,
1293 618 1400 675 odit
1448 617 1677 672 animum
1715 629 1882 669 suam.
1932 610 2050 666 Non

384 770 401 781 κ
472 732 557 780 est
585 722 953 793 improborum
983 715 1254 786 deregatio
1282 704 1588 783 cogitanda,
1620 708 1836 780 quando
1866 706 2053 762 Domi-

476 828 577 870 nus
599 813 805 885 justum
849 810 1071 881 requirit
1092 814 1145 861 et
1174 806 1420 874 impium,
1443 803 1534 874 qui
1564 802 1743 857 omnia
1793 800 1895 855 sub
1918 798 2057 853 veri—

476 912 586 959 tate
608 902 884 959 discernit.
908 897 1058 965 Quod
1100 895 1225 950 ideo
1256 893 1470 959 dicitur,
1503 900 1560 946 ut
1591 891 1869 946 hominum
1914 886 2058 942 desi-

478 996 650 1063 deria,
672 995 953 1064 opiniones
979 989 1137 1044 fatuae
1169 1003 1273 1043 non
1297 986 1556 1042 seducant
1589 1001 1603 1051 ;
1646 982 1740 1039 sed
1768 979 2063 1051 unusquis-

478 1102 581 1156 que
600 1084 999 1153 circumspiciat
1027 1079 1415 1137 conscientiam
1463 1091 1641 1143 suam,
1671 1075 1739 1130 de
1778 1088 1882 1144 qua
1905 1075 2061 1128 novit

476 1178 647 1231 solum
675 1175 961 1230 Dominum
996 1172 1138 1227 ferre
1178 1170 1463 1241 judicium.
1495 1165 1747 1237 Sequitur
1789 1164 1970 1220 brevis
2007 1171 2062 1217 et

478 1264 762 1320 manifesta
790 1263 1080 1320 sententia.
1131 1261 1269 1331 Quid
1311 1269 1393 1316 est
1444 1259 1656 1331 diligere
1684 1256 2057 1325 iniquitatem?

479 1355 647 1410 odisse
672 1356 896 1410 animam
926 1371 1096 1409 suam.
1143 1348 1232 1409 Sic
1256 1353 1403 1407 enim
1450 1364 1510 1406 se
1552 1349 1918 1419 persequitur,
1972 1343 2064 1415 qui

475 1445 747 1502 diabolum
793 1446 1091 1515 sequitur,.
1122 1444 1248 1499 dum
1295 1442 1417 1498 illas
1473 1441 1696 1497 semitas
1745 1450 2062 1494 commeare

475 1537 611 1604 vult,
639 1552 757 1607 quae
794 1537 863 1592 ad
894 1551 1173 1607 pmnarum
1202 1536 1321 1591 loca
1348 1533 1597 1605 fugienda
1623 1531 1947 1603 perducunt.
2027 1577 2030 1579 λ

551 1627 710 1684 Vers.
742 1628 798 1685 8.
824 1628 975 1684 Pluit
1002 1645 1155 1699 super
1211 1637 1501 1700 peccatores
1543 1627 1749 1697 laqueos
1782 1640 1800 1679 :
1847 1624 1982 1695 ignis
2017 1630 2067 1677 et

386 1716 401 1739 θ
478 1720 697 1792 sulphur
742 1732 790 1777 et
835 1722 1045 1791 spiritus
1094 1720 1441 1793 procellarum
1482 1735 1601 1789 pars
1648 1716 1822 1773 calicis
1864 1732 2064 1771 eorum.

480 1810 649 1878 Pluit,
678 1812 743 1868 ad
771 1813 931 1869 verba
955 1813 1365 1884 praedicantium
1385 1798 1570 1868 retulit
1597 1810 1739 1867 ccelo
1768 1807 2064 1875 manantia,

480 1918 600 1975 quae
622 1905 885 1974 piissimis
916 1906 1116 1961 imbres
1147 1913 1304 1971 sunt;
1335 1903 1560 1974 perﬁdis
1585 1909 1766 1957 autem
1797 1900 1949 1970 igniti
1978 1899 2056 1956 la-
2090 1906 2141 1970 Β

480 1998 625 2068 quei.
660 1998 741 2052 Illi
780 2001 924 2055 enim
955 2000 1091 2056 bene
1131 2000 1501 2070 intelligendo,
1544 1998 1667 2053 inde
1696 1996 2060 2057 fructiﬁcant;

486 2088 573 2144 isti
604 2089 744 2145 male
772 2090 1053 2147 tractando
1092 2093 1298 2147 animas
1327 2106 1453 2146 suas
1501 2088 1643 2145 nodo
1694 2086 2062 2158 perversitatis

483 2182 835 2251 strangulant.
867 2181 1015 2253 Ignis
1044 2189 1127 2238 est
1152 2182 1367 2253 quando
1396 2196 1490 2237 eos
1513 2182 1760 2236 ﬂammea
1786 2194 1912 2235 cura
1936 2194 2067 2235 con-

481 2273 679 2339 sumit;
721 2275 952 2346 sulphur,
989 2276 1111 2346 quia
1153 2275 1503 2346 cogitationes
1533 2288 1719 2330 eorum
1751 2270 2060 2329 detestabili

481 2361 652 2418 fetore
681 2362 1034 2432 sordescunt;
1061 2366 1271 2437 spiritus
1301 2364 1665 2435 procgllarum,
1700 2364 1825 2419 dum
1877 2378 1937 2419 se
1981 2371 2068 2417 tu-

482 2457 749 2514 multuosa
782 2468 961 2516 mente
990 2454 1325 2516 capiundum
1352 2446 1381 2526 ς’
1409 2448 1529 2530 pars
1556 2458 1731 2513 calicis
1774 2473 1972 2524 eorum,
2013 2455 2067 2512 id

485 2558 568 2603 est
622 2564 872 2606 mensura
918 2566 1022 2621 qua
1069 2551 1285 2620 pollutis
1329 2552 1534 2607 actibus
1560 2552 1859 2606 ebriantur.
1909 2536 2061 2603 Catia:

486 2647 663 2695 autem
689 2625 817 2697 etin
844 2632 987 2697 bono
1014 2632 1229 2708 dicitur,
1261 2649 1320 2696 ut
1344 2650 1426 2697 est
1453 2660 1464 2695 :
1488 2626 1647 2696 Caliai
1671 2652 1789 2696 tuus
1810 2638 2069 2693 inebrians

428 2736 431 2739 ’
484 2734 639 2803 quam
664 2721 943 2804 praeclarus
982 2744 1055 2791 est
1088 2733 1261 2807 (Psal.
1293 2735 1504 2807 xxu,5)
1529 2737 1544 2790 l
1570 2735 1717 2789 Catia:
1742 2734 1885 2789 enim
1916 2728 2068 2787 meni

486 2838 612 2879 sura
640 2832 726 2880 est
746 2841 849 2896 qua
879 2834 1130 2895 potantur
1150 2826 1367 2883 animae.
1394 2825 1544 2880 Caliac
1573 2812 1752 2883 autem
1778 2825 1975 2893 dictus,
2004 2838 2070 2880 eo

485 2916 627 2987 quod
676 2918 895 2974 assidue
937 2919 1165 2973 calidam
1220 2918 1391 2974 soleat
1445 2918 1725 2988 suscipere
1770 2917 2067 2987 potionem.

486 3008 787 3064 Macrobius
811 3024 1022 3080 quoque
1044 3011 1386 3066 Theodosius
1418 3011 1475 3065 in
1505 3012 1736 3079 quodam
1775 3024 1942 3080 opere
1970 3023 2071 3065 suo

487 3108 702 3170 gentem
732 3099 863 3155 dicit
890 3101 1296 3173 Cylicranorum
1344 3103 1509 3158 fuisse
1554 3103 1708 3173 juxta
1753 3102 2068 3159 Heracleam

488 3190 855 3260 constitutam,
877 3191 1178 3261 composito
1205 3207 1400 3248 nomen
1429 3190 1531 3248 ἄπὸ
1553 3200 1643 3249 τοῦ
1666 3192 1906 3262 κύλιχος,
1930 3192 2070 3261 quod

487 3282 670 3351 poculi
717 3299 883 3353 genus
935 3298 1038 3340 una
1092 3284 1267 3341 littera
1309 3285 1589 3342 immutata
1633 3285 1859 3343 calicem
1907 3286 2065 3342 dixit.
2098 3295 2146 3361 α

490 3372 646 3430 Unde
674 3374 777 3430 hoc
804 3390 999 3432 nomen
1028 3379 1303 3434 memoriae
1327 3386 1535 3434 constat
1555 3378 1805 3434 inﬁxum.

559 3466 715 3523 Vers.
748 3467 1092 3534 9.'Quoniam
1128 3472 1305 3541 justus
1334 3470 1589 3527 Dominus
1624 3481 1675 3528 et
1712 3472 1947 3545 justitias
1987 3472 2072 3525 di-

487 3557 613 3614 lexit
629 3574 649 3615 :
667 3562 957 3631 aequitatem
976 3563 1101 3617 vidit
1121 3565 1288 3619 vultus
1304 3569 1439 3637 ejus.
1473 3565 1558 3621 Fit
1576 3562 1791 3636 quoque
1820 3566 1889 3622 de
1905 3566 2069 3636 :equi-

487 3658 600 3707 tate
620 3654 803 3709 :eterni
830 3653 991 3725 Regis
1019 3654 1210 3711 decora
1238 3657 1533 3713 conclusio.
1565 3656 1775 3713 Iustum
1796 3658 1927 3714 dicit
1956 3657 2069 3712 Do-

485 3745 682 3799 minum
713 3748 1197 3821 amarejustitiam,
1222 3749 1347 3821 quia
1376 3751 1549 3808 nescit
1588 3752 1724 3808 alios
1768 3753 2062 3823 respicere,

486 3837 589 3893 nisi
612 3837 702 3909 qui
728 3848 926 3896 norunt
944 3842 1216 3897 custodire
1236 3842 1519 3913 justitiam.
1576 3842 1806 3914 Adjecit,
1852 3846 2069 3915 aequita-

482 3936 581 3981 tem
601 3929 723 3984 vidit
747 3931 916 3986 vultus
940 3934 1054 4004 ejus
1072 3948 1093 3988 :
1121 3933 1265 3989 illam
1305 3934 1511 3991 scilicet
1552 3938 1861 4007 mquitatem
1892 3952 2060 4007 quam

482 4026 658 4075 tamen
687 4022 948 4091 propitius
975 4025 1091 4095 ipse
1136 4025 1401 4086 concedit.
1434 4025 1552 4084 Non
1591 4030 1737 4085 enim
1771 4028 2064 4099 quidquam

481 4121 550 4164 ex
578 4124 638 4165 se
667 4112 819 4180 probi
862 4112 1164 4171 humanitas
1193 4117 1374 4185 habet,
1427 4117 1531 4174 nisi
1579 4119 1722 4189 quod
1754 4132 1786 4174 a
1833 4118 2067 4175 Domino

480 4198 743 4258 bonorum
770 4207 1009 4262 omnium
1029 4210 1327 4279 susceperit
1371 4194 1645 4281 largitore.
1704 4210 1889 4267 Vultus
1934 4224 2067 4268 vero

482 4289 569 4349 hic
598 4297 1035 4365 propitiationem
1062 4300 1278 4357 Domini
1308 4303 1595 4372 signiﬁcat.
1618 4303 1765 4373 ;Nam
1798 4312 1855 4360 et
1884 4304 1937 4359 in
1959 4304 2066 4360 alio

480 4384 686 4451 psalmo
712 4386 944 4457 legitur:
981 4389 1167 4445 Vultus
1191 4402 1362 4447 autem
1398 4393 1610 4447 Domini
1637 4384 1792 4462 super
1820 4397 2066 4467 facientes

480 4476 620 4531 mala
642 4475 1013 4551 (Psal.xxxm,
1048 4482 1161 4553 17).
1193 4483 1299 4540 Sed
1322 4487 1575 4555 quoniam
1602 4485 1689 4542 hic
1719 4487 2067 4561 dixit,”_a’qui-

483 4574 635 4624 tatem
679 4572 826 4640 vidit,
874 4590 970 4645 per
1014 4576 1320 4647 aequitatem
1357 4578 1580 4649 gratiam
1607 4580 1775 4651 ipsius
1801 4580 1929 4641 fecit
1972 4584 2064 4641 in-

482 4658 670 4732 telligi.

1006 4757 1277 4816 Conclusio
1306 4761 1515 4833 psalmi.

548 4864 719 4933 Quam
745 4868 883 4926 bene
907 4875 1174 4930 versutias
1198 4875 1577 4935 haereticorum
1597 4887 1653 4937 et
1673 4879 2062 4939 retributiones

477 4972 665 5016 eorum
684 4962 920 5032 psalmus
942 4965 1046 5023 iste
1066 4969 1293 5027 mirabili
1318 4972 1579 5031 brevitate
1605 4977 1922 5048 complexus
1942 4986 2026 5035 est
2046 4978 2061 5034 ε

479 5062 539 5109 ιιι
588 5070 816 5127 quorum
862 5058 1067 5117 futuras
1097 5078 1279 5133 ptenas
1322 5070 1665 5138 agnoscimus
1690 5110 1707 5138 ,
1758 5071 1829 5126 ab
1872 5085 2063 5127 eorum

477 5148 833 5216 pravitatibus
862 5168 1161 5214 arceamur.
1193 5159 1290 5221 Est
1319 5162 1461 5219 enim
1501 5164 1556 5220 in
1587 5179 1810 5221 numero
1840 5166 1960 5237 ipso
2004 5173 2063 5221 et

476 5241 648 5298 virtus
677 5256 858 5303 sancta
905 5248 1176 5323 Decalogi,
1223 5256 1314 5326 qui
1371 5258 1621 5316 humana:
1659 5260 1783 5315 vitae
1814 5260 2060 5329 provenit

474 5333 893 5403 gloriosissimus
944 5342 1239 5404 institutor.
1287 5349 1422 5406 Nam
1461 5352 1601 5407 sicut
1640 5351 1733 5406 ille
1780 5350 2059 5409 hominum

477 5427 605 5482 vitia
631 5430 973 5502 condemnat,
1001 5436 1081 5493 sic
1109 5448 1167 5497 et
1202 5442 1305 5499 iste
1332 5457 1555 5499 sensum
1580 5444 1776 5513 iniquae
1803 5444 2061 5513 praedica-

478 5518 636 5576 tionis
661 5521 971 5596 impugnat:
1006 5539 1205 5588 tantoa
1251 5533 1457 5604 majore
1500 5534 1743 5603 periculo
1798 5534 2060 5601 liberans,

476 5622 676 5681 quanto
706 5617 823 5686 plus
852 5632 935 5678 est
958 5625 1010 5680 in
1038 5626 1141 5683 ﬁde
1168 5627 1505 5698 delinquere,
1553 5644 1713 5696 quam
1745 5630 1923 5685 carnis
1945 5630 2058 5685 fra-

475 5704 673 5775 gilitate
725 5724 967 5781 peccare.
1001 5717 1192 5773 Merito
1235 5733 1365 5788 ergo
1416 5730 1471 5774 et
1514 5717 1600 5772 hic
1641 5720 1878 5788 psalmus
1919 5720 2061 5777 hunc

473 5816 754 5860 numerum
812 5816 986 5875 tenet,
1037 5812 1126 5881 qui
1162 5824 1353 5868 sensus
1405 5820 1622 5866 nostros
1669 5812 1725 5867 in
1762 5812 2063 5869 orthodoxa

459 5897 790 5989 'credulitate
815 5903 1211 5976 perfectissima
1240 5904 1579 5965 institutione
1600 5906 1901 5983 conﬁrmat.
1924 5906 2065 5979 Nam

2161 608 2352 663 decem
2385 605 2583 659 talenta
2607 601 2857 677 laudatus
2875 609 2979 668 est,
3004 611 3060 657 et
3089 610 3406 673 potestatem
3449 616 3613 675 supra
3640 603 3737 659 de-

2158 713 2276 757 cem
2307 699 2553 754 civitates
2597 696 2805 767 accepit
2832 695 2888 751 in
2924 695 3225 765 praemium.
3263 694 3556 767 Apostolus
3603 711 3742 767 quo-

2159 806 2264 861 que
2286 792 2340 846 in
2359 802 2611 861 magnum
2634 795 3049 854 sacramentum,
3073 786 3311 844 Verbum
3328 787 3541 844 Domini
3557 787 3749 845 decem

2159 887 2375 956 scripsit
2400 884 2656 940 Ecclesiis
2684 899 2699 939 :
2729 882 3039 954 signiﬁcans
3070 895 3239 937 sacra:
3266 881 3532 938 doctrinas
3568 882 3753 953 pleni-

2163 978 2427 1046 tudinem,
2462 977 2599 1032 hanc
2630 974 2914 1046 complecti
2944 976 3155 1031 numeri
3200 976 3575 1046 quantitatem.
3608 975 3753 1032 Nam

2164 1078 2219 1126 et
2273 1082 2529 1125 numerus
2579 1069 2695 1139 ipse
2744 1068 2799 1123 in
2838 1082 3084 1137 magnam
3127 1066 3383 1124 virtutem
3421 1068 3754 1139 laudemque

2163 1163 2425 1220 collectus
2454 1170 2566 1228 est;
2596 1163 2687 1231 qui
2726 1161 2850 1218 licet
2871 1161 2927 1216 in
2957 1170 3239 1218 extensum
3291 1162 3582 1231 calculum,
3624 1162 3754 1218 inﬁ-

2164 1256 2440 1325 nitumque
2465 1252 2735 1321 tendatur,
2770 1253 2883 1323 ipse
2910 1261 3089 1309 tamen
3118 1255 3170 1309 in
3210 1254 3506 1325 semetipso
3537 1268 3755 1325 semper

2164 1348 2427 1404 crescenti
2451 1361 2661 1403 summa
2691 1346 2985 1402 revolvitur
3010 1363 3026 1413 ;
3051 1355 3105 1403 et
3125 1346 3316 1417 probe,
3348 1355 3410 1402 ut
3454 1354 3578 1405 cum
3607 1346 3745 1402 nihil

2166 1442 2389 1512 recipiat
2411 1448 2751 1505 extraneum,
2783 1454 3034 1511 magnum
3065 1440 3133 1495 de
3180 1455 3241 1496 se
3282 1443 3458 1497 facere
3502 1440 3754 1497 videatur

2168 1541 2531 1606 augmentum.
2551 1532 2650 1587 Hic
2670 1533 2829 1587 etiam
2856 1533 3049 1588 merito
3067 1531 3259 1588 dicitur
3282 1531 3471 1602 decus,
3496 1531 3753 1604 quoniam

2168 1640 2199 1683 a
2223 1625 2419 1683 decore
2448 1639 2646 1680 nomen
2668 1622 2894 1692 accepit.

2477 1736 2841 1795 EXPOSITIO
2882 1736 2949 1793 ΙΝ
2979 1735 3306 1794 PSALMUM
3342 1736 3437 1793 XI.

2384 1833 2453 1887 In
2480 1833 2635 1903 ﬁnem
2665 1848 2759 1903 pro
2780 1839 2956 1887 octava
2977 1833 3062 1887 die
3090 1832 3315 1903 psalmus
3344 1832 3529 1887 Dauid.

2242 1950 2453 2017 Octava,
2504 1959 2561 2005 ut
2608 1951 2662 2007 in
2714 1956 2868 2006 sexto
2921 1948 3132 2017 psalmo
3157 1932 3271 2018 jam
3312 1946 3510 2003 dictum
3531 1954 3641 2014 est,
3683 1946 3752 2004 ad

2168 2052 2424 2102 aeternam
2478 2046 2711 2116 pertinet
2771 2042 3057 2113 requiem;
3112 2056 3236 2097 nam
3290 2048 3539 2098 octavum
3594 2040 3743 2096 diem

2168 2138 2399 2194 mundus
2428 2137 2531 2193 iste
2558 2151 2663 2193 non
2684 2135 2897 2206 recipit,
2929 2133 3023 2189 sed
3047 2133 3199 2188 ﬁnito
3257 2134 3487 2204 septimo
3532 2145 3753 2201 semper

2167 2231 2309 2287 redit
2331 2231 2395 2285 ad
2427 2232 2709 2301 primum..
2745 2229 2803 2284 In
2842 2226 2960 2284 istis
3003 2226 3147 2283 enim
3177 2226 3366 2283 diebus
3412 2225 3636 2297 pluralis
3666 2232 3755 2280 est

2171 2335 2456 2378 numerus:
2484 2322 2576 2377 ille
2605 2329 2783 2377 autem
2827 2318 3115 2390 singularis
3142 2318 3427 2388 accipitur,
3466 2317 3557 2388 qui
3601 2315 3753 2371 nullo

2169 2414 2494 2472 succedente
2522 2421 2780 2469 mutatur.
2813 2412 3152 2481 Quapropter
3200 2409 3429 2466 dicenda
3457 2408 3627 2464 virtus
3671 2416 3757 2463 est

2170 2508 2383 2579 psalmi,
2417 2516 2476 2563 ut
2502 2521 2596 2577 per
2614 2505 3115 2577 ejus‘intentionem
3147 2503 3429 2573 inscriptio
3448 2502 3589 2557 tituli
3620 2500 3757 2557 faci-

2171 2602 2276 2657 lius
2294 2601 2468 2671 possit
2486 2596 2733 2669 intelligi.
2762 2599 2902 2655 Petit
2926 2598 3107 2668 itaque
3132 2596 3396 2668 propheta
3422 2596 3759 2665 iniquitatem

2171 2692 2355 2749 mundi
2398 2691 2553 2747 istius
2596 2690 2841 2757 deSIrui',
2885 2698 2945 2746 ut
2984 2690 3050 2745 ad
3074 2689 3224 2745 illam
3249 2690 3533 2746 veritatem
3554 2686 3750 2744 futurae

2171 2781 2544 2854 promissionis
2564 2780 2759 2837 debeat
2786 2780 3075 2850 perveniri.
3102 2780 3192 2837 Sic
3219 2781 3354 2837 illud
3385 2778 3755 2849 imperturba-

2173 2877 2280 2932 bile
2298 2889 2523 2946 regnum
2545 2874 2902 2945 signiﬁcatur,
2950 2873 3163 2944 quando
3203 2872 3320 2943 ejus
3350 2871 3632 2928 beatitudo
3681 2871 3763 2927 in-

2173 2969 2486 3025 desinenter
2515 2969 2802 3039 expetitur.
2833 2967 3022 3024 Merito
3074 2966 3181 3040 55
3211 2980 3341 3036 ergo
3380 2965 3506 3023 huic
3546 2965 3762 3036 psalmo

2172 3068 2400 3114 octavus
2440 3058 2557 3115 dies
2582 3067 2795 3129 aptatus
2833 3068 2936 3129 est,
2967 3059 3057 3115 ubi
3106 3058 3291 3114 saeculi
3321 3058 3477 3115 istius
3520 3072 3763 3116 consue-

2183 3150 2312 3206 tudo
2334 3151 2526 3207 vitiosa
2548 3151 2837 3222 deseritur,
2872 3159 2927 3208 et
2947 3150 3091 3207 illius
3117 3151 3306 3208 venire
3328 3150 3639 3209 innocentia
3664 3164 3764 3221 po-

2176 3243 2430 3298 stulatur.
2463 3243 2670 3300 Cmtera
2705 3258 2835 3301 vero
2865 3243 3025 3314 hujus
3052 3243 3196 3300 tituli
3243 3244 3408 3301 verba
3448 3244 3763 3317 praeceden-

2175 3334 2318 3391 tibus
2349 3336 2778 3407 expositionibus
2802 3337 3098 3407 probantur
3123 3350 3245 3395 esse
3278 3336 3575 3395 noﬁssima.

2745 3451 2938 3508 Divisio
2980 3451 3188 3524 psalmi.

2242 3569 2422 3626 Prima
2450 3578 2604 3642 parte
2634 3569 2894 3642 propheta
2922 3584 2954 3625 a
2982 3571 3167 3627 mundi
3195 3571 3351 3627 istius
3397 3570 3758 3641 perversitate

2169 3663 2376 3720 salvum
2406 3679 2466 3721 se
2496 3665 2628 3735 petit
2658 3664 2811 3734 ﬁeri,
2844 3664 3095 3735 quoniam
3133 3662 3305 3722 dolosi
3350 3672 3509 3735 atque
3540 3665 3758 3735 superbi

2168 3758 2465 3827 potentiam
2497 3756 2709 3813 Domini
2738 3756 3018 3813 sceleratis
3060 3755 3490 3814 ohlocutionibus
3529 3758 3767 3830 abnega-

2169 3847 2320 3903 bant.
2355 3847 2602 3927 Secunda
2633 3848 3051 3921 promissionem,
3076 3847 3249 3905 Patris
3294 3863 3390 3920 per
3426 3849 3769 3919 omnipoten-

2170 3947 2283 3996 tem
2312 3940 2507 3996 Filium
2532 3941 2787 4011 praedicat
2806 3954 2928 3996 esse
2950 3940 3249 3996 faciendam
3276 3956 3291 3996 :
3317 3939 3532 4011 eloquia
3552 3942 3767 3998 Domini

2170 4034 2273 4111 sub
2295 4034 2559 4107 brevitate
2579 4030 2912 4102 collaudans,
2932 4032 3073 4089 sicut
3093 4032 3244 4103 prius
3262 4047 3545 4094 sermones
3571 4035 3769 4107 impios

2171 4128 2449 4200 arguebat.

2698 4221 2971 4293 Expositio
3017 4222 3227 4293 psalmi.

2245 4332 2400 4390 Vers.
2441 4336 2496 4389 i.
2542 4334 2758 4390 Salvum
2783 4350 2862 4389 me
2888 4338 3008 4406 fac,
3038 4333 3286 4402 Domine,
3310 4333 3559 4405 quoniam
3587 4334 3776 4406 defecit

2174 4435 2380 4481 sanctus
2406 4440 2425 4478 :
2446 4425 2692 4495 quoniam
2717 4425 2982 4480 diminuta:
3004 4433 3125 4481 sunt
3145 4426 3375 4481 veritates
3400 4442 3433 4479 a
3457 4425 3585 4495 ﬁliis
3605 4426 3777 4483 Itami-

2171 4534 2318 4572 num.
2351 4516 2602 4573 Studiose
2629 4515 2979 4573 discutiamus
3020 4516 3125 4574 hoc
3166 4517 3489 4587 principium
3539 4518 3773 4588 psalmi,

2172 4608 2429 4680 quoniam
2449 4622 2762 4679 magnorum
2785 4607 3118 4666 schematum
3139 4608 3335 4666 decore
3349 4609 3639 4666 tonantum
3661 4620 3772 4668 est.

2087 4678 2143 4740 Ῑ)
2173 4678 2453 4757 Exclamat
2476 4678 2622 4757 enim
2651 4701 2719 4758 ad
2750 4701 3035 4759 Dominum
3065 4702 3246 4760 subito
3273 4703 3540 4774 propheta
3559 4745 3576 4772 ,
3617 4712 3677 4759 ut
3705 4704 3777 4762 de

2173 4793 2290 4864 ipsa
2331 4793 2619 4851 formidine
2649 4804 2908 4866 appareat
2939 4794 3165 4865 periculi
3194 4796 3529 4867 magnitudo.
3562 4795 3777 4852 Deinde

2173 4896 2275 4953 per
2324 4882 2549 4954 ﬁguram
2594 4883 3068 4955 synatbroesmos,
3119 4898 3291 4955 usque
3336 4884 3403 4941 ad
3441 4884 3775 4942 divisionem

2174 4986 2462 5047 congregat
2504 4977 2700 5044 multa,
2746 4991 2866 5048 quas
2909 4978 3105 5034 timuit.
3152 4978 3307 5046 Quod
3355 4978 3577 5034 schema
3627 4979 3776 5036 inter

2175 5069 2587 5128 violentissimas
2614 5070 2815 5140 ﬁguras
2844 5070 3124 5141 accipitur,
3153 5072 3371 5142 quando
3397 5072 3650 5144 plurimae
3679 5086 3775 5130 res

2173 5161 2229 5217 in
2256 5177 2441 5231 unum,
2466 5171 2524 5219 et
2546 5163 2712 5218 multa
2732 5163 2961 5219 crimina
2979 5163 3487 5236 colliguntur.Nam
3511 5178 3636 5222 cum
3667 5166 3777 5221 hoc

2172 5255 2427 5310 saeculum
2462 5255 2755 5324 respiceret
2780 5256 2989 5313 animas
3016 5257 3419 5317 multiformiter
3446 5258 3736 5329 iugi-avare
3754 5301 3774 5326 ,

2169 5347 2369 5403 saluum
2391 5360 2450 5403 se
2471 5348 2659 5417 petita
2683 5347 2912 5406 Domino
2931 5349 3068 5419 fieri,
3093 5350 3232 5420 apud
3260 5365 3423 5421 quem
3450 5364 3634 5406 veram
3658 5365 3777 5406 rne-

2170 5437 2409 5494 dicinam
2434 5449 2661 5495 noverat
2689 5440 2925 5498 inveniri
2957 5458 2973 5497 :
3009 5451 3245 5496 sanctum
3274 5441 3461 5498 dicens
3486 5443 3680 5497 abesse
3699 5442 3775 5498 de

2172 5530 2397 5598 mundo,
2438 5531 2530 5587 ubi
2571 5540 2716 5588 tanta
2752 5532 3013 5588 malorum
3044 5532 3221 5588 inesse
3249 5533 3598 5603 cognoscitur
3628 5532 3775 5588 mul-

2168 5622 2363 5679 titudo.
2393 5623 2526 5693 Hoc,
2559 5635 2816 5695 quantum
2845 5625 2911 5678 ad
2946 5624 3190 5681 homines
3230 5626 3502 5695 pertinet,
3532 5623 3769 5689 dicitur;

2170 5724 2421 5773 caeterum
2454 5717 2546 5772 ille
2577 5716 2771 5786 ubique
2799 5730 3040 5787 prmsens
3072 5732 3193 5774 esse
3217 5717 3576 5788 cognoscitur.
3605 5719 3673 5774 Et
3699 5735 3776 5777 ne

2166 5810 2455 5867 haberetur
2475 5811 2799 5880 ambiguum,
2823 5812 2964 5882 quod
2988 5812 3148 5882 dixit,
3172 5812 3353 5881 defecit
3379 5820 3605 5878 sanctus,
3634 5827 3773 5871 con-

2147 5904 2410 6000 ,εθίιιιίιυτ
2441 5905 2715 5967 diminutas
2740 5919 2851 5979 esse
2876 5906 3113 5969 veritates
3135 5920 3169 5967 α
3192 5904 3319 5981 ﬁliis
3345 5904 3630 5968 ltonunum.
3646 5905 3780 5997 ’Alia.
