4064 6360
327 323 399 381 97
1292 313 1655 375 EXPOSITIO
1689 313 1758 373 IN
1796 311 2257 374 PSALTERIUM.
2297 315 2490 374 PSAL.
2534 317 2626 374 Xl.
3037 267 3040 270 Ι
3545 337 3617 392 98

308 410 415 496 .ter
437 438 581 494 enim
610 444 816 494 sanctus
841 437 1058 509 deﬁcere
1084 449 1192 494 non
1232 444 1465 508 poterat,
1499 436 1600 492 nisi
1628 435 1817 491 fuisset
1842 435 1923 489 in-
1951 433 2007 496 Α
2029 442 2200 501 munt,
2229 443 2285 491 et
2310 446 2518 506 ponunt
2559 437 2613 492 in
2652 440 2865 511 propria
2894 448 3194 515 potestate,
3238 451 3381 520 quod
3412 465 3471 508 se
3515 452 3610 510 de-

327 538 412 588 ter
460 529 705 586 homines
750 529 950 586 veritas
995 529 1300 589 imminuta.
1347 529 1502 594 Quod
1545 534 1917 598 argumentum

326 623 524 680 dicitur
549 638 580 678 a
609 623 1078 694 consequentibus,
1108 622 1324 693 quando
1351 621 1482 676 illud
1511 621 1654 692 quod
1686 620 1922 691 praemit-

325 703 479 782 titur,
521 714 765 784 sequenti
793 713 1026 770 dictione
1056 715 1318 769 ﬁrmatur.
1353 712 1552 768 Verum
1584 726 1706 768 cum
1745 711 1916 778 dicit,

327 806 646 873 diminutas,
676 807 965 877 depravata
1013 806 1110 864 Dei
1157 819 1380 862 munera
1422 805 1594 876 culpis
1639 804 1918 861 hominum

325 899 609 956 evidenter
634 901 891 967 ostendit,
921 901 1012 970 qui
1041 899 1232 955 collata
1272 898 1375 956 sibi
1414 897 1672 954 beneﬁcia
1704 898 1920 967 propria

325 989 680 1060 perversitate
725 991 1138 1046 commaculant.
1182 989 1248 1046 Et
1284 988 1603 1045 intuendum
1631 987 1773 1059 quod
1803 988 1922 1057 plu-

325 1081 425 1136 rali
453 1094 686 1136 numero
714 1088 840 1136 sunt
871 1082 1057 1150 positae
1085 1081 1350 1147 veritates,
1379 1096 1502 1136 cum
1535 1094 1637 1135 una
1670 1081 1738 1134 sit
1776 1078 1921 1134 veri-

326 1180 432 1226 tas.
454 1172 560 1228 Sed
585 1186 708 1228 cum
733 1172 898 1228 virtus
923 1172 1041 1242 ejus
1064 1189 1159 1244 per
1179 1186 1618 1243 unumquemque
1644 1171 1917 1226 hominem

326 1263 536 1320 caelesti
561 1262 963 1334 dispensatione
987 1263 1258 1330 tribuitur,
1277 1264 1471 1318 multas
1491 1277 1612 1319 esse
1634 1271 1914 1319 testamur.

326 1355 397 1414 Ut
425 1357 607 1412 dicere
635 1355 874 1412 solemus
901 1357 1180 1426 prophetia
1220 1356 1386 1412 David
1405 1397 1420 1421 ,
1453 1354 1732 1426 prophetia
1761 1355 1915 1410 Jcre-

325 1450 471 1516 mite,
501 1449 848 1521 Evangelium
873 1450 1130 1517 Matthaei,
1156 1449 1505 1521 Evangelium
1536 1449 1756 1506 Joannis
1774 1489 1791 1516 ,
1817 1463 1922 1504 cae-

329 1549 600 1611 terosque,
633 1543 724 1612 qui
753 1542 911 1612 hujus
937 1543 1012 1598 rei
1046 1542 1251 1598 honore
1272 1541 1567 1597 ﬂoruerunt
1601 1560 1612 1594 :
1648 1541 1720 1596 ita
1747 1548 1800 1596 et
1825 1556 1919 1597 ve-

327 1632 516 1689 ritates
561 1634 931 1708 enuntiamus,
983 1635 1195 1705 quando
1242 1633 1472 1705 qualitas
1512 1632 1629 1703 ejus
1659 1648 1754 1705 per
1782 1633 1922 1688 indi-

329 1725 521 1780 viduas
569 1734 751 1796 partes
797 1728 1047 1784 humanis
1097 1727 1370 1785 mentibus
1417 1727 1629 1782 Domini
1670 1728 1920 1798 largitate

2026 538 2234 585 mentes
2256 547 2285 585 a
2311 533 2418 589 Deo
2439 550 2543 590 non
2568 536 2869 607 intelligunt
2891 541 3182 611 accepisse.
3211 544 3320 601 Hos
3340 548 3611 618 paulisper

2022 623 2314 695 interrogo,
2347 640 2510 695 quare
2539 645 2644 686 non
2673 641 2798 687 sunt
2823 634 3043 704 garruli,
3077 651 3198 692 cum
3222 642 3606 709 supervenien-

2023 713 2166 770 tibus
2193 716 2336 773 curis
2364 719 2573 788 stupida
2605 723 2968 780 taciturnitate
2994 729 3273 784 constricti
3303 733 3467 786 sunt?
3499 733 3608 788 De-

2023 808 2247 881 ﬁgentes
2273 813 2416 868 enim
2444 814 2625 870 vultus
2655 817 2709 870 in
2736 827 2960 886 terram,
2991 821 3246 878 claudunt
3271 825 3406 880 ostia
3437 825 3610 881 labio-

2023 917 2172 971 rum;
2204 914 2257 960 et
2287 913 2539 978 tanquam
2571 907 2805 979 linguam
2839 913 3198 981 perdiderint,
3247 918 3323 974 sic
3367 921 3610 978 contusis

2022 997 2290 1053 mentibus
2347 1000 2740 1056 obmutescunt.
2796 1004 2945 1060 Adde
3003 1008 3378 1075 aegritudinum
3434 1014 3612 1068 varios

2022 1101 2209 1155 casus;
2253 1098 2312 1143 ut
2354 1089 2663 1160 frequenter
2707 1107 2810 1148 non
2856 1095 2927 1148 sit
2975 1095 3196 1154 idoneus
3239 1100 3417 1155 cibum
3456 1111 3609 1170 pete-

2022 1192 2118 1247 re,
2177 1179 2268 1250 qui
2316 1180 2601 1237 videbatur
2653 1182 2720 1238 de
2775 1183 3042 1240 labiorum
3099 1202 3158 1244 se
3211 1199 3476 1259 potestate
3523 1193 3610 1262 ja-

2025 1279 2192 1326 ctare.
2226 1271 2376 1328 Tunc
2404 1273 2532 1342 ipsi,
2567 1277 2612 1330 si
2644 1287 2898 1344 possunt,
2931 1277 3112 1335 dicant
3144 1299 3157 1334 :
3192 1282 3353 1338 Labia
3383 1294 3553 1339 nostra
3583 1303 3614 1340 a

2023 1361 2168 1416 nobis
2196 1373 2316 1417 sunt
2347 1379 2366 1417 :
2397 1363 2524 1428 Quis
2554 1376 2726 1421 noster
2769 1378 2841 1422 est
2880 1368 3132 1424 Dominus
3155 1373 3180 1425 ?
3207 1373 3352 1428 Istud
3398 1383 3574 1431 autem
3594 1416 3611 1444 ,

2025 1453 2150 1520 Quis
2200 1465 2371 1508 noster
2409 1466 2481 1510 est
2510 1456 2804 1513 Dominus?
2831 1460 3224 1532 Sacrilegorum
3264 1465 3426 1520 verba
3458 1482 3615 1536 repe-

2027 1551 2234 1599 tuntur.
2267 1546 2397 1613 Quae
2426 1548 2596 1619 ﬁgura
2633 1549 2828 1607 dicitur
2857 1552 3188 1626 antisagoge,
3214 1555 3266 1610 id
3292 1565 3375 1614 est
3404 1569 3616 1615 contra-

2026 1636 2215 1692 dictio.

2103 1729 2249 1785 Vers.
2293 1732 2343 1787 5.
2395 1731 2613 1804 Propter
2661 1735 2922 1791 miseriam
2966 1739 3214 1807 inopum,
3270 1750 3319 1795 et
3370 1743 3616 1812 gemitum

326 1824 629 1886 praestatur.
655 1819 841 1876 Potest
862 1819 1024 1875 etiam
1049 1829 1103 1874 et
1124 1821 1192 1875 ad
1219 1819 1461 1875 Judaeum
1491 1819 1743 1890 populum
1769 1835 1917 1876 com-
1947 1819 1998 1882 B
2023 1838 2322 1893 pauperum,
2356 1842 2490 1879 nunc
2511 1842 2800 1898 exsurgam,
2831 1830 2954 1884 dicit
2986 1831 3256 1888 Dominus.
3288 1834 3343 1888 ln
3376 1833 3459 1890 bis
3485 1836 3621 1892 duo-

325 1917 574 1979 petenter
612 1911 814 1982 aptari,
856 1911 947 1983 qui
983 1913 1137 1969 donis
1164 1912 1479 1968 coelesﬁbus
1506 1921 1765 1968 vacuatus
1795 1927 1918 1968 cre-

327 2001 461 2059 dere
508 2017 638 2073 non_
665 2004 854 2073 voluit,
901 2019 1061 2076 quem
1105 2013 1376 2060 tantorum
1425 2003 1720 2061 videntium
1765 2005 1920 2062 turba

325 2094 687 2164 prophetavit.

403 2187 553 2244 Vers.
595 2188 650 2240 2.
703 2187 850 2243 Vana
892 2189 1048 2244 locuti
1077 2200 1196 2246 sunt
1239 2190 1585 2260 unusquisque
1630 2189 1697 2245 ad
1741 2189 1917 2258 proxi-

328 2296 467 2334 mum
492 2298 637 2336 suum
667 2298 687 2336 :
717 2283 854 2337 labia
883 2284 1062 2338 dolosa
1087 2284 1141 2338 in
1165 2283 1338 2350 corde,
1369 2291 1418 2337 et
1449 2283 1600 2336 corde
1621 2282 1777 2336 locuti
1801 2288 1922 2335 sunt

338 2374 495 2426 mala.
529 2373 698 2440 Vana,
720 2375 853 2431 falsa
877 2374 1160 2447 signiﬁcat,
1177 2375 1328 2445 juxta
1352 2375 1483 2431 illud
1506 2374 1650 2445 quod
1675 2373 1920 2440 superius

333 2463 492 2533 dixit,
517 2466 782 2522 diminuta:
802 2477 919 2522 sunt
942 2469 1174 2527 veritates
1199 2485 1231 2521 a
1253 2468 1376 2535 ﬁliis
1397 2466 1682 2534 hominum,
1705 2464 1920 2536 quando

343 2569 530 2618 contra
564 2564 846 2620 Dominum
877 2564 1150 2619 Christum
1180 2563 1482 2619 testimonia
1509 2561 1840 2632 quaerebant,
1871 2569 1920 2615 et

326 2653 657 2724 semetipsos
681 2657 862 2723 pravis
893 2655 1346 2710 susurrationibus
1371 2656 1697 2710 excitabant.
1734 2653 1920 2706 Proxi-

317 2765 438 2803 mos
479 2755 661 2802 autem
709 2748 1007 2818 signiﬁcat,
1040 2764 1148 2803 non
1195 2759 1302 2802 tam
1344 2750 1662 2818 cognatione
1708 2749 1920 2819 generis

318 2854 485 2909 quam
512 2839 736 2894 sceleris
779 2839 1187 2908 participatione
1217 2839 1474 2894 sociatos.
1499 2839 1630 2894 Nam
1659 2839 1801 2909 quod
1842 2839 1923 2894 di-

323 2930 423 2998 cit,
454 2931 508 2983 in
538 2929 692 2983 corde
711 2972 726 2997 ,
755 2938 804 2984 et
831 2931 984 2984 corde
1011 2946 1029 2984 :
1062 2931 1275 3000 quoties
1305 2930 1551 2986 volumus
1579 2930 1799 2986 dolosos
1826 2945 1921 2985 ex-

329 3021 603 3095 primere,
652 3022 887 3092 duplicia
929 3037 1114 3078 eorum
1159 3023 1321 3079 corda
1363 3015 1727 3088 declaramus;
1784 3025 1921 3078 sicut

323 3113 556 3170 Jacobus
584 3113 715 3170 dicit
763 3131 777 3167 :
817 3113 911 3168 Vir
957 3115 1150 3184 duplex
1196 3116 1366 3169 animo
1413 3117 1707 3170 inconstans
1751 3124 1822 3170 est
1863 3116 1918 3169 in

2023 1914 2124 1970 bus
2169 1915 2412 1971 versibus
2461 1916 2727 1973 subtiliter
2774 1920 2948 1976 Patris
2996 1933 3050 1977 et
3098 1923 3220 1978 Filii
3267 1925 3612 1993 inspicienda:

2029 2023 2276 2078 personae
2304 2017 2451 2078 sunt,
2484 2019 2544 2065 ut
2574 2012 2729 2068 nobis
2771 2013 3136 2085 intelligentiae
3165 2017 3410 2072 conlusio
3450 2021 3620 2088 possit

2023 2099 2242 2156 auferri.
2284 2100 2417 2157 Nam
2465 2112 2746 2173 postquam
2801 2107 2976 2175 arguit
3018 2121 3113 2162 eos
3159 2110 3249 2178 qui
3297 2110 3364 2164 de
3404 2111 3616 2166 Domini

2023 2192 2300 2248 fundendo
2328 2194 2586 2264 sanguine
2618 2195 3004 2263 tractaverunt,
3039 2198 3184 2254 venit
3225 2199 3290 2255 ad
3324 2203 3615 2258 secundam

2027 2292 2234 2353 partem
2253 2325 2267 2349 ,
2297 2283 2347 2337 in
2378 2299 2482 2354 qua
2510 2287 2769 2354 propheta
2800 2302 2933 2342 voce
2962 2288 3136 2344 Patris
3166 2294 3613 2348 resurrectionem

2032 2378 2299 2447 promittit
2328 2377 2541 2433 Domini
2585 2377 2898 2435 Salvatoris.
2935 2381 3123 2436 Aliena
3162 2383 3308 2438 enim
3335 2385 3498 2440 verba
3529 2400 3616 2440 re-

2024 2469 2166 2526 ferre
2189 2485 2493 2541 possumus,
2519 2485 2640 2527 cum
2667 2483 2843 2529 tamen
2867 2489 3112 2544 personas
3134 2487 3335 2533 DOSIl‘iB
3356 2493 3462 2534 non
3492 2494 3610 2534 mu-

2033 2573 2207 2619 tamus
2251 2564 2545 2647 eloquium.
2594 2565 2962 2638 intelligamus
3009 2576 3188 2625 autem
3237 2585 3356 2639 qua:
3408 2570 3478 2626 sit
3531 2571 3618 2628 hic

2032 2656 2207 2724 pietas
2236 2655 2527 2721 Creatoris,
2555 2658 2769 2726 quando
2799 2669 3010 2730 praptcr
3036 2661 3292 2716 miseriam
3313 2663 3543 2732 inopum,
3572 2679 3618 2727 eg

1975 2780 1994 2799 .
2027 2748 2267 2814 gemitum
2292 2763 2577 2815 pauperum
2599 2748 2921 2802 clariﬁcatus
2943 2761 3023 2805 est
3044 2752 3305 2806 Dominus
3325 2750 3572 2806 Christus
3598 2769 3613 2806 :

2023 2851 2092 2892 ne
2123 2837 2240 2904 ejus
2268 2837 2458 2892 ﬁdeles
2489 2837 2690 2920 diutina
2722 2823 3062 2908 tribulatione
3102 2851 3472 2912 gravarentur.
3505 2841 3619 2896 Ea:-

2023 2945 2264 2998 surgam,
2315 2928 2683 2998 mctaphorice
2737 2930 2936 2986 dictum
2988 2941 3071 2987 est
3123 2933 3271 2988 illum
3327 2948 3617 3005 exsurgere

2024 3019 2114 3088 qui
2140 3020 2314 3074 nescit
2341 3019 2575 3073 humana
2607 3019 2972 3076 imbecillitate
2994 3022 3273 3078 recubare.
3299 3023 3404 3078 Sed
3431 3037 3616 3080 exsur-

2020 3124 2141 3180 gam
2171 3111 2320 3173 dicit,
2365 3109 2658 3180 apparebo,
2707 3119 2762 3166 et
2805 3112 3192 3169 manilestabor
3222 3114 3278 3170 in
3309 3114 3466 3171 Filio.
3495 3115 3613 3171 Una

324 3205 560 3260 omnibus
581 3205 672 3259 viis
693 3205 799 3259 suis
826 3203 972 3273 (Jac.
1003 3221 1041 3272 ι,
1071 3204 1156 3274 8).
1187 3204 1411 3273 Quando
1434 3213 1616 3262 autem
1646 3205 1917 3274 simplices
1943 3199 1996 3268 α
2024 3204 2166 3260 enim
2214 3203 2387 3258 virtus
2407 3247 2420 3270 ,
2472 3212 2530 3259 et
2580 3203 2868 3260 indiscreta
2917 3195 3171 3275 majestas
3222 3216 3324 3264 est.
3377 3211 3615 3280 Apparet

327 3299 574 3367 cupimus
620 3297 891 3366 indicare,
943 3313 1108 3352 unum
1150 3312 1242 3353 cor
1278 3299 1334 3353 in
1371 3298 1450 3354 eis
1479 3313 1600 3355 esse
1631 3307 1909 3364 testamur,

326 3389 464 3444 sicut
492 3390 544 3443 in
589 3389 809 3445 Actibus
846 3389 1211 3458 apostolorum
1255 3388 1450 3460 legitur
1497 3408 1509 3442 :
1556 3388 1905 3442 Multitudinis

327 3491 498 3536 autem
527 3483 840 3536 credentium
880 3492 989 3536 erat
1032 3498 1120 3536 cor
1147 3498 1306 3535 unum
1336 3491 1382 3535 et
1411 3483 1583 3536 anima
1626 3498 1731 3534 una
1757 3481 1909 3551 (Act.

332 3589 410 3640 IV,
437 3573 504 3629 52
526 3573 567 3643 ).
597 3573 686 3628 Sic
713 3583 766 3629 et
792 3573 1058 3642 bilingues
1089 3572 1338 3640 dicimus,
1363 3573 1454 3641 qui
1481 3573 1537 3626 in
1567 3586 1671 3626 una
1698 3579 1914 3628 senten—
1991 3603 1999 3624 ι

331 3665 408 3718 tia
439 3665 652 3720 minime
681 3673 1052 3734 perseverant.
1098 3665 1165 3718 Et
1206 3664 1416 3732 respice
1464 3663 1750 3733 praedictas
1792 3679 1908 3731 res,

336 3755 509 3825 qualis
535 3755 688 3810 fuerit
713 3767 894 3812 secuta
920 3755 1183 3811 sententia
1215 3773 1228 3808 :
1258 3753 1441 3809 Loculi
1470 3762 1589 3808 sunt
1619 3754 1777 3808 mala.
1808 3753 1914 3808 Ne-

330 3863 485 3904 cesse
537 3859 617 3904 est
664 3850 807 3903 enim
851 3859 908 3903 ut
949 3848 1087 3904 mala
1132 3847 1500 3918 loquerentur,
1548 3845 1637 3917 qui
1685 3845 1913 3916 duplicia

329 3943 494 3997 corda
524 3943 817 4012 gestabant.
1294 3959 1299 3964 ·
1321 3961 1323 3964 ·

405 4035 555 4091 Vers.
598 4035 652 4090 3.
697 4033 967 4106 Disperdat
1002 4033 1252 4089 Dominus
1279 4038 1512 4090 universa
1537 4035 1672 4089 labia
1701 4035 1910 4102 dolosa,

329 4140 377 4184 et
407 4130 636 4198 linguam
674 4130 1075 4200 magniloquam.
1109 4129 1364 4198 Sequitur
1395 4131 1658 4184 sententia
1689 4144 1913 4199 genera-

327 4223 426 4288 lis;
457 4225 593 4278 sicut
632 4223 769 4279 solet
807 4225 923 4293 lege
953 4222 1178 4288 sanciri,
1211 4222 1422 4291 quando
1453 4238 1590 4276 unus
1621 4230 1828 4291 peccat,
1859 4231 1915 4277 et

328 4316 636 4371 universale
678 4315 874 4370 malum
907 4315 1164 4376 severitas
1210 4315 1541 4384 promulgata
1571 4315 1911 4370 condemnat.

329 4407 645 4478 Disperdat,
690 4417 875 4463 contra
906 4407 1282 4463 adunationem
1333 4407 1529 4462 dicitur
1573 4407 1910 4472 Judaeorum;

330 4509 392 4555 ut
440 4502 635 4569 passim
684 4510 926 4569 pereant,
971 4499 1061 4569 qui
1093 4500 1144 4556 in
1175 4513 1279 4553 una
1309 4513 1367 4554 se
1397 4499 1655 4568 pravitate
1686 4499 1914 4570 college-

2023 3297 2167 3352 enim
2219 3304 2275 3349 et
2318 3295 2689 3350 manifestatur
2733 3296 2894 3353 Pater
2937 3297 2991 3353 in
3031 3299 3192 3367 Filio,
3234 3299 3373 3356 sicut
3417 3301 3613 3370 ipsein

2015 3386 2125 3457 46
2171 3385 2461 3456 Evangelio
2491 3386 2616 3442 dicit
2650 3405 2662 3439 :
2716 3388 2819 3455 Qui
2857 3405 2934 3444 me
2964 3389 3115 3455 videt,
3147 3391 3280 3444 videt
3311 3401 3358 3446 et
3398 3390 3610 3447 Patrem

2016 3476 2207 3548 (Joan.
2241 3493 2349 3546 xtv,
2383 3476 2480 3547 9).

2089 3567 2245 3623 Vers.
2286 3567 2338 3622 6.
2382 3566 2588 3621 Ponant
2635 3584 2787 3638 super
2830 3570 3050 3625 salutari
3100 3588 3208 3625 meo
3252 3588 3272 3626 :
3304 3573 3614 3641 fiducialiter

2017 3674 2167 3728 agam
2197 3658 2250 3711 in
2275 3674 2354 3711 eo.
2387 3656 2628 3712 Salutare
2656 3674 2816 3714 suum
2845 3661 2972 3715 dicit
2995 3661 3154 3716 Pater
3180 3662 3412 3718 Verbum
3437 3679 3611 3730 suum,

2017 3751 2160 3823 quod
2183 3760 2265 3806 est
2285 3765 2412 3806 caro
2437 3752 2657 3817 factum,
2685 3767 2777 3822 per
2800 3754 2940 3822 quod
2966 3754 3072 3809 vita
3097 3756 3417 3810 mortalibus
3439 3757 3606 3821 venit,

2019 3843 2145 3899 dum
2175 3845 2350 3900 omnis
2381 3845 2607 3900 credens
2637 3846 2863 3902 salutem
2893 3849 3110 3918 c0piosa
3144 3849 3387 3919 largitate
3418 3864 3609 3906 conse-

2017 3938 2216 4008 quitur.
2251 3938 2315 3992 Et
2342 3939 2471 4008 quid
2499 3955 2662 4009 super
2689 3955 2810 3994 eum
2840 3942 3028 4010 ponit?
3050 3941 3483 3999 Consolationem
3509 3944 3613 3997 sci-

2018 4028 2166 4096 licet,
2185 4045 2343 4099 quam
2368 4031 2614 4098 superius
2635 4031 2769 4084 dixit
2790 4032 3007 4100 inopum
3031 4042 3083 4086 et
3106 4048 3396 4100 pauperum
3426 4051 3437 4086 :
3467 4033 3610 4103 quod

2019 4121 2246 4175 Domino
2310 4121 2596 4175 Salvatore
2633 4131 2965 4188 resurgente,
3025 4123 3266 4176 ﬁdelibus
3299 4125 3610 4192 provenisse

2020 4209 2360 4264 manifestum
2392 4219 2490 4264 est.
2525 4209 2864 4263 Fiducialiter
2892 4228 3044 4282 agam
3066 4227 3086 4266 :
3105 4221 3340 4282 potestas
3367 4216 3612 4284 omnipo-

2021 4304 2203 4359 tentiae
2230 4311 2467 4373 paternm
2498 4301 2830 4369 declaratur,
2873 4305 2993 4374 quia
3036 4320 3222 4360 revera
3264 4306 3354 4361 ille
3396 4308 3614 4375 ﬁducia-

2023 4399 2142 4455 liter
2169 4402 2296 4472 agit,
2323 4400 2475 4469 cujus
2500 4399 2760 4454 voluntati
2792 4399 2966 4455 nullus
2993 4401 3243 4468 praevalet
3265 4402 3501 4457 obviare.
3527 4401 3618 4458 Sic

2023 4501 2078 4550 et
2107 4495 2174 4550 'de
2217 4493 2432 4549 Christo
2461 4495 2515 4548 in
2557 4495 2843 4563 Evangelia
2890 4495 3092 4550 dictum
3137 4504 3219 4552 est
3261 4514 3275 4551 :
3325 4495 3452 4548 Erat
3481 4496 3616 4550 enim

327 4602 474 4649 rant.
526 4592 726 4662 Lingua
757 4605 887 4646 vero
915 4592 1244 4662 magniloqua
1288 4601 1370 4646 est
1407 4606 1525 4659 qua:
1574 4591 1675 4646 sibi
1715 4591 1915 4661 aliquid
1947 4602 2001 4664 ι)
2026 4589 2209 4642 docens
2241 4602 2326 4641 eos
2357 4597 2597 4654 tanquam
2627 4596 2929 4655 potestatem
2959 4587 3147 4641 habens
3167 4627 3183 4654 ,
3232 4604 3335 4641 non
3366 4596 3607 4657 tanquam

329 4697 538 4753 magna:
567 4682 845 4752 potestatis
880 4683 1155 4746 assumit;'
1178 4696 1277 4737 nec
1314 4682 1560 4752 intelligit
1593 4698 1624 4737 a
1664 4682 1921 4739 Creatore

331 4779 542 4844 datum,
568 4779 693 4834 dum
719 4786 944 4832 eventus
967 4792 1146 4832 rerum
1171 4777 1268 4832 sibi
1291 4784 1440 4847 putat
1467 4791 1586 4831 esse
1611 4776 1914 4846 subjectos;

331 4873 473 4926 sicut
497 4870 844 4941 Apocalypsis
876 4870 943 4925 de
980 4869 1307 4924 Antichristo
1335 4868 1500 4924 dicit:
1536 4867 1660 4922 Vidi
1685 4869 1736 4921 in
1761 4885 1920 4924 cornu

330 4961 423 5015 illo
452 4963 588 5032 quod
619 4971 723 5016 erat
755 4963 1022 5027 excelsius,
1055 4977 1110 5016 os
1131 4961 1338 5029 loquens
1359 4975 1547 5030 magna
1574 4960 1592 5029 (
1617 4960 1776 5028 Apoc.
1810 4977 1917 5031 xu,

331 5052 436 5120 5),
469 5063 571 5108 etc.
609 5053 672 5107 Et
700 5068 766 5108 ne
797 5055 849 5107 in
880 5052 1023 5108 bono
1054 5053 1284 5124 linguam
1312 5053 1691 5123 magniloquam
1716 5053 1921 5122 potuis-

332 5160 424 5200 ses
451 5147 716 5216 accipere,
751 5146 1038 5212 praemisit,
1071 5146 1205 5200 labia
1234 5145 1434 5202 dolosa.
1467 5145 1759 5201 Considera
1791 5160 1920 5199 vero

332 5237 588 5307 pietatem
638 5237 892 5301 dicentis,
925 5237 1068 5306 quod
1099 5251 1206 5292 non
1238 5237 1575 5303 hominibus,
1608 5238 1731 5306 quia
1762 5238 1916 5294 multi

330 5343 404 5385 ex
447 5329 576 5397 ipsis
617 5327 963 5385 convertendi
1001 5337 1187 5396 erant,
1232 5328 1327 5383 sed
1373 5330 1500 5397 ipsis
1541 5331 1686 5386 vitiis
1715 5331 1917 5400 impre-

328 5429 505 5474 catur.

351 5526 356 5530 ί
408 5509 560 5564 Vers.
601 5510 658 5565 4.
701 5510 804 5576 Qui
845 5510 1118 5565 dixerunt:
1153 5509 1405 5579 Linguam
1433 5519 1660 5564 nostram
1681 5512 1922 5582 magniﬁ-

330 5600 584 5673 cabimus,
614 5603 748 5657 labia
774 5612 948 5655 nostra
975 5620 1004 5654 a
1044 5603 1184 5656 nobis
1207 5612 1326 5656 sunt
1356 5619 1372 5655 :
1401 5605 1510 5671 quis
1542 5611 1710 5657 noster
1743 5603 1920 5657 Domi-

334 5713 435 5748 nus
475 5699 588 5748 est?
630 5696 754 5750 Illos
783 5697 998 5764 exponit
1028 5696 1118 5766 qui
1151 5697 1201 5751 in
1233 5698 1506 5767 prosperis
1549 5697 1708 5751 rebus
1755 5699 1913 5752 nimia

333 5786 657 5849 loquacitate
688 5798 980 5857 turgentes,
1012 5790 1236 5858 gloriam
1267 5804 1418 5844 suam
1452 5789 1692 5845 exaltare
1723 5803 1922 5864 praesu-

2028 4677 2204 4731 scriba:
2233 4693 2405 4731 eorum
2450 4687 2495 4730 et
2542 4678 2781 4745 pltarisa'i
2813 4675 3045 4746 (Matth.
3079 4692 3182 4744 vn,
3219 4677 3289 4732 29
3385 4677 3490 4732 Sed
3523 4693 3616 4746 p0-

2029 4775 2195 4824 testas
2226 4767 2438 4833 Patris,
2485 4767 2608 4822 Filii
2640 4768 2829 4823 ﬁducia
2877 4777 2998 4832 est;
3046 4768 3181 4822 sicut
3225 4765 3346 4822 Filii
3391 4767 3621 4836 tiducia,

2030 4866 2266 4927 potestas
2316 4869 2400 4913 est
2448 4858 2653 4925 Patris;
2697 4860 2838 4930 quod
2880 4861 2976 4916 ιοιί
3007 4858 3255 4915 Trinitati
3288 4874 3385 4932 pro
3417 4861 3622 4918 unitate

2034 4962 2240 5006 natura?
2266 4961 2470 5006 certum
2505 4961 2584 5007 est
2613 4951 2922 5006 convenire.

2103 5044 2255 5099 νοτε.
2299 5045 2350 5098 7.
2391 5044 2609 5114 Eloquia
2641 5044 2846 5098 Domini
2877 5044 3275 5114 eloquia'casta.
3321 5047 3610 5117 Postquam

2041 5137 2176 5192 dixit
2206 5137 2367 5192 verba
2396 5137 2590 5201 Patris,
2623 5135 2807 5190 eadem
2840 5135 2950 5205 ipsa
2995 5137 3259 5193 laudando
3301 5139 3623 5206 conﬁrmat;

2032 5246 2158 5286 nam
2186 5230 2264 5284 sic
2289 5231 2467 5283 omnia
2493 5228 2851 5295 contigerunt,
2876 5230 3322 5299 quemadmodum
3357 5233 3617 5302 promissa

2034 5334 2350 5380 noscuntur.
2384 5322 2520 5391 Quid
2550 5323 2652 5378 sint
2679 5339 2804 5392 ergo
2830 5326 3033 5397 eloquia
3061 5328 3289 5397 Domini,
3319 5329 3418 5383 sub
3446 5329 3619 5384 brevi-

2037 5426 2146 5474 tate
2177 5417 2426 5473 deﬁnitur
2447 5460 2459 5481 ,
2496 5416 2546 5470 id
2573 5425 2654 5472 est
2677 5417 2879 5488 eloquia
2909 5431 3066 5484 casta,
3097 5421 3342 5476 videlicet
3370 5421 3619 5492 virginali

2038 5513 2343 5584 integritate
2385 5510 2668 5579 purissima
2690 5555 2702 5577 ,
2732 5529 2851 5581 qum
2894 5515 3097 5568 nullum
3131 5513 3466 5569 mendacium
3500 5529 3621 5568 cor-

2038 5615 2268 5674 rumpat,
2316 5605 2457 5660 nulla
2510 5606 2713 5660 macula
2756 5607 2999 5661 falsitatis
3041 5608 3261 5665 inﬁciat.
3304 5609 3436 5662 Nam
3483 5610 3622 5662 sicut

2039 5697 2257 5753 castitas
2303 5697 2508 5766 ignorat
2553 5699 2929 5768 pollutionem,
2965 5701 3033 5753 ita
3067 5700 3266 5768 eloquia
3294 5699 3500 5753 Domini
3530 5714 3624 5752 nc-

2039 5791 2210 5846 sciunt
2239 5803 2359 5850 cum
2388 5791 2566 5861 aliqua
2598 5791 2754 5850 sorde
2787 5792 3022 5849 misceri.
3053 5790 3160 5848 Sed
3190 5793 3293 5845 hoc
3317 5803 3421 5846 non
3453 5788 3626 5846 otiose
