4016 6344
481 373 552 449 99
1708 385 1779 442 Μ.
1826 381 2108 443 AURELii
2149 381 2552 444 cassrouout

3537 382 3554 392 “
3653 375 3784 443 104)Δ

480 507 713 579 accipias
730 549 748 579 ,
795 509 915 581 quia
947 517 1133 568 contra
1163 509 1295 567 illud
1339 508 1558 580 ponitur
1575 547 1590 574 ,
1636 505 1780 576 quod
1823 507 2070 577 superius
2102 503 2157 567 Α
2180 505 2408 563 dicimus
2432 505 2572 576 quod
2594 504 3048 576 comprehendere
3067 517 3176 560 non
3195 502 3456 560 valemus.
3481 503 3593 562 Sub
3614 522 3758 564 men-

483 600 682 658 dictutu
715 611 797 659 est
835 603 902 660 de
931 605 1123 676 iniquis
1167 623 1181 659 :
1224 603 1364 657 Vana
1396 603 1553 656 locuti
1582 611 1702 656 sunt
1731 607 2072 676 unusquisque

482 695 552 748 ad
597 697 885 764 proximum
915 714 1100 765 suum,
1132 705 1189 750 ut
1234 697 1476 764 inspecta
1519 709 1699 751 rerum
1743 696 1978 754 varietas
2005 699 2074 756 ab

484 783 664 855 iniqua
711 801 810 842 nos
858 786 1247 842 consuetudine
1294 794 1617 842 removeret.
1661 789 1814 855 Quod
1856 791 2073 847 schema

485 876 674 933 Graece
717 879 1031 949 syndesmos
1080 877 1294 944 dicitur,
1345 877 1532 934 Latine
1576 880 1815 950 collatio,
1858 884 2074 952 quando

482 968 616 1034 sibi,
649 977 743 1024 aut
768 983 1029 1039 personae,
1063 977 1154 1024 aut
1178 985 1375 1038 causae,
1405 971 1517 1027 sive
1543 987 1610 1028 ex
1640 975 1933 1042 contrario,
1961 978 2076 1033 sive

483 1075 555 1118 ex
581 1063 744 1118 simili
770 1073 1168 1132 comparantur.
1205 1063 1300 1118 llic
1330 1065 1472 1118 enim
1512 1065 1713 1134 eloquia
1750 1067 1932 1122 divina
1959 1071 2074 1124 lau-

484 1151 679 1209 dantur
709 1172 723 1208 :
753 1155 1000 1225 superius
1031 1170 1159 1210 vero
1187 1170 1368 1210 sermo
1397 1155 1663 1212 humanus
1692 1159 1954 1228 arguitur.

553 1243 708 1300 Vers.
749 1243 806 1301 8.
845 1243 1126 1317 Argentum
1155 1245 1274 1318 igne
1303 1246 1668 1313 examinatum,
1700 1255 1850 1302 terra:
1880 1267 2074 1320 purga-

483 1341 590 1390 tum
618 1335 933 1407 septuplum.
965 1335 1154 1390 Adhuc
1182 1335 1369 1392 deﬁnit
1401 1353 1495 1406 per
1531 1337 1937 1395 similitudinem
1967 1355 2077 1397 tne-

483 1425 595 1482 talli
633 1425 849 1481 candidi
884 1425 1009 1497 quid
1051 1427 1160 1482 sint
1191 1428 1392 1496 eloquia
1429 1439 1595 1484 casta.
1623 1431 1902 1499 Argentum
1932 1439 2078 1486 terra

489 1516 608 1588 igne
633 1519 1006 1584 examinatum,
1037 1519 1176 1588 quod
1199 1520 1336 1576 Solet
1365 1536 1486 1576 esse
1514 1521 1880 1594 purissimum,
1911 1539 2079 1593 quan-

492 1607 561 1662 do
595 1607 858 1678 frequenti
898 1607 1060 1665 fuerit
1086 1609 1398 1666 decoctione
1427 1611 1759 1666 mundatum.
1797 1611 2078 1670 Examina-

487 1709 596 1754 tum
624 1700 821 1772 quippe
853 1702 938 1757 vel
966 1710 1264 1773 purgatum,
1293 1713 1480 1758 contra
1511 1702 1637 1759 i!lud
1667 1697 1905 1774 ponitur,
1933 1707 2078 1777 quod

489 1791 557 1848 de
588 1793 960 1864 peccatoribus
1001 1793 1074 1847 ait
1117 1811 1130 1846 :
1171 1793 1331 1848 Labia
1359 1794 1536 1849 dolosa
1562 1795 1614 1848 in
1645 1796 1798 1851 corde
1825 1806 1874 1850 et
1903 1801 2075 1855 corde.

485 1881 555 1938 Et
597 1893 656 1938 ut
697 1884 1154 1954 quamplurimum
1197 1885 1423 1940 distaret
1451 1901 1803 1956 agnosceres,
1847 1889 2076 1958 addidit,
2109 1895 2158 1958 B

487 1985 762 2048 purgatum
801 1977 1125 2046 septupluma-
1162 1978 1261 2045 Qui
1307 1994 1563 2052 numerus
1613 1980 1680 2036 ad
1709 1981 2081 2052 septiformem

486 2067 742 2139 Spiritum
767 2069 978 2125 videtur
999 2085 1158 2142 posse
1178 2071 1473 2142 respicere,
1495 2072 1548 2128 id
1565 2082 1670 2141 est,
1692 2075 1940 2131 timorem
1964 2077 2080 2144 Dei,

485 2158 762 2229 pietatem,
787 2160 1095 2228 scientiam,
1125 2160 1520 2227 fortitudinem,
1547 2163 1860 2232 consilium,
1887 2166 2084 2246 intelli-

492 2251 752 2320 gentiam,
785 2253 1134 2322 sapientiam;
1165 2269 1259 2324 per
1281 2269 1401 2324 quae
1434 2254 1671 2312 Verbum
1701 2259 1938 2315 divinum
1967 2270 2082 2315 tan-

485 2355 644 2412 quam
677 2343 729 2397 in
759 2346 1034 2400 succensis
1056 2343 1363 2402 fornacibus
1387 2362 1632 2417 manens,
1655 2350 1902 2408 veritatis
1924 2353 2081 2411 rutila

482 2436 852 2492 coruscatione
881 2438 1210 2508 resplendet.

556 2525 709 2583 Vers.
748 2529 807 2585 9.
849 2529 946 2598 Tu,
977 2531 1216 2598 Domine,
1241 2533 1468 2588 servabis
1495 2551 1610 2602 nos,
1633 2544 1680 2590 et
1705 2539 1959 2594 custodies
1987 2556 2080 2595 nos

481 2635 516 2674 a
542 2623 868 2691 generatione
897 2622 993 2676 hac
1033 2623 1087 2676 in
1115 2633 1382 2682 aeternum.
1413 2627 1562 2682 Sicut
1603 2630 1852 2698 superius
1895 2631 2029 2686 dixit
2060 2650 2076 2688 :

483 2707 758 2783 Disperdat
788 2713 1043 2770 Dominus
1070 2716 1306 2772 universa
1329 2717 1464 2772 labia
1489 2721 1687 2789 dolosa,
1742 2723 1812 2776 ita
1848 2722 1933 2778 hic
1953 2739 2080 2778 con-

483 2811 820 2860 servaturum
875 2805 1160 2862 Dominum
1212 2811 1495 2880 promittit,
1545 2813 1636 2882 qui
1679 2813 1908 2883 eloquiis
1957 2817 2074 2883 ejus

483 2913 614 2970 pura
642 2907 821 2956 mente
845 2900 1211 2957 crediderunt.
1240 2902 1304 2957 Et
1331 2903 1470 2972 vide,
1496 2915 1694 2961 sancta.-
1725 2909 1944 2978 regulm,
1972 2924 2078 2978 qua

482 2990 856 3046 moderatione
887 3001 1113 3046 servatae
1157 3003 1304 3048 sunt.
1337 2995 1470 3050 Dum
1504 2995 1664 3061 dicit,
1697 3007 1750 3051 tu
1780 3015 1870 3052 nos
1901 3011 2074 3053 custo-

482 3079 627 3145 dies,
660 3082 1136 3151 praesumptionem
1165 3084 1381 3138 caduca.-
1425 3084 1770 3141 humanitatis
1816 3089 2073 3157 abscidit;

481 3183 552 3225 ne
580 3170 697 3239 quis
728 3169 795 3226 de
826 3185 886 3226 se
928 3171 1303 3227 conﬁdendum
1352 3175 1619 3231 ullatenus
1671 3177 1984 3235 aestimaret.
2033 3182 2078 3236 Α

481 3263 804 3331 generatione
843 3261 941 3318 hac
983 3281 1003 3320 :
1031 3265 1144 3320 sive
1175 3264 1392 3323 Iudaeos
1411 3310 1427 3334 ,
1460 3268 1575 3324 sive
1604 3271 1790 3326 mundi
1818 3271 1974 3329 istius
2005 3274 2078 3330 si-
2105 3275 2152 3342 C

481 3355 698 3425 gniﬁcat
723 3366 1060 3426 peccatores,
1087 3375 1119 3415 a
1146 3361 1341 3430 quibus
1364 3373 1548 3418 nostra
1576 3365 1776 3420 virtute
1807 3381 1912 3421 non
1941 3383 2072 3438 pos-

484 3463 674 3506 sumus
709 3451 989 3520 custodiri,
1019 3452 1117 3508 nisi
1155 3455 1299 3510 illius
1328 3455 1671 3513 miseratione
1702 3469 2072 3530 protegamur.

479 3541 704 3597 Addidit
726 3543 913 3610 etiam,
942 3546 994 3599 in
1020 3553 1287 3613 (sternunt,
1314 3550 1436 3618 quia
1464 3549 1551 3605 hic
1574 3565 1672 3606 nos
1697 3551 1749 3607 in
1779 3554 2074 3610 tribulatio-

481 3633 638 3689 nibus
663 3633 996 3706 consolatur,
1028 3638 1100 3693 ibi
1129 3641 1180 3694 in
1204 3651 1404 3697 aeterna
1425 3645 1717 3700 securitate
1751 3648 2030 3705 constituit
2054 3665 2076 3718 ;

482 3724 570 3780 hic
598 3725 838 3797 adjuvat,
869 3729 976 3786 illic
1007 3730 1273 3800 gloriﬁcat
1297 3742 1354 3789 et
1383 3749 1631 3793 coronat.
1661 3738 1740 3792 Ita
1768 3753 1867 3794 nos
1895 3741 2074 3811 piissi-

481 3831 600 3874 mus
647 3819 870 3876 Creator
899 3832 952 3877 et
982 3822 1071 3878 hic
1117 3813 1421 3893 conservat,
1472 3843 1541 3883 ne
1571 3845 1885 3899 pereamus;
1914 3842 1969 3889 et
1997 3833 2075 3891 ibi

477 3909 764 3980 beatiﬁcat,
797 3921 855 3968 ut
881 3913 1186 3971 nullatenus
1215 3917 1397 3973 miseri
1420 3931 1540 3976 esse
1565 3923 1856 3991 possimus.

552 4001 705 4062 Vers.
737 4004 823 4060 10.
854 4004 920 4060 1η
950 4008 1162 4063 circuitu
1187 4009 1331 4082 impii
1357 4012 1622 4067 ambulant
1649 4029 1670 4069 :
1693 4015 1974 4070 secundum
1995 4017 2076 4071 al-

478 4095 745 4150 titudinem
765 4106 905 4152 tuam
925 4101 1282 4170 multiplicem
1302 4103 1441 4173 ﬁlios
1462 4105 1752 4162 hominum.
1780 4106 2072 4180 Postquam

476 4197 749 4244 sermones
779 4189 1066 4260 impiorum
1095 4194 1152 4248 in
1181 4194 1348 4264 prima
1378 4205 1530 4267 parte
1554 4202 1882 4270 competenti
1913 4217 2070 4260 exse-

477 4280 716 4336 cratione
743 4280 1041 4353 redarguit,
1077 4295 1132 4340 et
1161 4286 1215 4340 in
1247 4289 1482 4344 secunda
1519 4298 1670 4359 parte
1722 4293 1932 4364 eloquia
1962 4295 2069 4350 Do-

477 4369 611 4424 mini
640 4369 874 4426 mirabili
899 4375 1282 4442 praedicatione
1307 4379 1556 4444 laudavit,
1587 4384 1735 4437 venit
1760 4386 1825 4437 ad
1851 4387 2068 4441 conclu-

474 4458 682 4515 sionem
707 4461 916 4532 psalmi,
945 4463 998 4518 in
1021 4480 1126 4536 qua
1148 4466 1368 4537 singulis
1393 4469 1630 4539 partibus
1653 4475 1756 4528 sub
1777 4490 1884 4530 uno
1907 4492 2066 4535 versu

474 4547 630 4623 digna
651 4553 907 4609 restituit.
939 4555 1076 4612 Dicit
1106 4557 1249 4614 enim
1279 4561 1380 4616 sub
1407 4562 1724 4622 brevissima
1755 4573 2020 4627 sententia
2046 4591 2061 4628 :

2174 613 2300 655 sura
2342 600 2486 656 enim
2517 600 2740 654 Creator
2770 613 2880 655 non
2923 607 3007 655 est
3045 613 3168 668 quae
3207 598 3470 654 creaturis
3511 601 3762 660 omnibus

2175 692 2298 746 data
2328 700 2440 756 est;
2472 704 2571 747 nec
2602 691 2778 762 aliqua
2809 690 2863 746 in
2902 705 2968 745 eo
3012 699 3192 760 potest
3230 705 3354 748 esse
3397 689 3688 760 dimensio,
3729 708 3768 752 θ

2175 799 2280 855 quo
2325 785 2488 842 rebus
2530 785 2782 842 omnibus
2823 800 3106 852 numerus,
3138 784 3366 856 pondus,
3399 799 3762 858 mensuraque

2174 886 2484 948 praestatur.
2517 875 2883 949 Multiplieasti
2931 885 3108 933 autem
3159 878 3294 946 ﬁlios
3345 877 3642 941 hominum,
3693 878 3765 936 ad

2175 969 2321 1026 illam
2352 969 2764 1039 promissionem
2807 969 3028 1041 respicit
3070 966 3299 1023 Abrahae
3343 967 3400 1022 in
3448 982 3550 1037 qua
3583 968 3766 1027 dicit:

2177 1062 2336 1119 Multi
2340 1065 2536 1135 plicans
2559 1064 2912 1135 multiplicabo
2931 1080 3101 1119 semen
3125 1072 3270 1117 tuum
3298 1061 3432 1118 sicut
3451 1061 3630 1120 stellas
3651 1063 3766 1118 ccli

2177 1157 2198 1228 (
2221 1155 2354 1212 Gen.
2381 1173 2504 1224 xvr,
2531 1159 2596 1213 10
2621 1158 2661 1227 ).
2685 1157 2838 1224 Quod
2864 1172 2986 1212 eum
3015 1156 3070 1211 in
3099 1155 3299 1214 sanctis
3323 1155 3438 1213 suis
3460 1166 3515 1213 et
3544 1156 3766 1226 fecisse,

2177 1259 2232 1308 et
2259 1250 2497 1323 quotidie
2521 1250 2696 1306 facere
2722 1249 3064 1305 manifestum
3093 1259 3198 1304 est.

2719 1363 2994 1420 Conclusio
3019 1364 3228 1436 psalmi.

2249 1473 2665 1532 Consideremus
2711 1475 2856 1533 hunc
2907 1478 3172 1547 psalmum
3219 1477 3381 1534 nimis
3418 1477 3570 1534 utilia
3608 1476 3770 1536 nobis

2180 1576 2522 1624 sacramenta
2547 1567 2874 1624 declarasse.
2899 1569 3046 1625 Dixit
3067 1569 3209 1626 enim
3232 1585 3390 1639 quam
3419 1568 3574 1626 vanis
3593 1579 3649 1626 et
3677 1584 3774 1625 sua

2180 1660 2406 1730 pcrﬂuis
2453 1661 2702 1717 homines
2747 1661 3104 1718 locutionibus
3145 1671 3508 1736 occupentur;
3554 1671 3614 1718 ut
3631 1643 3766 1760 ⁸ἶιοιι

2184 1753 2467 1810 veritatem
2511 1769 2616 1824 qua
2660 1755 2872 1820 vivant,
2921 1755 3014 1809 sed
3058 1769 3166 1825 quo
3215 1756 3547 1825 moriuntur,
3598 1753 3768 1812 vélint

2185 1846 2440 1903 affeCtare
2469 1847 2827 1905 mendacium.
2859 1847 3061 1904 Deinde
3083 1848 3243 1919 quale
3267 1849 3338 1903 sit
3362 1847 3632 1920 eloquium
3660 1847 3768 1907 Do-

2187 1941 2317 1997 mini
2345 1951 2742 2012 consequenter
2766 1941 3048 2010 exposuit;
3072 1951 3133 1997 ut
3154 1941 3460 1998 salutariter
3483 1941 3768 2013 unicuique

2185 2049 2281 2089 sua
2312 2035 2598 2101 sordeam,
2644 2035 2691 2089 si
2736 2043 2992 2104 quantum
3026 2034 3133 2090 sint
3161 2035 3508 2090 mundissima
3554 2033 3766 2091 Domini

2187 2127 2345 2183 verba
2377 2137 2724 2198 cognoscant.
2753 2128 2960 2196 Quibus
2996 2127 3158 2182 rebus
3188 2127 3318 2182 illud
3348 2126 3645 2184 remedium
3675 2127 3770 2183 da-

2187 2228 2295 2288 tur,
2347 2221 2598 2291 quoniam
2629 2219 2922 2274 secundum
2953 2221 3244 2289 potentiam
3271 2220 3480 2274 Domini
3507 2220 3644 2275 ﬁlios
3671 2219 3769 2276 lto‘

2185 2317 2387 2370 mitium
2417 2322 2630 2369 constat
2659 2329 2818 2384 posse
2855 2314 3092 2369 liberari.
3126 2313 3194 2368 Et
3217 2313 3338 2384 quia
3365 2313 3630 2368 undecimi
3665 2327 3768 2368 nu-

2184 2405 2319 2461 meri
2364 2405 2573 2474 virtus,
2623 2404 2679 2460 in
2725 2419 2834 2476 quo
2873 2404 2962 2460 hic
3003 2407 3243 2475 psalmus
3289 2413 3374 2460 est
3412 2407 3765 2474 constitutus,

2183 2495 2550 2564 evangelicum
2581 2494 2740 2550 nobis
2767 2497 3106 2565 cognoscitur
3144 2496 3381 2552 indicare
3418 2497 3764 2567 mysterium;

2183 2586 2564 2644 Patril’amiiias
2585 2587 2970 2658 supplicemus,
2998 2596 3056 2644 ut
3076 2589 3128 2643 in
3158 2589 3367 2645 vineam
3394 2603 3543 2646 suam
3572 2589 3765 2645 saltem

2182 2681 2266 2736 vel
2312 2680 2593 2736 undecima
2634 2695 2734 2735 nos
2766 2682 2895 2737 hora
2926 2682 3378 2738 clementissimus
3408 2684 3766 2750 intromittat;

2183 2782 2452 2842 quatenus
2482 2773 2786 2829 mercedem
2819 2775 3072 2845 operibus
3113 2789 3218 2830 non
3248 2775 3517 2842 debitam,
3546 2776 3640 2831 sed
3685 2776 3772 2832 di-

2181 2873 2378 2933 gnetur
2419 2863 2624 2918 donare
2652 2865 2962 2934 gratuitam.
2995 2864 3127 2921 Nam
3157 2874 3212 2920 et
3243 2866 3432 2920 beatus
3457 2865 3694 2936 Prosper
3717 2866 3770 2922 in

2181 2955 2418 3010 secunda
2447 2963 2603 3026 parte
2629 2957 2750 3012 libri
2777 2958 2868 3027 qui
2900 2958 3228 3024 inscribitur,
3260 2962 3397 3014 Ante
3425 2959 3634 3029 legem,
3671 2959 3772 3016 sub

2185 3048 2330 3117 lege,
2361 3058 2415 3104 et
2452 3051 2552 3105 sub
2580 3050 2784 3120 gratia;
2831 3051 2902 3106 de
2945 3053 3234 3111 undecimo
3271 3053 3475 3109 calculo
3520 3052 3601 3109 sic
3644 3053 3722 3108 ait
3752 3069 3768 3106 :

2180 3137 2365 3208 Neque
2403 3140 2522 3196 sine
2551 3140 2656 3196 hoc
2693 3143 2956 3212 mysterio
2985 3143 3232 3200 undecim
3274 3145 3408 3201 velis
3436 3144 3663 3200 cilicinis
3693 3154 3773 3199 ta-

2181 3234 2534 3292 bernaculum
2584 3236 2816 3308 desuper
2865 3240 3244 3310 operiebatur,
3287 3253 3396 3310 quo
3441 3255 3588 3296 reum
3645 3252 3769 3296 esse

2181 3330 2433 3386 ostendat
2459 3339 2629 3386 totum
2665 3331 2924 3387 mundum
2957 3333 3087 3399 Deo,
3121 3347 3184 3388 ac
3209 3333 3312 3388 sub
3336 3331 3648 3402 paenitentia
3674 3331 3768 3387 de-

2176 3437 2324 3492 gere.
2353 3424 2526 3494 Ipsius
2549 3424 2691 3481 enim
2717 3427 2928 3482 numeri
2952 3426 3188 3496 psalmus
3213 3427 3375 3482 habet
3399 3426 3721 3496 principium
3748 3439 3764 3480 :

2177 3515 2390 3572 Salvum
2437 3534 2519 3573 me
2565 3522 2680 3590 fac,
2728 3518 2969 3584 Domine,
3018 3520 3259 3586 quoniam
3306 3521 3489 3590 defecit
3528 3529 3762 3585 sanctus,

2173 3612 2416 3681 quoniam
2445 3613 2712 3667 diminuta
2739 3621 2861 3666 sunt
2887 3614 3125 3668 veritates
3154 3629 3184 3666 a
3211 3612 3336 3682 ﬁliis
3364 3612 3646 3668 hominum.

2386 3725 2490 3799 47
2531 3725 2894 3784 EXPOSITIO
2944 3725 3013 3782 IN
3051 3725 3382 3784 PSALMUM
3432 3725 3554 3782 XII.

2589 3819 2659 3874 In
2695 3820 2849 3890 finem
2886 3821 3114 3892 psalmus
3152 3820 3340 3876 David.

2242 3930 2374 3989 Cum
2403 3932 2543 3988 tituli
2569 3931 2726 4002 hujus
2760 3933 2924 3989 verba
2947 3933 3268 4004 praecedenti
3292 3934 3628 4008 expositione
3649 3935 3764 4006 jam

2171 4033 2298 4080 nota
2323 4024 2453 4090 sint,
2499 4026 2751 4080 convenit
2793 4035 2850 4082 ut
2878 4026 2948 4082 de
2973 4027 3302 4083 continentia
3353 4029 3522 4100 magis
3569 4028 3764 4100 psalmi

2173 4115 2370 4185 aliquid
2413 4115 2595 4172 dicere
2640 4115 2952 4175 debeamus.
3002 4118 3169 4176 Totus
3208 4120 3350 4175 enim
3380 4121 3448 4176 de
3495 4120 3760 4180 charitate

2173 4205 2406 4277 loquitur
2433 4207 2643 4264 Domini
2673 4209 2893 4278 Christi,
2924 4210 2977 4265 in
3016 4225 3120 4282 qua
3165 4219 3249 4266 est
3289 4211 3452 4267 tutius
3481 4212 3616 4280 legis
3661 4211 3766 4269 sita

2173 4299 2448 4367 perfectio,
2490 4315 2650 4370 quam
2687 4302 2732 4356 si
2776 4303 2895 4371 quis
2939 4301 3122 4368 habet,
3163 4306 3342 4359 omnia
3392 4304 3576 4359 mundi
3606 4302 3768 4361 istius

2170 4389 2534 4447 blandimenta
2569 4396 2878 4464 postponit;
2911 4410 3035 4454 nam
3085 4396 3208 4452 dum
3240 4397 3354 4469 ipsa
3384 4399 3496 4454 sola
3541 4413 3605 4454 ex
3650 4407 3764 4455 toto

2169 4483 2334 4540 corde
2374 4485 2689 4555 requiritur,
2717 4487 2837 4557 ejus
2871 4491 3198 4546 contrarium
3226 4507 3332 4564 non
3362 4502 3590 4546 amatur.
3623 4490 3765 4548 Cha-

2169 4574 2303 4630 ritas
2333 4576 2476 4630 enim
2508 4576 2600 4632 Dei
2631 4578 2877 4647 quaedam
2905 4582 3142 4637 vernalis
3173 4592 3257 4639 est
3285 4584 3458 4654 pluvia
3475 4583 3764 4650 virtutum,

475 4643 543 4700 In
570 4648 790 4745 circuitu
818 4651 1002 4745 impios
1030 4653 1328 4720 ambulare;
1359 4666 1416 4711 ut
1442 4673 1712 4730 nunquam
1751 4663 1820 4718 ad
1861 4677 2062 4725 rectam
2089 4655 2146 4720 D
2166 4669 2269 4725 sub
2295 4683 2398 4738 qua
2423 4678 2477 4724 et
2506 4643 2665 4726 beata
2692 4671 2942 4728 voluntas
2971 4675 3262 4744 germinat,
3286 4643 3346 4732 et
3372 4676 3614 4745 Operatio
3633 4691 3765 4733 sau-

475 4737 685 4805 possint
731 4739 978 4796 semitam
1026 4746 1328 4812 pervenire.
1359 4747 1637 4807 Tortuosae
1669 4756 1931 4826 siquidem
1959 4761 2064 4816 viae

475 4826 632 4882 malis
659 4842 876 4900 semper
899 4833 1138 4890 moribus
1165 4837 1521 4907 applicantur,
1545 4844 1680 4900 sicut
1707 4847 1960 4904 Salomon
1988 4850 2060 4909 de

473 4915 652 4986 impiis
688 4918 816 4974 dicit
859 4938 894 4987 ε,
918 4922 1311 4996 Dereliquerunt
1341 4931 1447 4985 vias
1487 4942 1690 5004 rectas,
1733 4946 1785 4991 ut
1819 4940 2059 4996 ambula-

473 5016 580 5099 rent
608 5009 662 5063 in
690 5010 797 5066 vias
825 5028 1010 5084 pravas
1044 5015 1241 5088 (Prov.
1273 5035 1347 5090 tt,
1380 5021 1504 5095 15).
1539 5025 1602 5081 Et
1630 5027 1749 5084 ideo
1779 5035 2058 5099 pervenire

472 5098 540 5154 ad
567 5101 805 5172 requiem
833 5112 1036 5162 octavae
1061 5109 1167 5165 diei
1195 5123 1489 5185 nequeunt,
1519 5119 1608 5190 qui
1639 5098 1874 5178 rotarum
1905 5141 2056 5186 more

476 5191 529 5247 in
563 5206 658 5247 sua
689 5208 903 5266 semper
929 5206 1076 5269 terga
1118 5210 1422 5262 vertuntur.
1466 5207 1738 5280 Sequitur,
1777 5218 2057 5272 secundant

473 5284 795 5341 altitudinem
825 5296 987 5357 tuam,
1022 5292 1378 5363 multiplicasti
1424 5299 1563 5368 ﬁlios
1610 5303 1891 5362 hominum.
1941 5308 2054 5366 Hoc

474 5378 541 5432 ad
569 5377 689 5434 illos
718 5381 950 5448 pertinet
979 5386 1070 5454 qui
1113 5387 1322 5446 sincere
1365 5393 1592 5465 eloquiis
1635 5396 1847 5456 Domini
1887 5404 2056 5461 caStis

471 5473 877 5564 purissimisque
918 5480 1286 5542 crediderunt.
1333 5489 1400 5544 Et
1429 5492 1548 5548 vide
1577 5504 1830 5564 quantum
1866 5497 1972 5556 illis
1997 5499 2056 5560 in

473 5561 574 5618 isto
605 5567 765 5622 verbo
805 5573 1159 5642 promittitur;
1191 5578 1322 5634 dicit
1353 5582 1491 5637 enim
1515 5624 1529 5650 ,
1562 5561 1840 5641 secundum
1870 5591 2052 5646 altitu-

473 5654 642 5709 dinem
681 5667 816 5712 tnam
847 5665 1199 5733 multiplieasti
1231 5672 1366 5738 ﬁlios
1396 5673 1692 5743 hominum;
1721 5695 1824 5735 non
1859 5697 2052 5738 secun-

472 5745 599 5802 dum
620 5753 867 5807 meritum
891 5770 1064 5822 suum,
1093 5759 1186 5816 sed
1211 5763 1505 5820 secundum
1534 5767 1660 5823 illud
1693 5773 1834 5841 quod
1860 5775 2049 5830 huma-

2171 4770 2258 4820 Cta
2288 4761 2611 4819 iructiﬁcat:
2644 4764 2850 4835 patiens
2878 4766 2966 4822 hic
3005 4766 3060 4823 in
3087 4767 3344 4836 adversis,
3378 4777 3672 4839 temperata
3701 4768 3762 4825 in

2169 4855 2463 4925 prosperis,
2516 4856 2819 4913 humilitate
2855 4865 3079 4929 potens,
3129 4859 3419 4938 afﬂictione
3457 4860 3764 4932 laetissima,

2165 4947 2404 5004 inimicis
2426 4947 2707 5015 benevola,
2733 4949 2887 5006 bonis
2910 4951 3021 5007 suis
3046 4967 3306 5023 superans
3328 4954 3516 5010 malos.
3547 4953 3626 5009 De
3650 4967 3764 5024 qua

2165 5041 2326 5096 etiam
2387 5055 2636 5111 supernae
2683 5049 2946 5098 creatura:
3009 5059 3223 5116 semper
3275 5062 3516 5106 accensa:
3569 5055 3697 5103 sunt
3738 5064 3762 5104 :

2167 5132 2384 5188 ﬁantma
2414 5133 2683 5201 reﬁciens,
2735 5134 3061 5192 desiderium
3110 5140 3418 5198 salutariter
3460 5156 3766 5212 crescens;

2165 5233 2218 5282 et
2253 5235 2313 5281 ut
2347 5226 2577 5295 apostoli
2623 5241 2753 5282 voce
2799 5238 2992 5286 cuncta
3030 5233 3404 5305 complectar:
3449 5234 3592 5292 Deus
3635 5236 3766 5306 ipse

2163 5317 2386 5372 charitas
2414 5325 2485 5370 est
2527 5314 2582 5388 (Ι
2603 5315 2764 5374 Joan.
2805 5334 2879 5387 tv,
2913 5321 3027 5392 l6).
3073 5323 3409 5396 Quapropter
3449 5325 3620 5396 ipsam
3651 5340 3762 5383 nos

2162 5407 2317 5464 decet
2356 5416 2626 5480 expetere,
2670 5412 2837 5482 ipsam
2874 5414 2991 5469 sine
3020 5415 3126 5470 ﬁne
3165 5416 3509 5488 desiderare;
3539 5427 3598 5475 ut
3626 5419 3764 5492 quia

2161 5497 2248 5553 hic
2279 5499 2402 5554 inde
2429 5500 2631 5570 expleri
2656 5518 2764 5558 non
2802 5517 3109 5572 possumus,
3144 5507 3332 5564 saltem
3369 5524 3434 5566 ex
3462 5524 3524 5567 ea
3569 5512 3624 5566 in
3667 5510 3759 5566 fu-

2159 5601 2274 5648 tura
2298 5594 2650 5651 retributione
2671 5597 2950 5664 satiemur,
2975 5598 3117 5658 sicut
3141 5600 3196 5656 in
3216 5604 3508 5658 centesimo
3536 5604 3760 5664 decimo

2157 5695 2344 5738 octavo
2378 5685 2584 5754 psalmo
2609 5687 2837 5756 legitur:
2869 5688 3066 5760 Defecit
3093 5695 3145 5745 in
3193 5694 3413 5748 salutari
3453 5704 3538 5749 tuo
3572 5697 3764 5752 anima.

2154 5792 2262 5830 mea
2291 5775 2460 5850 (Psal.
2487 5792 2676 5845 cxvtu,
2710 5780 2824 5851 ut).
2866 5779 3012 5842 Istud
3033 5786 3174 5844 enim
3205 5787 3458 5857 deﬁcere,
3493 5789 3636 5848 [elici
3663 5802 3760 5852 est

472 5852 570 5897 nas
614 5844 786 5903 nescit
831 5851 1100 5919 angustias
1141 5854 1430 5911 sustinere.
1481 5857 1655 5916 Altum
1707 5864 1847 5920 enim
1895 5881 2041 5940 saepe
2073 5935 2100 5946 μ
2152 5844 2486 5943 perennitate
2515 5844 2786 5931 constare.
