4064 6360
223 311 330 373 101

798 427 993 484 Divisio
1040 430 1247 501 psalmi.

297 538 436 595 Cum
483 539 777 611 respiceret
824 543 1086 613 propheta
1149 545 1392 615 proxima
1444 555 1598 616 parte
1646 561 1812 618 genus

233 631 533 688 humanum
579 634 868 690 mortiferis
915 637 1380 706 superstitionibus
1412 639 1682 708 occupari,
1713 649 1813 695 nec

223 724 297 781 ad
325 725 591 781 culturam
633 712 753 782 veri
794 729 1005 783 Domini
1056 731 1204 800 puris
1243 731 1488 786 sensibus
1534 730 1810 797 festinare,

226 820 603 877 credulitatem
678 838 828 879 suam
900 825 1131 882 adventu
1176 837 1377 881 sanctae
1429 826 1812 883 incarnationis

225 928 422 983 magno
472 914 743 971 desiderio
786 916 1107 986 deprecatur
1151 919 1382 989 expleri;
1437 927 1495 973 ut
1547 918 1633 972 vel
1686 926 1810 974 tunc

220 1004 449 1060 confusa
484 1006 754 1075 gentilitas
798 1009 1107 1065 salutariter
1132 1010 1317 1065 devios
1359 1023 1572 1066 errores
1601 1009 1803 1077 abjice-

220 1103 330 1152 ret.
368 1095 617 1153 Secundo
646 1102 904 1165 membro,
943 1100 1011 1155 ad
1056 1110 1268 1157 nostras
1306 1103 1593 1172 petitiones
1621 1102 1807 1156 efﬁca-

220 1188 361 1243 citer
394 1188 735 1246 instruendae
763 1192 1052 1248 illuminari
1081 1192 1239 1249 ﬁdem
1268 1207 1421 1249 suam
1459 1195 1806 1249 vehementer

218 1280 564 1347 expostulat:
610 1296 679 1337 ne
726 1283 931 1340 inimici
959 1284 1136 1355 aliqua
1178 1284 1364 1341 fraude
1402 1285 1801 1351 succumberet,

220 1371 313 1438 qui
341 1386 558 1442 semper
576 1388 638 1430 se
674 1375 732 1431 in
760 1375 878 1445 ejus
912 1376 1045 1434 dicit
1066 1377 1455 1446 misericordia
1484 1378 1651 1435 fuisse
1673 1390 1805 1434 con-

219 1463 404 1521 limat.

749 1604 1020 1676 Expositio
1058 1606 1267 1677 psalmi.

294 1710 446 1769 Vere.
496 1714 549 1769 ι.
592 1713 882 1788 Usquequo,
914 1717 1133 1773 Domine
1153 1760 1171 1787 ,
1201 1718 1510 1774 Oblivisceris
1539 1734 1619 1775 me
1656 1719 1709 1773 in
1734 1718 1801 1788 βι-

1199 318 1560 377 EXPOSlTlO
1594 317 1663 377 IN
1699 318 2163 380 PSALTERIUH.
2205 322 2400 382 PSAL.
2444 324 2558 384 XI].
2616 338 2623 347 °

3398 335 3504 391 {02

1840 436 1893 496 Α
1918 434 2176 491 excitatus
2218 437 2374 495 dolor
2416 442 2681 499 maximus
2706 446 3004 512 sentiatur;
3050 449 3193 521 quod
3232 448 3414 520 utique
3442 451 3498 505 fit

1916 525 2127 593 quando
2155 541 2277 596 spes
2326 530 2480 602 longa
2524 536 2876 604 protrahitur.
2906 537 3155 595 Inimicus
3198 558 3334 596 meus
3366 558 3386 594 :
3428 541 3496 598 de
3572 572 3583 591 ν

1912 614 2127 671 diabolo
2155 617 2303 685 dicit,
2354 622 2443 691 qui
2485 634 2609 680 ante
2659 625 2944 684 adventum
2976 628 3189 687 Domini
3227 632 3495 689 exaltatus

1913 705 2142 763 humana
2167 710 2473 778 captivitate
2513 717 2798 784 gaudebat.
2833 719 3000 790 Super
3026 737 3127 789 me,
3155 725 3259 780 hoc
3286 732 3373 780 est
3396 739 3487 780 su-

1913 814 2009 869 per
2036 800 2407 858 credulitatem
2450 819 2624 860 meam
2656 851 2673 876 ,
2720 810 2839 878 quia
2887 810 2978 868 ille
3023 822 3133 869 toto
3170 816 3303 871 orbe
3332 816 3490 872 cole-

1911 887 2369 963 baturinstanter,
2401 909 2523 951 cum
2560 896 2902 957 devotionem
2946 900 3070 960 ﬁdei
3097 904 3275 962 divina
3303 908 3490 979 religio

1907 997 2016 1038 non
2050 983 2291 1039 haberet.

1979 1074 2131 1130 Vers.
2188 1077 2242 1130 5.
2302 1077 2518 1149 Respice
2564 1087 2611 1134 et
2659 1080 2848 1136 exaudi
2894 1099 3005 1149 me,
3064 1086 3282 1141 Domine
3343 1086 3485 1143 Deus

1907 1180 2066 1221 meus.
2100 1166 2350 1224 "lumina
2370 1170 2543 1224 oculos
2570 1188 2728 1243 meos,
2760 1191 2822 1228 ne
2840 1191 3064 1246 unquam
3094 1179 3409 1234 obdormiant
3431 1183 3485 1234 in

1913 1270 2093 1314 morte.
2115 1261 2275 1316 Venit
2313 1261 2381 1316 ad
2428 1264 2717 1320 secundum
2757 1268 3057 1325 membrum
3095 1270 3489 1341 deprecationis

1902 1366 2034 1409 suae.
2063 1354 2170 1408 Sed
2190 1369 2322 1425 quas
2349 1356 2435 1411 hic
2461 1358 2712 1426 pietatem
2745 1359 2860 1428 ejus
2893 1361 3156 1433 lacrymas
3183 1366 3486 1435 profudisse

1902 1448 2183 1503 credamus
2204 1490 2219 1515 ,
2247 1463 2315 1504 ne
2347 1448 2605 1504 dilatione
2626 1450 2830 1507 diutina
2858 1459 3002 1507 totus
3034 1456 3262 1511 mundus
3298 1462 3488 1525 captus

1899 1538 2175 1594 erroribus
2210 1539 2493 1595 interiret?
2540 1541 2627 1595 He
2666 1543 2809 1597 enim
2856 1556 2979 1597 cum
3019 1544 3169 1613 dicit,
3220 1561 3327 1601 non
3372 1546 3481 1602 sibi

1898 1641 2102 1689 tantum
2130 1634 2469 1704 singulariter
2498 1637 2649 1704 petit,
2682 1637 2776 1690 sed
2798 1637 3059 1693 universis
3083 1639 3329 1694 ﬁdelibus
3357 1653 3481 1711 sup-

1900 1728 2069 1796 plicat
2094 1728 2381 1793 subveniri,
2426 1743 2655 1798 quorum
2693 1730 2987 1786 dilectione
3008 1733 3301 1788 remedium
3329 1746 3491 1803 gene-

216 1803 367 1857 nem?
394 1803 587 1860 Plenus
618 1808 896 1878 propheta,
925 1817 981 1863 ut
1020 1808 1215 1865 dictum
1247 1818 1349 1874 ρει,
1379 1809 1589 1864 Domini
1618 1810 1794 1864 chari-
1827 1814 1875 1874 B
1900 1820 2013 1876 rale
2034 1821 2329 1892 petebatur.
2361 1820 2595 1892 Respice,
2625 1823 2691 1878 ad
2719 1823 2847 1877 illud
2883 1825 3215 1880 referendum
3240 1833 3319 1881 est
3338 1827 3483 1897 quod

217 1904 331 1953 tate
361 1898 600 1969 copiosa,
639 1915 742 1971 qua
780 1900 895 1971 ejus
923 1900 1355 1957 humanationem
1385 1901 1544 1957 avide
1579 1902 1800 1958 sustine-

224 1990 341 2056 bat,
374 1992 704 2049 conﬁdenter
749 2004 999 2051 eructans
1027 1996 1158 2051 dicit
1186 1995 1391 2051 diﬁerri
1424 2009 1484 2051 se
1510 1994 1703 2050 diutius
1731 1993 1799 2050 ab

214 2084 615 2152 exspectatione
659 2100 796 2141 sua:
826 2087 1036 2158 quando
1082 2088 1226 2143 omni
1276 2088 1604 2144 desideranti
1643 2087 1799 2143 valde

212 2173 441 2228 molesta
471 2174 654 2230 dilatio
702 2186 803 2233 est.
844 2179 1015 2246 Quem
1065 2178 1191 2233 licet
1237 2178 1623 2234 illuininatione
1676 2179 1797 2235 ﬁdei

213 2266 470 2321 credebat
523 2283 644 2325 esse
682 2279 988 2338 venturum,
1036 2271 1106 2328 de
1154 2271 1270 2343 ejus
1326 2280 1501 2328 tamen
1552 2271 1800 2329 tarditate

213 2359 579 2427 conqueritur,
611 2361 763 2432 cujus
794 2363 968 2420 adhuc
991 2373 1262 2433 speratum
1291 2379 1513 2419 cernere
1548 2380 1654 2420 non
1683 2380 1795 2419 me-

213 2448 441 2505 rebatur
469 2450 775 2507 adventum.
806 2453 923 2509 Non
952 2456 1098 2510 enim
1138 2455 1468 2511 obliviscitur
1494 2456 1659 2524 Deus,
1703 2456 1799 2513 sed

213 2542 285 2598 ab
308 2557 375 2597 eo
401 2544 484 2613 qui
510 2545 800 2614 desiderat,
824 2546 1150 2603 oblivionem
1174 2549 1410 2604 creditur
1433 2550 1562 2619 pati,
1586 2549 1798 2619 quando

208 2635 391 2690 dill‘ert
428 2638 633 2693 donare
663 2640 803 2708 quod
852 2641 1063 2708 petitur.
1126 2640 1194 2696 In
1233 2643 1413 2710 linem,
1458 2642 1544 2698 hic
1591 2654 1800 2713 tempus

210 2727 476 2798 signiﬁcat
505 2744 613 2799 quo
642 2731 1063 2786 incarnationem
1089 2732 1303 2786 Domini
1327 2735 1651 2803 praevidehat
1678 2751 1800 2790 esse

214 2830 518 2875 venturam.
556 2819 701 2874 Talis
730 2820 872 2875 enim
900 2822 1118 2891 querela
1162 2822 1347 2878 ﬁdeles
1370 2825 1576 2879 animas
1607 2825 1799 2894 pulsat,

209 2919 274 2967 ut
313 2921 369 2967 et
407 2900 522 2966 sine
554 2911 659 2966 ﬁne
687 2912 926 2967 cmlestia
967 2914 1207 2982 cupiant,
1239 2924 1292 2970 et
1319 2915 1384 2969 de
1414 2915 1627 2970 Domini
1662 2933 1801 2972 sem-

213 3018 314 3075 per
354 3002 710 3072 promissione
739 3004 1030 3059 conﬁdant.
1071 3005 1137 3060 Et
1165 3004 1505 3073 intuendum,
1535 3008 1676 3077 quod
1708 3023 1803 3077 per

210 3094 316 3152 hos
349 3104 578 3166 quatuor
606 3109 792 3150 versus
821 3095 1021 3164 ubique
1048 3095 1211 3151 verba
1241 3098 1687 3153 constantissime
1708 3115 1799 3168 pa-

1902 1916 2146 1985 superius
2187 1915 2293 1970 ait:
2338 1913 2609 1986 Usquequo
2662 1918 2843 1971 avertis
2891 1917 3071 1987 faciem
3115 1927 3254 1972 tuam
3294 1934 3328 1971 α
3369 1914 3494 1972 me?

1902 2008 2089 2063 exaudi
2116 2022 2275 2075 vero,
2309 2007 2375 2061 ad
2402 2008 2529 2062 illud
2572 2008 2714 2079 quod
2757 2008 2889 2064 dicit
2932 2009 2983 2064 in
3030 2010 3204 2079 capite
3251 2009 3484 2079 psalmi:

1904 2098 2193 2169 Usquequo,
2240 2086 2481 2163 Domine,
2519 2082 2827 2153 obliviscaris
2852 2115 2932 2153 nte
2967 2100 3023 2154 in
3064 2100 3217 2168 linem
3239 2102 3265 2154 ἵ
3299 2100 3489 2153 Oculos

1900 2201 2078 2247 autem
2107 2191 2285 2247 cordis
2317 2192 2403 2246 hic
2434 2191 2692 2247 debemus
2721 2193 3028 2262 advertere,
3059 2195 3146 2262 qui
3178 2193 3233 2247 in
3257 2200 3485 2248 mortem

1901 2284 2262 2349 obdormiunt,
2303 2283 2516 2353 quando
2572 2284 2694 2340 ﬁdei
2741 2285 2942 2341 lumine
2994 2286 3228 2355 sepulto,
3280 2286 3485 2342 carnali

1901 2376 2253 2433 delectatione
2295 2369 2638 2433 clauduntur.
2680 2379 2800 2449 Ipse
2834 2389 2917 2435 est
2957 2379 3101 2435 enim
3141 2394 3364 2435 somnus
3406 2381 3477 2436 de

1903 2483 2011 2540 quo
2043 2470 2254 2523 laetatur
2279 2469 2550 2524 inimicus.

1977 2562 2128 2618 Vers.
2177 2564 2229 2616 6.
2274 2562 2560 2632 Nequando
2590 2564 2726 2617 dicat
2765 2563 3006 2618 inimicus
3044 2580 3203 2631 meus,
3243 2564 3489 2633 praevalui

1901 2655 2143 2708 adversus
2170 2670 2302 2709 eum.
2347 2655 2446 2721 Qui
2477 2655 2718 2709 tribulam
2758 2672 2855 2721 me,
2898 2656 3223 2710 exsultabant
3249 2657 3294 2710 si
3315 2666 3483 2710 motus

1904 2747 2068 2814 fuero.
2099 2745 2209 2797 Hoc
2237 2744 2303 2797 de
2329 2745 2544 2799 diabolo
2573 2755 2627 2799 et
2673 2746 2877 2813 angelis
2912 2745 3044 2814 ejus
3093 2746 3241 2810 dicit,
3287 2746 3484 2813 quibus

1904 2834 2029 2888 talis
2080 2834 2411 2887 consuetudo
2443 2842 2547 2899 est,
2596 2834 2857 2888 insultare
2883 2834 3009 2887 dum
3040 2834 3277 2902 capiunt,
3314 2836 3486 2889 victo-

1903 2925 2014 2980 rias
2066 2939 2190 2980 suas
2233 2934 2480 2995 putantes
2521 2912 2832 2992 sequacium
2871 2925 3072 2979 ruinas.
3108 2924 3247 2979 Dicit
3294 2925 3479 2979 enim:

1904 3018 1949 3072 si
1978 3017 2180 3072 divisus
2201 3032 2230 3071 a
2266 3026 2318 3071 te
2346 3016 2515 3082 fuero,
2557 3016 2662 3071 illis
2686 3016 2934 3086 gaudium
2983 3014 3122 3071 dabo
3142 3016 3231 3086 qui
3253 3015 3489 3071 detesta-

1904 3108 1995 3164 bili
2026 3109 2416 3164 consuetudine
2463 3117 2589 3164 tunc
2630 3107 2934 3163 efﬁciuntur
2964 3108 3094 3175 laeti,
3134 3109 3347 3178 quando
3384 3109 3484 3167 de-

209 3189 411 3247 ιίεοιὶεὲ
433 3188 614 3258 Ροηίι;
636 3187 765 3243 die“
788 3186 929 3243 enim
963 3206 975 3241 ε
1011 3187 1301 3259 υδιιιιειιιιο,
1332 3206 1609 3260 ιιιιοιιεσαε.
1637 3208 1799 3260 (Ιηαη-
1822 3192 1870 3259 C
1902 3208 2087 3270 ceptos
2116 3215 2143 3252 a
2175 3215 2233 3256 se
2261 3201 2614 3269 cognoverint
2657 3201 2945 3270 possideri.
2975 3200 3106 3255 Nam
3153 3200 3294 3270 quod
3331 3201 3484 3270 dicit,

212 3281 327 3349 diu,
372 3290 619 3350 repetens
665 3280 826 3336 etiam
880 3297 1154 3350 usquequo.
1217 3281 1345 3348 Quae
1391 3282 1554 3351 ﬁgura
1602 3282 1797 3341 dicitur

222 3373 496 3443 epimone,
523 3372 736 3443 quando
757 3372 954 3429 similia
984 3372 1125 3428 dicta
1145 3373 1331 3427 crebra
1358 3373 1674 3444 repetitione
1698 3389 1794 3445 ge-

214 3465 510 3521 minantur.

286 3555 441 3635 vers.
472 3557 525 3610 2.
570 3555 844 3626 Quousque
872 3556 1053 3611 avertis
1082 3558 1263 3627 faciem
1288 3565 1429 3611 tuam
1468 3574 1499 3610 a
1532 3560 1653 3613 me?
1681 3559 1790 3629 Ap-

217 3648 541 3720 paritionem
593 3650 831 3719 postulat
872 3647 1095 3714 Christi,
1138 3664 1296 3720 quam
1342 3649 1394 3703 in
1443 3648 1640 3718 Spiritu
1681 3649 1791 3718 jam

210 3739 561 3813 pmvidebat.
608 3741 723 3809 Ipsa
754 3750 835 3796 est
865 3740 1006 3795 enim
1040 3741 1192 3811 {acies
1238 3743 1373 3809 ejus,
1414 3756 1531 3810 qua:
1562 3732 1791 3795 carnali-

209 3834 313 3889 bus
351 3831 521 3886 oculis
561 3832 731 3902 potuit
777 3847 1073 3902 apparere:
1124 3845 1282 3902 quam
1324 3831 1413 3885 ille
1452 3830 1533 3885 vir
1575 3839 1791 3886 Sanctus

211 3926 405 3983 aliectu
448 3927 809 3999 generalitatis
864 3927 1055 3981 merito
1099 3926 1349 3995 cupiebat
1377 3925 1638 3993 aspicere,
1673 3940 1791 3993 qua:

211 4020 470 4076 mundum
499 4022 709 4091 dignata
731 4029 813 4076 est
851 4019 1056 4076 caelesti
1095 4019 1399 4073 visitatione
1446 4020 1672 4074 salvare.
1703 4018 1791 4075 Sic

212 4122 266 4169 et
286 4113 608 4169 desiderium
637 4112 803 4168 divini
830 4113 1030 4167 amoris
1058 4119 1330 4166 ostensum
1372 4116 1473 4175 est,
1504 4117 1557 4163 et
1597 4108 1789 4177 imple-

214 4216 322 4263 tam
344 4208 658 4263 charitatem
688 4216 899 4265 constat
929 4206 982 4260 in
1016 4204 1274 4275 proximis
1303 4220 1317 4257 :
1349 4202 1564 4272 quando
1589 4202 1791 4272 jugiter

211 4300 497 4370 expetebat
566 4301 706 4371 quod
782 4298 1030 4355 omnibus
1109 4297 1368 4367 prodesse
1446 4306 1785 4367 cognoverat.

214 4393 509 4465 Utrumque
533 4395 674 4450 enim
696 4395 1057 4463 coniunctum,
1087 4403 1371 4463 utrumque
1397 4392 1691 4457 sociatum;
1730 4398 1789 4447 ut

212 4502 314 4542 nec
344 4486 484 4543 Deus
524 4487 642 4543 sine
692 4486 935 4557 proximo
964 4493 1198 4551 ametur,
1227 4498 1325 4540 nec
1353 4481 1626 4554 proximus
1671 4484 1787 4541 sine

215 4578 498 4637 Divinitatc
524 4578 799 4647 diligatur.

287 4669 445 4725 Vers.
475 4669 524 4724 3.
573 4669 817 4736 Quandiu
854 4685 1043 4740 ponam
1069 4667 1342 4722 consilium
1380 4667 1435 4721 in
1463 4666 1636 4721 anima
1659 4682 1786 4721 mea.

215 4760 315 4817 llic
355 4760 516 4815 ardor
568 4760 835 4814 maximus
882 4759 1194 4815 sustinentis
1257 4758 1596 4827 exprimitur.
1652 4756 1791 4812 Dicit

214 4853 319 4907 sibi
356 4852 547 4909 deesse
570 4853 873 4918 consilium,
906 4863 959 4907 ut
990 4851 1203 4907 videndi
1228 4852 1399 4922 possit
1428 4851 1679 4921 mitigare
1714 4848 1792 4905 af-

215 4943 414 4999 iectum
447 4942 698 5015 :quando
732 4943 1117 5001 inaestimabilis
1147 4944 1389 4999 anxietas
1420 4952 1502 4999 est
1526 4942 1781 5015 concupi-

150 5094 153 5099 λ
212 5049 366 5091 scere
387 5036 608 5105 bonum,
633 5045 687 5093 et
711 5038 908 5093 diutius
940 5036 1208 5093 sustinere
1232 5046 1538 5092 venturum.

286 5127 444 5184 Vers.
471 5130 524 5184 l.
567 5129 810 5184 Dolorem
832 5130 886 5184 in
913 5129 1065 5184 corde
1098 5146 1207 5183 meo
1228 5145 1316 5200 per
1338 5130 1492 5183 diem.
1522 5128 1790 5198 Usqueqno

213 5220 524 5275 exaltabitur
544 5222 782 5275 inimicus
799 5238 940 5274 meus
960 5236 1113 5289 super
1151 5236 1229 5274 me
1247 5222 1271 5273 ἶ)
1294 5219 1484 5276 Adhuc
1505 5235 1665 5291 super
1690 5221 1793 5291 piis

213 5313 689 5383 conquestionibus
740 5320 1066 5380 perseverat.
1139 5307 1462 5365 Subauditur
1525 5311 1667 5366 enim
1724 5310 1793 5367 de

216 5419 373 5460 versu
402 5406 679 5476 superiore
732 5420 941 5473 ponam,
984 5412 1043 5457 ut
1070 5401 1138 5456 sit
1165 5401 1318 5470 plena
1346 5403 1651 5457 sententia:
1687 5401 1793 5456 Do-

213 5495 375 5549 lorem
398 5497 449 5549 in
475 5496 629 5549 corde
649 5511 757 5551 meo
794 5510 978 5566 ponam
1006 5510 1096 5565 per
1124 5493 1278 5557 diem,
1304 5491 1355 5546 id
1382 5502 1463 5546 est
1489 5508 1581 5563 per
1606 5493 1789 5564 singu-

216 5587 296 5643 los
319 5588 455 5653 dies,
488 5598 547 5643 ut
573 5589 815 5645 absolute
843 5586 1171 5641 continuatio
1206 5586 1460 5654 temporis
1492 5586 1662 5652 possit
1704 5588 1790 5641 in-

216 5680 402 5750 telligi.
434 5680 499 5736 Et
536 5681 739 5748 resgiice
766 5694 952 5732 versus
993 5678 1144 5731 istius
1181 5675 1404 5746 primum
1439 5676 1683 5743 verbum,
1736 5683 1794 5737 ut

210 5772 323 5849 jam
365 5787 471 5828 non
512 5766 854 5839 desiderium,
886 5770 981 5828 sed
1019 5770 1215 5827 decoro
1256 5777 1536 5826 crescente
1588 5768 1792 5826 ambitu

1900 3294 1946 3346 si
1968 3301 2134 3347 motus
2165 3294 2331 3364 fuero,
2360 3294 2624 3364 signiﬁcat
2666 3292 2897 3349 inﬁdelis
2936 3294 3130 3348 animae
3161 3294 3485 3350 mutabilita-

1900 3392 2007 3439 tem
2043 3401 2055 3435 :
2084 3385 2205 3451 quia
2235 3399 2453 3439 necesse
2475 3394 2558 3440 est
2586 3394 2644 3439 ut
2690 3386 2743 3439 in
2772 3386 3018 3454 laqueum
3060 3385 3261 3440 diaboli
3289 3385 3483 3455 pedem

1898 3475 2094 3537 mittat,
2125 3474 2170 3528 si
2202 3490 2261 3530 se
2289 3475 2550 3545 quispiam
2582 3474 2805 3546 vestigio
2851 3475 3047 3531 mentis
3075 3491 3105 3529 a
3135 3475 3345 3530 Domini
3387 3476 3485 3532 ﬁr-

1897 3566 2083 3621 mitate
2113 3566 2393 3620 subducat.

1968 3660 2122 3715 Vers.
2158 3659 2211 3712 7.
2255 3659 2365 3730 Ego
2386 3668 2552 3712 autem
2578 3658 2631 3713 in
2652 3658 3001 3713 misericordia
3023 3667 3109 3712 tua
3125 3658 3342 3729 speravi.
3372 3655 3483 3713 Ea:-

1894 3753 2102 3808 sultabit
2148 3768 2233 3805 cor
2264 3768 2427 3806 meum
2458 3754 2508 3804 in
2538 3751 2754 3805 salutari
2803 3760 2907 3806 tuo.
2960 3751 3212 3817 Quamvis
3259 3750 3471 3806 deside-

1894 3845 1975 3899 rio
2010 3843 2119 3915 48
2143 3859 2336 3914 magno
2364 3854 2664 3914 raperetur,
2701 3844 2971 3914 patientiae
2999 3858 3109 3899 suae
3145 3853 3321 3898 tamen
3353 3859 3471 3897 mo-

1893 3946 2070 3990 menta
2103 3935 2397 3990 declaravit
2435 3935 2620 3990 dicens
2655 3952 2667 3987 :
2701 3935 2823 4007 quia
2854 3935 2955 3989 etsi
2986 3934 3164 3989 adhuc
3202 3935 3485 4005 contingat

1893 4028 2108 4097 propria
2144 4036 2268 4081 vota
2325 4026 2553 4092 diii'erri,
2603 4028 2715 4094 ipse
2762 4034 2961 4093 tamen,
3008 4041 3237 4096 superna
3270 4025 3482 4081 miseri-

1892 4118 2076 4175 cordia
2102 4118 2444 4188 suﬁ‘ragante,
2486 4123 2541 4171 in
2571 4132 2666 4185 spe
2696 4117 2811 4185 ejus
2837 4118 3004 4187 possit
3034 4117 3371 4171 ﬁrmissimus
3403 4118 3484 4169 in-

1892 4209 2085 4275 veniri,
2122 4209 2261 4262 sicut
2303 4208 2592 4277 Apostolus
2632 4207 2804 4262 dicit:
2848 4208 2980 4277 Spes
3020 4218 3190 4261 autem
3226 4224 3326 4262 non
3356 4224 3482 4262 con-

1892 4299 2059 4370 fundit
2106 4298 2281 4371 (Rom.
2310 4314 2364 4364 v,
2394 4296 2470 4369 5).
2509 4296 2576 4353 In
2616 4310 2705 4353 tua
2741 4299 2886 4354 enim
2934 4297 3283 4353 misericordia
3321 4297 3480 4368 dicit,

1892 4391 2142 4463 quoniam
2173 4390 2266 4462 qui
2308 4390 2464 4445 aliter
2504 4400 2674 4462 putat,
2698 4406 2910 4447 omnem
2936 4406 3085 4461 spem
3108 4405 3220 4445 sua:
3249 4390 3483 4446 creduli-

1892 4486 2014 4537 tatis
2031 4490 2271 4537 evacuat.
2305 4481 2348 4536 Ο
2375 4483 2538 4536 virtus
2555 4481 2701 4550 ﬁdei,
2724 4490 2778 4537 et
2798 4482 3021 4537 ﬁrmitas
3043 4496 3232 4553 magna
3257 4481 3484 4537 creden-

1815 4579 1872 4643 D
1898 4576 1995 4630 tis!
2030 4573 2304 4630 Gaudebat
2337 4574 2403 4629 ad
2445 4577 2726 4646 praesentis
2774 4578 3098 4641 absentiam,
3154 4586 3209 4632 et
3254 4576 3480 4631 interior

1898 4668 2061 4723 homo
2091 4668 2185 4724 Dei
2210 4670 2440 4724 salutare
2466 4669 2571 4738 jam
2600 4679 2973 4739 conspexerat,
3001 4686 3161 4739 quem
3190 4670 3368 4726 adhuc
3392 4685 3483 4725 cx-

1899 4761 2065 4816 terior
2093 4760 2400 4815 carnalibus
2429 4761 2600 4816 oculis
2633 4775 2858 4817 cernere
2886 4760 3155 4831 cupiebat.

1970 4850 2124 4906 γεγε.
2159 4850 2215 4905 8.
2249 4849 2474 4905 Cantabo
2506 4850 2744 4920 Domino,
2771 4852 2861 4923 qui
2903 4851 3034 4907 bona
3075 4846 3253 4905 tribuit
3304 4850 3431 4904 milii
3455 4865 3475 4904 :

1900 4950 1949 4998 et
1977 4942 2198 5014 psallam
2229 4943 2423 4997 nomini
2446 4941 2656 4998 Domini
2677 4945 2931 4999 altissimi.
2955 4944 3090 5001 Cum
3120 4959 3179 4999 se
3203 4944 3254 4998 in
3280 4942 3482 5013 princi-

1902 5035 2005 5107 piis
2033 5035 2219 5090 crehra
2247 5038 2633 5106 conquestione
2672 5052 2701 5090 a
2736 5035 3003 5092 desiderio
3043 5051 3141 5092 suo
3180 5036 3322 5092 dicat
3362 5051 3483 5093 esse

1899 5129 2145 5190 dilatum,
2181 5128 2267 5184 hic
2291 5130 2390 5185 sibi
2423 5128 2679 5185 beneﬁcia
2724 5128 2937 5183 Domini
2959 5129 3068 5200 jam
3100 5130 3250 5184 Italus
3285 5127 3483 5183 asserit

1900 5217 2202 5272 contributa
2231 5235 2246 5284 ;
2292 5219 2404 5272 sive
2430 5220 2551 5286 quia
2580 5233 2674 5288 per
2704 5217 2997 5288 prophetiae
3039 5220 3291 5272 virtutem
3330 5231 3481 5273 acce-

1902 5310 2043 5379 pisse
2072 5324 2132 5364 se
2171 5309 2319 5379 dicit,
2368 5309 2509 5377 quod
2554 5310 2837 5365 manifeste
2885 5318 3110 5365 noverat
3140 5325 3262 5366 esse
3290 5318 3481 5364 ventu-

1901 5417 2051 5466 rum;
2084 5402 2197 5456 sive
2221 5401 2347 5470 quia
2379 5402 2481 5455 hoc
2507 5401 2680 5471 ipsum
2720 5401 3016 5458 credidisse
3047 5402 3156 5471 jam
3198 5402 3481 5470 przcmium

1900 5505 2037 5561 erat,
2067 5496 2202 5551 sicut
2242 5495 2472 5564 legitur:
2502 5493 2727 5549 Credidit
2762 5496 3019 5549 Abraham
3052 5492 3179 5558 Deo,
3209 5502 3253 5545 ct
3278 5503 3482 5563 reputa-

1896 5597 2003 5641 tum
2045 5600 2118 5642 est
2151 5587 2232 5642 illi
2279 5589 2345 5640 ad
2384 5590 2644 5661 justitiam
2672 5587 2825 5661 (Gen.
2880 5604 2970 5652 xv,
3002 5585 3078 5655 6).
3126 5587 3313 5641 Merito
3357 5600 3481 5656 ergo

1897 5684 2176 5752 accepisse
2202 5699 2259 5735 se
2289 5682 2436 5746 dicit,
2462 5684 2545 5737 cui
2576 5692 2723 5737 tanta
2752 5680 2876 5736 ﬁdei
2904 5680 3079 5734 fuerat
3103 5678 3328 5732 ﬁrmitas
3353 5692 3468 5731 conc

1899 5772 2116 5829 tributa.
2143 5772 2207 5826 Et
2236 5770 2451 5829 intende
2482 5772 2620 5845 quod
2649 5774 2793 5843 prius
2819 5771 2976 5840 dixit,
3000 5770 3211 5823 cantabo
3234 5785 3253 5835 ;
3282 5766 3479 5824 deinde
