4016 6344
579 377 688 437 105

1838 363 1912 421 Μ.
1953 356 2239 421 sonum
2273 354 2682 420 cassronom
2811 376 2814 378 τ
2867 340 2877 370 ’
2948 348 2953 355 '

3746 342 3877 431 tos‘

576 490 831 564 psallam;
858 488 1076 545 cantabo
1100 487 1285 557 corde,
1317 484 1408 542 ubi
1451 483 1615 540 nimia
1647 479 1833 537 laetitia
1858 475 2165 547 compleba-
2191 476 2248 538 Δ
2270 474 2471 531 Videns
2520 474 2748 547 populus
2785 475 3092 533 Iudaeorum
3144 476 3424 535 Christum
3474 478 3753 540 humiliter
3800 485 3858 545 in

579 595 666 641 tur
684 584 799 659 [ms.
819 581 907 649 6.,
933 576 1443 650 contemplabatur];
1466 575 1681 648 psallam
1701 570 1955 642 operibus
1981 569 2161 637 bonis,

579 676 722 747 quod
749 675 979 731 maxime
1017 672 1275 729 Divinites
1302 668 1530 739 quaerit;
1567 676 1625 722 ut
1656 665 1870 719 cantabo
1895 662 2166 733 pertineat

580 768 648 824 ad
676 766 1164 837 contemplativam,
1213 760 1435 834 psallam
1477 759 1545 813 ad
1575 758 1864 813 actualem.
1896 754 2029 822 Quae
2056 753 2164 810 duo

584 867 833 929 tanquam
875 853 1240 933 geminLoculi
1274 848 1631 923 pulcherrime
1661 846 1888 915 sociata,
1924 844 2165 903 reddunt

582 948 1090 1009 illuminatissimum
1133 944 1518 1002 Christianum.

1121 1057 1392 1114 Conclusio
1432 1055 1636 1126 psalmi.

652 1172 1021 1243 Respiciamus
1056 1168 1372 1239 prophetam
1418 1166 1473 1221 in
1517 1163 1974 1236 contemplatione
2013 1161 2171 1220 beata

572 1264 838 1336 ,positum,
868 1268 1066 1333 quanto
1094 1259 1366 1317 desiderio
1411 1258 1703 1330 gloriosam
1743 1255 2173 1314 incarnationem

583 1357 795 1414 Domini
814 1355 1141 1422 sustinebat;
1164 1363 1218 1409 et
1243 1353 1367 1408 hinc
1407 1352 1748 1407 advertamus
1777 1349 1940 1420 quale
1973 1362 2171 1406 munus

585 1451 711 1507 inde
737 1450 1090 1519 suscepimus,
1121 1446 1267 1519 quod
1294 1460 1477 1516 regem
1506 1452 1803 1516 potentem,
1831 1450 1889 1499 et
1927 1450 2173 1499 sanctum

584 1542 899 1620 prophetam
921 1548 1070 1596 tanto
1090 1538 1270 1596 studio
1298 1538 1611 1607 conspicere
1632 1534 1868 1591 voluisse
1888 1534 2177 1590 sentimus.

586 1632 695 1692 Sed
723 1632 950 1691 Domino
972 1632 1378 1702 supplicandum
1399 1640 1499 1699 est,
1533 1645 1602 1689 ne
1632 1629 1848 1687 diabolo
1874 1628 2051 1685 tradat
2075 1629 2175 1687 sub

587 1725 892 1782 desertione
915 1725 1215 1791 teutandos,
1248 1732 1304 1780 et
1336 1722 1429 1779 tali
1454 1724 1716 1780 beneﬁcio
1746 1736 1848 1780 nos
1880 1722 2072 1778 reddat
2094 1722 2177 1778 in-

586 1822 811 1893 dignos;
843 1828 901 1875 ut
924 1819 1011 1875 cui
1039 1819 1130 1875 ille
1155 1817 1329 1873 adhuc
1349 1825 1574 1873 venturo
1601 1816 1956 1873 devotissime
1993 1814 2171 1871 famu-

589 1913 817 1980 labatur,
863 1926 962 1968 nos
1012 1913 1083 1982 ei,
1114 1912 1206 1982 qui
1231 1909 1344 1980 jam
1377 1910 1544 1978 venit,
1579 1906 2171 1977 ﬁdelitcrfserviamus.

590 2005 861 2063 Admonet
905 2004 1067 2060 etiam
1115 2003 1478 2060 duodenarius
1514 2017 1769 2059 numerus
1809 2002 2174 2074 apostolorum

590 2111 689 2153 nos
709 2097 947 2155 recolere
971 2096 1343 2167 quantitatem,
1373 2096 1466 2166 qui
1499 2096 1746 2152 doctrina
1782 2095 2175 2163 perfectissima

590 2189 986 2258 mandatorum,
1033 2196 1088 2245 et
1116 2189 1401 2245 Dominum
1438 2203 1603 2259 supra
1640 2187 1820 2244 omnia
1849 2187 2173 2257 dilexerunt,

590 2293 647 2341 et
684 2283 955 2353 proximos
980 2283 1170 2340 eadem
1200 2291 1260 2340 ut
1303 2298 1363 2340 se
1389 2283 1653 2340 charitate
1692 2284 1962 2355 complexi
2012 2294 2173 2353 sunt;

592 2382 651 2431 ut
676 2375 872 2431 merito
901 2374 987 2430 hic
1030 2375 1266 2445 psalmus
1309 2374 1436 2430 talia
1476 2376 1631 2432 nobis
1680 2383 2020 2432 sacramenta
2049 2390 2178 2432 con-

591 2466 836 2532 cesserit,
866 2467 957 2536 qui
983 2466 1348 2536 apostolorum
1375 2468 1615 2524 noscitur
1644 2481 1873 2523 numero
1893 2482 2181 2523 consecra-

593 2564 701 2612 tus.
722 2554 779 2610 In
808 2556 1089 2612 duodecim
1115 2572 1327 2626 quoque
1349 2557 1517 2613 tribus
1546 2556 1896 2621 Hebrmorum
1921 2544 2179 2629 populum

594 2655 808 2704 constat
840 2662 966 2704 esse
994 2642 1259 2704 divisum.‘
1277 2647 1564 2705 Duodecim
1610 2649 1774 2705 etiam
1806 2636 1964 2704 sedes
1995 2649 2050 2704 in
2086 2650 2177 2719 ju-

593 2738 733 2795 dicio
753 2748 977 2815 ventuno
992 2800 993 2803 η
1006 2739 1554 2811 Dominuspromittit
1576 2740 1853 2810 apostolis.
1870 2740 2183 2795 Duodecim

592 2849 805 2906 quoque
833 2835 1108 2891 mensibus
1136 2849 1309 2899 annus
1337 2835 1454 2905 ipse
1474 2833 1702 2905 partitus
1735 2841 1837 2903 est.
1862 2832 2054 2897 Sedet
2080 2833 2185 2888 alia

594 2923 899 2994 hujusmodi
941 2925 1095 2995 plura
1125 2925 1352 2997 diligens
1385 2927 1553 2984 lector
1607 2925 1873 2994 invenies,
1929 2931 1989 2980 ut
2042 2924 2185 2981 hunc

593 3015 859 3073 calculum
875 3017 1056 3073 multis
1085 3019 1358 3088 mysteriis
1386 3018 1645 3074 refertum
1679 3032 1802 3073 esse
1831 3030 2146 3086 cognoscas.

878 3130 1240 3189 EXPOSITIO
1278 3130 1343 3186 ΙΝ
1391 3129 1717 3187 PSALMUM
1754 3129 1894 3186 X11].

1008 3222 1079 3278 In
1114 3224 1268 3293 finem
1305 3224 1533 3295 psalmus
1570 3222 1763 3277 David.

668 3339 802 3399 Cum
842 3338 1006 3396 verba
1031 3339 1134 3396 ista
1172 3338 1471 3409 praemissis
1498 3336 1923 3408 expositionibus
1966 3334 2187 3391 omnino

593 3434 704 3504 jam
737 3440 862 3487 nota
892 3432 1020 3501 sint,
1054 3430 1313 3494 memoria
1361 3429 1538 3500 potius
1588 3430 1657 3485 de
1687 3428 1771 3484 his
1805 3444 1963 3499 quam
2008 3438 2189 3483 sermo

600 3534 784 3582 noster
804 3525 1127 3596 requiratur.
1151 3523 1211 3580 in
1233 3522 1399 3579 titulis
1426 3531 1605 3578 autem
1623 3521 1767 3593 juste
1796 3521 1916 3591 ﬁnis
1940 3520 2189 3589 frequen-

601 3629 686 3676 ter
712 3622 995 3691 repetitur,
1042 3628 1100 3675 ut
1125 3631 1339 3687 semper
1363 3614 1432 3670 ad
1463 3616 1887 3685 omnipotentem
1915 3611 2189 3670 Christum

601 3712 873 3768 audientis
902 3713 1112 3769 animus
1158 3713 1418 3782 erigatur.
1463 3708 1572 3765 Sed
1608 3708 1725 3778 finis
1769 3708 1893 3774 iste,
1943 3704 2082 3760 sicut
2111 3704 2191 3757 di-

601 3816 745 3863 ctum
795 3815 899 3875 est,
948 3806 1108 3861 variis
1152 3803 1631 3876 signiﬁcationibus
1677 3814 1896 3857 sensum
1945 3806 2188 3853 nostrum

614 3898 931 3954 transmittit
958 3897 1024 3953 ad
1057 3897 1338 3952 Dominqu
1364 3912 1380 3951 :
1410 3909 1553 3950 nunc
1580 3893 1946 3949 tribulautium
1974 3889 2193 3946 confes-

613 3993 789 4058 sione,
814 4006 954 4046 nuuc
985 3989 1348 4047 exsultatione
1388 3987 1707 4052 laetantium,
1760 3999 1902 4039 nunc
1950 3982 2193 4039 docentis

606 4087 822 4152 all‘ectu,
881 4099 1025 4140 nunc
1066 4082 1486 4140 comminatione
1537 4077 1747 4149 judicii.
1806 4076 1963 4133 Modo
2012 4084 2193 4131 tamen

599 4180 839 4251 psalmus
866 4177 955 4235 hic
977 4177 1289 4235 Iudaeorum
1316 4174 1593 4231 vesaniam
1614 4168 1923 4228 vehementi
1948 4168 2195 4238 increpa-

600 4275 750 4330 tione
774 4272 997 4341 castigat
1029 4288 1042 4323 :
1073 4285 1229 4339 asper
1258 4265 1676 4333 invectionibus,
1721 4263 1980 4320 terribilis
2017 4260 2197 4331 profa-

602 4365 707 4434 nis,
760 4376 976 4417 amarus
1026 4360 1351 4425 incredulis;
1392 4366 1451 4413 ut
1493 4356 1613 4412 haec
1673 4355 1971 4425 increpatio
2001 4355 2197 4410 merito

604 4463 804 4513 sancta
847 4453 1005 4510 detur
1058 4451 1317 4507 Ecclesia:
1342 4491 1357 4516 ,
1418 4459 1608 4505 contra
1664 4447 1815 4515 cujus
1865 4447 2198 4518 propositum

605 4548 828 4605 demens
865 4542 1089 4615 perﬁdia
1135 4555 1334 4613 pravas
1364 4541 1692 4597 intentiones
1717 4539 1904 4595 nititur
1940 4539 2193 4595 excitare.

1170 4631 1367 4687 Divisio
1418 4632 1625 4700 psalmi.

676 4730 867 4787 Facies
893 4730 979 4786 illa
1008 4725 1244 4793 Domini,
1274 4739 1392 4795 quae
1422 4724 1476 4780 in
1513 4723 1830 4780 duodecimo
1860 4723 2071 4794 psalmo
2096 4722 2193 4778 de-

604 4821 879 4882 siderabili
907 4818 1300 4891 supplicatione
1330 4814 1631 4886 petebatur,
1682 4816 1771 4870 hic
1807 4814 1918 4886 jam
1945 4813 2195 4870 introdu-

606 4916 745 4973 citur
772 4913 1072 4970 advenisse.
1102 4909 1173 4964 Et
1202 4908 1323 4965 ideo
1358 4910 1528 4979 primo
1548 4907 1709 4963 modo
1737 4908 1978 4978 increpat
2012 4905 2197 4963 Eccle-

608 5005 689 5061 sia
716 5002 979 5059 catbolica
1016 5000 1250 5070 Judzcos,
1283 5000 1374 5068 qui
1416 5000 1530 5055 viso
1557 4999 1769 5056 Christo
1809 5000 2031 5056 minime
2076 5012 2194 5055 cre-

608 5096 881 5153 diderunt.
924 5093 1169 5149 Secundo
1196 5091 1357 5148 modo
1380 5092 1510 5147 dicit
1537 5092 1679 5147 inani
1710 5107 1806 5149 eos
1840 5092 2196 5162 trepidatione

609 5189 885 5257 confundi,
928 5188 1019 5259 qui
1066 5189 1393 5243 fructuosum
1441 5187 1690 5242 timorem
1739 5186 1945 5241 Domini
1993 5199 2196 5257 cogno-

611 5297 765 5341 scere
794 5282 1099 5338 noluerunt.
1128 5280 1210 5336 Ad
1237 5289 1588 5351 postremum,
1612 5294 1797 5336 eorum
1826 5279 1881 5334 in
1907 5278 2069 5335 tinem
2094 5294 2199 5336 ste-

609 5375 720 5433 culi
774 5373 1078 5444 prmdicitur
1117 5375 1338 5430 evenire
1377 5374 1681 5442 conversio,
1745 5386 1868 5427 cum
1919 5370 2198 5435 plenitudo

609 5464 847 5535 gentium
902 5463 1075 5535 longis
1121 5463 1333 5519 saeculis
1375 5469 1682 5531 exspectata
1742 5463 2093 5532 provenerit;
2139 5474 2197 5522 ut

612 5570 735 5613 cum
779 5555 990 5613 Domini
1038 5556 1207 5626 pietas
1254 5554 1307 5608 in
1337 5553 1415 5608 eis
1443 5551 1706 5622 proditur,
1742 5552 1809 5609 ad
1834 5552 2194 5615 confessionis

613 5647 851 5706 remedia
876 5647 1081 5705 (acilius
1110 5647 1164 5701 in
1176 5644 1429 5701 vitentur.

1148 5737 1416 5809 Expositio
1456 5737 1658 5808 psalmi.

685 5831 843 5891 Vara.
871 5832 925 5891 Ι.
963 5829 1111 5888 Dixit
1132 5830 1370 5902 insipiens
1390 5831 1442 5886 in
1466 5830 1615 5887 corde
1632 5845 1725 5888 suo
1749 5845 1770 5887 :
1792 5829 1915 5888 Non
1934 5840 2009 5891 est
2032 5831 2192 5892 Deus.

2270 575 2541 635 assumpta
2579 581 2741 623 carne
2775 568 3009 637 venisse,
3044 569 3368 640 insipienter
3395 570 3536 628 dixit
3568 589 3585 628 :
3617 574 3748 631 Non
3785 583 3863 633 est

2268 655 2429 713 Deus.
2462 655 2571 713 Nec
2600 655 2861 713 intellexit
2890 658 3065 729 ipsum
3110 673 3232 717 esse
3270 662 3361 731 qui
3411 660 3698 731 praedictus
3746 642 3863 726 erat

2269 767 2299 808 a
2324 752 2621 824 prephetis.
2652 751 2777 809 Ideo
2804 753 3020 823 gravius
3062 754 3187 825 quia
3230 768 3338 812 non
3367 754 3548 825 labiis,
3599 756 3700 815 sed
3731 758 3863 814 dixit

2268 841 2324 897 in
2352 842 2542 909 corde;
2590 850 2649 900 ut
2696 842 2838 899 malo
2888 851 3014 900 voto
3066 844 3225 916 pejor
3278 846 3628 904 incredulitas
3669 847 3860 920 junge-

2260 940 2446 989 οΐθῐυΐ.

2281 1051 2289 1058 ·
2346 1024 2497 1081 Vers.
2522 1025 2597 1081 2.“
2620 1024 2857 1099 Coi-rupti
2882 1036 3000 1082 sunt
3027 1036 3079 1083 et
3108 1028 3475 1084 abominabiles
3504 1030 3635 1099 facti
3659 1040 3781 1086 sunt
3809 1033 3863 1089 iu

2272 1118 2615 1174 voluntatibus
2640 1120 2785 1186 suis;
2830 1136 2934 1174 non
2975 1121 3165 1192 estqui
3198 1121 3357 1192 faciat
3394 1122 3606 1189 bonum,
3646 1139 3753 1178 non
3792 1132 3863 1181 est

2272 1225 2433 1281 usque
2459 1210 2528 1266 ad
2550 1226 2731 1267 unum.
2765 1209 3007 1280 Corrupti
3029 1220 3169 1282 sunt,
3203 1211 3331 1268 dum
3352 1211 3421 1268 ab
3463 1211 3862 1283 Scripturarum

2273 1301 2502 1359 sanitate
2529 1302 2871 1372 recedentes,
2900 1303 2957 1359 in
2993 1316 3185 1361 sensus
3207 1304 3415 1374 probati
3443 1311 3573 1361 sunt
3608 1304 3862 1362 incidisse

2272 1394 2516 1452 vitiosos.
2549 1395 2804 1466 Sequitur
2835 1396 3032 1453 deinde
3056 1411 3215 1468 poena
3240 1396 3476 1469 peccati,
3499 1405 3561 1453 ut
3581 1398 3861 1455 nefandis-

2274 1488 2413 1550 sima
2469 1486 2844 1555 incredulitate
2890 1488 3167 1554 maculati,
3220 1488 3584 1544 abominabiles
3612 1488 3863 1547 εἰ)οωίηο

2277 1580 2390 1637 suis
2419 1581 2694 1637 erroribus
2731 1580 3111 1638 redderentur.
3149 1579 3403 1637 Voluntas
3433 1582 3576 1638 enim
3604 1581 3751 1638 dicta
3785 1592 3863 1639 est

2278 1687 2309 1729 a
2332 1672 2534 1740 volatu,
2577 1672 2834 1744 quoniam
2863 1672 3075 1729 animus
3101 1686 3209 1744 quo
3242 1672 3357 1728 vult
3383 1673 3547 1729 nimia
3581 1672 3864 1730 velocitate

2279 1762 2624 1820 transfertur.
2691 1762 2968 1834 Sequitur,
3027 1780 3131 1820 non
3188 1772 3262 1819 est
3294 1765 3403 1835 ‘qui
3448 1765 3605 1834 faciat
3658 1766 3861 1823 bonum.

2202 1855 2251 1917 B
2277 1854 2415 1924 Quid
2444 1870 2573 1926 ergo
2601 1855 2831 1912 dicimus
2859 1855 2927 1913 de
2956 1855 3316 1926 patriarcbisi
3344 1856 3533 1913 Nonne
3560 1858 3763 1914 bonum
3791 1859 3865 1915 te-

2275 1947 2350 2008 cit
2385 1947 2517 2014 Noe,
2553 1962 2675 2003 cum
2704 1947 2921 2004 Domini
2946 1947 3229 2025 praeceptis
3267 1947 3550 2015 obediens,
3593 1948 3650 2004 in
3690 1964 3863 2005 arcam

2276 2037 2563 2093 salvandus
2591 2038 2848 2095 intravit?
2892 2037 3080 2095 Nonne
3107 2039 3251 2095 idem
3299 2038 3500 2095 bonum
3546 2040 3674 2096 fecit
3700 2042 3867 2097 Abra-

2278 2130 2427 2198 ham,
2455 2146 2578 2188 cum
2603 2130 2771 2187 lilium
2801 2130 2956 2187 suum
2996 2130 3258 2188 obediens
3302 2131 3499 2188 divinis
3538 2131 3867 2201 jussionibus

2280 2221 2476 2277 obtulit
2520 2220 2947 2278 immolandum?
2998 2221 3189 2279 Norme
3216 2221 3415 2277 bonum
3464 2222 3591 2278 fecit
3614 2221 3740 2291 Job,
3781 2224 3867 2293 qui

2281 2313 2414 2370 dura
2442 2315 2693 2384 passione
2714 2328 3021 2385 percussus,
3056 2313 3112 2369 in
3135 2314 3389 2370 omnibus
3414 2314 3640 2371 Domino
3669 2316 3868 2386 gratias

2282 2407 2554 2463 actitavit?
2581 2407 2721 2474 Quid
2766 2408 2942 2464 dicam
2970 2408 3039 2463 de
3069 2408 3352 2479 prophetis
3378 2417 3433 2464 et
3457 2409 3738 2478 apostolis,
3781 2411 3870 2479 qui

2282 2499 2547 2554 mandatis
2567 2499 2788 2567 Domini.
2811 2499 3156 2567 famulantes,
3187 2500 3395 2570 seipsos
3418 2501 3667 2571 gloriosis
3685 2504 3872 2558 morti-

2284 2590 2385 2646 bus
2412 2591 2761 2647 obtulerunt‘l
2788 2591 2948 2648 Fiunt
2976 2592 3267 2663 hodieque,
3308 2593 3538 2649 Domino
3585 2594 3868 2665 largiente,

2282 2683 2548 2753 iustorum
2577 2686 2893 2755 operatione
2947 2701 3067 2756 qua:
3111 2686 3251 2743 bona
3298 2697 3444 2743 sunt.
3478 2687 3604 2753 Sed,
3659 2697 3719 2743 ut
3763 2690 3873 2747 hac

2280 2771 2500 2846 negatio
2552 2776 2832 2832 veriSSime
2878 2777 2981 2832 tibi
3038 2777 3234 2835 debeat
3289 2779 3527 2846 elucere,
3595 2781 3872 2838 considera

2285 2867 2414 2937 quid
2443 2867 2703 2937 sequitur,
2732 2877 2937 2924 non‘est
2962 2882 3136 2940 usque
3174 2870 3253 2951 ait
3273 2880 3447 2925 unum.
3493 2871 3717 2951 Revera)
3734 2874 3873 2951 solus

2286 2968 2370 3015 est
2415 2961 2683 3027 Christus,
2718 2961 2837 3016 sine
2863 2975 2973 3031 quo
3020 2944 3482 3033 bonumhaliquod
3520 2944 3875 3035 velincipere

2286 3051 2371 3105 vel
2394 3052 2618 3121 implere
2648 3051 2987 3108 imbecillitas
3012 3052 3245 3108 humana
3288 3066 3399 3108 non
3430 3054 3709 3123 praevalet.
3740 3055 3876 3124 Qua-

2286 3152 2506 3211 pr0pter
2528 3142 2651 3211 jure
2688 3152 2940 3213 negatum
2968 3143 3267 3200 est‘ullum
3309 3143 3486 3201 facere
3514 3145 3737 3215 bonum,
3773 3148 3873 3204 nisi

2213 3239 2261 3305 ο
2292 3249 2461 3305 usque
2491 3235 2556 3289 ad
2587 3235 2761 3304 ipsum
2810 3235 2971 3293 fuerit
2994 3236 3113 3306 ejus
3156 3236 3504 3294 miseratione
3530 3248 3873 3309 perventum.

2290 3327 2423 3384 Nam
2445 3343 2565 3384 cum
2596 3328 2662 3383 ad
2702 3344 2824 3384 eum
2855 3329 3146 3397 acceditur,
3187 3344 3289 3387 nec
3317 3330 3386 3388 ab
3433 3331 3551 3401 ipso
3589 3333 3880 3400 receditur;

2290 3432 2450 3474 omne
2485 3419 2684 3474 bonum
2727 3418 2844 3475 sine
2891 3419 3229 3477 dubitatione
3245 3405 3882 3494 νικιοᾶέίιὶιίῗῗίἷιῖ-ἱά

2290 3524 2419 3581 ergo
2450 3510 2591 3579 linis,
2638 3510 2732 3582 qui
2779 3519 2862 3569 est
2906 3512 3204 3582 promissus
3256 3512 3390 3585 [σόη
3441 3512 3778 3585 praemissus]
3828 3516 3883 3573 in

2292 3599 2469 3655 titulo.
3740 3651 3745 3657 .
3858 3628 3863 3634 ο

2312 3748 2317 3753 ,
2362 3691 2472 3763 49
2502 3691 2656 3749 Vers.
2685 3693 2739 3749 5.
2770 3692 3018 3751 Dominus
3043 3696 3106 3751 de
3129 3697 3255 3752 caelo
3284 3698 3544 3769 prospexit
3570 3714 3725 3769 super
3750 3699 3886 3767 ﬁlios

2293 3783 2579 3838 hominum.
2611 3785 2890 3853 Quomodo
2918 3788 3216 3859 prospexit?
3248 3789 3469 3847 Scilicet
3497 3798 3557 3846 ut
3581 3791 3738 3847 nobis
3766 3792 3886 3846 mit-

2294 3884 2436 3933 teret
2463 3878 2805 3949 Unigenitum
2838 3879 3033 3937 Filium
3063 3897 3217 3938 suum
3241 3926 3255 3953 ,
3298 3900 3394 3955 per
3421 3900 3575 3955 quem
3599 3898 3724 3940 vera
3755 3884 3886 3941 lides

2297 3972 2598 4027 evidentius
2638 3974 2903 4043 potuisset
2936 3978 3177 4046 agnosci.
3218 3976 3390 4047 Super
3419 3977 3555 4047 ﬁlios
3584 3976 3886 4045 hominum,

2296 4061 2364 4119 de
2392 4062 2593 4120 Judaeis
2624 4075 2801 4136 potest
2829 4066 3094 4139 intelligi,
3126 4069 3263 4126 sicut
3293 4072 3347 4125 in
3373 4068 3665 4140 Evangelio
3695 4069 3881 4125 Domi-

2298 4171 2398 4211 nus
2430 4157 2506 4212 ait
2536 4175 2549 4212 :
2585 4156 2707 4214 Non
2739 4177 2851 4215 sum
2880 4161 3094 4231 missus,
3128 4162 3227 4217 nisi
3252 4162 3323 4217 ad
3350 4179 3462 4219 oves
3488 4178 3599 4232 qum
3626 4163 3883 4232 perierant

2297 4246 2479 4302 domus
2511 4246 2675 4304 lsracl
2704 4249 2926 4318 (Matth.
2953 4266 3044 4322 xv,
3072 4251 3175 4323 l4)
3198 4294 3212 4320 ,
3244 4261 3305 4307 ut
3332 4251 3643 4308 honoratius
3669 4267 3769 4310 eos
3798 4267 3888 4324 ap-

2298 4336 2582 4408 pellaverit
2604 4340 2742 4408 ﬁlios
2765 4340 3031 4396 hominum
3062 4352 3281 4412 propter
3305 4343 3461 4397 unius
3486 4341 3581 4398 Dei
3604 4342 3811 4398 cultum
3838 4351 3893 4399 et

2299 4429 2356 4485 in
2396 4433 2799 4500 comparatione
2827 4433 3132 4504 gentilium.
3165 4434 3246 4490 lili
3286 4435 3427 4493 enim
3461 4434 3655 4505 populo
3684 4436 3895 4505 specia-

2300 4522 2424 4580 liter
2451 4526 2796 4595 cognoscitur
2826 4526 3012 4583 datum
3034 4570 3049 4597 ,
3084 4527 3227 4599 quod
3257 4528 3569 4600 repellenda
3594 4527 3892 4600 sacrilegus

2220 4634 2279 4699 Β
2301 4629 2332 4671 a
2361 4616 2622 4674 seireddit
2645 4619 2902 4676 alienum.
3271 4642 3277 4650 ·
3842 4642 3845 4647 ‘

2368 4721 2527 4777 Vers.
2569 4723 2624 4777 5.
2670 4723 2740 4779 Ut
2777 4724 2947 4780 videat
2980 4725 3025 4780 si
3062 4735 3135 4781 est
3163 4724 3482 4798 intelligens,
3511 4732 3602 4780 aut
3629 4724 3897 4794 requirens

2298 4812 2485 4869 Deum.
2512 4814 2733 4885 Videat,
2755 4817 2925 4874 videri
2951 4817 3129 4873 faciat.
3153 4816 3306 4885 Quod
3331 4817 3551 4875 schema
3576 4817 3776 4873 dicitur
3798 4817 3901 4889 hy-

2305 4907 2527 4977 palage,
2558 4908 2613 4963 id
2642 4916 2725 4965 est
2751 4911 3108 4978 permutatio,
3143 4910 3351 4983 quoties
3381 4909 3434 4964 in
3474 4909 3633 4963 alium
3678 4908 3902 4963 intelle-

2301 5006 2446 5054 ctum
2476 4998 2638 5053 verba
2663 5012 2786 5069 quae
2814 4998 2954 5053 dicta
2984 5007 3108 5053 sunt
3134 4998 3564 5063 transferuntur;
3595 5005 3656 5051 ut
3683 4996 3903 5052 dicatur

2315 5103 2382 5146 ex
2427 5098 2667 5160 tempore
2706 5104 2867 5146 nosse
2916 5088 3225 5160 quidpiam,
3273 5091 3363 5160 qui
3402 5099 3686 5158 antequam
3731 5088 3898 5157 ﬁant,

2304 5180 2458 5236 novit
2482 5181 2750 5237 universa.
2780 5181 2872 5238 Sic
2900 5190 2953 5239 et
2983 5183 3213 5239 Abrahae
3244 5183 3453 5239 locutus
3479 5192 3563 5239 est
3588 5181 3855 5237 Dominus
3883 5199 3905 5237 :

2274 5274 2463 5329 ‘Nunc
2501 5276 2711 5346 cognovi
2749 5277 2990 5347 quoniam
3032 5277 3173 5333 times
3213 5276 3496 5333 Dominum
3534 5275 3700 5332 Deum
3744 5270 3907 5331 tuum

2304 5368 2469 5439 (Gen.
2501 5384 2610 5423 χιιι
2631 5411 2645 5437 ,
2674 5370 2774 5441 1⁸2)
2803 5388 2819 5437 ;
2851 5371 2928 5428 sic
2955 5371 3191 5427 dicturus
3222 5379 3306 5425 est
3331 5370 3383 5426 in
3408 5370 3609 5439 judicio
3636 5384 3738 5427 suo
3770 5385 3915 5440 pec-

2304 5461 2601 5518 catoribus:
2632 5462 2819 5519 Nescio
2846 5478 2930 5517 vos
2957 5461 3169 5534 (Matth.
3188 5462 3447 5534 xxv,13),
3478 5470 3531 5518 et
3557 5461 3643 5517 his
3669 5462 3908 5519 similia.

2301 5556 2452 5624 Quod
2484 5571 2653 5626 genus
2693 5556 2983 5612 locutionis
3022 5556 3077 5611 in
3116 5556 3406 5627 Scripturis
3442 5555 3639 5610 divinis
3680 5557 3913 5624 reperis

2306 5649 2613 5721 frequenter
2643 5650 2924 5706 insertum.
2954 5648 3257 5722 Intelligens
3290 5658 3468 5705 autem
3501 5648 3635 5729 dixit
3664 5659 3926 5719 propter:

2300 5746 2717 5814 assumptionem
2749 5745 3129 5813 humanitatis,
3173 5745 3295 5816 quia
3337 5741 3752 5814 Deus-intelligi
3796 5742 3917 5799 de-

2300 5835 2532 5905 buisset,
2563 5836 2656 5911 qui
2686 5834 2871 5894 multis
2902 5836 3174 5896 miraculis
3203 5836 3493 5900 adventum
3536 5848 3650 5892 sua:
3690 5834 3921 5892 divitu-
