4064 6360
277 365 383 423 ’105

1219 359 1581 421 EXPOSITIO
1617 358 1683 419 IN
1721 357 2182 419 PSAL'I‘ERIUM.
2221 356 2412 414 PSAL.
2455 355 2592 415 XIII.

3433 347 3533 405 106

277 486 402 542 tatis
429 483 681 564 ostendit:
712 482 993 554 Requirens
1021 493 1150 538 vero
1190 481 1399 552 posuit,
1446 482 1492 538 si
1533 483 1650 552 ejus
1690 497 1842 537 mau-
1873 483 1926 544 Α
1951 478 2068 549 guis
2115 477 2215 532 iste
2263 477 2400 545 Agni
2448 471 2808 538 immaculati,
2861 471 2986 527 dum
3025 483 3055 525 a
3084 469 3284 526 Judaeis
3329 468 3532 526 eﬁ'usus

278 585 403 640 data
432 589 804 652 sequerentur.
836 579 931 636 ille
975 579 1118 634 enim
1161 578 1370 645 requirit
1414 577 1609 643 Deum,
1653 577 1740 647 qui
1787 576 1854 630 ab

278 680 393 749 ejus
419 677 695 733 voluntate
732 689 840 730 non
869 673 1157 742 discrepat.
1189 669 1280 728 Sic
1320 685 1426 725 uno
1464 685 1620 726 versu
1659 678 1856 739 myste—

279 771 414 826 nium
445 778 644 824 sancta:
693 764 1078 821 incarnationis
1106 772 1381 818 ostensum
1410 770 1514 829 est,
1550 770 1606 815 ut
1635 774 1728 830 per
1755 759 1856 813 hoc

279 873 333 920 et
371 862 648 918 hominum
691 859 827 914 ﬁdes
856 857 1121 928 potuisset
1165 854 1424 926 intelligi,
1467 861 1522 910 et
1561 851 1855 910 remedium

281 957 557 1014 debuisset
583 959 749 1025 optati
775 953 1014 1010 muneris
1041 950 1287 1007 inveniri.

349 1052 504 1107 Vers.
539 1051 592 1106 5.
629 1049 818 1106 Omnes
847 1049 1254 1110 declinaverunt,
1297 1025 1453 1100 simul
1489 1041 1694 1098 inutiles
1731 1042 1857 1114 facti

285 1154 441 1199 sunt:
487 1159 588 1197 non
632 1151 705 1196 est
751 1142 836 1212 qui
887 1141 1043 1210 faciat
1093 1139 1306 1204 bonum,
1358 1153 1459 1191 non
1497 1143 1571 1190 est
1610 1151 1766 1201 usque
1791 1133 1861 1188 ad

286 1250 458 1291 unum.
494 1235 680 1288 Omnes
709 1234 956 1289 dicuntur
983 1231 1296 1295 declinasse,
1327 1243 1447 1284 cum
1479 1236 1656 1282 tamen
1685 1241 1753 1282 ex
1782 1227 1860 1282 eis

287 1344 392 1385 non
423 1328 642 1383 minima
673 1326 825 1382 turba
855 1322 1162 1380 crediderit.
1194 1321 1301 1377 Sed
1329 1336 1358 1376 a
1392 1330 1538 1388 parte
1566 1328 1736 1374 totum
1766 1333 1859 1373 ac-

287 1422 590 1494 cipiendum
631 1430 751 1486 est;
797 1419 929 1474 tanti
973 1417 1117 1474 enim
1158 1415 1301 1485 impii
1347 1414 1588 1480 fuerunt,
1628 1423 1688 1467 ut
1726 1425 1862 1484 pene

287 1529 473 1573 omnes
503 1512 690 1584 perﬁdi
717 1526 841 1567 esse
871 1525 932 1564 ac
960 1509 1188 1580 periisse
1229 1515 1559 1575 putarentur.
1603 1504 1695 1559 lsti
1735 1518 1864 1572 ergo

289 1610 666 1666 declinaverunt
695 1621 724 1658 a
754 1603 921 1674 gratia
951 1602 1044 1656 Dei
1069 1641 1085 1669 ,
1114 1610 1168 1656 et
1199 1600 1322 1672 facti
1347 1609 1464 1654 sunt
1495 1597 1698 1652 inutiles
1739 1595 1860 1651 sibi.

358 1700 511 1756 Vers.
539 1698 590 1753 6.
619 1697 924 1766 Sepulcrum
945 1703 1124 1766 patens
1149 1701 1222 1746 est
1246 1700 1421 1762 guttur
1441 1706 1617 1744 eorum
1635 1731 1648 1753 ,
1678 1688 1865 1759 linguis

290 1793 392 1846 suis
422 1790 598 1844 dolose
626 1790 862 1860 agebant.
892 1786 956 1841 Hi
981 1786 1216 1856 quinque
1246 1798 1435 1839 versus
1463 1797 1632 1852 usque
1671 1780 1738 1835 ad
1780 1780 1864 1834 di-

1958 578 2075 634 est,
2105 567 2265 622 nimis
2293 582 2387 622 eos
2415 567 2736 623 criminosos
2765 564 2977 630 effecit;
3024 564 3121 621 sed
3161 580 3282 621 cum
3323 563 3390 620 ad
3436 578 3537 620 nos

1957 661 2242 732 pervenit,
2273 659 2586 714 beatitudini
2617 657 2969 714 consecravit.

2037 752 2186 807 Vers.
2227 750 2280 803 9.
2321 749 2572 804 Contritio
2609 757 2656 803 et
2694 748 2969 818 infelicitas
3005 745 3060 800 in
3097 747 3192 801 uiis
3238 761 3449 812 eorum,
3487 753 3540 800 et

1957 845 2093 899 viam
2121 843 2261 914 pacis
2291 858 2394 896 non
2434 849 2794 911 cognoverunt.
2834 839 3048 920 Opt'yte
3087 838 3172 893 via
3216 837 3542 893 describitur

1964 935 2253 1004 impiorum
2272 973 2289 1000 ,
2319 947 2437 1002 qua:
2465 930 2702 986 contritio
2727 939 2811 984 est
2829 969 2845 992 .
2873 931 2994 999 quia
3021 939 3073 985 et
3102 928 3223 984 terit
3246 937 3301 984 et
3331 929 3541 985 teritur.

1965 1025 2256 1096 Infelicitas
2285 1039 2445 1091 vero,
2479 1023 2602 1093 quia
2631 1036 2903 1091 nunquam
2947 1036 3044 1090 per
3079 1020 3246 1090 ipsam
3269 1064 3284 1088 ,
3327 1020 3429 1074 nisi
3468 1018 3538 1074 ad

1963 1118 2199 1174 infausta
2241 1116 2502 1187 supplicia
2545 1115 2877 1186 pervenitur.
2925 1115 3029 1170 Sed
3063 1124 3237 1183 potest
3265 1113 3456 1183 aliquis
3487 1120 3544 1169 et

1962 1212 2019 1270 in
2048 1212 2132 1266 via
2165 1219 2505 1280 peccatorum
2537 1223 2690 1274 esse,
2732 1216 2787 1262 et
2829 1205 2896 1261 ad
2942 1205 3082 1259 viam
3127 1205 3321 1260 iterum
3366 1203 3544 1260 redire

1959 1302 2202 1375 justitiar.
2247 1302 2346 1356 llic
2384 1311 2560 1356 autem
2602 1308 2760 1369 negat
2804 1299 2924 1352 illos
2964 1297 3138 1365 aliqua
3178 1311 3537 1352 conversione

1964 1393 2261 1459 liberatos,
2309 1407 2428 1447 cum
2471 1391 2633 1457 dicit,
2681 1391 2814 1444 viam
2853 1389 2993 1456 pacis
3034 1405 3134 1441 non
3171 1398 3547 1456 cognoverunt,

1968 1489 2178 1558 quando
2208 1489 2381 1556 ipsum
2420 1487 2704 1540 Dominum
2728 1527 2743 1552 ,
2787 1485 2878 1556 qui
2911 1493 2992 1539 est
3028 1484 3113 1538 uia
3154 1485 3332 1554 pacis,
3363 1480 3550 1536 cazcati

1969 1583 2132 1638 corde
2162 1581 2466 1636 nullatenus
2497 1577 2793 1647 intelligere
2821 1583 3150 1631 meruerunt.

2045 1675 2196 1731 Vers.
2241 1675 2328 1730 10.
2372 1672 2497 1728 Νοη
2534 1683 2607 1727 est
2643 1672 2794 1725 timor
2831 1668 2930 1724 Dei
2963 1680 3082 1722 ante
3121 1653 3295 1722 oculos
3345 1683 3540 1721 eorunt.

1972 1766 2406 1823 Prmcedentibus
2455 1767 2616 1820 rebus
2663 1765 2949 1834 subjuncta
2995 1772 3076 1818 est
3125 1763 3386 1817 sententia
3432 1775 3552 1830 qua

291 1883 549 1937 visionem
589 1852 874 1935 εεέυηάεηι
923 1878 976 1932 in
999 1852 1258 1932 'ﬂebmis
1303 1873 1702 1944 exemplaribus
1751 1887 1858 1926 non
1891 1862 1937 1923 B
1965 1858 2189 1928 pulchre
2215 1868 2403 1913 cuncta
2425 1857 2789 1913 concluderet.
2816 1855 2938 1910 ldeo
2965 1855 3107 1909 enim
3137 1853 3209 1908 illi
3241 1862 3384 1907 tanta
3412 1852 3552 1906 fece-

290 1971 572 2029 babentur.
604 1971 708 2028 Sed
739 1969 989 2040 quoniam
1021 1970 1073 2024 in
1104 1983 1259 2023 usum
1291 1968 1546 2024 Ecclesim
1573 1976 1865 2021 consuetu-

293 2065 415 2122 dine
464 2066 616 2134 longa
663 2065 861 2132 recepti
901 2071 1058 2128 sunt,
1107 2070 1263 2128 prout
1309 2073 1624 2116 concessum
1670 2056 1862 2123 fuerit,

292 2155 529 2226 singulos
578 2168 927 2224 exponemus.
979 2152 1224 2207 Prazsens
1271 2151 1450 2220 itaque
1494 2163 1678 2204 versus
1718 2158 1770 2203 et
1812 2147 1866 2204 iu

295 2248 478 2320 quinto
525 2247 730 2316 psalmo
771 2247 878 2316 jam
923 2245 1094 2300 dictus
1135 2253 1234 2300 est.
1269 2243 1465 2299 Verum
1510 2243 1632 2311 quia
1679 2239 1866 2296 eadem

296 2348 409 2394 erat
437 2353 564 2408 gens
583 2380 597 2403 ,
628 2347 681 2394 et
709 2352 867 2393 causa
893 2337 1186 2392 consimilis
1208 2376 1223 2402 ,
1255 2344 1377 2405 apte
1407 2335 1459 2390 in
1491 2334 1612 2389 illos
1641 2332 1869 2404 repetita

294 2429 548 2500 probatur
573 2443 691 2485 esse
729 2427 1010 2485 sententia.
1052 2428 1239 2484 Merito
1285 2442 1413 2497 ergo
1455 2427 1745 2496 sepulcrum
1790 2425 1870 2480 di-

297 2531 440 2578 ctum
468 2531 551 2579 est
580 2531 755 2595 guttur
799 2539 1008 2589 eorum,
1039 2521 1128 2593 qui
1167 2522 1438 2576 mortifera
1479 2519 1869 2589 loquebantur;

297 2626 424 2670 nam
458 2616 599 2672 sicut
639 2615 729 2672 illa
769 2628 886 2670 cum
930 2624 1111 2684 patent
1137 2612 1332 2668 fetidos
1362 2611 1556 2666 odores
1583 2609 1872 2677 exhalant,

299 2709 373 2763 ita
422 2717 478 2763 et
516 2709 739 2762 istorum
781 2716 954 2776 guttur
992 2703 1275 2775 pestiferos
1314 2717 1588 2759 sermones
1627 2701 1875 2773 profere-

299 2798 395 2857 bat
421 2816 436 2864 ;
469 2809 524 2855 et
554 2814 620 2854 ne
648 2799 743 2852 soli
773 2807 1024 2868 pereant,
1056 2797 1248 2866 linguis
1278 2797 1389 2850 suis
1418 2795 1604 2850 dolosa
1633 2794 1878 2852 dissemi-

303 2903 454 2948 nant.
499 2892 767 2946 Memento
805 2900 979 2945 autem
1026 2890 1165 2960 quod
1213 2891 1264 2944 in
1309 2889 1393 2943 his
1435 2889 1668 2958 quinque
1709 2887 1882 2941 versi-

306 2984 436 3051 bus,
468 2997 563 3053 per
589 2981 876 3037 secundam
907 2983 1141 3052 speciem
1171 2981 1521 3046 deﬁnitionis,
1549 2995 1667 3049 quae
1697 2977 1881 3033 Graece

309 3075 505 3130 dicitur
532 3073 886 3129 ennoematice
910 3115 924 3138 ,
957 3073 1142 3128 Latine
1171 3073 1318 3126 notio
1358 3081 1713 3140 nuncupatur,
1761 3071 1881 3124 illos

310 3165 622 3234 insipientes
673 3165 961 3235 designarit
1009 3164 1076 3219 de
1131 3164 1323 3233 quibus
1375 3164 1618 3231 superius
1671 3161 1769 3227 ait,
1829 3161 1882 3214 in

1969 1961 2117 2017 runt,
2150 1953 2273 2022 quia
2303 1952 2536 2006 timorem
2579 1951 2672 2004 Dei
2713 1959 2829 2004 ante
2868 1949 3042 2003 oculos
3083 1963 3192 2002 non
3240 1946 3551 2012 habebant;

1968 2045 2110 2099 sicut
2134 2043 2201 2098 de
2232 2043 2363 2113 ipsis
2397 2041 2526 2097 dicit
2557 2041 2882 2111 Apostolus:
2917 2041 2975 2096 Si
3005 2039 3138 2092 enim
3169 2040 3552 2108 cognovissent,

1971 2152 2235 2205 nunquam
2263 2134 2542 2188 Dominum
2565 2133 2741 2203 gloria:
2771 2130 3139 2199 cruci/ixisseut
3169 2128 3217 2200 (l
3242 2128 3358 2181 Cor.
3379 2143 3415 2180 tt
3435 2167 3450 2194 ,
3473 2127 3556 2196 8).

1971 2231 2063 2287 Sic
2097 2245 2224 2285 vere
2252 2229 2476 2284 dicimus
2510 2226 2791 2281 Dominum
2835 2225 3017 2294 glorirc
3055 2224 3364 2277 crucifixum
3387 2260 3402 2287 ,
3433 2233 3554 2274 cum

1973 2331 2153 2380 tamen
2180 2337 2300 2379 eum
2327 2328 2537 2376 constet
2568 2320 2742 2373 carnis
2774 2326 2976 2371 tantum
2999 2357 3015 2381 ,
3060 2330 3167 2370 non
3211 2314 3371 2369 etiam
3414 2311 3554 2367 divi-

1975 2419 2162 2474 uitatis
2193 2427 2383 2472 natura
2416 2414 2577 2470 fuisse
2612 2412 2952 2469 trucidatum.

2045 2531 2202 2588 Vers.
2251 2530 2339 2584 11.
2381 2528 2568 2586 Nonne
2614 2536 2915 2599 cognoscent
2947 2541 3118 2580 omnes
3157 2523 3243 2592 qui
3284 2529 3558 2592 operantur

1978 2624 2332 2694 iniquitatem,
2364 2622 2451 2691 qui
2493 2622 2734 2674 devorant
2775 2618 2969 2691 plebem
3017 2635 3179 2672 meam
3216 2617 3347 2671 sicut
3395 2631 3560 2670 escam

1981 2714 2175 2782 panis?
2207 2712 2481 2765 Dominum
2512 2727 2615 2764 non
2643 2711 3027 2764 invocaverunt.
3059 2710 3251 2763 Sancta
3287 2707 3519 2762 Ecclesia
3542 2747 3561 2774 ,

1985 2805 2138 2873 cujus
2167 2819 2396 2872 persona
2444 2804 2495 2856 in
2537 2803 2639 2856 hoc
2684 2803 2890 2870 psalmo
2919 2801 3170 2868 loquitur,
3207 2802 3350 2853 venit
3379 2799 3443 2852 ad
3477 2815 3561 2853 sc-

1984 2899 2216 2952 cundum
2251 2896 2500 2963 modum,
2536 2895 2624 2949 tibi
2656 2895 2906 2948 omnibus
2938 2894 3115 2961 impiis
3151 2892 3386 2944 divinum
3420 2892 3563 2959 judi-

1988 2993 2130 3047 cium
2162 2990 2559 3046 comminatur:
2589 2987 2773 3041 dicens
2803 2989 2850 3040 in
2885 2986 2971 3039 illa
3006 2985 3354 3039 retributione
3396 3000 3562 3054 gene-

1986 3085 2086 3138 rali
2129 3096 2456 3152 cognoscere
2501 3079 2820 3146 vindictam,
2853 3078 2941 3147 qni
2983 3092 3121 3130 nunc
3150 3087 3437 3146 operantur
3466 3077 3564 3132 sub

1989 3176 2237 3231 libertate
2267 3175 2547 3230 malitiam.
2592 3175 2736 3230 Ordo
2767 3183 2943 3228 autem
2976 3174 3256 3228 verborum
3288 3175 3406 3226 talis
3436 3181 3519 3226 est
3546 3189 3562 3227 :

313 3259 563 3315 cordibus
599 3260 708 3314 suis
747 3257 980 3328 cogitare
1028 3259 1308 3326 sacrilega.
1362 3259 1489 3323 Quae
1529 3254 1735 3324 species
1777 3267 1878 3308 non

1989 3269 2179 3325 Nonne
2207 3279 2510 3340 cognoscent
2553 3285 2724 3324 omnes
2767 3269 2856 3340 qui
2901 3278 3174 3336 operantur
3215 3268 3566 3334 iniquitatem?

317 3351 733 3408 substantialiter
759 3350 884 3419 quid
923 3351 992 3405 sit
1021 3349 1293 3417 designat,
1340 3347 1432 3401 sed
1473 3362 1568 3402 eos
1612 3345 1886 3404 evidenter

316 3441 547 3502 insinuat
577 3457 669 3514 per
699 3455 915 3496 suorum
947 3450 1156 3497 aetuum
1186 3438 1517 3510 qualitatem.

393 3541 542 3595 Vers.
566 3542 618 3594 7.
656 3540 915 3595 Venenum
953 3542 1187 3611 aspidum
1227 3539 1318 3592 sub
1349 3538 1495 3592 labiis
1523 3553 1733 3592 eorum:
1763 3554 1889 3606 quo-

315 3649 430 3686 rum
461 3650 516 3686 os
545 3633 898 3686 maledictione
927 3641 972 3686 et
1000 3632 1340 3685 amaritudine
1367 3632 1572 3701 plenum
1600 3640 1691 3684 est.
1732 3631 1889 3702 Aspi-

315 3725 443 3778 dum
477 3726 708 3779 immane
753 3740 919 3795 genus
945 3733 1156 3779 constat
1191 3738 1310 3778 esse
1349 3723 1676 3793 serpentium
1699 3763 1713 3788 ,
1748 3721 1890 3792 quod

320 3816 551 3870 naturali
583 3817 937 3872 obstinatione
965 3817 1127 3872 verba
1155 3815 1539 3871 incantantium
1568 3830 1671 3870 non
1707 3813 1887 3883 perhi-

314 3910 474 3967 betur
519 3911 820 3976 admittere,
869 3925 967 3966 nec
1009 3927 1039 3964 a
1082 3919 1204 3964 vnto
1244 3924 1341 3963 suo
1379 3917 1553 3979 potest
1591 3907 1888 3973 removeri,

313 4005 459 4075 quod
491 4005 634 4058 nullo
662 4005 800 4059 valet
826 4004 1060 4059 carmine
1089 4003 1338 4072 mitigari.
1375 4003 1503 4056 lluii:
1527 4001 1697 4057 Judaei
1726 4003 1890 4069 aptis-

313 4099 452 4154 sime
480 4108 876 4168 comparantur,
910 4097 997 4166 qui
1030 4097 1311 4151 adversum
1343 4094 1505 4149 verba
1533 4093 1787 4148 salutaria
1816 4093 1893 4145 in-

315 4191 588 4247 duxerunt
617 4190 797 4246 miseri
828 4188 1126 4244 lethil'eram
1153 4186 1468 4242 surditatem
1493 4201 1507 4251 ;
1536 4193 1591 4238 et
1616 4184 1892 4252 elegerunt

315 4285 491 4353 magis
537 4283 758 4340 consilia
801 4296 1071 4337 venenosa
1109 4282 1292 4350 sequi,
1337 4294 1492 4348 quam
1532 4276 1598 4331 ad
1638 4275 1890 4332 salutaria

314 4377 557 4433 instituta
589 4375 802 4446 perduci
829 4391 844 4441 ;
877 4383 933 4428 ut
963 4375 1154 4428 merito
1183 4372 1252 4426 de
1295 4370 1402 4426 illis
1431 4369 1630 4425 dictum
1662 4383 1783 4424 esse
1812 4366 1893 4421 vi-

315 4468 543 4522 deatur:
577 4467 848 4536 Elegerunt
877 4465 1038 4532 magis
1069 4464 1296 4518 tenebras
1324 4477 1477 4533 quam
1507 4463 1666 4516 lucem
1697 4459 1890 4530 (Joan.

314 4574 410 4626 tu,
442 4559 552 4632 19).
589 4558 845 4614 Venenum
891 4559 1031 4614 enim
1062 4557 1260 4612 dictum
1301 4564 1384 4611 est
1420 4554 1487 4610 ab
1526 4569 1592 4610 eo
1629 4552 1769 4622 quod
1799 4565 1893 4622 per

1991 3362 2059 3418 Et
2089 3362 2157 3419 de
2186 3362 2429 3434 sequenti
2457 3378 2613 3420 versu
2635 3359 2966 3433 jungendum
3011 3371 3126 3428 est,
3160 3359 3400 3429 quaniam
3435 3358 3566 3414 Deus

1990 3458 2044 3512 in
2074 3458 2394 3529 generatione
2437 3460 2585 3530 justa
2612 3465 2703 3513 est.
2751 3456 2942 3525 Utique
2970 3465 3275 3526 cognoscent
3308 3457 3357 3509 in
3390 3453 3567 3508 futuro

1987 3547 2219 3617 judicio,
2251 3547 2467 3619 quando
2510 3548 2741 3603 viderint
2783 3547 2950 3602 bonos
2993 3547 3060 3602 ad
3105 3557 3304 3601 mterna
3347 3547 3565 3617 prmmia

1991 3639 2246 3696 divinitus
2276 3641 2419 3713 (mss.
2450 3642 2514 3709 Α,
2542 3640 2608 3709 Β,
2637 3639 2705 3695 F.
2738 3640 3056 3710 divinitatis)
3087 3641 3317 3710 invitari,
3350 3656 3408 3695 se
3441 3654 3566 3694 vero

1991 3732 2057 3787 ad
2089 3733 2351 3802 supplicia
2381 3748 2648 3803 nunquam
2681 3733 2913 3788 ﬁnienda
2940 3733 3246 3787 transmitti.
3281 3733 3380 3798 Qui
3410 3734 3566 3784 (levo:

1990 3834 2107 3880 rant
2140 3825 2336 3896 plebem
2366 3842 2554 3880 meam.
2587 3825 2664 3880 De
2692 3825 2798 3881 illis
2825 3825 2980 3892 dicit,
3012 3825 3100 3894 qui
3131 3824 3375 3894 dogmate
3417 3822 3567 3877 ferali

1993 3918 2282 3974 absorbent
2310 3918 2580 3988 simplices
2608 3917 2960 3973 Christianos.
2993 3917 3123 3971 Nam
3156 3918 3293 3986 quod
3322 3917 3425 3981 ait,
3460 3917 3564 3969 sic-

1993 4017 2048 4062 ut
2090 4026 2256 4063 escam
2282 4011 2458 4079 panis.
2488 4009 2670 4064 animo
2699 4010 3031 4078 peccantium
3055 4009 3265 4063 videtur
3291 4018 3526 4076 aptatum
3549 4023 3564 4071 ;

1993 4101 2118 4170 quia
2150 4102 2288 4154 sicut
2316 4100 2614 4154 esurientes
2643 4099 2836 4153 famem
2866 4113 3015 4152 suam
3048 4106 3234 4166 putant
3259 4096 3569 4150 dulcissimo

1995 4191 2117 4245 cibo
2146 4191 2297 4260 panis
2323 4191 2558 4259 expleri,
2595 4193 2666 4244 ita
2713 4200 2767 4244 et
2809 4188 2895 4241 isti
2939 4189 3191 4243 fesﬁnant
3238 4187 3572 4243 Christiano-

1996 4298 2114 4338 rum
2144 4282 2459 4351 deceptione
2499 4282 2700 4336 satiari.
2743 4282 2996 4337 Additum
3035 4289 3116 4336 est
3153 4281 3295 4337 unde
3338 4281 3444 4336 illis
3472 4295 3571 4335 au-

1996 4385 2182 4448 geatur
2212 4376 2458 4432 interitus
2485 4393 2498 4428 :
2530 4377 2654 4447 quia
2683 4375 2960 4431 Dominum
2987 4377 3222 4432 invocare
3261 4377 3571 4434 noluerunt.

1996 4471 2228 4528 Necesse
2255 4470 2397 4526 enim
2425 4478 2543 4525 erat
2585 4469 2705 4525 illos
2740 4469 3016 4539 desperata
3065 4484 3288 4538 gerere,
3339 4469 3429 4538 qui
3475 4468 3573 4524 Do-

1997 4566 2201 4621 minum
2233 4565 2566 4622 Salvatorem
2596 4563 2882 4620 noluerunt
2907 4560 3152 4633 superbis
3192 4560 3462 4618 mentibus
3492 4562 3572 4617 in-

319 4665 484 4706 venas
512 4661 708 4720 serpat.
737 4649 824 4704 Sic
853 4657 907 4702 et
934 4658 1054 4703 vota
1083 4649 1432 4717 malignorum
1458 4645 1666 4701 occulta
1693 4644 1896 4714 cogita-
1922 4651 1976 4715 ι)
1999 4671 2210 4713 vocare.

316 4748 468 4803 tione
494 4755 816 4818 grassantur.
853 4744 1136 4814 Sequentia
1163 4758 1376 4814 quoque
1401 4739 1620 4812 pulchre
1648 4739 1806 4794 nimis
1837 4742 1891 4795 in

315 4840 519 4910 aspidis
569 4837 970 4908 comparatione
1011 4845 1356 4901 manserunt,
1411 4835 1494 4890 cui
1535 4834 1662 4888 dum
1701 4832 1893 4887 blanda

315 4933 558 4989 carmina
597 4931 862 4995 dicantur,
904 4929 990 4983 illa
1021 4943 1235 4997 semper
1265 4927 1498 4981 minatur
1527 4925 1746 4980 exitium
1775 4941 1788 4976 :
1820 4923 1891 4979 ita

315 5033 380 5080 et
407 5039 460 5077 os
486 5023 790 5079 Judaeorum
821 5020 1173 5074 maledictione
1214 5029 1259 5073 et
1299 5018 1639 5072 amaritudine
1687 5015 1894 5085 plenam

317 5121 469 5180 erat,
503 5114 714 5182 quando
744 5129 840 5184 pro
866 5112 1018 5168 bonis
1057 5110 1505 5168 admonitionibus
1545 5108 1892 5176 blasphema-

313 5208 452 5264 bant
473 5207 752 5264 Dominum
773 5207 1041 5262 Christum
1062 5246 1077 5270 ,
1106 5214 1160 5259 et
1182 5206 1248 5259 de
1273 5203 1389 5274 ejus
1417 5217 1547 5258 neco
1574 5202 1891 5257 tractabant.

400 5301 548 5356 Vera.
581 5300 632 5354 8.
670 5299 876 5354 Veloces
903 5300 1054 5369 pedes
1080 5312 1256 5350 eorum
1283 5296 1351 5348 ad
1380 5294 1745 5363 effundendum
1773 5311 1895 5348 san-

314 5396 548 5468 guinem.
582 5393 746 5449 Pedes
784 5394 1016 5462 appellat
1054 5389 1263 5446 consilii
1307 5405 1657 5458 progressus,
1698 5388 1894 5459 quibus

311 5492 390 5548 de
421 5491 650 5560 incmpto
680 5503 955 5544 movemur
997 5487 1065 5542 ad
1109 5485 1283 5540 exitus
1328 5498 1524 5539 rerum.
1574 5483 1704 5537 Nam
1754 5481 1896 5552 quod

313 5581 490 5648 dixit,
541 5582 767 5646 celoces,
818 5578 1052 5634 ostendit
1094 5573 1478 5631 moderationis
1525 5573 1627 5627 illis
1673 5573 1896 5628 consilia

315 5672 578 5728 defuisse.
634 5672 714 5726 Ad
764 5670 1129 5738 eﬂundendum
1176 5670 1512 5741 sanguinem,
1571 5666 1896 5722 subaudien-

320 5765 448 5822 dum
474 5808 488 5832 ,
523 5765 736 5821 Domini
761 5765 1090 5830 Salvatoris;
1121 5773 1180 5820 ut
1205 5766 1478 5821 celeritate
1516 5764 1535 5836 (
1560 5780 1681 5818 mss.
1712 5772 1758 5818 et
1786 5765 1892 5832 ed.,

316 5858 640 5928 scelerata)
669 5858 778 5925 rei,
813 5868 1019 5915 crescat
1049 5859 1348 5915 immanitas
1380 5858 1619 5916 actionis.
1657 5856 1730 5914 Ita
1769 5871 1864 5914 san

565 5950 834 6015 Panos.
868 5949 1064 6012 LXX.

2068 4751 2177 4823 50
2197 4750 2350 4807 Vers.
2375 4750 2463 4805 19..
2488 4750 2609 4805 Illic
2630 4750 3001 4822 trepidaverunt
3022 4751 3219 4815 timore,
3238 4747 3325 4801 ubi
3346 4763 3446 4802 non
3466 4754 3574 4802 erat

1997 4842 2171 4909 timor,
2201 4841 2442 4911 quoniatn
2475 4839 2612 4897 Deus
2655 4842 2709 4895 in
2751 4841 3073 4912 generatione
3113 4840 3246 4901 iusta
3286 4851 3378 4895 est.
3427 4841 3575 4898 Sicut

1999 4943 2300 5003 opportuno
2333 4942 2571 5005 tempore
2603 4933 2789 4989 timere
2835 4931 3161 5000 providentia
3205 4941 3321 4998 est,
3366 4933 3437 4987 ita
3484 4932 3576 4987 de~

1997 5025 2215 5082 mentiar
2245 5026 2501 5095 probatur
2519 5041 2639 5081 esse
2659 5024 3002 5094 conjunctum
3023 5065 3039 5091 ,
3069 5023 3244 5094 inepta
3269 5039 3327 5080 se
3349 5024 3575 5094 quadam

2000 5118 2356 5189 trepidatione
2383 5119 2729 5176 confundere.
2760 5117 2871 5171 Illic
2897 5118 3036 5173 enim
3066 5129 3273 5174 constat
3299 5134 3417 5174 esse
3441 5134 3574 5174 cau-

1999 5210 2200 5276 telam,
2253 5210 2338 5264 hic
2384 5211 2625 5280 arguitur
2675 5222 2886 5276 semper
2934 5208 3160 5279 ignavia.
3212 5211 3400 5266 Merito
3449 5226 3578 5281 ergo

2000 5299 2148 5355 inani
2179 5309 2410 5356 tremore
2449 5300 2692 5354 concussi
2739 5306 2890 5367 sunt,
2938 5300 3026 5370 qui
3074 5301 3318 5356 timorem
3366 5300 3576 5354 Domini

2001 5394 2289 5448 salutarem
2322 5393 2375 5447 in
2425 5392 2528 5446 hoc
2577 5391 2774 5448 sazculo
2812 5393 2879 5448 de
2915 5395 3027 5448 suis
3065 5394 3330 5450 mentibus
3367 5393 3579 5462 abiece-

2003 5494 2148 5540 runt.
2177 5485 2433 5539 Dicebant
2457 5484 2597 5538 enim
2627 5484 2792 5540 Judzei
2823 5504 2836 5540 :
2866 5485 2926 5541 Si
2951 5485 3202 5541 credimus
3225 5487 3277 5540 in
3306 5501 3450 5549 eum,
3482 5501 3578 5553 pro

2001 5579 2117 5648 ipsa
2149 5580 2380 5634 novitate
2408 5578 2628 5634 cultura:
2648 5621 2663 5647 ,
2697 5580 2890 5633 uenient
2923 5579 3175 5644 Romani,
3209 5591 3254 5632 et
3285 5580 3461 5635 tollent
3490 5599 3579 5636 no-

2002 5675 2078 5727 bis
2107 5682 2152 5726 et
2181 5674 2346 5726 locum
2376 5679 2421 5727 et
2449 5683 2649 5741 gentem
2681 5671 2856 5743 (Joan.
2883 5687 2933 5724 xi
2953 5711 2966 5735 ,
2986 5669 3100 5739 48).
3135 5671 3206 5724 lta
3239 5671 3432 5725 factum
3462 5683 3576 5733 est,

2001 5773 2194 5822 utnon
2227 5767 2460 5822 timendo
2507 5767 2784 5820 Dominum
2826 5765 3168 5832 supervacuis
3213 5762 3578 5831 trepidationi—

1983 5860 2099 5943 _bus
2127 5869 2465 5930 angerentur.
2499 5856 2748 5920 Addidit,
2798 5854 3040 5926 quoniam
3083 5852 3223 5907 Deus
3266 5851 3321 5906 in
3363 5867 3578 5921 genera-

3115 5941 3152 6000 Is
