4016 6344
516 306 614 362 107

516 426 650 479 tione
680 425 815 492 iusta
839 432 932 478 est.
963 421 1240 479 Sententia
1268 427 1449 477 secuta
1493 427 1574 474 est
1593 458 1610 486 ,
1640 431 1758 487 qua:
1793 415 2089 486 corrigeret
2113 421 2162 480 Α

515 515 874 582 inﬂdeles,ut
924 513 1263 570 meminerint
1307 509 1688 568 continentiam
1735 509 1835 564 sibi
1893 507 2090 564 Divini-

514 608 638 663 tatis
663 607 885 672 abesse,
917 620 1037 662 cum
1067 620 1126 661 se
1156 604 1367 660 videant
1404 610 1626 658 ventosa
1666 599 1918 656 felicitate
1955 613 2087 656 con-

513 713 754 770 surgere.
780 697 930 767 Quod
957 705 1123 752 totum
1148 695 1231 768 pia
1257 700 1434 749 mente
1459 691 1785 765 prwdicitur,
1817 699 1874 746 ut
1899 692 2091 762 impro-

514 790 703 846 borum
732 805 886 847 mens
913 787 1168 858 sacrilega
1202 787 1518 858 corrigatur.

587 881 738 938 Vers.
793 879 878 936 15.
936 875 1218 936 Consiﬂum
1268 879 1434 950 inapis
1489 877 1792 947 confudisti,
1850 879 2088 950 quoniam

520 972 768 1027 Dominus
792 987 905 1043 spes
931 971 1041 1040 ejus
1067 978 1162 1023 est.
1190 969 1425 1024 lnvectio
1451 968 1694 1038 dirigitur
1721 967 1786 1024 ad
1810 969 2085 1023 Judaicum

513 1063 789 1134 populum,
830 1061 918 1116 cui
947 1061 1142 1116 dicitur
1169 1063 1507 1134 aenigmatice
1537 1080 1548 1115 :
1582 1060 1778 1116 Christi
1816 1061 2087 1115 consilium

511 1155 814 1225 confudisti,
859 1153 912 1208 id
948 1163 1031 1211 est
1073 1155 1349 1224 suscipere
1391 1154 1636 1219 noluisti,
1679 1155 1767 1224 qui
1804 1156 1867 1210 ad
1904 1165 1953 1209 te
1991 1173 2085 1210 ve-

511 1257 661 1304 nerat
688 1248 1067 1317 liberandum;
1097 1257 1156 1303 ut
1182 1251 1269 1318 qui
1311 1247 1439 1303 dare
1477 1248 1812 1318 disposuerat
1849 1248 2087 1303 creditus

510 1341 764 1407 salutem,
793 1349 1129 1410 contemptus
1156 1343 1360 1414 ingerat
1385 1340 1658 1396 ultionem.
1707 1340 1886 1410 [napis
1908 1350 2085 1396 autem

508 1431 703 1488 dicitur
730 1431 796 1488 de
827 1432 1057 1488 Domino
1090 1432 1388 1499 Salvatore,
1422 1434 1510 1501 qui
1542 1432 1610 1487 de
1639 1446 1736 1488 suo
1763 1432 1931 1502 dives,
1963 1449 2086 1503 pro-

511 1531 629 1591 pter
656 1537 754 1578 nos
781 1522 952 1578 lactus
980 1531 1062 1577 est
1089 1537 1290 1593 pauper
1320 1520 1407 1594 (II
1431 1521 1549 1578 Cor.
1583 1537 1708 1588 vni,
1737 1522 1811 1592 9).
1850 1523 1914 1576 Et
1945 1533 2084 1578 totus

511 1615 595 1669 hic
622 1630 808 1672 versus
837 1615 938 1671 sub
965 1614 1318 1671 admiratione
1355 1615 1610 1685 legendus
1653 1624 1755 1672 est.
1803 1616 2084 1671 Consilium

510 1708 676 1779 inapis
712 1708 1019 1777 confudisti,
1047 1710 1288 1777 quoniam
1316 1707 1569 1764 Dominus
1595 1725 1706 1778 spes
1734 1713 1845 1782 ejus
1883 1720 1957 1763 est
1979 1727 1996 1775 ;
2027 1722 2084 1764 ut

513 1797 652 1854 unde
680 1801 848 1870 magis
876 1798 1058 1855 debuit
1085 1800 1416 1856 reverentior
1444 1801 1704 1868 existere,
1749 1801 1873 1857 inde
1905 1801 2080 1872 potius
2110 1821 2159 1882 Β

509 1888 778 1946 videretur
807 1898 1142 1960 contemptus
1175 1893 1460 1962 approbria
1494 1893 1778 1948 sustinere.
1819 1892 1929 1949 Nec
1974 1912 2086 1949 mo-

508 1989 627 2036 veat
655 1981 793 2051 quod
821 1996 851 2036 a
880 1992 1033 2052 parte
1060 1993 1343 2053 assumpta:
1371 1984 1714 2039 humanitatis
1740 1999 1862 2054 spes
1892 1998 2086 2043 sanctae

507 2073 884 2130 incarnationis
911 2074 1104 2130 dicitur
1131 2075 1291 2130 Deus.
1317 2076 1489 2131 Aliter
1513 2077 1658 2132 enim
1687 2078 1958 2132 humilitas
1985 2079 2085 2134 hu-

510 2164 777 2220 manitatis
796 2163 914 2235 ejus
935 2166 1142 2222 ostendi
1166 2182 1270 2221 nun
1296 2167 1489 2237 potuit,
1512 2184 1667 2237 quam
1693 2184 1788 2240 pro
1812 2169 2082 2231 hominum

505 2254 676 2310 salute
705 2256 938 2326 suscepit
963 2273 980 2323 ;
1009 2256 1146 2312 sicut
1173 2266 1228 2313 et
1255 2258 1308 2312 in
1335 2259 1441 2314 alio
1465 2259 1672 2328 psalmo
1697 2259 1938 2318 dicturus
1964 2273 2045 2319 est
2070 2284 2083 2319 :

508 2345 670 2412 Deus,
703 2345 842 2401 Deus
865 2363 1022 2413 meus,
1054 2350 1246 2420 respice
1273 2352 1326 2404 in
1357 2367 1432 2404 me
1454 2367 1473 2405 :
1502 2369 1656 2419 quare
1672 2370 1750 2406 me
1777 2354 2088 2424 dereliquiin

509 2438 687 2509 (Psal.
713 2455 833 2506 xu,
861 2440 966 2508 2)?

581 2530 729 2586 Vers.
772 2532 860 2586 M.
906 2534 1031 2601 Quis
1071 2536 1214 2589 dabit
1242 2552 1305 2592 ex
1330 2535 1462 2593 Sion
1489 2540 1712 2596 salutare
1747 2541 1943 2597 Israel?
1972 2561 2087 2599 cum

506 2625 740 2679 auerterit
766 2623 1018 2680 Dominus
1043 2629 1386 2697 captivitatem
1428 2631 1586 2702 plebis
1628 2647 1756 2688 siue.
1807 2636 2085 2707 Postquam

510 2715 578 2771 de
610 2716 817 2771 Domini
847 2718 1079 2774 adventu
1111 2721 1348 2777 Ecclesia
1377 2734 1558 2778 sancta
1593 2725 1767 2781 locuta
1800 2737 1912 2790 est.
1948 2747 2086 2788 nunc

507 2809 574 2864 ad
600 2808 1010 2867 admirationem
1043 2815 1177 2869 tanti
1219 2815 1466 2872 beneﬁcii
1513 2819 1650 2874 redit
1693 2821 1912 2877 dicens:
1961 2825 2086 2889 Quis

507 2902 644 2957 dabit
670 2920 732 2958 ea:
761 2903 890 2960 Sion
920 2907 1147 2962 salutare
1173 2905 1390 2965 Israel?
1415 2910 1550 2967 Cum
1582 2913 1710 2968 dicit
1735 2932 1748 2968 :
1784 2913 1937 2982 Quis,
1971 2917 2086 2972 nul-

507 2996 614 3050 lum
645 2998 758 3052 vult
787 2999 1042 3070 intelligi,
1075 3003 1176 3056 nisi
1208 3004 1485 3060 Dominum
1517 3007 1758 3076 Patrem,
1791 3009 1880 3078 qui
1912 3011 2087 3064 Domi-

510 3104 635 3144 num
664 3089 934 3146 Christum
967 3093 1020 3146 in
1051 3092 1212 3159 Sion,
1247 3096 1296 3148 id
1330 3104 1410 3150 est
1447 3096 1501 3151 in
1546 3098 1842 3153 Jerusalem
1875 3103 2086 3158 mittere

1745 303 1812 358 Μ.
1849 303 2121 360 AURELII
2159 304 2556 363 CASSIODORI

3667 305 3768 358 103

2193 428 2247 472 ut
2277 419 2340 472 ad
2373 431 2526 474 suum
2559 431 2662 472 non
2712 415 2928 473 festinet
2969 417 3189 473 exitium
3219 434 3231 470 :
3285 423 3547 487 quatenus
3597 417 3772 484 pravi-

2197 519 2302 566 tate
2331 510 2570 579 deposita
2603 525 2708 564 non
2736 519 2973 565 moretur
2997 509 3258 579 abjicere,
3289 511 3430 564 unde
3457 516 3635 577 potest
3661 527 3772 566 mo-

2192 600 2274 655 dis
2301 602 2548 656 omnibus
2576 600 2816 655 interire.
2847 600 3180 670 Quapropter
3219 607 3275 654 et
3315 614 3445 668 nos,
3489 612 3648 670 prout
3679 602 3775 658 da-

2191 699 2302 746 tum
2344 691 2536 758 fuerit,
2565 707 2854 763 sequamur
2899 692 3137 747 instituta
3184 691 3498 748 reverenda.
3531 692 3774 749 Suadea-

2191 799 2310 840 mus
2353 785 2618 840 haereticis
2666 792 2864 841 rectam
2914 784 3104 850 tidem,
3149 783 3391 854 superbis
3427 785 3773 854 prsedicemus

2189 886 2429 930 sanctam
2465 874 2840 931 humilitatem.
2881 876 3043 931 Nobis
3072 877 3248 947 potius
3280 877 3382 931 ista
3412 876 3770 944 conferimus,

2191 969 2234 1023 si
2267 968 2456 1024 talibus
2493 969 2752 1039 prodesse
2775 984 3093 1024 mereamur.
3141 968 3292 1025 Scire
3313 975 3487 1023 autem
3515 969 3772 1024 debemus

2197 1063 2424 1130 primum
2453 1061 2596 1116 hunc
2617 1076 2737 1117 esse
2765 1061 3028 1132 psalmum
3059 1075 3244 1117 eorum
3273 1061 3362 1128 qui
3385 1060 3769 1115 deJudmorum

2191 1154 2560 1222 increpatione
2587 1163 2640 1209 et
2670 1155 3025 1209 conversione
3055 1155 3344 1222 conscripti
3377 1163 3517 1209 sunt.
3565 1155 3636 1209 De
3677 1169 3776 1209 uu-

2191 1261 2340 1300 mero
2371 1261 2584 1316 quoque
2619 1245 2778 1316 hujus
2808 1246 2996 1316 psalmi
3043 1246 3119 1300 sic
3160 1246 3430 1313 conjicere
3471 1260 3576 1299 non
3623 1255 3774 1314 puta-

2190 1350 2312 1389 mus
2337 1336 2626 1391 absurdum
2653 1353 2667 1392 :
2699 1345 2758 1390 ut
2803 1338 2927 1406 quia
2968 1348 3146 1390 sancta
3195 1337 3428 1391 Ecclesia
3475 1337 3772 1393 introducta

2188 1438 2270 1482 est
2297 1428 2363 1484 ad
2395 1429 2718 1499 loquendum
2744 1474 2758 1498 ,
2793 1445 2911 1499 qua:
2940 1439 2993 1485 et
3023 1432 3260 1502 quinque
3289 1431 3453 1486 libros
3481 1432 3683 1502 Moysi,
3717 1441 3771 1488 et

2187 1529 2315 1573 octo
2343 1519 2550 1574 dierum
2582 1536 2677 1591 pro
2702 1519 2966 1576 dominica
2996 1524 3390 1578 resurrectione
3432 1523 3620 1591 recipit
3659 1539 3771 1594 my-

2185 1610 2371 1675 steria,
2392 1612 2582 1665 merito
2607 1626 2833 1680 persona
2858 1612 2974 1680 ejus
2999 1616 3210 1668 tertium
3231 1614 3492 1671 decimum
3509 1615 3770 1671 calculum

2185 1710 2367 1756 tenere
2399 1702 2656 1774 videatur,
2687 1704 2809 1774 quia
2839 1703 2968 1758 Novi
2999 1714 3053 1759 et
3085 1705 3290 1762 Veteris
3319 1706 3645 1761 Testamenti
3687 1723 3769 1762 sa-

2186 1801 2453 1846 cramenta
2497 1795 2882 1862 complectitur.
2931 1796 3056 1853 Sive
3084 1800 3223 1868 quod
3264 1798 3362 1854 iste
3401 1813 3652 1854 numerus
3702 1799 3769 1854 ad

2193 1882 2320 1938 illud
2343 1886 2512 1954 aptari
2535 1894 2728 1956 potest,
2754 1890 2893 1958 quod
2917 1906 2942 1943 a
2969 1891 3134 1945 natali
3152 1891 3358 1945 Domini
3381 1907 3549 1960 usque
3570 1891 3634 1944 ad
3656 1890 3770 1961 ejus

2190 1979 2572 2048 apparitionetn
2621 1983 2871 2037 tredecim
2919 1984 3034 2038 dies
3078 2001 3199 2040 esse
3234 1996 3542 2040 noscuntur.
3582 1985 3770 2040 Merito

2191 2086 2317 2141 ergo
2347 2075 2654 2130 emlestibus
2685 2075 2844 2131 rebus
2876 2079 3178 2147 supputatio
3205 2078 3306 2133 ista
3337 2078 3598 2148 completa
3625 2088 3727 2134 est.

2495 2209 2856 2268 EXPOSlTlO
2885 2209 2947 2266 IN
2980 2212 3302 2269 PSALMUM
3331 2212 3466 2269 XIV.

2619 2319 2685 2376 1η
2712 2323 2864 2390 linem
2893 2323 3119 2394 psalmus
3147 2323 3336 2380 Dauid.

2259 2431 2392 2487 Cum
2437 2435 2618 2490 titulus
2655 2437 2756 2490 iste
2793 2452 2892 2493 nos
2931 2439 3243 2496 solemniter
3281 2440 3518 2496 remittat
3550 2442 3616 2496 ad
3655 2443 3764 2500 Do-

2191 2527 2392 2582 minum
2414 2569 2429 2593 ,
2465 2545 2561 2584 nec
2590 2530 2660 2584 sit
2689 2532 2888 2602 aliquid
2921 2535 3042 2588 novi
3071 2534 3211 2604 quod
3244 2534 3310 2590 de
3339 2536 3456 2606 ejus
3485 2536 3664 2591 verbis
3689 2536 3766 2591 di-

2191 2636 2313 2675 cere
2353 2621 2644 2678 debeamus
2672 2667 2686 2693 ,
2745 2626 2810 2679 de
2846 2635 2989 2681 textu
3037 2627 3213 2697 potius
3257 2629 3442 2699 psalmi
3482 2645 3598 2699 quae
3638 2640 3765 2684 sunt

2200 2712 2472 2780 aptissima
2505 2714 2896 2782 perquiramus.
2921 2716 3036 2771 Non
3059 2717 3222 2785 enim,
3252 2727 3309 2774 ut
3337 2719 3496 2790 aliqui
3530 2720 3764 2788 psalmo-

2188 2823 2305 2862 rum
2327 2850 2342 2875 ,
2374 2809 2606 2879 quadam
2639 2810 3000 2878 profunditate
3029 2813 3233 2867 velatus
3263 2824 3383 2878 est;
3415 2812 3507 2868 sed
3540 2813 3768 2884 prophe-

2191 2900 2307 2953 tieae
2347 2902 2750 2971 interrogationi
2803 2904 3092 2973 respondet
3137 2905 3388 2959 Dominus
3429 2906 3479 2959 in
3521 2905 3766 2974 Decalogi

2189 2992 2532 3060 exemplum,
2589 2993 2774 3049 decem
2823 2996 3106 3051 virtutibus
3154 2997 3220 3052 ad
3269 2997 3614 3053 beatitudinis
3663 3014 3768 3054 suat

2187 3084 2319 3137 atria
2353 3086 2639 3153 perveniri.
2669 3089 2813 3154 Quas
2843 3105 2949 3143 non
2979 3106 3078 3160 per
3117 3091 3356 3161 singulos
3395 3105 3586 3147 versus
3626 3108 3770 3162 quaa-

509 3193 569 3234 ac
610 3188 865 3249 prestare
901 3182 1151 3252 dignatus
1191 3194 1288 3240 est.
1323 3185 1440 3256 Ipse
1474 3197 1555 3243 est
1604 3190 1785 3258 utique
1827 3191 2082 3248 Salutaris

2191 3186 2275 3225 ras
2306 3215 2320 3238 ,
2351 3175 2602 3242 quoniam
2635 3177 2860 3246 singula:
2891 3188 2941 3232 et
2973 3179 3114 3235 binae
3142 3191 3196 3235 et
3241 3191 3406 3236 ternze
3445 3197 3540 3252 per
3580 3198 3769 3236 unum-

508 3269 702 3336 lsrael,
755 3271 854 3327 hoc
910 3283 1018 3339 est,
1077 3275 1209 3330 bene
1247 3278 1577 3334 credentium
1616 3291 1814 3338 arterna
1855 3287 1994 3341 salus
2032 3298 2086 3342 et

511 3360 712 3416 inﬁnita
764 3366 1040 3420 securitas.
1087 3365 1356 3437 Sequitur,
1401 3386 1515 3424 cum
1555 3377 1790 3429 averterit
1832 3375 2084 3433 Dominus

506 3453 846 3523 captivitatem
877 3456 1035 3522 plebis
1061 3473 1197 3524 sum,
1246 3459 1296 3512 id
1334 3470 1416 3516 est
1455 3477 1574 3517 cum
1606 3468 1938 3522 damnaverit
1968 3469 2082 3524 dia-

506 3541 718 3611 bolum,
747 3546 837 3614 qui
869 3544 963 3601 Dei
1005 3546 1211 3613 plebem
1253 3550 1410 3620 impia
1450 3554 1768 3612 crudelitate
1805 3559 2080 3630 persequi-

506 3644 593 3690 tur
616 3644 668 3690 et
695 3637 968 3706 captivare
997 3637 1231 3695 festinat.

574 3724 728 3783 Voss.
770 3728 857 3784 15.
899 3729 1124 3785 Laetetur
1159 3732 1342 3800 Jacob,
1376 3745 1422 3789 et
1448 3739 1662 3793 exsultet
1690 3739 1876 3796 Israel.
1909 3742 2080 3814 Supe-

503 3818 630 3876 riori
672 3819 1072 3893 interrogationi
1118 3824 1354 3893 jungitur
1403 3830 1721 3885 consolativa
1768 3836 2076 3904 responsio;

504 3918 560 3965 ut
587 3910 786 3966 latetur
810 3911 997 3980 Jacob,
1029 3915 1080 3969 id
1110 3925 1190 3970 est
1218 3916 1521 3974 Judaeorum
1549 3929 1606 3975 et
1630 3924 1867 3991 gentium
1912 3941 2079 3993 pepu-

507 4004 592 4059 lus
634 4019 730 4075 per
771 4009 957 4078 gratia!
1005 4025 1224 4065 munera
1265 4013 1522 4069 collectus
1569 4016 1682 4071 sive
1719 4019 2072 4088 colligendus,

501 4097 588 4165 qui
615 4097 901 4168 aliquando
926 4114 1024 4156 sua
1047 4100 1362 4160 infidelitate
1391 4114 1614 4177 vagatus
1657 4119 1758 4164 est.
1806 4111 1902 4166 llic
1930 4113 2072 4168 enim

499 4185 690 4256 Iacob,
724 4190 1028 4248 Judaeorusn
1057 4195 1306 4265 antiquus
1347 4200 1569 4268 populus
1605 4199 1765 4257 debet
1809 4203 2070 4275 intelligi;

499 4280 742 4348 quamvis
765 4281 885 4350 ejus
909 4298 1103 4338 nomen
1131 4301 1282 4341 more
1307 4288 1698 4356 Seripturarum
1728 4301 1782 4348 et
1807 4310 1946 4350 novo
1975 4312 2072 4364 po-

501 4370 629 4438 pulo
662 4373 714 4426 in
741 4372 1188 4442 subsequentibus
1222 4378 1403 4432 datum
1441 4394 1561 4434 esse
1601 4383 1864 4439 videatur.
1905 4387 2075 4442 Israel

499 4475 676 4521 autem
705 4465 1064 4522 universalem
1093 4467 1386 4523 Ecclesiam
1411 4471 1477 4526 de
1500 4475 1708 4528 cunctis
1738 4476 1920 4531 mundi
1952 4495 2074 4548 par-

2193 3280 2457 3336 quemque
2486 3270 2804 3324 versiculum
2837 3273 3198 3330 continentur.
3232 3276 3336 3331 Sed
3379 3291 3478 3332 nos
3507 3285 3765 3347 opportu-

2189 3358 2426 3414 nissimis
2458 3360 2590 3416 locis
2610 3403 2625 3427 ,
2659 3363 3105 3431 quemadmodum
3137 3366 3310 3421 dividi
3341 3375 3394 3420 et
3424 3367 3646 3437 intelligi
3674 3368 3766 3424 de-

2186 3447 2382 3518 beant,
2427 3450 2850 3508 admonebimus.
2894 3456 2960 3510 Et
3010 3467 3134 3513 nota
3175 3459 3314 3529 quod
3365 3460 3450 3514 hic
3497 3462 3766 3516 institutor

2187 3540 2424 3596 ﬁdelium
2455 3544 2722 3599 secundus
2751 3555 2835 3600 est
2863 3549 3115 3615 psalmus.
3149 3550 3205 3604 In
3237 3552 3412 3620 primo
3452 3553 3594 3607 enim
3635 3553 3764 3608 bea-

2186 3642 2295 3706 tum
2326 3635 2497 3690 virum
2531 3637 2770 3706 quinaria
2815 3638 3076 3694 divisione
3103 3645 3412 3712 complexus
3439 3653 3555 3711 est,
3587 3645 3766 3701 dicen-

2184 3723 2254 3779 do
2283 3743 2295 3778 :
2331 3726 2432 3793 Qui
2461 3743 2561 3781 non
2591 3729 2714 3782 abiit
2743 3729 2795 3783 in
2822 3732 3032 3784 consilio
3059 3733 3359 3802 impiorum,
3391 3745 3438 3788 et
3466 3737 3520 3789 iu
3545 3737 3627 3791 via
3651 3753 3768 3809 pec-

2184 3827 2414 3870 catorum
2444 3835 2546 3872 non
2575 3822 2711 3874 stetit
2737 3861 2751 3886 ,
2784 3831 2831 3875 et
2859 3823 2910 3876 in
2939 3824 3184 3879 cathedra
3213 3829 3511 3897 pestilentia
3549 3846 3653 3884 non
3686 3847 3768 3884 se-

2183 3909 2298 3964 dit:
2325 3910 2415 3964 sed
2440 3911 2493 3964 in
2522 3912 2631 3981 lege
2659 3911 2863 3967 Domini
2891 3915 2990 3984 fuit
3019 3919 3251 3973 voluntas
3291 3920 3431 3990 ejus,
3482 3932 3528 3975 et
3565 3923 3621 3976 iu
3658 3924 3767 3993 legs

2182 4006 2292 4072 ejus
2339 4004 2663 4058 meditabitur
2713 4007 2792 4059 die
2845 4024 2904 4060 ac
2953 4022 3115 4064 nocte.
3178 4010 3356 4081 (Psal.
3385 4014 3634 4086 l,i,‘2).
3665 4015 3766 4072 Hic

2181 4104 2359 4150 autem
2404 4098 2561 4151 talem
2605 4097 2776 4152 virum
2817 4098 3002 4154 decem
3030 4103 3161 4158 dicit
3186 4105 3384 4161 sanctis
3416 4109 3766 4175 praemittere

2179 4187 2482 4242 virtutibus.
2528 4189 2614 4243 Sic
2657 4197 2712 4245 et
2759 4190 2826 4245 ibi
2878 4191 3248 4261 Pentateucbi,
3293 4207 3347 4254 et
3388 4197 3472 4253 hic
3515 4197 3765 4269 Decalogi

2181 4281 2354 4336 virtus
2379 4283 2703 4338 ostenditur.

2763 4378 2959 4433 Divisio
2986 4383 3189 4451 psalmi.

2251 4466 2452 4522 Divisio
2479 4468 2666 4537 psalmi
2697 4471 2853 4541 hujus
2887 4483 2991 4527 tota
3023 4475 3074 4529 in
3119 4477 3535 4546 interrogatione
3567 4487 3622 4534 et
3669 4495 3765 4535 re-

503 4558 644 4615 tibus
671 4570 1013 4632 aggregalam
1042 4573 1400 4630 coagmentet
1438 4566 1790 4633 advertimus,
1827 4584 1947 4638 qua;
1979 4587 2074 4626 ne-
2096 4587 2152 4649 Β
2178 4562 2468 4628 sponsione
2501 4565 2736 4619 noscitur
2765 4568 3084 4636 constituta;
3115 4570 3210 4624 sed
3240 4570 3590 4642 interrogatio
3625 4589 3764 4629 corr-

459 4668 645 4709 .cesse
687 4663 772 4710 est
813 4664 868 4708 ut
905 4654 1150 4720 exsultet,
1192 4658 1402 4724 quando
1439 4658 1505 4712 ad
1547 4675 1764 4730 regnum
1805 4664 2064 4720 caelorum

497 4748 703 4801 Domini
756 4745 1096 4804 miseratione
1143 4752 1468 4818 pervenerit.
1519 4750 1586 4805 Et
1635 4753 1790 4821 vide,
1840 4756 2068 4812 diversis

493 4841 669 4892 causis
709 4854 865 4908 quam
905 4841 1119 4910 propria
1158 4841 1318 4896 verba
1359 4842 1556 4896 tributa
1591 4846 1740 4898 sint!
1784 4846 2070 4904 Laetabitur

493 4927 688 4995 Jacob,
721 4929 842 4998 quia
873 4947 982 4986 non
1006 4941 1272 5001 speratam
1305 4933 1538 5002 suscepit
1582 4936 1919 4991 medicinam.
1955 4937 2068 4994 Ea:-

492 5021 704 5075 sultabit
742 5019 952 5088 Israel,
998 5024 1051 5080 id
1095 5031 1180 5080 est
1213 5023 1554 5080 inenarrabili
1593 5027 1785 5095 gaudio
1828 5033 2072 5086 cumula-

495 5115 656 5185 hitur,
687 5115 904 5186 quando
932 5116 1130 5172 viderit
1154 5133 1234 5186 re,
1268 5116 1410 5187 quod
1437 5117 1814 5178 ardentissime
1855 5122 2072 5180 deside-

491 5208 641 5263 rabat
667 5221 780 5278 spe.

1026 5299 1295 5358 Conclusio
1326 5306 1529 5374 psalmi.

559 5413 614 5471 Si
644 5413 732 5484 pio
758 5412 940 5468 animo
968 5413 1103 5470 dicta
1136 5416 1460 5486 cogitemus,
1492 5419 1578 5474 illa
1611 5422 1767 5478 nobis
1798 5422 1975 5479 virtus
2004 5425 2058 5478 in

486 5505 588 5560 hoc
621 5507 824 5575 psalmo
858 5506 1137 5576 praedicata
1165 5516 1277 5575 est,
1307 5517 1364 5564 ut
1391 5509 1622 5567 inimicis
1647 5516 1863 5580 nostris,
1891 5531 2058 5585 quan-

488 5608 595 5652 tum
627 5599 678 5652 in
709 5599 861 5654 nobis
891 5609 1001 5665 est,
1048 5611 1226 5657 mente
1267 5601 1525 5659 benevola
1575 5609 1940 5671 consulamus,
1991 5623 2058 5664 ne

485 5703 624 5743 eaea
652 5689 1008 5746 obstinatione
1037 5691 1240 5761 durati,
1276 5694 1542 5749 insolubili
1573 5696 1942 5766 maneipentur
1971 5712 2057 5752 er-

486 5782 608 5839 rori.
647 5782 890 5852 increpat
918 5783 1057 5837 enim
1101 5782 1339 5839 Ecclesia
1383 5785 1638 5853 populum
1687 5797 2053 5856 peccatorem,

2175 4660 2281 4706 stat
2307 4667 2412 4707 uno
2441 4655 2736 4721 versiculo,
2770 4659 3050 4727 responsio
3075 4675 3204 4715 vero
3230 4677 3323 4716 sex
3353 4660 3594 4719 versibus
3625 4679 3766 4722 con-

2174 4741 2391 4797 tinetur.
2431 4742 2584 4800 Nunc
2609 4745 2674 4800 ad
2706 4749 3018 4815 exponenda
3049 4751 3210 4806 verba
3239 4753 3532 4810 veniamus.

2626 4860 2728 4930 51
2770 4857 3038 4928 Expositio
3085 4864 3291 4934 psalmi.

2248 4967 2399 5024 Vers.
2436 4969 2484 5023 1.
2526 4969 2764 5038 Domine,
2785 4975 2898 5042 quis
2921 4973 3164 5031 habitabit
3193 4980 3246 5033 in
3267 4979 3600 5036 tabernaculo
3637 4993 3765 5052 tuo,

2173 5068 2263 5112 aut
2309 5060 2422 5130 quis
2464 5062 2734 5129 requiescet
2763 5063 2810 5116 in
2840 5074 3010 5120 monte
3047 5075 3227 5123 sancto
3268 5071 3393 5123 tuo?
3433 5069 3774 5130 Desiderans

2175 5153 2437 5223 propheta
2463 5169 2623 5210 nosse
2640 5169 2774 5224 quos
2797 5155 2984 5227 dignos
3009 5159 3248 5215 Ecclesia
3267 5177 3361 5216 sua
3388 5162 3649 5219 Dominus
3664 5165 3776 5235 ju-

2171 5245 2394 5310 dicaret,
2427 5254 2670 5316 tanquam
2695 5249 2810 5316 pius
2840 5251 3088 5307 sacerdos
3117 5261 3241 5308 ante
3267 5253 3453 5309 {aciem
3475 5254 3592 5324 ejus
3621 5259 3780 5314 assi-

2171 5344 2316 5392 stens
2349 5351 2606 5405 responsa
2639 5340 2789 5410 petit,
2829 5351 2882 5398 et
2919 5343 2986 5400 de
3008 5345 3367 5401 sciscitatione
3393 5361 3490 5401 sua
3512 5348 3663 5416 cupit
3699 5366 3778 5406 se

2169 5427 2282 5482 lleri
2308 5430 2621 5486 certiorem.
2656 5434 2786 5500 Qua:
2822 5435 2985 5505 figura
3011 5438 3204 5493 dicitur
3243 5449 3503 5502 erotema,
3535 5446 3784 5511 quando

2165 5517 2514 5590 interroganti
2549 5523 2743 5595 ﬁtapta
2777 5530 3079 5595 responsio.
3112 5530 3408 5601 lnterrogat
3439 5531 3602 5598 enim,
3637 5537 3788 5602 quis

2163 5612 2216 5664 in
2245 5610 2362 5681 ejus
2392 5613 2721 5670 tabernaculo
2753 5617 2920 5687 possit
2955 5621 3223 5676 habitare?
3264 5623 3368 5679 Sed
3401 5639 3497 5678 cur
3527 5636 3788 5682 vocetur

2165 5703 2540 5760 tabernaculum
2565 5709 2718 5776 paulo
2743 5709 3048 5779 diligentius
3074 5727 3490 5783 perscrutemur.
3515 5717 3790 5788 Majores

2163 5797 2330 5848 nostri
2387 5798 2570 5853 domos
2634 5815 2925 5869 pauperum
2986 5805 3234 5863 tabernas
3293 5809 3721 5879 appellaverunt
3759 5859 3781 5886 ,
