4064 6360
207 274 305 331 139

1156 260 1520 325 EXPOSITIU
1561 266 1621 320 IN
1666 265 2122 321 PSALTERIUM.
2169 262 2357 320 PSAL.
2402 261 2534 320 XIV.

3384 257 3494 318 MO

214 398 492 462 propterea
521 386 641 457 quia
683 392 886 442 tantum
935 384 1177 444 trabibus
1201 428 1216 453 ,
1252 401 1358 441 non
1397 385 1573 441 adhuc
1604 385 1796 454 tegulis
1828 386 1879 447 Α
1906 385 2030 451 Ista,
2063 383 2130 439 ad
2160 398 2317 440 aures
2346 381 2622 439 hominum
2653 380 2956 450 integritate
2987 381 3268 451 purissima
3296 392 3500 453 pervo-

218 480 548 553 tegebantur,
582 479 733 550 quasi
777 478 1076 536 trabernas.
1110 479 1178 535 Et
1217 480 1338 549 quia
1387 479 1458 536 ibi
1487 478 1799 534 habitabant

218 583 270 629 et
295 571 599 638 caenabaut,
647 571 787 627 sicut
835 572 1071 643 antiquis
1120 588 1238 629 mos
1278 582 1397 629 erat
1422 573 1590 628 semel
1620 573 1798 629 cibum

218 683 451 735 sumere,
481 681 546 721 ex
576 664 786 722 duobus
811 666 1120 722 nominibus
1150 683 1313 723 unum
1358 667 1583 723 traditur
1605 667 1800 722 factum

219 777 339 819 esse
364 760 709 827 vocabulum,
758 759 811 816 id
864 769 947 817 est
993 776 1061 818 ex
1112 761 1362 816 traberna
1403 770 1458 815 et
1501 760 1801 826 ctenaculo,

221 854 368 925 quasi
404 844 860 910 trabernacuium.
908 850 1045 908 llinc
1082 850 1193 923 jam
1228 851 1571 908 tabernacula
1604 866 1802 907 conso-

223 956 408 1003 nanter
435 944 576 1001 dicta
606 944 870 1002 sentimus
892 944 1315 1016 expeditionales
1338 955 1391 1000 et
1422 945 1626 1000 subitas
1658 943 1809 999 habi-

225 1040 472 1096 tationes.
501 1038 632 1094 Nam
656 1049 712 1095 et
740 1040 790 1095 in
815 1036 996 1095 Veteri
1022 1038 1367 1094 Testamento
1390 1037 1549 1107 jussit
1570 1037 1670 1092 sibi
1707 1037 1809 1091 Do-

225 1135 393 1191 minus
424 1133 816 1189 tabernaculum
846 1131 963 1189 iieri
1004 1130 1202 1200 (Exod.
1234 1132 1413 1203 xxvi),
1439 1147 1559 1186 cum
1592 1131 1807 1187 Israeli-

227 1229 357 1284 ticus
398 1227 633 1299 populus
659 1236 803 1283 esset
832 1226 886 1282 in
913 1226 1138 1294 castris,
1169 1235 1225 1281 ut
1258 1224 1404 1282 velut
1434 1226 1678 1293 qumdam
1716 1224 1812 1279 do-

224 1335 338 1376 mus
376 1319 569 1375 divina
604 1320 763 1375 simul
792 1326 1099 1375 moveretur
1136 1333 1261 1374 cum
1307 1317 1675 1372 mansionibus
1705 1317 1813 1372 lle-

224 1414 513 1470 hrtcorun).
546 1412 700 1469 Unde
729 1413 927 1469 factum
955 1420 1039 1468 est
1080 1420 1138 1467 ut
1183 1410 1315 1466 ﬁdes
1367 1410 1651 1473 catholica,
1697 1423 1815 1481 quae

224 1521 314 1579 per
336 1505 617 1563 Ei-clesias
650 1514 761 1562 toto
790 1505 923 1561 orbe
952 1505 1145 1560 dilfusa
1175 1513 1277 1571 est,
1310 1504 1404 1560 Dei
1435 1502 1818 1559 tabernaculum

225 1607 584 1670 nuncupetur.
619 1599 693 1656 De
715 1614 821 1670 quo
850 1598 1012 1654 etiam
1042 1607 1098 1653 et
1125 1596 1391 1666 Josephus
1415 1595 1469 1651 in
1500 1596 1635 1650 libro
1664 1596 1817 1651 Anti-

231 1693 496 1764 quitatum
526 1693 687 1747 tertio
709 1732 723 1759 ,
756 1690 910 1747 titulo
936 1690 1168 1761 septimo
1187 1735 1201 1759 ,
1234 1688 1479 1760 diligenti
1511 1689 1818 1744 narratione

1903 478 2047 532 niret
2063 475 2089 518 ν

1978 569 2132 624 Vers.
2159 569 2214 624 6.
2250 568 2358 623 Nec
2404 569 2522 638 fecit
2561 568 2797 638 proximo
2841 584 2934 622 suo
2965 569 3180 622 malum.
3230 566 3488 636 Quintam

1906 661 2183 733 ingressus
2207 673 2313 728 est,
2344 677 2464 732 qua:
2485 663 2611 718 item
2637 663 2890 732 probatur
2912 663 2968 718 in
2991 662 3240 730 Domino,
3273 664 3363 735 qui
3387 679 3495 720 non

1907 754 2084 810 Solum
2109 753 2312 808 nttllum
2335 754 2495 820 ltesit,
2528 754 2623 810 sed
2644 755 2804 810 etiam
2832 755 3093 824 patienter
3114 766 3307 812 cuncta
3333 758 3496 813 susti-

1911 850 2045 904 nuit.
2084 847 2385 904 Proximum
2426 864 2556 905 vero
2606 850 2739 906 dixit
2789 851 3040 922 populum
3085 852 3425 921 Judmorum,
3467 870 3499 913 a

1910 960 2017 1013 quo
2050 944 2210 999 traxit
2230 944 2407 999 carnis
2429 944 2714 1014 originem,
2739 961 2836 1015 pro
2856 947 3049 1017 quibus
3068 949 3230 1007 etiam
3263 949 3312 1004 in
3340 964 3502 1010 eruca

1912 1036 2122 1107 positus
2154 1038 2325 1091 oravit
2354 1036 2538 1092 dicens
2571 1054 2582 1088 :
2618 1036 2806 1107 Pater,
2849 1040 3053 1110 ignosce
3082 1042 3188 1096 illis
3211 1081 3227 1108 ,
3265 1044 3386 1113 quia
3413 1060 3506 1100 ne-

1912 1128 2077 1183 sciunt
2122 1128 2244 1199 quid
2274 1129 2468 1197 faciunt
2497 1130 2647 1198 (Luc.
2701 1145 2829 1185 xxttt
2854 1174 2867 1195 ,
2930 1133 3041 1203 54).
3078 1134 3238 1191 Vides
3269 1137 3509 1206 proximo

1915 1222 2106 1275 malum
2138 1238 2240 1275 non
2268 1222 2428 1291 [uisse
2470 1221 2662 1291 factum
2685 1239 2703 1278 :
2730 1224 2952 1295 quando
2980 1241 3079 1295 pro
3123 1228 3202 1283 eis
3230 1230 3420 1297 etiam,
3452 1239 3512 1285 ut

1917 1315 2332 1371 absolverentur
2353 1326 2562 1371 oratum
2592 1326 2697 1371 est.

1995 1408 2146 1464 Vers.
2181 1410 2232 1462 7.
2265 1408 2332 1463 Et
2359 1409 2693 1481 approbrium
2715 1427 2819 1466 non
2839 1412 3034 1482 accepit
3059 1414 3305 1469 adversus
3329 1417 3508 1486 proxi-

1922 1518 2060 1555 mum
2088 1518 2258 1557 suum.
2295 1501 2422 1557 Haec
2442 1512 2596 1558 sexta
2626 1512 2732 1571 est,
2760 1518 2880 1575 quae
2920 1505 3112 1561 Judam
3143 1506 3389 1563 Scarioth
3420 1509 3514 1564 de-

1921 1594 2116 1665 signat.
2173 1593 2304 1650 Nam
2329 1594 2454 1650 dum
2480 1610 2538 1650 se
2569 1604 2748 1652 nosset
2770 1596 2840 1652 ab
2862 1598 2976 1667 ipso
3004 1598 3343 1663 tradendum,
3370 1594 3515 1655 nulla

1922 1703 2044 1742 eum
2078 1687 2247 1743 voluit
2275 1686 2487 1757 publica
2511 1688 2877 1759 increpatione
2904 1692 3255 1755 contundere,
3282 1695 3373 1748 sed
3400 1704 3518 1748 tan-

226 1787 514 1853 disseruit,
562 1783 704 1857 quod
755 1799 853 1839 nos
900 1783 1123 1840 fecimus
1154 1784 1334 1855 pingi,
1364 1793 1418 1838 et
1447 1785 1500 1837 in
1544 1782 1820 1852 pandectis
1850 1795 1899 1856 Β
1926 1790 2036 1837 tum
2081 1782 2404 1853 generaliter
2447 1781 2581 1838 dixit
2612 1800 2628 1837 :
2664 1784 2767 1849 Qui
2812 1802 3012 1841 mecum
3046 1804 3251 1841 manum
3286 1788 3441 1842 mittit
3466 1792 3519 1843 in

226 1880 440 1952 majoris
465 1880 653 1948 capite
674 1879 951 1934 collocari.
988 1877 1218 1933 Montem
1241 1893 1372 1933 vero
1397 1886 1631 1933 sanctum
1653 1878 1816 1947 signi-

229 1974 344 2029 licet
370 1972 677 2029 Jerusalem
710 1972 965 2027 futuram.
1001 1972 1107 2028 Sed
1138 1973 1347 2028 intuere
1378 1987 1536 2042 quam
1571 1971 1820 2040 pulcher-

229 2065 357 2121 rime
386 2065 575 2119 varios
600 2079 660 2119 se
687 2078 880 2119 sensus
910 2074 1029 2133 apta
1060 2063 1221 2118 verba
1265 2063 1614 2133 distinguant.
1654 2061 1722 2117 In
1745 2073 1822 2116 ta-

231 2157 505 2213 bernacttlo
534 2156 766 2225 dicitur,
809 2158 926 2227 quis
953 2156 1151 2211 habitat
1175 2160 1198 2212 ?
1222 2157 1291 2213 de
1323 2157 1415 2212 illo
1443 2157 1532 2228 qui
1563 2156 1738 2212 adhuc
1769 2158 1819 2211 in

232 2250 381 2320 hujus
410 2251 599 2305 sazculi
640 2265 813 2320 agone
850 2250 1148 2306 contendit.
1187 2248 1253 2303 In
1281 2258 1452 2305 monte
1479 2251 1590 2319 quis
1624 2252 1824 2321 requie-

234 2342 355 2396 scit?
379 2342 602 2413 quando
624 2341 736 2413 jam
768 2342 1140 2413 unusquisque
1183 2342 1423 2397 ﬁdelium
1461 2351 1582 2411 post
1610 2341 1823 2399 labores

236 2431 390 2503 hujus
437 2433 660 2502 saeculi,
691 2445 907 2507 aeternae
936 2433 1081 2504 pacis
1108 2434 1407 2490 securitate
1435 2434 1688 2489 reﬁcitur.

306 2547 458 2603 Vera.
490 2547 548 2603 2.
593 2548 697 2613 Qui
736 2549 1028 2618 ingreditur
1056 2549 1168 2603 sine
1206 2549 1433 2605 macula.
1467 2547 1627 2605 Venit
1651 2547 1717 2602 ad
1741 2562 1828 2603 se-

237 2639 463 2695 cundam
498 2649 732 2710 partem,
761 2641 901 2695 unde
927 2641 1037 2710 jam
1076 2641 1228 2711 quasi
1259 2656 1324 2695 ex
1367 2640 1541 2713 adytis
1569 2656 1828 2709 responsa

238 2731 581 2796 tribuuntur;
629 2741 685 2785 et
724 2746 790 2785 ex
835 2746 1064 2800 persona
1113 2731 1328 2787 Domini
1371 2730 1570 2787 Christi
1614 2733 1830 2802 dicitur,

239 2820 376 2894 quod
406 2830 464 2878 et
496 2821 762 2877 desiderio
793 2822 1087 2877 satislaciat
1115 2822 1468 2891 postulantis,
1502 2832 1559 2879 et
1590 2824 1834 2878 incarna-

242 2914 398 2969 tionis
417 2911 543 2985 ejus
557 2912 836 2969 adorabile
856 2914 1057 2969 revelet
1074 2928 1350 2969 arcanum.
1378 2914 1553 2970 Prima
1573 2915 1835 2985 siquidem

246 3006 403 3077 gloria
438 3006 611 3077 ipsius
647 3004 745 3061 luit
789 3007 995 3077 ingredi
1031 3007 1431 3062 tabernaculum
1461 3009 1571 3061 sine
1610 3008 1835 3078 macula,

248 3101 452 3169 quando
480 3101 742 3171 templum
764 3099 1063 3157 Jerusalem
1094 3115 1122 3153 a
1153 3104 1385 3171 peccatis
1413 3102 1550 3156 liber
1581 3102 1836 3158 intrabat.

251 3192 371 3250 Nam
393 3210 517 3252 cum
549 3195 641 3251 alii
672 3195 890 3252 domum
916 3197 1007 3252 Dei
1036 3196 1423 3265 puriﬁcationis
1450 3211 1610 3252 causa
1638 3195 1839 3252 fuerint
1868 3197 1915 3261 C

251 3288 488 3360 ingressi,
545 3290 637 3345 ille
676 3290 827 3345 solus
859 3289 1037 3345 taliter
1075 3290 1331 3357 introivit,
1386 3297 1443 3345 ut
1490 3291 1600 3345 sine
1638 3288 1842 3345 macula

252 3390 367 3437 ante
415 3389 769 3453 conspectum
823 3381 997 3438 Patris
1042 3384 1359 3452 assisteret,
1412 3391 1471 3438 ut
1506 3399 1614 3439 non
1646 3384 1725 3440 illi
1758 3384 1843 3440 lex

254 3475 438 3547 aliquid
467 3477 531 3532 da
546 3486 652 3542 ret,
699 3477 792 3533 sed
822 3478 938 3549 ipse
978 3477 1152 3549 potius
1184 3478 1378 3550 legem,
1429 3480 1571 3536 sicut
1608 3480 1845 3551 optimus

257 3566 537 3641 legislator,
579 3572 845 3641 impleret.

325 3682 562 3742 γωδ.
604 3683 672 3739 Ει
711 3695 953 3753 operatur
999 3688 1280 3757 justitiam.
1330 3687 1458 3743 Hil'c
1500 3689 1736 3744 secunda
1763 3697 1847 3744 est

262 3789 411 3844 quam
440 3777 707 3834 Dominus
736 3784 883 3845 lectt,
912 3793 1033 3835 cum
1064 3780 1131 3835 de
1160 3796 1427 3854 synagoga
1470 3780 1766 3838 vendentes
1792 3790 1846 3836 et

262 3879 487 3927 ementes
527 3872 699 3942 eiecit
722 3913 736 3939 ,
771 3874 822 3927 in
854 3872 1038 3928 divino
1089 3877 1290 3945 templo
1342 3876 1634 3930 humanum
1667 3876 1850 3945 probi-

262 3960 385 4017 bens
407 3978 522 4021 esse
556 3966 977 4031 conmercium;
1004 3966 1077 4021 ait
1103 3970 1243 4022 enim
1276 3985 1285 4018 :
1320 3964 1518 4023 Domus
1538 3956 1850 4023 tnea'domus

263 4058 487 4114 orationis
527 4059 835 4125 vocabitur;
868 4077 952 4114 vos
978 4070 1148 4116 autem
1178 4060 1369 4131 fecistis
1406 4078 1519 4116 eam
1552 4061 1848 4133 speluncam

268 4148 501 4208 latronum
525 4154 751 4226 (Matth.
786 4170 894 4222 χιι,
923 4155 1034 4225 15).
1274 4178 1309 4208 ο

331 4265 478 4324 Vers.
509 4270 569 4326 4.
618 4270 719 4338 Qui
749 4271 979 4342 loquitur
1001 4270 1258 4325 veritatem
1280 4271 1332 4324 in
1352 4271 1504 4325 corde
1527 4286 1643 4326 suo.
1674 4269 1856 4325 Tertia

272 4366 520 4431 estquam
552 4362 907 4432 singulariter
952 4362 1203 4419 Salvator
1238 4371 1424 4419 noster
1451 4363 1720 4435 implevit.
1757 4362 1859 4418 Ve-

273 4452 383 4505 ritas
412 4464 490 4509 est
517 4454 670 4510 enim
704 4471 790 4510 res
820 4471 942 4525 qua:
970 4458 1278 4513 nullatenus
1315 4457 1474 4516 aliter
1520 4473 1681 4529 quam
1726 4472 1858 4515 con-

276 4538 676 4614 ﬁrmaverinsus,
707 4557 800 4602 aut
824 4549 902 4617 lit,
926 4557 1020 4605 aut
1051 4548 1185 4605 facta
1214 4560 1318 4615 est,
1349 4561 1441 4606 aut
1468 4550 1713 4607 facienda
1734 4567 1861 4608 esse

278 4647 612 4695 monstratur.
644 4637 970 4712 Loquebatur
996 4644 1138 4698 enim
1171 4645 1363 4700 tacitus
1392 4646 1447 4697 in
1469 4645 1622 4700 corde
1649 4662 1741 4701 suo
1770 4662 1858 4701 ve-

281 4728 461 4785 ritatem
483 4778 497 4801 ,
533 4734 755 4805 quando
785 4735 970 4791 dolose
1000 4736 1436 4807 perquirentibus
1473 4741 1745 4795 sermonis
1773 4744 1855 4795 sui

286 4828 515 4894 mysteria
543 4846 655 4885 non
687 4829 969 4901 prodebat.
1003 4830 1137 4884 Nam
1163 4846 1285 4886 cum
1312 4830 1622 4887 .lnd.eorum
1649 4832 1860 4890 falsita-

288 4915 414 4971 tibus
457 4930 509 4976 et
536 4938 673 4978 voce
706 4923 948 4994 prmsidis
973 4933 1277 4994 urgeretur,
1306 4925 1695 4980 admirantibus
1722 4941 1862 4981 cun-

288 5010 393 5077 ctis,
417 5028 516 5069 non
545 5015 599 5071 ei
642 5017 919 5086 respondit
951 5017 1116 5072 ullutn
1146 5018 1398 5084 verbum;
1429 5019 1523 5074 sed
1570 5019 1622 5074 in
1670 5028 1858 5074 sancta

258 5111 372 5183 sua
398 5106 721 5164 conscientia
751 5107 1112 5178 loquebatur,
1161 5109 1307 5179 quod
1350 5110 1500 5181 digni
1550 5127 1657 5166 non
1704 5120 1861 5166 erant

291 5192 458 5251 aud.re
478 5201 567 5270 qui
596 5216 719 5256 cum
748 5199 1116 5257 fraudulenter
1148 5196 1465 5259 videbantur
1494 5204 1786 5275 inquirere.

354 5304 496 5366 γει-ε.
529 5312 582 5367 5.
626 5311 694 5366 Et
727 5330 827 5369 non
853 5314 953 5385 egit
984 5314 1161 5368 dolum
1182 5315 1233 5367 in
1262 5316 1438 5385 lingua
1465 5333 1579 5371 sua.
1617 5318 1772 5373 Venit
1794 5319 1862 5373 ad

295 5413 540 5469 quartam.
572 5410 703 5465 Nam
737 5412 853 5465 sine
880 5409 1006 5466 dolo
1030 5408 1213 5463 omnia
1243 5424 1302 5465 se
1334 5409 1499 5467 fuisse
1542 5413 1775 5467 locutum
1810 5415 1860 5468 in

297 5490 567 5568 Evangelia
591 5511 816 5557 testatur
846 5504 959 5572 ipse
982 5502 1108 5557 dum
1139 5501 1268 5555 dicit
1301 5519 1313 5555 :
1345 5501 1530 5556 Omnia
1555 5520 1669 5573 que
1688 5506 1865 5559 audiui

296 5595 326 5635 a
354 5582 500 5644 Patre
522 5609 629 5649 meo
654 5606 777 5651 nota
805 5597 901 5667 feci
923 5596 1058 5650 vobis
1090 5592 1268 5665 (loan.
1299 5610 1385 5661 xv,
1422 5594 1531 5665 i5).
1557 5595 1695 5664 Quid
1722 5598 1861 5652 enim

301 5685 554 5757 mundius,
584 5692 775 5759 quidve
804 5691 1103 5759 simplicius
1131 5734 1145 5757 ,
1180 5691 1281 5745 nisi
1317 5700 1371 5746 ut
1404 5692 1600 5744 veritas
1650 5692 1736 5746 illa
1787 5694 1868 5746 iu-

301 5781 672 5839 commutabilis
696 5784 837 5839 nulla
868 5783 1170 5855 adiectione
1217 5784 1299 5839 vel
1343 5785 1723 5855 suppressione
1756 5787 1869 5841 vio-

1926 1874 2222 1943 parspside,
2272 1876 2380 1945 ipse
2427 1891 2505 1930 me
2550 1878 2836 1932 traditurus
2864 1890 2939 1933 est
2982 1878 3196 1951 (Matth.
3228 1897 3369 1949 xxvi,
3402 1882 3520 1954 23).

1929 1965 2002 2022 Ita
2029 1967 2228 2024 factum
2256 1976 2361 2034 est,
2391 1978 2449 2025 ut
2472 1983 2573 2026 nec
2599 1970 2903 2027 divinitatis
2930 1988 3040 2027 sua:
3074 1973 3327 2029 virtutem
3363 1975 3523 2030 intel-

1928 2060 2216 2133 ligentihus
2242 2063 2461 2131 celaret,
2513 2074 2567 2120 et
2617 2065 2845 2134 proximi
2875 2065 3070 2120 famam
3100 2067 3338 2122 mordaci
3384 2067 3525 2124 lace.

1929 2156 2139 2209 ratione
2161 2170 2265 2209 non
2293 2164 2563 2225 carperet.
2595 2154 2645 2209 Ν
2653 2172 2717 2209 οη
2739 2156 2972 2227 accepit,
3004 2158 3057 2212 id
3084 2167 3165 2213 est
3184 2167 3392 2229 gratum
3416 2174 3525 2215 non

1931 2247 2139 2303 habuit.
2193 2248 2428 2317 Accepta
2457 2249 2600 2305 enim
2632 2248 2725 2305 illa
2757 2248 3018 2319 dicimus,
3047 2268 3166 2321 quae
3195 2252 3351 2309 nobis
3376 2262 3525 2323 grata

1931 2353 2055 2396 8858
2077 2348 2461 2396 monstramus.

2006 2431 2141 2488 Vers
2167 2432 2225 2488 8.
2254 2433 2334 2487 Ad
2375 2434 2596 2489 nihilum
2639 2434 2890 2490 deductus
2929 2445 3002 2490 est
3029 2438 3083 2491 in
3116 2445 3388 2507 conspectu
3418 2438 3528 2507 ejus

1934 2524 2232 2599 malignus:
2261 2528 2489 2583 timentes
2511 2537 2681 2583 autem
2714 2527 2996 2584 Dominum
3022 2532 3378 2601 magniﬁcam.
3404 2530 3530 2586 Haec

1935 2629 2019 2676 est
2041 2622 2320 2689 responsio
2344 2623 2592 2691 septima,
2616 2622 2706 2677 ubi
2728 2624 3001 2680 diabolum
3027 2625 3312 2695 malignum
3333 2628 3383 2678 in
3409 2641 3531 2679 con-

1935 2722 2112 2781 spectu
2133 2729 2227 2768 suo
2254 2714 2467 2769 deduxit
2491 2715 2559 2769 ad
2584 2715 2825 2784 nihilum,
2853 2718 3069 2785 quando
3097 2720 3147 2771 ei
3177 2718 3317 2771 dixit
3347 2735 3359 2770 :
3396 2718 3527 2771 Redi

1940 2815 2096 2873 retro,
2131 2806 2377 2871 Satanas,
2439 2825 2539 2862 non
2593 2809 2808 2863 tentabis
2864 2809 3145 2863 Dominum
3195 2810 3362 2863 Deum
3389 2818 3533 2863 tuum

1942 2894 2162 2967 (Matth.
2197 2912 2274 2965 1v,
2298 2899 2373 2969 7).
2408 2899 2518 2955 Hoc
2540 2901 2684 2955 enim
2710 2902 2795 2956 cui
2826 2912 3001 2972 potest
3025 2904 3181 2958 alteri
3213 2918 3533 2974 congruere,

1944 2988 2047 3042 nisi
2078 3004 2239 3058 quem
2282 2998 2495 3046 constat
2521 2992 2721 3049 virtute
2751 2996 2965 3065 propria
3009 2996 3218 3051 eunetis
3260 2997 3537 3067 spiritibus

1943 3078 2271 3148 imperare?
2319 3080 2578 3153 Sequitur
2634 3085 2797 3140 etiam
2849 3086 3070 3143 alterius
3122 3092 3287 3159 partis
3341 3091 3538 3147 decora

1944 3171 2273 3241 subjunctio,
2322 3181 2381 3230 ut
2419 3178 2559 3232 sicut
2587 3179 2639 3231 in
2690 3190 2968 3249 conspectu
3013 3183 3128 3254 ejus
3175 3184 3433 3254 malignus
3471 3186 3538 3237 ad

1947 3263 2161 3318 nihilum
2209 3267 2454 3323 deductus
2496 3279 2593 3336 est,
2625 3270 2699 3326 ita
2726 3272 2816 3341 qui
2848 3272 3130 3330 Dominum
3178 3277 3383 3343 timent,
3414 3292 3536 3333 eum

1944 3369 2159 3428 semper
2188 3374 2323 3429 puro
2355 3362 2518 3417 corde
2544 3365 2892 3434 magniﬁcent.
2922 3366 3076 3434 Quod
3101 3370 3317 3425 schema
3342 3368 3538 3427 dicitur

1947 3454 2282 3533 paradigma,
2314 3455 2453 3511 sicut
2484 3466 2537 3513 et
2560 3458 2613 3513 in
2635 3459 2811 3530 primo
2839 3461 3045 3530 psalmo
3067 3462 3177 3533 jam
3207 3463 3408 3519 dictant
3433 3470 3538 3521 est.

1947 3547 2142 3604 Invitat
2169 3550 2315 3606 enim
2346 3566 2443 3607 nos
2472 3556 2762 3623 prosperis,
2796 3564 2849 3609 et
2879 3564 3048 3612 terret
3072 3558 3335 3615 adversis.

2023 3640 2175 3700 Vers.
2206 3644 2258 3698 9.
2295 3643 2396 3710 Qui
2417 3649 2565 3716 jurat
2597 3648 2832 3716 proximo
2853 3665 2947 3703 suo
2968 3659 3017 3705 et
3041 3668 3140 3705 non
3184 3653 3373 3723 decipit
3406 3670 3543 3712 eum.

1950 3735 2154 3792 Octava
2185 3736 2354 3792 virtus
2402 3738 2631 3794 edicitur
2653 3781 2668 3805 ,
2702 3756 2859 3811 quam
2892 3742 3148 3800 Dominus
3180 3746 3304 3802 fecit
3334 3748 3545 3817 quando

1953 3830 2211 3898 apostolis
2260 3830 2374 3886 suis
2422 3832 2725 3889 certissima
2759 3836 2985 3891 veritate
3026 3840 3267 3905 promisit
3311 3840 3496 3895 dicens
3530 3858 3547 3896 :

1961 3920 2070 3978 Vos
2096 3924 2249 3978 amici
2274 3925 2373 3979 mei
2395 3926 2514 3980 estis
2542 3928 2588 3979 si
2618 3926 2838 3997 feceritis
2860 3945 2974 3999 quw
2995 3946 3088 4000 ego
3117 3932 3360 4003 praecipio
3386 3932 3545 3989 vobis.

1955 4018 2075 4073 Jam
2106 4037 2209 4074 non
2240 4021 2353 4075 dico
2398 4037 2483 4075 vos
2525 4038 2695 4077 servos
2726 4023 2909 4093 (Joan.
2942 4041 3030 4087 xv,
3071 4024 3173 4091 24).
3199 4025 3551 4095 Inspiciamus

1957 4121 2136 4167 autem
2168 4115 2294 4182 quid
2337 4115 2437 4167 ista
2492 4116 2759 4169 sententia
2821 4118 2869 4169 in
2929 4119 3192 4185 principio
3236 4134 3336 4173 suo
3370 4119 3497 4174 dicit
3533 4138 3548 4174 :

1964 4204 2068 4272 Qui
2111 4208 2261 4277 jurat
2308 4206 2543 4273 proximo
2572 4209 2704 4262 suo?
2746 4206 2938 4263 Jurare
2982 4211 3124 4265 enim
3155 4223 3237 4267 est
3270 4213 3545 4270 hominum

1960 4298 2061 4354 sub
2089 4299 2431 4355 attestatione
2456 4299 2633 4356 divina
2664 4302 2866 4374 aliquid
2909 4305 3171 4375 polliceri.
3201 4308 3306 4365 Sed
3349 4325 3469 4364 cum
3499 4322 3554 4366 et

1960 4390 2105 4448 Deus
2127 4392 2242 4462 ipse
2264 4393 2600 4462 promiserit,
2633 4396 2810 4464 aptius
2832 4396 3025 4454 dicitur
3051 4403 3240 4455 eodem
3270 4402 3555 4471 pollicente

1956 4482 2220 4555 juratum.
2250 4483 2441 4542 Jurare
2470 4488 2614 4544 enim
2652 4489 2853 4546 dictum
2896 4502 2977 4547 est
3001 4535 3015 4560 ,
3047 4499 3196 4563 quasi
3222 4496 3346 4565 jure
3374 4511 3553 4563 orare,

1891 4608 1945 4669 Β
1969 4579 2021 4635 id
2052 4589 2135 4636 est
2156 4580 2298 4651 justo
2330 4581 2493 4651 loqui.
2530 4582 2679 4640 Tunc
2705 4594 2883 4641 autem
2912 4588 3179 4658 quispiam
3200 4587 3346 4659 juste
3378 4591 3550 4660 loqui-

1971 4682 2056 4729 tur
2086 4676 2300 4745 quando
2330 4691 2390 4731 ea
2429 4692 2547 4747 quae
2576 4681 2837 4747 promittit
2868 4682 3178 4751 implentur.
3210 4682 3402 4737 Jurare
3430 4700 3558 4756 ergo

1965 4765 2131 4822 Deum
2155 4767 2469 4835 promittere
2498 4780 2656 4837 atque
2671 4774 2944 4844 cnmplere
2964 4785 3065 4841 est,
3085 4776 3359 4831 sicutalibi
3388 4779 3517 4834 dicit
3545 4798 3557 4833 :

1965 4855 2170 4912 Jurarit
2202 4858 2452 4916 Dominus
2478 4860 2650 4919 Dauid
2680 4866 2965 4933 veritatem,
3013 4876 3062 4922 et
3108 4885 3209 4922 non
3234 4872 3559 4940 [lustrabatur

1961 4967 2074 5005 eum
2125 4953 2294 5023 (Psal.
2346 4971 2546 5026 (λιιι,
2608 4958 2724 5027 ll).
2785 4959 2850 5014 Et
2896 4959 3089 5015 iterum
3124 4978 3137 5016 :
3169 4962 3554 5039 Jusjurandum

1964 5044 2101 5112 quod
2124 5048 2322 5117 jurarit
2342 5049 2410 5103 ad
2434 5049 2694 5104 Abraham
2715 5065 2914 5120 patrem
2936 5062 3168 5110 nostrum
3196 5057 3347 5128 (Luc.
3368 5074 3405 5127 ι,
3433 5060 3550 5131 73).

1967 5136 2119 5205 Quod
2148 5139 2333 5194 multis
2373 5142 2504 5197 locis
2535 5142 2589 5195 in
2634 5141 2813 5199 divina
2846 5143 3077 5203 lectione
3107 5151 3369 5220 reperies.

2038 5231 2192 5289 Vers.
2230 5236 2317 5290 10.
2365 5236 2464 5302 Qui
2489 5236 2754 5306 pecuniam
2778 5256 2924 5294 suam
2948 5259 3050 5296 non
3070 5242 3208 5298 dedit
3230 5247 3298 5298 ad
3324 5262 3563 5301 usuram.

1968 5324 2115 5380 Nona
2144 5327 2254 5396 jam
2300 5328 2531 5398 tangitur
2560 5343 2717 5397 quam
2760 5333 3015 5389 subtilius
3047 5336 3382 5407 indagemus.
3419 5339 3562 5393 Duo-

1970 5416 2068 5471 bus
2100 5417 2271 5472 modis
2301 5418 2353 5472 in
2397 5419 2529 5483 Scri;
2556 5422 2688 5477 turis
2716 5418 2917 5480 sanctis
2945 5429 3165 5495 pecunia
3194 5430 3450 5500 probatur
3480 5432 3566 5486 in-

1970 5511 2135 5581 telligi
2168 5528 2179 5564 :
2215 5528 2315 5566 una
2359 5521 2439 5566 est
2483 5514 2579 5570 ista
2613 5520 2881 5575 metallica
2922 5537 3086 5592 qttam
3117 5526 3185 5577 ad
3218 5542 3427 5579 usuram
3450 5525 3565 5579 dari

1973 5606 2193 5659 omnino
2222 5605 2568 5675 prohibetur,
2603 5615 2862 5683 quoniam
2909 5614 3095 5671 vitium
3137 5620 3451 5689 cupiditatis
3489 5630 3569 5675 est

1973 5696 2190 5769 exigere
2240 5698 2376 5755 velle
2421 5703 2561 5771 quod
2610 5715 2659 5761 te
2709 5711 2916 5764 nescias
2966 5713 3362 5768 commodasse.
3422 5714 3569 5769 llanc

1976 5792 2191 5860 quidem
2240 5793 2420 5849 habuit
2447 5797 2552 5868 52
2583 5798 2841 5856 Dominus
2888 5799 3167 5872 Christus,
3221 5819 3379 5874 quam
3424 5803 3570 5865 ludar
