4016 6344
475 417 574 472 111

1677 406 1750 464 Μ.
1792 401 2068 464 AURELII
2101 399 2504 461 CASSIODORI

3620 389 3725 447 113

474 529 690 588 tradidit
718 528 1037 600 pauperibus
1065 525 1421 599 erogandam,
1448 535 1609 592 quam
1659 537 1763 576 non
1808 521 1948 575 dedit
1976 519 2046 574 ad
2073 522 2128 582 Α
2154 517 2472 574 declaratur.
2523 511 2836 568 Retinemus
2882 508 3046 574 enim,
3084 504 3315 600 quando
3340 507 3424 600 est
3468 499 3728 600 Dominus

475 615 714 690 usuram,
767 621 980 692 quando
1009 621 1153 676 illam
1202 615 1557 687 indigentibus
1581 613 1648 669 ad
1679 611 2044 668 informandus

473 730 571 771 nos
603 702 686 784 pia
725 714 970 782 largitate
997 710 1282 768 concessit.
1313 707 1497 764 Altera
1521 720 1650 762 vero
1677 712 1763 762 est
1790 719 1948 774 quam
1977 703 2045 758 ad

475 820 690 862 usuram
720 803 836 859 dari
855 843 872 870 ,
903 803 1192 872 Evangelia
1230 800 1442 856 dicente
1463 840 1480 866 ,
1512 796 1826 863 suademur,
1859 794 1911 850 id
1939 787 2068 862 est,

475 897 882 970 praedicationes
927 892 1291 951 sanctissimas
1321 900 1377 948 et
1425 889 1664 946 instituta
1712 889 1911 943 divina.
1960 886 2050 942 Ait

477 992 618 1048 enim
643 1007 658 1045 :
691 989 896 1046 Sciebas
924 1005 1002 1043 me
1039 989 1290 1042 hominem
1316 985 1502 1038 durum
1521 992 1570 1038 et
1597 990 1896 1037 austerum:
1923 997 2052 1035 non-

477 1101 542 1140 ne
562 1091 852 1155 oportuerat
877 1091 923 1136 te
947 1079 1257 1135 committere
1282 1079 1546 1147 pecuniam
1573 1092 1737 1130 meam
1761 1073 2053 1129 nummula-

477 1177 590 1241 riis,
615 1183 664 1230 et
685 1192 774 1248 ego
794 1175 999 1230 veniens
1016 1175 1290 1243 exegissem
1310 1172 1479 1240 utique
1494 1169 1630 1239 quod
1653 1185 1821 1224 meum
1843 1177 1917 1224 est
1936 1183 2052 1223 cum

477 1270 648 1324 usuris
699 1266 926 1340 (Matth.
970 1281 1098 1330 xxv,
1145 1264 1271 1335 27)?
1317 1263 1404 1320 Sic
1449 1263 1590 1318 enim
1639 1260 1780 1315 istud
1829 1258 2053 1316 verbum

479 1356 805 1429 aequivocum
837 1371 933 1427 pro
965 1355 1204 1410 locorum
1230 1352 1486 1424 qualitate
1514 1349 1822 1420 suscipitur.

552 1449 706 1505 Vers.
740 1449 824 1503 H.
865 1445 934 1502 Et
960 1463 1172 1502 munera
1199 1461 1352 1517 super
1393 1446 1686 1499 innocentes
1710 1461 1810 1498 non
1840 1441 2053 1512 accepit.

481 1538 661 1595 Virtus
689 1538 918 1606 decima,
947 1555 1067 1610 quae
1095 1538 1355 1604 restabat,
1403 1537 1619 1606 impleta
1649 1547 1751 1593 est.
1785 1535 1882 1591 Hic
1905 1551 2056 1606 super

481 1631 792 1697 innocentes,
835 1639 1021 1687 contra
1065 1633 1376 1686 innocentes
1425 1629 1580 1686 datur
1628 1629 1884 1701 intelligi;
1911 1617 2058 1699 quod

485 1738 593 1778 non
622 1723 796 1779 solum
825 1721 1110 1778 Dominum
1141 1730 1349 1778 constat
1377 1736 1482 1776 non
1515 1721 1704 1778 fecisse
1727 1760 1744 1788 ,
1771 1719 1865 1775 sed
1894 1719 2056 1775 etiam

483 1817 599 1888 ipse
624 1831 684 1873 se
716 1815 970 1887 probatus
996 1823 1080 1872 est
1106 1830 1204 1888 pro
1231 1815 1404 1872 salute
1430 1813 1806 1887 generalitatis
1835 1813 2053 1883 otIerre,

2149 623 2363 681 passus,
2391 607 2535 661 hunc
2561 604 2768 660 titulum
2791 617 2953 680 supra
2975 599 3268 672 caputeius
3293 595 3458 652 fuisse
3487 590 3732 649 conscri-

2148 711 2294 774 ptum
2319 744 2335 770 ,
2363 699 2517 754 Iesus
2562 697 2864 752 Nasarenus
2907 694 3018 750 Rea:
3056 691 3360 748 Iudaeorum
3385 687 3564 759 (Joan.
3595 699 3730 754 xIx,

2149 795 2260 867 l9).
2290 793 2393 850 Sed
2426 791 2528 863 ipsi
2577 790 2840 848 veraciter
2869 785 3200 858 intelligendi
3230 792 3356 840 sunt
3383 779 3578 847 Judaei,
3631 775 3734 848 qui

2150 903 2283 960 pura
2335 885 2553 942 Christo
2605 883 2889 939 devotione
2943 879 3294 935 famulantur.
3350 875 3420 932 Et
3453 874 3579 944 quia
3609 869 3730 928 Rex

2151 987 2336 1035 noster
2359 977 2604 1034 Salvator
2628 975 2698 1032 de
2735 989 2830 1032 sua
2864 972 3111 1044 passione
3138 980 3194 1027 et
3220 966 3615 1024 resurrectione
3646 962 3735 1020 lo-

2152 1079 2371 1128 cuturus
2399 1077 2483 1126 est
2500 1109 2520 1142 ,
2549 1066 2745 1124 merito
2769 1065 2928 1138 hujus
2957 1060 3320 1132 inscriptionis
3344 1071 3739 1115 commemora-

2161 1165 2238 1222 tio
2268 1166 2404 1219 facta
2431 1173 2549 1229 est,
2579 1177 2698 1233 quae
2741 1161 2906 1216 tantis
2943 1167 3063 1224 post
3102 1153 3432 1225 temporibus
3458 1159 3597 1217 erat,
3626 1150 3740 1206 Do-

2162 1259 2311 1313 mino
2336 1255 2712 1328 dispensante,
2744 1263 3012 1310 secutura.
3043 1249 3108 1306 Et
3131 1259 3190 1304 ut
3214 1246 3351 1302 hanc
3381 1244 3519 1300 tituli
3547 1242 3740 1298 inscri-

2154 1350 2424 1421 ptionem,
2455 1362 2564 1403 non
2594 1345 2670 1421 ad
2687 1344 2975 1415 quamlibet
3019 1341 3178 1396 aliam
3202 1351 3515 1412 personam,
3545 1334 3639 1391 sed
3669 1333 3740 1392 ad

2157 1415 2449 1499 Dominum
2491 1415 2762 1499 Chrisium
2810 1437 2998 1493 referri
3046 1433 3296 1490 debuisse
3346 1440 3740 1500 cognosceres,

2157 1535 2424 1606 adjectum
2447 1543 2552 1599 est,
2595 1532 2696 1602 ipsi
2738 1529 2941 1595 David;
2973 1525 3112 1598 quod
3142 1524 3208 1580 ad
3235 1522 3522 1578 Dominum
3553 1518 3742 1575 Salva-

2159 1637 2328 1685 torem
2367 1633 2736 1697 competenter
2770 1619 2960 1678 referri
2986 1617 3174 1674 crebra
3201 1613 3536 1686 expositione
3579 1625 3735 1666 mou-

2157 1720 2468 1778 stravimus.
2519 1717 2806 1774 Sciendum
2853 1723 2937 1771 est
2965 1721 3143 1769 autem
3186 1709 3326 1781 quod
3378 1709 3465 1765 hic
3494 1706 3737 1778 psalmus

2159 1814 2426 1872 secundus
2473 1822 2559 1869 es:
2601 1824 2788 1867 eorum
2819 1809 2908 1880 qni
2934 1807 3236 1881 passionem
3287 1813 3343 1863 et
3393 1803 3741 1862 resurrectio-

484 1911 623 1966 sicut
645 1910 699 1965 in
730 1909 1018 1979 Evangelio
1045 1909 1177 1964 dicit
1204 1925 1218 1962 :
1248 1906 1438 1962 Pastor
1466 1907 1626 1962 bonus
1664 1907 1890 1961 animam
1912 1922 2060 1960 suam
2088 1905 2138 1968 B
2163 1924 2287 1969 nem
2313 1907 2529 1968 Domini
2551 1905 2786 1966 breviter
2811 1911 3055 1975 tangunt.

485 2001 625 2069 ponit
671 2017 763 2072 pro
808 1999 980 2054 ovibus
1033 1999 1138 2054 suis
1168 1997 1344 2068 (Joan.
1377 2014 1438 2064 x',
1471 1997 1584 2068 12).
1615 1997 1821 2070 Accepit
1857 1997 2002 2053 enim
2029 2011 2062 2054 a

485 2093 656 2162 magis
675 2108 887 2147 munera
903 2133 921 2162 ,
945 2091 1039 2148 sed
1061 2107 1166 2147 non
1188 2107 1342 2162 super
1362 2091 1671 2146 innocentes.
1699 2089 1878 2147 Sumit
1901 2089 2062 2146 etiam

488 2184 723 2254 quotidie
749 2199 868 2255 quae
913 2185 1080 2240 sacris
1135 2183 1393 2239 altaribus
1440 2182 1757 2250 oll'eruntur,
1810 2181 1906 2238 sed
1954 2196 2062 2237 non

487 2293 642 2348 super
664 2278 974 2333 innocentes.
998 2277 1332 2347 Quapropter
1355 2275 1714 2344 intelligamus
1729 2275 1844 2346 pias
1863 2282 1918 2330 et
1938 2289 2062 2344 par-

496 2371 587 2424 vas
604 2367 902 2424 oblationes
938 2368 1216 2424 charitatis
1244 2367 1426 2424 studio
1450 2382 1557 2423 non
1587 2382 1710 2423 esse
1737 2364 2067 2423 omnimodis

487 2459 834 2533 respuendas.
889 2458 1024 2516 Nam
1069 2460 1114 2517 si
1165 2475 1326 2517 omne
1369 2475 1564 2516 munus
1591 2459 1750 2531 abjici
1779 2458 2063 2528 voluisset,

488 2569 824 2628 nequaquam
851 2554 1036 2610 fuisset
1063 2553 1330 2621 additum,
1361 2570 1516 2624 super
1544 2554 1855 2609 innocentes.

563 2648 716 2704 Vers.
741 2649 830 2705 12.
866 2647 967 2718 Qui
990 2647 1119 2722 facit
1145 2649 1252 2702 [uec
1280 2663 1382 2702 non
1411 2646 1688 2703 movebitur
1715 2646 1768 2701 in
1792 2653 2063 2702 aeternum.

487 2739 754 2810 Expositis
801 2740 988 2798 decem
1035 2738 1325 2798 virtutibus
1351 2780 1366 2811 ,
1401 2753 1519 2814 qua:
1565 2737 1634 2818 de
1680 2738 1909 2795 Domino
1939 2739 2068 2796 Jesu

487 2833 703 2890 Christo
758 2849 865 2890 non
916 2835 1208 2906 incongrue
1262 2834 1606 2904 sentiuntur,
1661 2829 2066 2904 interrogationi

490 2925 818 2995 prophetica:
864 2925 1098 2984 breviter
1149 2927 1275 2984 data
1321 2935 1406 2984 est
1455 2928 1694 2986 absoluta
1742 2928 2065 2999 responsio:

491 3016 741 3086 quoniam
769 3017 857 3086 qui
881 3019 1006 3089 facit
1047 3019 1190 3087 hinc,
1241 3021 1357 3089 ipse
1397 3020 1594 3075 habitat
1635 3021 1694 3074 in
1734 3019 2067 3075 tabernaculo

491 3106 727 3174 Domini,
753 3115 802 3162 et
835 3107 891 3161 in
916 3117 1090 3163 sancto
1131 3120 1300 3164 monte
1325 3111 1441 3181 ejus
1467 3111 1760 3182 requiescit.
1791 3108 1900 3168 Sed
1930 3126 2061 3167 con-

493 3195 668 3253 sidera
695 3198 818 3267 quia
849 3199 971 3270 facit
993 3199 1165 3290 dixit,
1191 3215 1300 3256 non
1327 3209 1536 3267 cantat,
1565 3209 1626 3255 ut
1656 3214 1753 3256 nos
1780 3199 1849 3256 ad
1878 3209 2068 3256 actua-

493 3290 604 3348 lem
629 3291 880 3349 virtutem
919 3293 1231 3364 interposita
1261 3294 1380 3364 lege
1419 3295 1849 3364 constringeret,
1878 3308 1948 3351 ne
1975 3308 2066 3350 se-
2095 3302 2142 3368 (ς

492 3392 641 3442 creta
693 3385 827 3442 tanti
873 3386 1138 3458 mysterii,
1169 3387 1360 3442 intenti
1403 3386 1533 3443 solis
1571 3387 1812 3444 cantibus
1839 3386 2068 3444 inaniter

492 3477 865 3548 psalleremus.
899 3477 1023 3531 Non
1051 3478 1346 3546 movebitur,
1371 3477 1424 3532 id
1457 3485 1542 3534 est
1566 3478 1635 3535 ab
1673 3479 1790 3549 ipso
1815 3494 1920 3535 non
1948 3494 2068 3534 mo-
2101 3531 2103 3534 .

493 3575 668 3636 vetur,
697 3568 842 3638 quod
871 3568 1003 3624 solis
1041 3569 1240 3625 sanctis
1282 3568 1558 3640 beatisque
1602 3579 1904 3641 praestatur.
1935 3569 2068 3625 Nam

495 3659 672 3714 omnis
685 3659 754 3716 ab
775 3659 868 3715 illo
883 3661 1082 3732 impius
1105 3661 1461 3718 dimovebitur
1481 3661 1536 3718 in
1553 3670 1834 3730 aeternum,
1855 3663 2072 3733 quando

493 3745 610 3818 éjus
629 3749 780 3820 regni
799 3750 1178 3808 communione
1205 3753 1524 3822 privabitur.
1557 3752 1672 3810 Hoc
1695 3753 1917 3809 schema
1936 3752 2072 3809 dici-

493 3830 850 3913 tur'zeugma,
873 3840 927 3897 id
947 3851 1030 3898 est
1049 3843 1374 3914 conjunctio,
1403 3843 1617 3914 quando
1641 3844 1804 3899 multa
1826 3841 2068 3913 penden-

495 3932 570 3987 tia
598 3943 693 3990 aut
740 3950 845 3991 uno
889 3935 1052 3992 verbo
1097 3945 1191 3992 aut
1231 3951 1336 3993 una
1366 3939 1631 3994 sententia
1659 3937 2070 3994 concluduntur.

496 4023 606 4081 Sed
631 4025 718 4082 hic
745 4026 799 4082 in
835 4029 1097 4084 sententia
1123 4028 1319 4085 factum
1348 4039 1461 4099 est;
1505 4031 1561 4088 in
1589 4030 1754 4088 verbo
1773 4040 1953 4088 autem
1983 4028 2075 4086 ubi

493 4118 770 4178 inventum
796 4121 957 4180 fuerit
989 4138 1097 4180 non
1126 4122 1426 4182 silebimus.

1025 4238 1300 4296 Conclusio
1333 4241 1541 4312 psalmi.

557 4354 750 4410 Hicest
772 4353 1109 4410 cmlestisille
1132 4357 1449 4428 Decalogus,
1491 4356 1594 4412 hoc
1622 4355 1809 4413 decem
1835 4355 2073 4412 chorda-

497 4461 619 4502 rum
646 4445 922 4516 spirituale
962 4445 1276 4514 psalterium
1309 4465 1324 4502 :
1355 4447 1442 4502 hic
1467 4461 1594 4502 vere
1633 4461 1890 4503 numerus
1919 4460 2076 4501 coro-

496 4539 637 4597 nalis
679 4555 841 4612 quem
884 4539 1030 4594 solus
1059 4537 1148 4594 ille
1176 4539 1450 4607 complere
1488 4539 1703 4610 potuit,
1753 4539 1844 4609 qui
1890 4538 2075 4594 mundi

497 4633 626 4688 vitia
654 4647 774 4688 cum
803 4645 901 4685 suo
927 4639 1146 4685 auctore
1185 4631 1491 4700 prostravit.
1536 4631 1642 4688 Sed
1683 4646 1966 4702 precemur
1988 4631 2078 4700 ju-

496 4724 634 4794 giter
659 4722 1098 4792 omnipotentiam
1124 4722 1241 4792 ejus
1265 4767 1280 4792 ,
1330 4733 1389 4778 ut
1437 4724 1526 4793 qui
1556 4723 1678 4778 talia
1708 4739 1803 4793 per
1829 4721 2078 4778 nosmet;

497 4813 641 4885 ipsos
667 4813 892 4883 implere
921 4829 1027 4869 non
1078 4829 1361 4884 possumus
1389 4830 1510 4884 quae
1534 4814 1686 4886 jussa
1735 4824 1900 4882 sunt,
1952 4816 2072 4885 ejus

499 4906 650 4964 ditati
693 4922 911 4963 munere
955 4907 1228 4962 faciamus.
1259 4906 1463 4962 Calculi
1509 4922 1722 4976 quoque
1752 4908 1918 4978 ipsius
1958 4922 2073 4964 non

500 4998 957 5054 est‘consideratio
983 4998 1324 5068 negligenda;
1358 5013 1480 5053 nam
1506 5007 1694 5066 quarta
1736 4998 1942 5054 decima
1976 5013 2072 5068 ge-

498 5089 772 5146 neratione
815 5102 846 5143 a
899 5090 1361 5161 transmigratione
1417 5088 1752 5158 Babyloniae,
1801 5088 2064 5144 adventus

497 5179 714 5237 Domini
759 5179 1052 5236 Salvatoris
1080 5181 1282 5252 eluxit,
1315 5191 1375 5237 ut
1419 5181 1610 5237 merito
1638 5189 1692 5235 et
1738 5179 1824 5235 hic
1852 5181 1966 5250 ipse
1995 5181 2075 5236 vi-

498 5274 686 5330 deatur
709 5273 948 5341 locutus,
991 5273 1083 5344 qui
1109 5275 1162 5330 in
1186 5275 1428 5345 ejusdem
1460 5289 1682 5332 numero
1709 5273 2072 5346 generationis

498 5363 753 5422 advenire
771 5366 1018 5438 dignatus
1045 5374 1150 5421 est.

779 5477 1143 5536 EXPOSITIO
1187 5475 1254 5532 ΙΝ
1294 5476 1618 5536 PSALMUM
1674 5477 1785 5536 XV.

894 5573 1054 5629 Tituli
1080 5573 1344 5642 inscriptio
1365 5572 1465 5644 ipsi
1492 5573 1679 5644 David.

568 5689 705 5749 Dum
729 5703 914 5758 omnes
943 5689 1189 5744 dicantur
1227 5687 1602 5757 inscriptiones
1654 5687 1927 5742 titulorum
1985 5686 2074 5757 qui

500 5784 823 5853 psalmorum
854 5781 1116 5837 frontibus
1160 5781 1471 5853 afﬁguntur,
1525 5782 1706 5838 nescio
1733 5783 1860 5852 quid
1887 5781 2074 5851 mysti-

501 5891 618 5932 cum
648 5879 750 5934 iste
776 5875 1079 5944 designans,
1117 5875 1216 5932 hoc
1237 5874 1539 5944 specialiter
1569 5875 1768 5946 primus
1794 5875 2070 5934 continere

2735 2021 2932 2078 Divisio
2962 2020 3172 2094 psalmi.

2237 2139 2344 2198 Per
2373 2147 2546 2197 totum
2575 2138 2837 2211 psalmum
2880 2134 3238 2192 introducitur
3279 2146 3506 2205 persona
3535 2129 3747 2192 Domini

2168 2231 2481 2291 Salvatoris.
2506 2231 2688 2288 Prima
2708 2229 2972 2301 positione
2993 2226 3286 2285 secundum
3307 2224 3748 2282 consuetudinem

2170 2340 2321 2381 suam
2349 2341 2415 2382 ex
2440 2324 2770 2381 humanitate
2796 2330 3064 2394 suscepta,
3087 2319 3250 2378 verba
3273 2317 3396 2374 facit
3413 2318 3480 2373 ad
3511 2317 3748 2382 Patrem,

2169 2417 2481 2475 conservari
2510 2432 2570 2473 se
2598 2426 2804 2487 petens,
2830 2415 2954 2487 quia
2979 2429 3131 2485 spem
3162 2427 3312 2492 suam
3340 2410 3576 2482 posuerit
3604 2424 3749 2466 sem-

2169 2525 2267 2582 per
2309 2511 2365 2566 in
2393 2525 2481 2577 eo,
2506 2525 2614 2566 non
2643 2507 2865 2566 Deitatis
2893 2521 3006 2563 suae
3033 2505 3322 2576 quidquam
3349 2503 3618 2568 minuens,
3651 2499 3748 2556 sed

2169 2610 2414 2660 naturam
2448 2599 2793 2657 humanitatis
2819 2597 3129 2654 ostendens.
3168 2594 3422 2653 Naturam
3449 2593 3586 2658 dico,
3629 2591 3747 2646 ori-

2170 2693 2353 2764 ginem
2395 2691 2812 2762 uniuscujusque
2862 2689 2963 2756 rei,
3015 2688 3362 2758 vigoremque
3411 2682 3747 2740 substantiae.

2173 2785 2460 2858 Subjungit
2535 2784 2698 2841 etiam
2753 2781 3198 2852 quemadmodum
3243 2779 3414 2837 sancti
3464 2779 3584 2848 ejus
3641 2792 3748 2834 non

2168 2879 2476 2936 carnalibus
2524 2875 2807 2935 desideriis
2835 2917 2852 2945 ,
2906 2874 3001 2932 sed
3044 2872 3409 2945 spiritualibns
3463 2870 3751 2925 virtutibus

2171 2972 2464 3042 eligantur;
2505 2970 2684 3026 omnia
2725 2983 2844 3040 qua:
2893 2965 3113 3038 pertulit
3149 2965 3214 3021 ad
3257 2960 3588 3019 haereditatis
3638 2975 3750 3016 sua

2171 3064 2395 3136 gloriam
2420 3077 2668 3120 asserens
2698 3061 2860 3117 fuisse
2887 3059 3163 3131 perducta.
3197 3055 3442 3115 Secunda
3470 3051 3746 3124 positione

2170 3155 2314 3212 idem
2337 3153 2484 3210 Patri
2503 3153 2705 3226 gratias
2725 3150 2918 3220 refert,
2938 3153 3028 3222 qui
3050 3151 3125 3206 illi
3149 3148 3394 3205 adextris
3415 3144 3748 3218 apparendo,

2173 3246 2510 3318 iniquitatem
2538 3245 2698 3317 hujus
2725 3244 2910 3301 saeculi
2927 3283 2944 3311 ,
2975 3240 3378 3310 omnipotentiae
3409 3253 3521 3294 suae
3547 3238 3750 3294 virtute

2173 3341 2469 3412 superavit.
2521 3327 2675 3396 Unde
2709 3339 2941 3394 animam
2993 3351 3142 3392 suam
3189 3335 3259 3391 de
3301 3333 3510 3389 inferno
3557 3331 3750 3388 asserit

2172 3448 2295 3491 esse
2321 3434 2623 3501 liberatam,
2663 3439 2720 3489 et
2746 3440 2866 3503 post
2894 3428 3304 3500 resurrectionis
3321 3427 3546 3499 gloriam
3574 3425 3630 3481 in
3657 3425 3752 3480 de-

2171 3526 2546 3587 lectationibus
2569 3526 2806 3585 dexterae
2826 3525 2994 3597 ipsius
3020 3539 3083 3582 se
3111 3530 3376 3580 memorat
3399 3520 3747 3578 collocatum.

2713 3636 2980 3710 Expositio
3012 3635 3227 3693 Psalmi.

2248 3751 2403 3810 Vera.
2432 3751 2489 3810 1.
2533 3749 2780 3807 Conserva
2817 3766 2916 3815 me,
2937 3747 3171 3816 Domine,
3203 3747 3444 3820 quoniam
3465 3745 3521 3801 in
3549 3755 3598 3802 te
3624 3762 3750 3816 spe-

2173 3844 2306 3899 ravi.
2354 3842 2498 3899 Inter
2532 3843 2762 3914 pericula
2811 3841 3043 3897 humana
3090 3849 3370 3907 venturus,
3416 3847 3474 3894 et
3516 3837 3753 3895 Iudaicae

2175 3933 2551 3990 obstinationis
2580 3934 2771 4004 impios
2811 3948 3034 3999 sensus,
3061 3941 3249 3989 natura
3281 3932 3632 3988 humanitatis
3661 3945 3754 3986 as-

2174 4033 2386 4096 sumpta
2417 4027 2723 4081 conservari
2764 4039 2825 4081 se
2858 4035 3078 4094 paterna
3123 4025 3460 4096 protectione
3493 4023 3754 4092 depreca-

2182 4124 2302 4184 tur;
2331 4125 2385 4172 et
2405 4132 2512 4188 quo
2543 4115 2773 4210 facilius.
2775 4115 2890 4188 ejus
2913 4117 2991 4172 rei
3019 4125 3333 4186 sequeretur
3359 4114 3602 4180 effectus,
3631 4127 3754 4182 spe-

2176 4222 2331 4264 rasse
2355 4222 2416 4264 se
2443 4205 2570 4262 dicit
2595 4203 2811 4278 sempér
2839 4206 2894 4261 in
2925 4206 3173 4262 Domino.
3209 4205 3336 4262 Haec
3371 4206 3540 4276 ﬁgura
3562 4203 3756 4260 dicitur

2177 4302 2468 4370 ethoparia,
2496 4302 2704 4370 quoties
2734 4300 2892 4356 datur
2919 4299 3116 4356 locutio
3144 4308 3305 4356 certat
3333 4313 3601 4369 personae.
3629 4297 3759 4354 Per-

2178 4405 2310 4448 sona
2333 4402 2417 4449 est
2444 4393 2585 4447 enim
2615 4391 2703 4448 hic
2729 4391 2936 4446 Domini
2965 4392 3256 4448 Salvatoris
3294 4406 3362 4447 ex
3404 4391 3614 4447 duabus
3647 4389 3759 4445 dis-

2178 4483 2360 4540 tinctis
2388 4481 2752 4554 perfectisque
2779 4483 2983 4538 naturis
3009 4481 3171 4540 homo
3196 4481 3344 4556 [mss.
3385 4484 3480 4551 A.,
3527 4482 3620 4550 Β..
3661 4479 3757 4538 .F.

2177 4576 2446 4648 perfectus
2494 4571 2712 4648 homo],
2749 4574 2998 4648 idemque
3044 4576 3185 4633 Deus
3251 4591 3391 4633 unus
3433 4591 3759 4648 permaneas

2101 4693 2156 4754 D
2178 4671 2447 4729 Christus.

2253 4763 2402 4819 Vers.
2432 4763 2488 4819 2.
2531 4762 2652 4819 Dixi
2681 4763 2923 4833 Domino,
2957 4762 3099 4820 Deus
3137 4780 3276 4820 meus
3305 4779 3360 4820 es
3398 4772 3470 4830 tu,
3515 4763 3760 4834 quoniam

2180 4857 2422 4913 bonorum
2447 4875 2674 4914 meorum
2703 4876 2804 4915 non
2829 4861 3045 4931 indiges.
3077 4859 3254 4927 Dixit,
3297 4874 3404 4915 non
3433 4859 3625 4929 labiis,
3662 4859 3761 4918 sed

2178 4950 2356 5006 cordis
2395 4951 2618 5018 atl‘ectu;
2650 4952 2794 5007 unde
2830 4961 3012 5008 sancta
3055 4951 3380 5007 conscientia
3410 4949 3765 5022 loquebatur.

2181 5040 2320 5096 Deus
2342 5058 2481 5097 meus
2500 5058 2553 5098 es
2577 5052 2651 5110 tu,
2676 5057 2706 5097 a
2737 5042 2907 5098 forma
2928 5043 3068 5099 servi
3092 5043 3257 5099 Filius
3277 5040 3407 5098 dicit
3427 5040 3494 5098 ad
3518 5041 3764 5110 Patrem,

2183 5141 2242 5186 ιιι
2273 5131 2408 5188 duas
2459 5131 2778 5218 naturas.in
2807 5146 2909 5187 una
2938 5145 3166 5201 persona
3214 5130 3420 5187 Domini
3464 5129 3768 5188 Salvatoris

2181 5226 2460 5282 evidenter
2485 5241 2826 5296 agnosceres.
2861 5227 2966 5298 53
2991 5226 3108 5283 Una
3133 5241 3199 5283 ex
3229 5237 3411 5282 nostra
3439 5227 3768 5284 inﬁrmitate

2183 5317 2430 5386 humilis,
2461 5317 2628 5373 altera
2658 5333 2722 5374 ex
2747 5333 2841 5373 sua
2877 5325 3141 5389 potestate
3167 5318 3448 5385 mirabilis,
3477 5326 3537 5373 ut
3562 5319 3770 5375 intelli-

2183 5426 2280 5482 gas
2307 5411 2451 5480 quod
2486 5426 2676 5482 passus
2704 5423 2810 5476 est,
2840 5412 3007 5468 fuisse
3029 5411 3244 5479 carnis;
3276 5412 3414 5483 quod
3440 5412 3766 5478 resurrexit,

2184 5504 2576 5573 potentissima
2621 5504 2934 5574 majestatis.
2985 5501 3067 5557 Ad
3117 5501 3496 5558 destruendam
3547 5517 3772 5573 quoque

2179 5595 2538 5666 arrogantiam
2583 5593 2801 5648 humani
2847 5591 3080 5663 generis,
3115 5607 3234 5661 qua:
3278 5593 3393 5669 suis
3417 5592 3627 5649 viribus
3671 5594 3770 5649 ali-

2177 5686 2304 5755 quid
2331 5688 2455 5741 boni
2495 5701 2554 5742 se
2584 5685 2756 5740 facere
2781 5698 2937 5754 posse
2962 5684 3201 5749 conlidit,
3253 5684 3478 5752 addidit,
3508 5685 3765 5755 quoniam

2179 5779 2425 5833 bonorum
2455 5792 2680 5832 meorum
2710 5791 2810 5829 non
2838 5775 3059 5846 indiges.
3082 5774 3312 5830 Audiant
3339 5775 3441 5831 hoc
3460 5775 3766 5847 Pelagiani,

2181 5875 2273 5947 qui
2305 5874 2480 5944 aliqua
2515 5875 2650 5929 bona
2674 5879 2862 5942 putant
2889 5873 3002 5926 suis
3028 5870 3230 5927 viribus
3257 5869 3599 5941 applicanda.
3634 5870 3764 5928 Cla-
