4064 6360
330 461 460 541 ,ηδ

1297 460 1657 522 ΕΧΡο81Τ10
1694 460 1762 517 ΙΝ
1799 457 2256 518 PSALTERIUM.
2297 459 2495 518 PSAL.
2537 458 2653 517 XV.

3517 458 3621 515 114

352 586 464 635 mat
486 576 789 635 humanitas
814 576 981 635 Verbi
1018 575 1177 633 bonis
1197 574 1325 643 suis
1362 575 1534 631 Deum
1569 574 1791 647 penitus
1821 588 1929 630 non
1959 578 2015 639 Α
2038 572 2210 628 ventis
2238 552 2664 632 discurrentibus
2690 572 2922 629 similem
2949 570 3113 628 vitam
3148 586 3162 628 :
3196 572 3331 629 Mota
3352 587 3473 644 pars
3501 572 3618 629 luem

349 686 534 744 egere,
566 671 631 726 ad
654 672 824 740 ipsum
850 670 1092 726 referens
1113 671 1287 725 omnia
1312 670 1401 740 qui
1427 670 1555 744 [ed.,
1588 668 1729 740 quae]
1757 668 1930 725 dona-

350 766 450 837 vit,
479 781 588 821 non
612 764 679 819 ad
709 780 767 821 se
788 765 880 834 qui
908 765 1101 820 collata
1121 764 1377 834 suscepit.

426 853 582 913 Vers.
608 858 664 913 '5.
697 856 902 913 Sanctis
929 858 1018 927 qui
1060 856 1114 910 in
1160 865 1295 910 terra
1323 861 1441 909 sunt
1471 853 1609 923 ejus,
1640 853 1934 923 miriﬁcavit

352 964 528 1003 omnes
549 947 835 1002 voluntates
865 963 999 1002 meas
1025 948 1157 1002 inter
1197 946 1337 1000 illos.
1372 944 1527 1000 Prius
1556 944 1709 1000 nobis
1742 944 1938 999 verbo-

352 1057 474 1098 rum
504 1041 637 1097 ordo
682 1041 962 1113 ponendus
991 1050 1107 1109 est,
1150 1050 1210 1094 ut
1256 1052 1570 1094 sermonum
1603 1038 1934 1095 obscuritate

354 1134 627 1203 submota,
657 1148 850 1189 sensus
879 1132 1035 1187 nobis
1059 1131 1266 1187 facilius
1294 1132 1584 1187 elucescat.
1619 1129 1826 1185 Sanctis
1847 1132 1937 1201 qui

357 1236 477 1281 sunt
504 1226 561 1280 in
590 1233 730 1280 terra
750 1227 882 1297 ejus,
915 1223 1225 1293 miriﬁcavit,
1255 1221 1308 1276 id
1340 1228 1424 1278 est
1449 1221 1607 1276 Pater
1628 1235 1801 1275 omnes
1850 1236 1940 1275 vo-

357 1317 584 1370 luntates
612 1332 770 1371 meas.
815 1315 882 1371 Ut
931 1327 1286 1384 cognosceres
1337 1311 1610 1368 Christum
1654 1312 1939 1367 Dominum

358 1410 428 1465 ab
456 1410 641 1465 electis
664 1422 786 1465 esse
830 1406 1156 1478 diligendum
1179 1448 1194 1475 ,
1228 1405 1463 1474 addidi,
1491 1406 1623 1461 inter
1648 1405 1767 1460 illos
1792 1446 1807 1472 ,
1841 1405 1943 1462 hoc

359 1512 447 1559 est
474 1511 688 1558 sanctos
717 1502 809 1570 qui
851 1511 975 1556 sunt
1020 1501 1073 1555 in
1122 1510 1267 1557 terra
1292 1500 1617 1568 viventium;
1666 1515 1773 1555 non
1803 1499 1943 1556 inter

360 1594 627 1665 quoslibet
665 1593 845 1649 saeculi
894 1606 955 1648 se
1001 1592 1294 1648 ambitione
1331 1592 1632 1663 iactantes,
1673 1591 1771 1648 sed
1804 1592 1945 1648 inter

362 1687 487 1741 illos
545 1694 746 1740 tantum
794 1686 887 1756 qui
932 1686 1295 1755 praedestinati
1324 1695 1449 1741 sunt
1486 1685 1553 1741 ad
1581 1701 1745 1757 regna
1773 1686 1943 1743 ctelo-

363 1795 515 1846 rum;
561 1779 868 1852 signiﬁcans
890 1780 1204 1835 innocentes
1225 1787 1279 1835 et
1295 1779 1493 1850 justus,
1517 1780 1659 1835 inter
1675 1794 1810 1851 quos
1840 1780 1944 1836 mi-

361 1886 441 1925 ra:
472 1872 623 1925 lactat
653 1882 776 1925 sunt
799 1872 1102 1927 voluntates
1126 1871 1339 1926 Domini
1372 1871 1688 1937 Salvatoris,
1728 1872 1943 1942 quando

2034 666 2265 719 reditatis
2317 675 2363 719 et
2390 668 2566 723 colicis
2615 666 2865 723 Dominus
2910 677 3013 724 est.
3055 667 3347 724 ereditas
3388 672 3622 739 pertinet

2026 756 2103 837 ad
2122 826 2125 831 _
2144 757 2382 835 gentium
2406 757 2566 813 fidem
2585 798 2602 826 ,
2646 759 2783 815 calia:
2810 760 2877 815 ad
2900 760 3259 816 venerabilem
3291 761 3616 832 passionem,

2040 849 2129 920 qui
2176 849 2360 905 sobrie
2411 858 2628 919 potatus
2671 851 2880 906 confert
2913 851 3346 921 gloriosissimam
3376 867 3621 911 resurre-

2034 938 2293 997 ctionem.
2328 941 2397 997 Et
2423 941 2737 998 intuendum
2764 944 2905 1014 quod
2933 945 3181 999 voluntas
3218 960 3282 1001 ac
3310 946 3620 1004 distributio

2043 1037 2256 1092 Domini
2285 1037 2596 1109 frequenter
2612 1037 2750 1094 calix
2776 1050 3021 1109 ponatur.
3053 1040 3205 1098 Calia:
3226 1043 3368 1098 enim
3390 1058 3421 1098 a
3442 1042 3617 1098 calida

2041 1129 2217 1185 dictus
2253 1140 2336 1186 est
2382 1132 2627 1198 potione;
2657 1132 2908 1201 quoniam
2957 1134 3096 1188 sicut
3150 1134 3238 1190 ille
3266 1149 3358 1190 cor
3389 1134 3623 1191 hominis

2044 1223 2309 1278 exhilarat
2336 1222 2554 1291 bibitus,
2590 1224 2663 1278 ita
2686 1233 2739 1280 et
2779 1222 2867 1279 hic
2895 1233 3110 1280 sanctas
3130 1227 3335 1281 animas
3366 1235 3624 1297 perpetua

2039 1314 2300 1384 jucundat
2328 1316 2571 1370 haustus.
2598 1314 2677 1369 Tu
2695 1332 2766 1371 es.
2789 1318 3014 1372 Servata
3038 1316 3296 1387 obsequio
3324 1317 3622 1384 cbaritatis,

2044 1405 2215 1462 Filius
2243 1407 2376 1462 dicit
2402 1407 2466 1461 ad
2514 1408 2745 1474 Patrem,
2776 1423 2882 1465 non
2911 1408 3115 1465 deitate
3143 1409 3351 1477 minor,
3401 1410 3497 1467 sed
3528 1413 3627 1465 ltu-
3660 1470 3671 1493 ί

2046 1499 2304 1554 inanitate
2333 1498 2604 1567 subjectus
2629 1540 2644 1566 ,
2699 1500 2837 1555 sicut
2887 1508 2940 1556 et
2986 1501 3274 1571 Apostolus
3302 1501 3378 1556 ait
3405 1518 3419 1555 :
3444 1503 3628 1575 _Quan-
3658 1510 3665 1519 '

2047 1606 2201 1660 quam
2239 1599 2365 1645 esset
2390 1588 2561 1646 Filius
2587 1589 2721 1658 Dei,
2756 1592 2933 1648 didicit
2985 1608 3047 1648 ea:
3089 1594 3167 1648 his
3214 1609 3326 1663 quis
3353 1609 3532 1664 passus
3556 1601 3631 1649 est

2048 1684 2408 1752 obedientiam,
2439 1693 2485 1738 et
2516 1688 2769 1756 perfectus
2796 1690 2962 1757 factus
2987 1695 3059 1741 est
3094 1687 3325 1741 omnibus
3353 1687 3632 1741 obaudien-

2047 1773 2179 1827 tibus
2206 1774 2303 1827 sibi
2326 1790 2482 1828 causa
2504 1775 2685 1829 salutis
2713 1785 2917 1831 (eterna:
2965 1776 3152 1847 (Hebr.
3178 1792 3229 1845 v,
3256 1777 3331 1846 8).
3378 1775 3633 1831 Restitues

2046 1873 2225 1919 autem
2253 1863 2408 1931 dixit,
2433 1864 2685 1934 quoniam
2714 1865 2941 1921 faciente
2961 1865 3173 1921 diabolo
3199 1867 3436 1936 perierat
3465 1881 3633 1938 genus

364 1964 475 2019 illis
500 1963 867 2019 obedientibus
895 1972 950 2020 et
970 1964 1119 2033 jusea
1149 1965 1319 2034 ipsius
1339 1964 1679 2032 facientibus,
1707 1965 1774 2022 de
1804 1981 1949 2022 mor-
1977 1955 2027 2018 B
2053 1957 2366 2014 humanum.
2396 1958 2459 2013 Et
2485 1974 2671 2015 revera
2715 1959 2817 2029 ipsi
2841 1960 3082 2015 restituta
3108 1969 3191 2015 est
3221 1961 3513 2028 hatreditas,
3546 1960 3635 2016 cui

366 2056 563 2111 talibus
592 2065 822 2111 aeternos
848 2057 1084 2111 reddidit
1107 2098 1120 2118 .
1144 2066 1198 2111 et
1230 2056 1299 2113 de
1330 2058 1557 2114 terrenis
1584 2058 1832 2115 caelestes
1856 2059 1954 2116 be—

365 2151 560 2206 neﬁcio
585 2164 697 2206 sum
726 2150 936 2219 pietatis
970 2150 1168 2208 eﬂ'ecit.

439 2241 592 2297 Vers.
623 2242 679 2297 4.
714 2241 1069 2312 Μυιιὶριὶεαιαε
1085 2252 1203 2298 sunt
1222 2244 1359 2299 enim
1387 2244 1713 2314 inﬁrmitates
1734 2258 1911 2298 eorum
1933 2257 1954 2299 :

367 2342 539 2404 postea
595 2333 1021 2389 acceleraverunt.
1070 2334 1195 2389 Non
1235 2336 1552 2408 congregubo
1602 2333 1953 2390 conventicula

370 2443 543 2482 eorum
570 2427 634 2481 de
671 2428 1024 2499 sanguinibus.
1057 2427 1135 2484 De
1161 2430 1361 2484 sanctis
1386 2429 1535 2496 dicit,
1578 2428 1670 2501 qui
1724 2428 1955 2485 Domino

370 2519 727 2590 prospiciente
756 2520 899 2595 [mss.
926 2522 1014 2589 A.,
1038 2519 1127 2588 B.,
1149 2518 1244 2592 F.,
1273 2520 1640 2594 propitiante],
1661 2520 1955 2595 afﬂictione

371 2611 721 2668 saluberrima
748 2613 815 2668 de
835 2614 1021 2668 mundi
1048 2612 1204 2683 hujus
1246 2616 1555 2684 deceptiosa
1596 2616 1871 2686 voluptate
1892 2615 1955 2671 li-

367 2701 545 2758 berati
575 2710 718 2756 sunt.
752 2703 905 2757 Prius
926 2704 1069 2757 enim
1114 2704 1461 2774 multiplicata
1483 2714 1569 2760 est
1594 2705 1706 2760 illis
1735 2721 1835 2776 per
1860 2720 1951 2762 se-

370 2795 659 2848 veritatem
692 2794 825 2863 legis
853 2794 1133 2849 infirmitas
1153 2797 1406 2863 carnalis,
1435 2804 1494 2851 ut
1516 2799 1582 2852 ad
1606 2798 1741 2852 Novi
1767 2798 1958 2854 Testa-

368 2884 542 2939 menti
588 2882 947 2939 liberatricem
1002 2887 1229 2956 gratiam
1262 2886 1669 2943 desiderabilius
1708 2888 1958 2958 perveni-

370 2984 496 3033 rent
526 2991 699 3047 :quos
722 2977 856 3032 dicit
878 2994 986 3034 non
1014 2980 1277 3059 sanguine
1300 2980 1563 3050 pecudum
1596 2991 1686 3036 aut
1718 2982 1959 3038 victima-

374 3085 496 3125 rum
531 3069 919 3126 consuetudine
965 3073 1405 3141 congregandos;
1459 3074 1554 3129 sed
1588 3075 1958 3132 immolatione

376 3162 590 3217 scilicet
609 3164 851 3233 corporis
873 3174 927 3219 et
955 3167 1232 3234 sanguinis
1256 3168 1360 3234 sui,
1391 3182 1510 3237 quae
1542 3167 1834 3223 humanum
1863 3185 1956 3241 ge-

380 3270 482 3309 nus
525 3263 637 3309 toto
665 3256 796 3311 orbe
813 3257 1081 3312 celebrata
1103 3257 1351 3313 salvavit.
1380 3258 1515 3313 Nam
1538 3267 1592 3315 et
1618 3260 1791 3332 ipsum
1814 3261 1957 3331 quod

2053 2061 2179 2108 ante
2208 2050 2573 2108 conditionem
2629 2065 2815 2106 rerum
2868 2052 3040 2105 fuerat
3069 2052 3123 2107 in
3166 2052 3637 2131 praedestinatione

2053 2144 2265 2201 collata.
2313 2143 2603 2201 Ηωνεάὶιαε
2644 2145 2789 2201 enim
2834 2143 2903 2202 ab
2930 2144 3101 2216 hero,
3132 2145 3185 2201 id
3228 2152 3314 2202 est
3359 2138 3637 2201 a'domino

2054 2240 2196 2297 dicta
2227 2249 2335 2297 est.

2128 2333 2283 2389 Vers.
2317 2333 2370 2387 7.
2416 2332 2596 2390 Funes
2641 2334 2932 2390 ceciderunt
2983 2332 3109 2389 mihi
3132 2333 3190 2389 in
3235 2332 3498 2403 praeclaris
3526 2348 3545 2388 :
3572 2339 3642 2388 ct-

2054 2426 2190 2483 enim
2218 2426 2489 2483 Ittereditas
2525 2445 2640 2485 mea
2694 2429 2945 2500 praeclara
2973 2438 3047 2485 est
3073 2429 3220 2502 mihi.
3264 2428 3448 2485 Prisco
3491 2442 3642 2485 more

2054 2519 2276 2576 funibus
2302 2528 2567 2578 terrarum
2616 2522 2957 2579 dividebatur
2994 2522 3318 2591 haereditas,
3368 2531 3427 2579 ut
3479 2537 3642 2580 unus~

2058 2612 2285 2683 quisque
2312 2614 2378 2668 ad
2402 2629 2711 2670 mensuram
2741 2616 2914 2685 Spatia
2965 2615 3173 2670 telluris
3204 2630 3302 2686 pro
3345 2616 3643 2685 quantitate

2058 2705 2245 2760 tributi
2274 2713 2327 2761 et
2348 2721 2597 2776 persona;
2646 2722 2757 2761 sua:
2796 2707 3056 2777 qualitate
3106 2709 3447 2776 perciperet;
3505 2709 3645 2764 sicut

2059 2797 2273 2867 Moyses
2302 2799 2497 2868 legitur
2526 2800 2583 2854 in
2629 2799 2810 2853 Veteri
2850 2799 3197 2854 Testamento
3228 2798 3405 2853 Josue‘
3442 2813 3643 2869 praece-

2059 2891 2205 2962 pisse
2227 2900 2287 2945 ut
2310 2889 2524 2946 funibus
2552 2892 2898 2948 distribueret
2920 2892 3288 2948 haereditatem
3320 2902 3477 2948 terrae
3512 2907 3636 2963 pro-

2060 2985 2333 3040 missionis
2390 2985 2511 3050 ﬁliis
2556 2985 2739 3042 lsrael.
2772 2987 2925 3043 Unde
2952 3003 3093 3042 nunc
3138 2988 3331 3043 merito
3381 2988 3645 3046 funiculus

2063 3072 2220 3141 dixit,
2243 3075 2366 3144 quia
2397 3075 2728 3134 haereditatis
2776 3093 2885 3132 suae
2930 3078 3266 3134 latitudinem
3317 3079 3646 3152 gloriamque

2061 3167 2400 3222 memoravit.
2456 3166 2690 3223 Possunt
2744 3178 2800 3224 et
2829 3170 2974 3241 funes
3026 3168 3196 3239 accipi
3251 3169 3411 3241 hujus
3459 3174 3643 3227 saeculi

2062 3258 2294 3313 tristitiae
2332 3273 2587 3315 nexuosaa
2613 3276 2626 3327 ;
2655 3274 2778 3314 nam
2803 3268 2859 3315 et
2887 3260 2988 3329 ipsi
3015 3261 3162 3330 funes
3201 3275 3231 3315 a
3262 3258 3537 3317 funeribus
3562 3263 3647 3318 di-

380 3346 530 3413 dicit,
555 3349 619 3402 de
642 3350 996 3421 sanguinibus,
1023 3352 1282 3421 pecudum
1304 3351 1570 3423 designat,
1603 3354 1692 3422 qui
1725 3364 1851 3409 tunc
1875 3369 1958 3410 co.
1985 3338 2031 3403 C
2061 3350 2132 3405 cti
2163 3357 2305 3414 sunt.
2337 3334 2478 3420 quod
2503 3352 2553 3405 in
2586 3350 2801 3405 modum
2828 3365 3107 3406 cercurum
3127 3359 3252 3406 ante
3272 3351 3529 3407 cadavera
3559 3353 3648 3408 in-

385 3442 566 3512 piosus
616 3442 670 3497 in
703 3444 983 3500 sacriﬁciis
1031 3446 1383 3514 fundebatur;
1431 3448 1522 3517 qui
1571 3449 1708 3503 ritus
1751 3458 1959 3518 postea,

384 3532 597 3591 Christo
629 3534 855 3591 Domino
886 3539 1135 3595 veniente
1157 3584 1173 3609 ,
1228 3549 1460 3594 mutatus
1486 3549 1591 3595 est.
1639 3540 1751 3596 Hoc
1784 3551 1962 3597 autem

383 3642 579 3685 nomen
597 3669 613 3695 ,
642 3629 706 3684 de
731 3630 1065 3701 sanguinibus
1087 3672 1104 3699 ,
1133 3640 1320 3687 contra
1350 3643 1520 3687 artem
1552 3633 1784 3702 positum
1833 3648 1965 3689 con-

386 3730 497 3777 stat
520 3734 638 3776 esse
684 3722 1087 3792 grammaticam
1119 3764 1134 3789 ,
1190 3723 1330 3793 apud
1369 3712 1528 3795 quam
1558 3724 1776 3793 pluralis
1807 3724 1965 3794 huius

393 3813 543 3868 verbi
568 3828 819 3869 numerus
842 3829 947 3869 non
982 3814 1245 3882 habetur;
1273 3824 1328 3871 et
1367 3816 1489 3872 ideo
1519 3817 1659 3872 inter
1690 3816 1965 3885 idiomata,

386 3903 443 3960 id
471 3912 553 3959 est
579 3904 793 3974 propria
816 3903 1109 3974 Scriptura:
1136 3905 1330 3961 divina:
1358 3906 1748 3961 numerandum
1778 3914 1882 3962 est.

465 3996 617 4053 Vers.
646 3998 701 4051 5.
734 3996 848 4052 Nec
876 4015 1066 4053 memor
1094 4016 1178 4054 ero
1205 4002 1471 4054 nominum
1518 4016 1691 4054 eorum
1718 4016 1809 4071 per
1830 3999 1970 4056 labia

388 4104 519 4144 mea.
550 4088 777 4145 Nomina
823 4090 916 4145 illa
952 4091 1168 4161 antiqua
1197 4106 1317 4161 qua:
1358 4090 1600 4146 inﬁdeles
1645 4088 1969 4158 habuerunt,

386 4184 631 4252 sequenti
668 4181 803 4236 dicit
840 4181 1009 4251 gratia
1067 4186 1413 4236 commutata.
1470 4181 1628 4236 Prius
1657 4181 1800 4235 enim
1842 4179 1972 4236 dicti

388 4285 514 4330 sunt
541 4273 635 4329 lilii
664 4276 776 4344 im,
805 4274 901 4328 ﬁlii
946 4274 1164 4341 diaboli,
1186 4273 1279 4329 ﬁlii
1307 4275 1512 4341 carnis;
1544 4286 1663 4345 post
1683 4274 1970 4330 adventum

390 4365 791 4433 veroDomini,
836 4366 1002 4422 sacris
1051 4364 1285 4421 fontibus
1312 4366 1479 4421 renati
1505 4407 1520 4433 ,
1552 4365 1803 4437 appellati
1848 4373 1974 4423 sunt

389 4457 704 4525 Christiani,
737 4458 831 4513 ﬁlii
858 4460 973 4528 Dei,
1006 4458 1165 4514 amici
1184 4458 1400 4529 Sponsi.
1430 4457 1555 4513 Non
1584 4460 1680 4529 fuit
1708 4473 1837 4529 ergo
1858 4474 1974 4513 me-

391 4567 506 4607 mor
524 4552 788 4605 nominum
813 4552 1041 4619 illorum,
1075 4553 1288 4623 quando
1315 4552 1469 4606 novis
1496 4550 1804 4606 hominibus
1826 4564 1972 4607 nova

394 4643 654 4699 vocabula
678 4653 890 4699 constat
914 4644 1183 4714 imposita.
1224 4642 1383 4697 Labia
1408 4658 1537 4699 vero
1567 4643 1727 4712 Regis
1747 4642 1969 4709 Christi,

393 4736 503 4792 duo
525 4736 609 4792 hic
632 4736 891 4791 debemus
916 4737 1160 4805 accipere
1184 4734 1548 4803 Testamenta,
1600 4750 1695 4806 per
1726 4751 1845 4801 qua:
1881 4750 1975 4789 vo-

394 4829 631 4885 luntates
673 4822 1123 4899 ejuseuuntiatas
1164 4842 1286 4883 esse
1323 4827 1715 4898 cognoscimus.
1745 4826 1976 4883 Pulchre

396 4931 578 4980 autem
599 4921 741 4978 dicta
767 4930 894 4978 sunt
923 4922 1079 4992 labia,
1138 4922 1353 4993 quando
1378 4931 1602 4991 utraque
1629 4935 1853 4989 regnum
1880 4920 1977 4977 Dei

400 5015 714 5087 praedicant,
744 5016 881 5070 etin
910 5014 1067 5069 unius
1116 5013 1238 5068 soni
1279 5012 1565 5068 concordia
1591 5053 1607 5081 ,
1650 5012 1789 5067 sicut
1833 5011 1976 5068 labia

400 5118 770 5181 temperantur
794 5151 809 5178 ,
856 5107 983 5164 dum
1010 5108 1211 5183 cordis
1242 5107 1325 5181 sit
1362 5106 1646 5162 memoria.
1678 5105 1819 5161 Dicit
1845 5106 1931 5161 hic
1959 5123 1975 5163 :

402 5203 517 5259 Nec
549 5218 741 5258 mensor
768 5213 857 5258 ero
884 5202 1147 5257 nominum
1183 5217 1357 5257 eorum
1387 5218 1476 5272 per
1504 5200 1642 5256 labia
1670 5217 1799 5256 mea.
1823 5200 1980 5269 Quod

401 5298 543 5355 inter
572 5298 785 5368 propria
835 5296 1129 5367 Scriptura:
1173 5294 1369 5350 divinas
1407 5294 1667 5351 debemus
1716 5293 1981 5364 accipere,

400 5392 543 5446 sicut
584 5392 720 5447 etin
767 5389 1039 5461 septimo,
1070 5395 1126 5445 et
1151 5387 1207 5443 in
1236 5386 1446 5444 decimo
1498 5387 1707 5458 psalmo
1747 5384 1859 5459 iam
1904 5385 1987 5442 di-

406 5490 547 5537 ctum
571 5490 676 5538 est.

476 5574 634 5633 Vers.
662 5572 717 5631 6.
761 5573 1015 5630 Dominus
1044 5589 1166 5646 pars
1209 5570 1523 5629 hereditatis
1575 5586 1701 5627 mete
1731 5577 1781 5627 et
1805 5570 1984 5626 colicis

404 5670 536 5725 mei:
551 5679 605 5724 tu
616 5685 668 5725 ss
686 5672 776 5738 qui
792 5669 1027 5724 restitues
1044 5668 1171 5724 mihi
1188 5667 1377 5723 hwretli
1383 5673 1533 5722 tatem
1545 5681 1731 5722 meam.
1760 5666 1982 5720 Beatum

404 5780 598 5821 revera
622 5763 985 5836 magisterium
999 5761 1127 5819 illud
1138 5764 1361 5833 eligere,
1378 5761 1519 5833 quod
1541 5774 1814 5830 nunquam
1836 5758 1986 5815 novit

406 5860 582 5928 aliqua
612 5860 997 5929 permutatione
1029 5858 1276 5915 transire.
1303 5856 1435 5911 Tale
1463 5862 1546 5910 est
1565 5854 1707 5911 enim
1738 5868 1800 5909 ac
1829 5854 1873 5909 si
1893 5853 1981 5909 di-

406 5961 557 6011 ceret
580 5970 594 6008 :
624 5953 835 6019 Eligant
852 5953 952 6010 sibi
982 5952 1074 6009 alii
1103 5949 1400 6008 mundanas
1416 5946 1899 6018 concupiscentias,
1928 5952 1984 6001 et

2066 3443 2471 3509 cendebantur;
2504 3444 2594 3513 qui
2650 3444 2767 3497 sine
2813 3443 2977 3497 dubio
3006 3444 3059 3497 in
3099 3444 3361 3514 praeclaris
3400 3443 3649 3499 conversi

2068 3542 2211 3615 sunt,
2240 3534 2367 3589 dum
2391 3534 2457 3588 ad
2489 3535 2896 3589 resurrectionis
2918 3543 3116 3589 aeterna
3139 3549 3359 3590 munera
3382 3550 3648 3605 pervene-

2067 3635 2212 3683 runt.
2242 3625 2529 3682 Hier-editas
2562 3636 2739 3683 autem
2768 3625 2970 3683 Christi
2990 3638 3073 3683 est
3105 3627 3483 3696 prtedestinata
3509 3627 3651 3683 mul-

2070 3718 2240 3774 titudo
2267 3729 2595 3774 sanctorum.
2627 3720 2728 3777 Ubi
2759 3720 2880 3776 ideo
2927 3721 3167 3777 additum
3213 3730 3297 3778 est
3321 3723 3447 3776 mihi
3471 3763 3488 3787 ,
3525 3723 3652 3792 quia

2069 3828 2179 3868 non
2219 3814 2271 3868 in
2294 3828 2353 3869 se
2382 3815 2682 3868 secundum
2713 3814 3122 3882 humanitatem,
3152 3815 3247 3871 sed
3277 3815 3333 3871 in
3361 3815 3518 3871 Patre
3537 3816 3653 3885 glo-

2068 3904 2259 3960 riatur.
2288 3904 2395 3960 Sed
2417 3920 2538 3960 cum
2572 3905 2791 3974 dixerit,
2821 3907 3145 3975 praeclaram,
3168 3908 3337 3976 quaeri
3361 3913 3539 3975 potest
3557 3922 3654 3964 cur

2072 3995 2440 4053 haereditatem
2471 3999 2627 4052 istam
2652 3999 2754 4053 sibi
2782 3999 3042 4054 cecidisse
3061 3999 3241 4055 dicat?
3262 3998 3415 4065 Quod
3432 3998 3655 4056 verbum

2073 4092 2312 4146 adversis
2342 4091 2482 4145 solet
2524 4091 2737 4146 casibus
2762 4091 3040 4160 applicari.
3074 4090 3180 4145 Sed
3211 4090 3314 4146 hoc
3350 4091 3655 4159 eloquentia

2073 4181 2253 4236 divina
2285 4190 2340 4236 et
2386 4183 2438 4235 in
2486 4176 2642 4235 bonis
2672 4182 2865 4247 utitur;
2889 4183 2965 4238 ait
2987 4183 3134 4237 enim
3174 4183 3231 4236 in
3274 4182 3497 4239 Actibus
3524 4198 3656 4254 apo-

2074 4274 2335 4329 stolorum
2368 4289 2383 4326 :
2417 4271 2544 4327 Sors
2601 4272 2783 4327 cecidit
2808 4272 3273 4347 super‘Mattltiam
3298 4274 3435 4348 (Act.
3468 4292 3510 4343 ι,
3539 4276 3657 4349 26),

2073 4370 2258 4441 utique
2295 4384 2416 4425 cum
2451 4369 2624 4425 honor
2660 4368 2736 4425 illi
2771 4370 3106 4441 apostolatus
3134 4370 3449 4441 provenisse
3475 4370 3658 4430 divino

2069 4462 2272 4533 judicio
2300 4462 2581 4519 referatur.
3414 4472 3415 4475 ‘

2151 4554 2302 4611 Vers.
2332 4556 2386 4612 8.
2416 4554 2728 4610 Benedicam
2755 4553 3038 4612 Dominum
3058 4599 3075 4626 ,
3108 4556 3197 4627 qui
3226 4555 3406 4609 tribuit
3428 4554 3556 4609 mihi
3574 4555 3660 4611 in-

2080 4647 2339 4701 tellectum
2370 4661 2389 4699 :
2418 4646 2633 4714 insuper
2660 4654 2709 4701 et
2737 4662 2897 4718 usque
2931 4647 2999 4700 ad
3048 4655 3246 4700 noctem
3288 4646 3660 4715 increpuerunt

2003 4716 2059 4777 Ῑ)
2083 4754 2163 4793 me
2192 4754 2335 4793 renes
2365 4737 2483 4791 mei.
2531 4738 2611 4792 Ad
2640 4716 2930 4793 secundam
2983 4746 3296 4807 perventum
3345 4744 3429 4793 est
3455 4736 3662 4793 sectio-

2034 4852 2035 4855 η
2082 4844 2229 4898 nem,
2259 4829 2315 4882 in
2354 4842 2457 4896 qua
2482 4827 2732 4883 subtilius
2760 4826 3102 4898 intelligenda
3132 4833 3216 4881 est
3259 4834 3445 4882 sancta
3468 4827 3663 4898 praedi-

2082 4922 2246 4977 catio.
2278 4920 2488 4989 Quanta
2518 4920 2852 4991 providentia
2877 4917 3385 4990 jamtunc’btereses
3410 4926 3664 4977 venturas

2084 5014 2418 5080 excluserit,
2470 5020 2530 5068 ut
2578 5011 2878 5067 incarnatio
2902 5009 3171 5064 dominica
3199 5010 3529 5066 intellectum
3561 5010 3664 5068 sibi

2087 5106 2490 5177 pronuntiasset
2513 5119 2545 5160 a
2570 5104 2796 5160 Domino
2846 5100 3248 5170 contributum;
3283 5103 3433 5158 illum
3461 5102 3666 5159 scilicet

2088 5212 2195 5269 quo
2218 5198 2393 5253 omnia
2418 5211 2544 5252 vera
2567 5203 2858 5264 sanctaque
2876 5195 3135 5251 cernebat
3161 5213 3175 5250 :
3209 5209 3277 5251 ne
3298 5194 3424 5266 quid
3445 5195 3549 5251 sibi
3569 5194 3666 5251 hu-

2090 5302 2250 5344 mana
2278 5287 2561 5343 inﬁrmitas
2586 5284 2902 5356 applicaret,
2935 5300 3057 5341 cum
3084 5285 3247 5341 nullis
3290 5285 3499 5342 meritis
3530 5300 3667 5356 prte-

2090 5381 2427 5448 cedentibus,
2451 5378 2546 5435 sed
2567 5377 2749 5449 gratiae
2765 5378 3007 5450 largitate
3025 5378 3297 5449 profutura
3323 5386 3669 5446 praestentur.

2089 5475 2371 5545 Sequitur,
2402 5475 2763 5543 increpuerunt
2793 5490 2873 5529 me
2891 5489 3037 5529 renes
3060 5472 3160 5527 mei
3186 5512 3202 5539 ,
3248 5484 3311 5527 ac
3340 5473 3384 5528 si
3415 5471 3619 5527 diceret
3650 5488 3666 5524 :

2094 5583 2255 5640 supra
2284 5568 2422 5623 mala
2453 5582 2572 5638 quae
2610 5567 2741 5623 mihi
2780 5567 2906 5622 fecit
2962 5565 3137 5621 omnis
3178 5564 3428 5634 cognatio
3458 5563 3668 5618 Judaeu-

2092 5677 2248 5728 rum;
2277 5660 2498 5731 insuper
2526 5669 2581 5716 et
2616 5660 2684 5715 de
2711 5658 2853 5715 tribu
2896 5656 3048 5713 Iudae
3100 5670 3186 5711 me
3234 5655 3543 5725 increpasse
3569 5666 3668 5707 no-

2092 5762 2335 5820 scuntur,
2358 5751 2499 5808 unde
2531 5736 2788 5808 Dominus
2838 5748 3083 5804 Christus
3110 5747 3405 5802 secundum
3451 5757 3670 5799 carnem

2092 5846 2304 5902 trahere
2332 5844 2588 5915 probatur
2615 5843 2893 5914 originem.
2922 5841 3090 5910 Usque
3112 5837 3181 5889 ad
3203 5845 3420 5899 noctem,
3437 5830 3501 5884 ad
3528 5846 3648 5887 mor

2093 5951 2201 5999 tem
2229 5939 2517 6011 signiﬁcat.
2570 5937 2738 5994 Renes
2793 5949 2921 5992 vero
2967 5926 3306 6002 parentelam
3359 5921 3661 5984 declarant,

4060 642 4061 717 l

4060 788 4061 831 ι
