4016 6344
425 475 526 532 H5

1706 471 1777 528 Μ.
1819 468 2099 529 AURELII
2139 471 2536 528 CASSIODORI

3606 468 3706 524 “6

426 605 521 662 per
571 604 703 657 quos
749 587 1064 646 solemniter
1104 589 1211 663 54
1249 587 1527 661 generatio
1582 589 1814 646 humana
1844 589 2011 646 semi-
2039 590 2093 652 Α
2125 603 2223 658 que
2251 588 2304 640 in
2325 588 2500 658 ﬁnem.
2532 585 2665 643 Cum
2695 586 2880 644 omnia
2905 583 3229 658 complesset
3255 584 3322 642 de
3357 584 3438 641 sui
3467 587 3706 656 corporis

428 692 604 738 natur.

502 774 652 829 Vers.
691 773 745 828 9.
782 773 1119 828 Providebam
1167 771 1451 830 Dominum
1488 773 1544 828 in
1595 779 1868 840 conspectu
1904 787 2014 825 meo

428 883 644 936 semper,
674 867 912 938 quoniam
939 883 970 918 a
1009 866 1203 920 dextris
1248 876 1322 920 est
1366 865 1514 933 mihi,
1565 881 1628 919 ne
1676 879 2012 918 commoveor.

431 959 758 1028 Exponendo
779 957 903 1028 quid
933 956 1146 1023 fecerit,
1173 957 1336 1012 tradit
1365 958 1520 1013 nobis
1547 957 1816 1028 singulare
1843 970 2015 1011 reme-

430 1051 576 1108 dium
599 1066 703 1122 quo
724 1059 940 1121 peccata
969 1052 1221 1107 vitemus.
1245 1051 1378 1106 Nam
1406 1049 1498 1122 qui
1518 1050 1667 1106 illum
1697 1065 1910 1120 semper
1935 1049 2017 1104 in-

433 1158 608 1205 tuetur
629 1148 743 1205 acie
771 1149 991 1214 mentis,
1022 1149 1327 1203 nullatenus
1349 1147 1412 1202 ad
1440 1146 1632 1202 delicta
1663 1145 2013 1200 convertitur.

431 1240 522 1297 Sic
549 1241 762 1311 quando
792 1241 991 1306 veritas
1023 1257 1117 1297 cor
1145 1240 1430 1308 inhabitat,
1465 1240 1741 1294 introitum
1767 1237 2018 1294 falsitatis

431 1332 706 1388 emendat.
741 1331 876 1387 Dicit
920 1332 1082 1388 etiam
1112 1347 1330 1388 causam
1367 1346 1469 1402 qua
1515 1338 1695 1387 motus
1750 1345 1856 1386 non
1889 1339 2012 1395 est;

433 1423 665 1479 Domino
692 1425 953 1496 siquidem
987 1443 1019 1479 a
1064 1425 1258 1479 dextris
1297 1425 1618 1494 opitulante,
1651 1423 1874 1478 sinistra
1909 1436 2018 1478 non

432 1519 760 1589 praevalent;
793 1518 886 1572 sed
917 1519 1130 1574 animus
1155 1533 1313 1586 quem
1348 1518 1436 1574 ille
1465 1517 1720 1584 custodit,
1747 1516 1800 1571 in
1830 1531 1897 1572 eo
1928 1514 2021 1570 fir-

431 1611 709 1669 missimus
739 1621 1070 1683 perseverat.
1110 1613 1360 1684 Congrue
1391 1620 1570 1668 autem
1612 1610 1713 1665 sibi
1736 1607 2019 1667 Dbminum

431 1721 460 1761 a
493 1705 696 1761 destris
724 1719 845 1760 esse
872 1705 1109 1771 dicebat,
1156 1706 1279 1776 quia
1307 1705 1349 1760 si
1379 1704 1470 1760 ille
1508 1705 1646 1760 hanc
1677 1712 1882 1773 partem
1912 1716 2019 1756 non

433 1804 698 1871 tenuerit,
730 1803 912 1858 statim
960 1816 1081 1856 eam
1111 1801 1380 1857 insidians
1419 1799 1665 1856 diabolus
1693 1797 2018 1868 occupabit;

432 1895 570 1951 sicut
597 1896 666 1952 de
695 1895 832 1953 Juda
855 1897 1114 1968 scriptum
1145 1906 1228 1952 est
1256 1916 1269 1953 :
1303 1895 1565 1952 Constitue
1586 1911 1738 1964 super
1770 1911 1884 1950 eum
1907 1909 2024 1964 pec-

2124 681 2436 746 sanctitale,
2462 694 2651 736 versus
2678 679 2778 735 iste
2806 679 2858 734 in
2883 679 3285 735 conclusionem
3313 676 3571 732 deductus
3599 686 3705 744 est,

2122 773 2398 844 pertinens
2431 773 2595 828 etiam
2642 771 2706 826 ad
2734 770 2945 841 justos,
2987 770 3077 840 qui
3105 768 3221 840 ejus
3247 768 3450 838 eligunt
3484 767 3706 824 obedire

2120 864 2408 921 mandatis.
2459 863 2630 919 Notas
2661 864 2787 918 mihi
2815 863 2979 936 fecisti
3004 863 3111 916 vias
3132 861 3264 928 ritte,
3297 860 3348 916 id
3378 869 3460 916 est
3503 875 3599 932 per
3617 875 3709 917 me

2121 961 2295 1017 fecisti
2327 962 2618 1017 humanum
2649 975 2816 1031 genus
2846 959 2948 1014 iter
2981 956 3146 1012 vitale
3171 969 3530 1025 cognoscere,
3566 963 3623 1010 ut
3651 955 3708 1010 in

2120 1056 2391 1114 mandatis
2422 1056 2524 1112 tuis
2557 1054 2837 1110 humiliter
2864 1052 3208 1108 ambulantes
3233 1090 3250 1116 ,
3296 1047 3586 1106 mortitera:
3615 1064 3706 1104 su-

2121 1151 2321 1223 perbia:
2375 1165 2582 1207 venena
2632 1148 2985 1206 declinarent.
3026 1144 3340 1216 Adimplebis
3377 1161 3456 1200 nte
3480 1187 3496 1215 ,
3534 1143 3587 1198 id
3623 1150 3707 1200 est

2128 1243 2286 1300 valde
2318 1242 2586 1313 implebis.
2619 1242 2745 1296 Plus
2780 1249 2862 1297 est
2902 1239 3045 1296 enim
3093 1254 3125 1292 a
3174 1237 3335 1308 pleno
3375 1238 3703 1308 adimplere:

2122 1335 2208 1392 hic
2235 1335 2325 1407 qui
2354 1334 2515 1392 mittit
2545 1335 2600 1390 in
2617 1334 2788 1406 pleno
2821 1332 3014 1387 fundit.
3047 1328 3140 1386 Ilia
3172 1338 3353 1386 autem
3402 1329 3585 1384 laetitia
3624 1329 3704 1385 sic

2121 1428 2416 1500 adimplet,
2441 1437 2500 1484 ut
2531 1441 2746 1500 semper
2789 1436 2896 1482 tota
2930 1433 3200 1480 teneatur.
3231 1423 3513 1494 Significat
3543 1423 3704 1479 etiam

2117 1521 2294 1594 justos
2317 1535 2507 1577 omnes
2529 1521 2582 1575 in
2621 1518 2710 1576 illa
2740 1516 3072 1576 beatitudine
3108 1515 3293 1572 laetitia
3321 1514 3701 1588 vultus_Domi-

2124 1616 2177 1672 ni
2207 1628 2328 1670 esse
2362 1614 2710 1685 complendus
2742 1630 2758 1672 :
2808 1613 2864 1668 in
2909 1611 3130 1684 quibus,
3172 1609 3298 1681 quia
3331 1610 3444 1680 ipse
3492 1617 3610 1677 est,
3646 1623 3708 1666 se

2125 1707 2408 1780 adimplcri
2461 1720 2619 1778 posse
2667 1713 2914 1762 testatur.
2951 1703 3058 1760 Sed
3097 1702 3370 1773 paululum
3403 1712 3708 1772 perscrute-

2127 1815 2246 1856 mur
2272 1799 2557 1854 sollicitius
2581 1798 2703 1869 quid
2737 1799 2805 1853 sit
2825 1797 2965 1867 quod
2986 1796 3074 1852 hic
3096 1796 3151 1852 in
3181 1795 3402 1852 dextera
3429 1795 3603 1850 Patris
3629 1795 3709 1850 di-

2127 1899 2216 1946 cat
2243 1906 2303 1947 se
2335 1888 2784 1946 delectationibus
2821 1885 3256 1958 adimpleudum,
3301 1901 3424 1942 cum
3465 1884 3711 1956 superius

432 1998 675 2057 calorem,
704 2001 752 2045 et
774 1991 1009 2048 diabolus
1034 1999 1129 2046 stet
1152 2009 1184 2046 a
1210 1992 1402 2046 dextris
1425 1993 1538 2063 ejus
1569 1988 1741 2062 (Psal.
1766 2003 1913 2056 cvnt,
1944 1986 2022 2058 6).
2051 1985 2103 2049 B
2129 1982 2325 2040 dixerit
2349 2001 2361 2036 :
2399 1983 2655 2049 Quoniam
2681 1997 2711 2038 a
2737 1981 2928 2038 dsxlris
2953 1988 3026 2036 est
3053 1979 3177 2034 mihi
3204 1996 3267 2036 ne
3290 1994 3626 2035 commouear.
3655 1969 3724 2036 ini

505 2084 666 2141 Vers.
693 2086 780 2141 10.
812 2083 1039 2158 Propter
1060 2086 1156 2141 hoc
1184 2086 1490 2142 delectatum
1513 2092 1585 2140 est
1623 2099 1711 2140 cor
1754 2098 1948 2150 meum,
1978 2089 2026 2138 et

434 2184 705 2238 exsultabit
735 2185 910 2257 lingua
938 2201 1082 2249 mea;
1114 2185 1328 2253 insuper
1353 2191 1400 2236 et
1430 2197 1552 2236 caro
1593 2196 1706 2234 mea
1747 2179 2026 2250 requiescet

439 2275 492 2327 in
522 2291 629 2345 spe.
655 2274 877 2348 Propter
895 2276 1012 2343 hoc,
1035 2274 1179 2346 quod
1203 2274 1289 2328 ille
1316 2274 1523 2330 scilicet
1545 2287 1574 2326 a
1603 2270 1808 2328 dextris
1833 2269 2024 2335 astitit,

435 2375 489 2422 et
512 2366 561 2421 in
586 2367 1005 2439 cogitationibus
1045 2367 1158 2423 suis
1184 2365 1577 2439 jucunditatem
1607 2373 1663 2421 et
1710 2362 2028 2420 exsultatio-

436 2475 557 2515 nem
588 2460 779 2531 lingute
807 2460 1051 2515 obortam
1082 2459 1183 2516 sibi
1212 2474 1332 2515 esse
1356 2466 1600 2514 testatur.
1632 2456 1749 2528 ipsa
1766 2463 1851 2512 est
1880 2457 2028 2512 enim

439 2556 679 2625 perfecta
706 2554 915 2620 imtitia,
948 2569 1066 2624 qua:
1098 2565 1152 2609 et
1203 2553 1358 2608 hilari
1399 2552 1563 2610 corde
1613 2551 1941 2620 concipitur,
1973 2559 2029 2608 et

441 2649 606 2704 alacri
637 2662 886 2704 sermone
920 2647 1212 2717 profertur.
1259 2647 1390 2702 Nam
1419 2647 1558 2702 sicut
1585 2646 1723 2701 dixit
1750 2646 1819 2701 de
1847 2644 2026 2712 malis,

435 2740 663 2810 insuper,
696 2739 765 2794 ita
824 2753 1130 2796 sermonem
1165 2738 1366 2810 ipsum,
1425 2748 1480 2794 et
1511 2739 1564 2794 in
1594 2739 1752 2794 bonis
1794 2737 2026 2800 iteravit,

437 2838 496 2885 ut
524 2829 817 2884 secundum
859 2842 1165 2884 mensuram
1209 2827 1574 2884 molestiarum
1608 2829 1914 2884 humanitas
1943 2829 2030 2898 ip-

437 2922 548 2980 sius
602 2923 846 2979 ccelestia
898 2922 1093 2994 gaudia
1146 2922 1416 2993 recepisse
1460 2922 1796 2979 crederetur.
1853 2922 2028 2994 Supra

438 3015 828 3071 exsultationes
850 3015 1048 3085 quippe
1101 3030 1227 3070 suas
1257 3015 1360 3071 sibi
1388 3015 1566 3072 adhuc
1611 3016 1741 3071 dicit
1791 3017 2030 3073 crevisse

439 3106 717 3173 laetitiam;
749 3105 893 3176 quod
914 3119 1042 3160 caro
1072 3106 1162 3160 illa
1205 3107 1498 3176 passibilis,
1529 3121 1689 3176 quam
1720 3122 1818 3178 pro
1845 3119 2029 3164 nostra

441 3199 678 3255 omnium
710 3202 880 3254 salute
931 3197 1190 3270 suscepit,
1237 3199 1520 3254 veritatem
1555 3187 1812 3269 gloriosae
1845 3214 2027 3258 resur‘

441 3290 693 3346 rectionis
724 3291 1033 3360 incorrupta
1086 3291 1402 3360 promeruit.
1457 3289 1588 3358 Qua:
1631 3290 1799 3362 figura
1837 3289 2031 3346 dicitur

442 3380 726 3451 mtiologia,
782 3381 835 3436 id
861 3390 947 3437 est
974 3396 1152 3437 causa:
1182 3381 1437 3448 redditio,
1486 3383 1697 3452 quoties
1729 3385 2026 3453 praemissa:
2055 3381 2104 3447 C

445 3471 521 3525 rei
554 3472 691 3526 ratio
720 3471 919 3529 decora
945 3473 1311 3544 subjungitur.

518 3561 668 3618 Vers.
704 3564 795 3622 ii.
827 3564 1083 3632 Quoniam
1125 3581 1227 3620 non
1272 3564 1590 3637 derelinquas
1619 3567 1842 3622 animam
1866 3583 2031 3624 meam

443 3654 496 3708 in
523 3656 748 3726 inferno,
777 3673 867 3712 nec
895 3657 1043 3713 dabis
1085 3668 1322 3713 sanctum
1371 3669 1513 3714 tuum
1545 3660 1714 3715 videre
1742 3663 2032 3731 corruptio-

443 3762 579 3801 nem.
611 3746 712 3804 Ubi
765 3758 891 3805 sunt
933 3750 1333 3819 Apollinarista:
1382 3750 1640 3808 fallaciter
1696 3755 1981 3823 Opiuantcs
2011 3795 2028 3822 ,

443 3839 536 3909 qui
557 3839 744 3896 dicunt
798 3841 1080 3898 Dominum
1126 3841 1399 3899 Christum
1428 3837 1660 3900 animati:
1715 3845 2032 3901 rationalem

447 3947 551 3987 non
593 3932 878 3990 habuisse?
912 3935 1050 3992 Ecce
1100 3937 1212 4006 ipse
1258 3935 1478 4004 clamat,
1507 3938 1622 4007 ipse
1655 3937 1804 3994 Patri
1834 3939 2034 4012 gratias

444 4022 570 4093 agit,
604 4025 727 4094 quia
759 4026 875 4095 ejus
902 4029 1081 4082 anima
1113 4044 1217 4082 non
1264 4028 1333 4083 sit
1374 4044 1524 4084 more
1565 4031 1834 4086 communi
1869 4031 1921 4086 in
1954 4032 2034 4086 iu-

444 4117 596 4171 feruo
617 4117 909 4184 derelicta;
945 4120 1039 4175 sed
1068 4122 1230 4178 celeri
1280 4125 1682 4179 resurrectione
1709 4125 2028 4196 clarificata,

444 4208 510 4261 ad
536 4209 797 4264 emlorum
851 4226 1014 4281 regna
1064 4214 1408 4284 pervenerit;
1473 4216 1610 4271 sicut
1642 4219 1694 4272 in
1737 4217 2033 4288 Evangelio

444 4299 773 4354 creberrima
825 4299 1162 4369 professione
1213 4313 1486 4362 testatur:
1519 4308 1700 4362 Tristis
1758 4321 1832 4365 est
1861 4314 2034 4366 anima

445 4405 554 4444 mea
581 4407 739 4460 usque
792 4392 860 4445 ad
915 4405 1130 4446 mortem
1170 4395 1386 4463 (Matth.
1420 4414 1570 4463 xxvi,
1605 4400 1719 4466 58).
1754 4399 1819 4454 Et
1850 4403 1978 4458 alibi
2015 4421 2031 4460 :

453 4484 758 4540 Poteslatem
783 4486 943 4542 habeo
972 4488 1195 4557 ponendi
1211 4490 1435 4543 animam
1463 4507 1648 4559 meam,
1674 4505 1718 4546 et
1741 4493 1925 4548 iterum
1948 4512 2036 4548 su-

448 4577 618 4631 mendi
657 4594 768 4632 eam
828 4578 1009 4647 (Joan.
1037 4595 1092 4644 x,
1128 4577 1242 4649 18).
1300 4579 1409 4635 Νεε
1439 4582 1584 4638 dabis
1627 4595 1861 4639 sanctum
1893 4597 2035 4642 tuum

447 4669 614 4723 uidere
639 4672 1038 4739 corruptionem.
1071 4669 1184 4725 Hoc
1207 4685 1312 4726 non
1343 4671 1498 4728 facile
1516 4674 1726 4744 judices
1751 4685 2035 4736 transeun-

449 4759 604 4825 dum;
638 4775 760 4814 nam
783 4775 905 4816 cum
938 4761 991 4815 in
1022 4761 1290 4834 vigesimo
1320 4779 1464 4821 nono
1501 4768 1711 4838 psalmo
1751 4772 2027 4840 reperias:
2057 4775 2110 4836 D

451 4849 580 4917 Qute
600 4853 796 4908 utilitas
821 4854 875 4908 itt
898 4857 1147 4926 sanguine
1176 4873 1308 4922 meo,
1343 4858 1463 4912 dum
1486 4860 1736 4916 descendo
1777 4865 1829 4918 in
1855 4881 2032 4924 corru-

448 4943 673 5014 ptionem
713 4943 888 5015 (Psal.
933 4961 1089 5013 nix,
1140 4948 1270 5020 10)?
1308 4951 1450 5005 istud
1482 4955 1634 5022 quasi
1681 4954 1888 5014 videtur
1911 4974 2033 5016 esse

450 5035 794 5091 contrarium.
823 5036 976 5102 Quod
1005 5041 1092 5095 tali
1124 5042 1334 5096 ratione
1352 5042 1696 5102 dissolvitur:
1725 5047 1794 5104 ibi
1824 5064 1884 5106 se
1904 5051 2036 5108 dicit

449 5123 780 5184 descendere
800 5127 855 5182 in
885 5134 1310 5203 corruptionem,
1333 5150 1455 5193 cum
1487 5139 1820 5211 afﬁgentium
1847 5143 2031 5200 clavo-

450 5229 568 5269 rum
609 5223 664 5270 et
699 5218 898 5273 lanceae
929 5219 1227 5289 irruptione
1274 5238 1587 5295 penetratur
1616 5248 1630 5286 :
1663 5232 1784 5302 quia
1840 5243 1894 5289 et
1921 5235 2033 5305 ipsa

449 5305 606 5363 solidi
637 5312 878 5380 corporis
926 5316 1380 5374 transverberatio
1433 5337 1538 5378 non
1583 5325 1851 5382 immerito
1889 5342 2036 5400 qum-

450 5396 574 5455 dam
613 5401 867 5472 probatur
903 5405 1044 5462 dicta
1069 5412 1370 5479 corruptio.
1407 5414 1503 5470 llic
1554 5419 1698 5472 cnim
1732 5396 2033 5490 corruptio-

417 5505 597 5561 .nem,
624 5493 677 5549 id
723 5505 806 5552 est
859 5499 1304 5569 putrefactionem
1350 5505 1492 5575 juste
1542 5520 1701 5581 negat
1740 5510 1878 5580 fieri,
1913 5529 2031 5584 quac

453 5591 776 5661 generaliter
818 5607 1036 5649 carnem
1083 5607 1256 5652 vastat
1301 5599 1605 5656 humanam.
1655 5605 1838 5662 Tertio
1888 5608 2030 5662 enim

456 5680 544 5739 die
569 5699 691 5740 cum
721 5685 1037 5743 reviviticari
1076 5695 1381 5758 provenerit
1421 5709 1636 5750 carnem
1660 5737 1675 5762 ,
1711 5704 1932 5768 probata
1957 5712 2038 5757 est

454 5791 559 5833 non
587 5781 827 5849 potuisse
855 5785 1147 5853 corrumpi.

528 5871 678 5927 Vers.
731 5872 819 5931 i2.
853 5875 1019 5931 Notas
1042 5878 1168 5931 mihi
1195 5879 1358 5946 fecisti
1385 5882 1492 5934 vias
1533 5883 1688 5949 vitaz;
1738 5886 2036 5957 adimplebis

461 5981 535 6019 me
551 5965 725 6021 latitia
743 5985 858 6022 cum
885 5969 965 6023 vul
971 5981 1023 6024 tu
1038 5981 1123 6024 tuo
1139 5988 1155 6034 ;
1173 5971 1531 6030 delectationes
1554 5977 1603 6028 in
1623 5978 1827 6032 dextera
1850 5990 1933 6033 tua
1953 6000 2036 6036 us-

2131 2074 2236 2130 isto
2265 2075 2463 2146 quippe
2493 2075 2714 2141 smculo,
2747 2073 2835 2129 ubi
2859 2088 3024 2128 carne
3051 2080 3323 2142 suscepta,
3352 2071 3560 2142 ﬂagella
3593 2086 3713 2142 pas-

2130 2184 2242 2235 sus,
2276 2168 2445 2240 alapis
2478 2183 2673 2237 caesus,
2704 2167 2984 2238 sputisque
3012 2166 3320 2236 complutos
3343 2174 3449 2234 est,
3481 2181 3607 2224 cum
3636 2175 3713 2220 ta-

2131 2278 2251 2318 men
2277 2262 2437 2318 nullis
2481 2261 2602 2334 ejus
2650 2260 3065 2318 adversitatibus
3116 2258 3443 2326 vinceretur,
3480 2273 3716 2328 congrue

2131 2354 2331 2409 dictum
2369 2362 2453 2409 est
2491 2368 2521 2408 a
2562 2353 2779 2409 dextera
2827 2367 2922 2410 sua
2971 2367 3186 2423 semper
3222 2352 3504 2408 Dominum
3549 2351 3716 2408 fuisse

2129 2455 2502 2518 conspectum.
2548 2445 2638 2504 Sic
2687 2445 2831 2502 enim
2871 2444 3056 2500 mundi
3097 2445 3367 2502 contraria
3407 2443 3714 2514 superavit,

2131 2540 2382 2612 quoniam
2428 2539 2735 2594 nullatenus
2773 2551 2804 2592 a
2850 2546 3076 2607 paterna
3111 2536 3564 2606 contemplatione
3603 2535 3717 2590 dis-

2132 2634 2315 2689 cessit.
2350 2633 2454 2687 Sed
2506 2640 2626 2704 post
2655 2628 3073 2686 resurrectionis
3118 2629 3344 2700 gloriam
3393 2627 3609 2699 proprie
3657 2641 3719 2682 se

2133 2726 2266 2782 dicit
2295 2725 2346 2781 in
2381 2725 2552 2780 Patris
2587 2723 2808 2780 dextera
2848 2722 3211 2788 delectatum,
3253 2720 3342 2780 ubi
3390 2721 3500 2791 jam
3532 2718 3718 2776 mundi

2134 2818 2286 2874 istius
2326 2816 2654 2876 adversitate
2707 2815 2986 2886 deposita,
3042 2815 3346 2870 humanitas
3389 2813 3506 2884 ejus
3553 2812 3716 2868 totius

2135 2909 2432 2982 majestatis
2463 2909 2856 2964 clarificatioue
2877 2905 3141 2977 completa
3169 2913 3272 2972 est,
3305 2920 3538 2973 regnans
3563 2906 3713 2960 unita

2134 3001 2311 3056 Verbo
2337 3016 2456 3056 cum
2483 3001 2638 3056 Patre
2664 3008 2718 3056 et
2746 2998 2951 3069 Spiritu
2983 3006 3170 3056 sancto
3198 3013 3293 3069 per
3315 2997 3514 3052 saecula
3542 3011 3714 3050 saecu-

2136 3093 2330 3149 lorum.
2369 3093 2542 3166 Usque
2564 3094 2619 3148 in
2647 3094 2800 3164 ﬁnem
2829 3092 3099 3164 significat
3129 3091 3508 3162 perfectionem
3547 3100 3708 3160 atque

2132 3187 2490 3244 aeternitatem
2530 3205 2544 3242 :
2583 3185 2708 3258 quia
2756 3185 2945 3256 gloriae
2994 3184 3111 3254 ejus
3151 3185 3203 3239 in
3242 3198 3338 3240 sua
3385 3181 3716 3254 perfectione

2135 3296 2377 3349 manens,
2408 3280 2566 3338 nullis
2605 3279 2707 3338 erit
2733 3277 2968 3336 finienda
3008 3277 3358 3351 temporibus.

2667 3392 2939 3448 Conclusio
2970 3389 3179 3460 psalmi.
3261 3418 3266 3423 ~

2201 3507 2619 3564 Consideremus
2643 3508 2784 3564 hunc
2806 3507 3101 3578 psalmum,
3131 3515 3332 3578 quanto
3362 3521 3461 3562 nos
3491 3521 3717 3564 munere

2134 3599 2324 3656 salutis
2347 3599 2598 3656 informet
2627 3617 2639 3651 :
2671 3599 2722 3655 in
2752 3599 3095 3671 passionibus
3117 3599 3496 3656 confidentiam
3527 3599 3712 3666 tradit,

2135 3693 2190 3748 in
2219 3708 2314 3762 spe
2342 3702 2598 3749 aeternam
2626 3677 2852 3764 gloriam
2883 3693 3184 3763 pollicetur,
3232 3702 3290 3747 ut
3318 3692 3565 3748 docendo
3599 3706 3718 3763 qua:

2135 3782 2312 3840 futura
2343 3793 2466 3839 sunt
2503 3798 2787 3855 prospera,
2821 3784 3105 3853 praesentia
3143 3798 3249 3839 non
3304 3783 3590 3838 timeamus
3617 3784 3718 3839 ad-

2137 3892 2313 3934 versa.
2348 3877 2544 3934 Scitula
2584 3876 2851 3942 cmlestis,
2883 3876 3116 3932 eruditio
3145 3876 3356 3942 vitalis,
3394 3875 3716 3931 auditorium

2137 3971 2408 4036 veritatis,
2441 3970 2721 4040 disciplina
2763 3971 3072 4026 certissime
3109 3971 3437 4041 singularis,
3473 3985 3594 4041 quae
3633 3970 3720 4026 di-

2137 4066 2372 4134 scipulos
2394 4071 2622 4134 occupat
2663 4063 2914 4120 sensibus
2959 4063 3266 4131 fructuosis,
3316 4079 3422 4119 non
3478 4063 3720 4118 inanium

2140 4160 2532 4216 lenocinatione
2585 4158 2893 4216 verborum.
2949 4157 3215 4214 Convenit
3267 4157 3427 4214 etiam
3472 4157 3721 4214 contueri

2137 4251 2267 4322 quid
2297 4251 2398 4306 sibi
2435 4250 2564 4305 velit
2613 4250 2830 4318 quintus
2853 4249 3094 4304 decimus
3141 4263 3426 4315 numerus;
3457 4249 3723 4322 significat

2141 4342 2311 4407 enim,
2335 4351 2396 4395 ut
2420 4349 2692 4409 putamus,
2721 4339 3026 4408 quindecim
3051 4341 3270 4412 gradus,
3310 4343 3506 4412 quibus
3537 4342 3723 4412 templi

2140 4431 2578 4504 Jerosolymitani
2606 4433 3074 4488 conscendebatur
3098 4433 3362 4490 mirabilis
3391 4434 3722 4503 amplitudo:

2138 4526 2427 4595 designans
2457 4526 2691 4596 quinque
2715 4527 2964 4584 sensibus
2993 4528 3274 4597 corporeis
3317 4543 3413 4597 per
3441 4527 3723 4584 Trinitatis

2139 4618 2364 4689 gratiam
2402 4618 2705 4688 superatis,
2749 4618 2816 4673 ad
2855 4619 2988 4673 atria
3040 4627 3240 4675 sanctas
3274 4618 3530 4677 Ecclesia:
3581 4619 3722 4677 felici

2142 4727 2361 4767 munere
2385 4713 2678 4782 perveniri.
2711 4711 2866 4780 Quod
2894 4723 2948 4769 et
2973 4728 3069 4783 per
3089 4712 3248 4770 istum
3271 4729 3484 4785 quoque
3505 4713 3723 4770 dabitur

2134 4803 2419 4873 psalmum,
2440 4806 2485 4858 si
2512 4802 2629 4871 ejus
2651 4803 3060 4860 saluberrimam
3085 4804 3522 4876 praedicationem
3537 4803 3722 4861 Domi-

2137 4909 2210 4950 no
2239 4904 2552 4966 protegente
2581 4911 2881 4952 servemus.

2422 5037 2781 5096 EXPOSITIO
2817 5038 2884 5094 IN
2925 5038 3250 5098 PSALMUM
3285 5037 3424 5098 XVI.

2729 5131 2906 5188 Oratio
2936 5132 3128 5190 David.

2213 5244 2346 5299 Cum
2377 5243 2530 5298 multi
2565 5244 2894 5314 psalmorum
2935 5248 2988 5303 in
3017 5255 3162 5306 testu
3191 5261 3290 5304 suo
3333 5247 3565 5306 habeant
3603 5262 3724 5305 ora-

2143 5335 2352 5403 tiones,
2393 5351 2612 5394 movere
2641 5337 2853 5396 videtur
2885 5355 2982 5396 cur
3023 5340 3110 5397 hic
3161 5342 3322 5398 talem
3365 5343 3606 5412 posuerit
3644 5343 3723 5398 in.

2143 5426 2529 5498 scriptionem?
2578 5428 2684 5485 Sed
2732 5433 2976 5500 quamvis
3030 5433 3122 5488 alii
3150 5449 3272 5489 eum
3311 5435 3472 5491 rebus
3494 5435 3726 5491 diversis

2143 5520 2380 5577 breviter
2405 5522 2600 5577 mixtas
2625 5526 2936 5582 contineant
2959 5526 3396 5597 deprecationes,
3421 5529 3524 5583 iste
3543 5537 3725 5583 tamen

2143 5627 2280 5683 pene
2324 5622 2434 5669 tota
2463 5616 2548 5671 sui
2578 5619 2924 5674 contextione
2953 5620 3278 5689 supplicatio
3297 5631 3399 5675 est.
3424 5620 3612 5676 Merito
3639 5635 3720 5676 er-

2141 5721 2207 5776 go
2235 5707 2312 5760 sic
2345 5717 2674 5776 praettotatus
2710 5718 2822 5777 est,
2848 5710 3062 5779 quando
3103 5712 3332 5768 intentio
3359 5714 3478 5783 ejus
3503 5713 3570 5767 ad
3605 5727 3723 5780 pre-

2141 5813 2260 5854 cum
2292 5801 2526 5856 studium
2559 5810 2668 5856 tota
2700 5803 3010 5872 porrigitur.
3045 5802 3176 5871 Qua;
3207 5812 3388 5860 tamen
3433 5805 3515 5860 sic
3551 5806 3724 5860 oratio

2142 5889 2366 5946 dicenda
2400 5903 2509 5959 est,
2567 5901 2626 5950 ut
2677 5894 2869 5964 psalmi
2921 5911 3118 5952 nomen
3156 5895 3351 5950 debeat
3396 5895 3721 5952 continere:

2143 5986 2262 6050 quia
2298 5984 2432 6040 nihil
2460 5985 2512 6041 in
2545 5987 2646 6044 hoc
2679 5987 2815 6045 libro
2846 5989 3076 6058 positum
3106 5987 3408 6059 reperimus
3448 5988 3592 6060 quod
3619 5983 3719 6043 tali
