4064 6360
377 437 473 489 H7

1312 433 1669 493 EXPOSITIO
1707 432 1772 489 IN
1815 430 2267 489 PSALTERIUM.
2308 431 2501 492 PSAL.
2544 432 2684 489 XVI.

3530 432 3630 486 “8

377 564 481 603 non
503 548 695 606 debeat
715 551 930 605 nomine
970 550 1289 621 nuncupari,
1322 550 1553 604 maxime
1583 552 1703 605 cum
1739 549 1942 618 legatur
1975 552 2029 609 Α
2054 547 2307 617 spiciens,
2341 551 2479 604 sicut
2521 556 2795 623 etgrevera
2828 546 3092 617 provenit,
3130 546 3332 617 peccati
3367 546 3625 601 maculam

376 641 513 696 liber
532 640 885 698 Psalmorum.
906 642 1082 697 Oratio
1103 651 1276 698 autem
1296 642 1500 697 duobus
1522 641 1716 697 dicitur
1734 641 1908 696 modis
1930 659 1941 694 :

377 732 493 787 haec
536 749 656 787 cum
685 737 857 804 agitur
896 734 999 805 55
1028 734 1165 804 apud
1197 732 1458 797 homines,
1505 733 1615 787 oris
1654 733 1789 785 ratio
1816 747 1949 785 nun-

376 834 631 892 cupatur;
659 840 778 879 cum
809 825 1076 895 majestati
1105 825 1371 890 funditur,
1415 824 1733 894 supplicatio
1756 832 1838 878 est
1863 837 1949 878 sa-

377 917 545 971 lubris
575 926 628 972 et
656 917 831 972 vitalis
860 919 1152 973 humilitas.
1187 918 1253 973 Et
1275 926 1397 972 nota
1427 917 1567 987 quod
1591 918 1693 972 iste
1723 924 1775 970 et
1805 922 1952 969 octo-

376 1009 614 1079 gesimus
643 1010 881 1079 quintus,
912 1019 966 1065 et
994 1012 1353 1081 octogesimus
1384 1025 1557 1065 nonus
1581 1054 1596 1080 ,
1643 1017 1697 1064 et
1722 1008 1951 1064 centesi-

378 1116 497 1155 mus
527 1101 766 1172 primus,
821 1112 875 1156 et
913 1102 1238 1157 centesimus
1283 1102 1722 1172 quadragesimus
1752 1099 1952 1169 primus

380 1194 631 1249 orationis
676 1195 1025 1265 inscriptione
1062 1204 1430 1265 praenotantur
1466 1212 1477 1246 :
1506 1207 1732 1264 quorum
1762 1192 1953 1247 distin-

379 1290 587 1344 ctiones
610 1297 765 1359 atque
787 1289 1135 1357 proprietates
1153 1289 1203 1341 in
1231 1285 1524 1341 centesimo
1551 1283 1953 1356 quadragesimo

379 1383 556 1451 primo
581 1382 811 1450 psalmo,
836 1380 923 1449 qui
950 1380 1136 1434 horum
1172 1380 1389 1434 ultimus
1424 1386 1537 1445 est,
1572 1379 1953 1432 convenienter

379 1472 667 1527 edicemns.
706 1470 869 1523 David
924 1484 1073 1537 vero,
1123 1472 1259 1525 sicut
1294 1472 1495 1525 dictum
1529 1477 1647 1534 est,
1692 1466 1956 1539 signiﬁcat

336 1590 347 1603 η
382 1562 664 1615 Dominum
696 1561 963 1614 Christum
992 1559 1057 1614 ad
1107 1558 1495 1615 institutionem
1539 1559 1756 1611 humani
1793 1571 1955 1626 gene-

381 1654 475 1718 ris,
501 1668 564 1707 ex
595 1652 746 1722 cujus
778 1666 1003 1721 persona
1029 1660 1172 1706 totus
1195 1652 1431 1720 psalmus
1460 1650 1562 1706 iste
1584 1650 1823 1719 prolatus
1851 1658 1950 1705 est.

942 1764 1139 1817 Divisio
1179 1764 1384 1835 psalmi.
1436 1760 1442 1767 ’

452 1882 671 1937 Trilaria
694 1882 865 1937 oratio
888 1882 953 1935 ab
980 1880 1311 1935 humanitate
1328 1877 1521 1933 Christi
1550 1879 1599 1931 in
1624 1877 1725 1932 hoc
1749 1876 1957 1946 psalmo

384 1972 737 2042 depromitur.
763 1971 937 2025 Prima
962 1980 1064 2037 est,
1097 1971 1183 2024 ubi
1208 1970 1499 2024 secundum
1523 1968 1785 2037 justitiam
1809 1985 1959 2024 suam

388 2068 488 2121 sibi
525 2069 654 2136 petit
696 2067 893 2121 debere
924 2065 1155 2119 restitui.
1202 2064 1464 2127 Secunda,
1496 2072 1555 2118 ut
1595 2076 1625 2116 a
1655 2062 1960 2117 Iudaeorum

389 2160 597 2215 insidils
625 2159 741 2229 ejus
773 2160 973 2228 puritas
1006 2159 1281 2213 liberetur.
1314 2160 1369 2213 In
1398 2158 1575 2223 tertia,
1607 2156 1960 2211 resurrectio-

386 2272 511 2312 nem
544 2256 931 2310 velocissimam
964 2254 1304 2323 deprCCatur,
1352 2268 1417 2306 ne
1461 2250 1661 2307 diutius
1704 2250 1962 2305 insultare

387 2352 543 2405 liccat
582 2364 840 2419 perverso
880 2352 1073 2419 populo
1103 2346 1431 2401 Judteorum.
1464 2344 1528 2400 Et
1558 2360 1624 2399 ne
1666 2344 1863 2411 aliquid
1894 2341 1963 2397 de

386 2443 502 2512 ejus
555 2444 835 2511 majestate
886 2444 1038 2496 turba
1084 2440 1317 2495 lidelium
1366 2438 1587 2493 haberet
1632 2436 1958 2505 ambiguum,

390 2534 669 2603 proﬁtetur
695 2552 751 2588 se
780 2534 835 2589 iu
883 2541 1082 2588 aeterna
1125 2531 1454 2586 beatitudine
1484 2545 1603 2585 esse
1631 2543 1959 2584 mansurum.

929 2643 1196 2712 Expositio
1226 2644 1431 2708 psalmi.

466 2758 618 2812 Vers.
664 2759 713 2810 i.
769 2756 993 2821 Exaudi,
1048 2754 1206 2819 Deus,
1245 2757 1500 2826 justitiam
1544 2755 1967 2820 meam;intende

388 2849 741 2919 deprecationi
766 2863 908 2901 mete.
939 2847 1093 2915 Apud
1122 2846 1287 2901 Deum
1316 2854 1519 2900 certum
1554 2853 1637 2900 est
1665 2845 1860 2899 habere
1880 2846 1969 2915 ju-

390 2943 587 2997 stitiam
636 2953 825 2994 vocem
874 2953 1045 3004 suam,
1103 2938 1195 3008 qui
1239 2952 1326 2993 res
1377 2938 1563 2991 tacitas
1611 2937 1970 3007 intelligentia

392 3048 504 3087 sua:
533 3032 730 3085 virtute
768 3030 1063 3098 cognoscit.
1096 3028 1265 3098 ipsius
1298 3035 1379 3083 est
1411 3028 1554 3081 enim
1592 3028 1765 3081 oratio
1797 3027 1969 3097 perle-

395 3133 505 3191 cta,
530 3124 683 3193 cujus
710 3132 764 3175 et
788 3136 947 3176 causa
976 3121 1171 3174 clamat
1200 3130 1254 3175 et
1282 3121 1483 3189 lingua,
1514 3130 1662 3174 actus
1686 3128 1742 3176 et
1766 3135 1966 3189 sermo,

306 3230 309 3233 λ
396 3216 501 3270 vita
530 3225 583 3270 et
624 3216 892 3283 cogitatio.
943 3213 1157 3266 Intende
1187 3213 1530 3282 deprecationi
1568 3228 1706 3265 mete.
1739 3212 1853 3266 Non
1889 3212 1971 3265 in-

395 3322 607 3362 cassum
671 3306 1068 3361 dissoaantibus
1134 3304 1292 3359 rebus
1351 3304 1512 3359 verba
1564 3303 1664 3357 ista
1719 3304 2042 3373 copulatac

398 3410 549 3464 sunt;
597 3415 718 3453 nam
748 3400 1024 3453 intendere
1045 3399 1321 3452 oculorum
1344 3404 1447 3465 est,
1475 3412 1661 3469 preces
1689 3400 1971 3454 admittere

398 3494 623 3546 aurium.
671 3491 775 3546 Sed
807 3491 929 3546 ideo
959 3491 1119 3545 verba
1161 3490 1260 3544 ista
1290 3490 1487 3545 sociata
1520 3500 1664 3558 sunt,
1705 3500 1762 3545 ut
1791 3491 1970 3545 amba-

399 3597 515 3635 rum
565 3597 742 3636 rerum
792 3596 931 3636 unus
968 3581 1366 3649 intelligeretur
1408 3581 1648 3635 etractus.
1700 3580 1969 3651 Quidquid

401 3676 543 3728 enim
570 3674 652 3728 vel
696 3675 841 3727 auris
886 3673 1051 3738 audit,
1106 3674 1187 3727 vel
1216 3674 1400 3726 oculus
1430 3672 1594 3738 videt,
1642 3674 1727 3727 vel
1782 3688 1969 3728 manus

390 3766 598 3835 ,palpat,
630 3764 713 3819 vel
746 3765 953 3833 palatus
984 3772 1184 3833 gustat,
1214 3763 1297 3817 vel
1330 3777 1488 3815 nasus
1533 3763 1810 3830 odoratur,
1860 3763 1967 3819 Deo

401 3861 511 3914 sola
537 3860 1008 3928 contemplationis
1032 3859 1229 3912 virtute
1255 3857 1532 3911 notissima
1559 3865 1700 3910 sunt.

475 3960 622 4014 Vers.
655 3961 709 4014 2.
761 3960 981 4013 Auribus
1009 3963 1207 4027 percipe
1245 3955 1527 4009 orationem
1566 3966 1747 4014 meam,
1793 3962 1893 4001 non
1918 3949 1967 4000 in

399 4051 545 4104 labiis
588 4050 799 4103 dolosis.
847 4049 1053 4103 Excutit
1082 4046 1221 4116 quod
1246 4044 1494 4110 superius
1519 4040 1670 4093 dixit.
1702 4036 1970 4105 Percipere

396 4153 480 4197 est
507 4144 647 4197 enim
680 4159 784 4196 non
818 4140 1126 4195 transitorie
1155 4135 1354 4205 aliquid
1384 4147 1616 4199 sumere,
1662 4130 1753 4184 scd
1787 4143 1969 4197 preces

400 4233 673 4288 hominum
719 4236 934 4303 copiosa
961 4229 1267 4299 dignatione
1301 4224 1561 4292 recipere.
1592 4219 1715 4275 Non
1741 4222 1792 4273 in
1824 4218 1969 4272 labiis

397 4328 623 4389 dolesis;
648 4328 783 4381 sicut
810 4341 839 4378 a
864 4324 1063 4380 Judteis
1092 4320 1330 4375 manavit
1356 4316 1486 4371 falsa
1514 4313 1799 4380 sententia,
1832 4311 1967 4381 apud

399 4436 535 4490 quos
562 4420 819 4475 innocens
842 4418 1124 4474 damnatus
1149 4424 1249 4479 est,
1278 4420 1332 4466 et
1358 4411 1492 4464 latro
1514 4406 1850 4477 cognoscitur
1876 4403 1971 4458 ab-

394 4518 624 4571 solutus.

469 4608 620 4662 Vers.
676 4609 731 4663 ὅ.
776 4605 854 4660 De
898 4605 1038 4659 vultu
1091 4614 1177 4656 tuo
1218 4600 1475 4671 judicium
1518 4610 1687 4650 meum
1723 4592 1966 4663 prodeat;

2052 653 2157 693 non
2178 637 2415 694 haberet.
2434 638 2524 693 Sic
2546 639 2703 694 etiam
2724 641 2776 694 in
2794 637 3053 708 superiori
3078 638 3282 708 psalmo
3298 637 3408 709 jam
3427 637 3626 693 dictum

2052 741 2132 785 cst
2156 747 2168 783 :
2196 730 2535 785 Providebam
2561 730 2838 785 Dominum
2867 731 2921 785 in
2953 742 3220 800 conspectu
3254 748 3364 786 meo
3394 747 3627 804 semper:

2050 823 2289 890 quoniam
2318 838 2349 875 a
2372 823 2564 875 dextris
2589 831 2665 876 est
2695 824 2819 877 mihi
2840 840 2900 878 ne
2921 839 3253 877 commovear.
3285 821 3329 878 Ο
3354 834 3626 894 aspectum
3661 866 3671 873 .

2052 912 2199 967 illum
2230 912 2539 976 salutarem,
2582 927 2615 966 ο
2645 912 2959 981 purissimos
3002 913 3208 979 oculos,
3240 912 3331 984 qui
3363 914 3504 968 illam
3550 931 3625 968 az-

2055 1005 2308 1073 quitatem
2341 1004 2550 1058 vident!
2580 1003 2837 1059 Nesciunt
2877 1003 3120 1074 profecto
3152 1006 3309 1074 hujus
3336 1005 3520 1060 mundi
3553 1014 3629 1060 te-

2055 1093 2237 1149 nebris
2265 1094 2565 1160 obscurari,
2597 1095 2686 1165 qui
2714 1105 2987 1151 merentur
3015 1104 3162 1152 tanta
3207 1096 3449 1153 claritate
3478 1112 3625 1152 com-

2058 1189 2211 1261 pleri.

2130 1305 2283 1360 Vcrs.
2315 1307 2369 1360 4.
2405 1304 2646 1360 Probasti
2676 1322 2763 1360 cor
2801 1320 2971 1359 meum
2995 1315 3040 1360 et
3070 1305 3286 1359 visitasti
3313 1315 3458 1362 nocte
3476 1321 3497 1374 ,°
3518 1307 3631 1377 igne

2057 1414 2135 1451 me
2164 1398 2489 1462 examinasti,
2517 1408 2564 1452 et
2592 1414 2697 1451 non
2735 1405 2807 1451 est
2830 1398 3032 1450 intenta
3060 1396 3113 1450 in
3141 1411 3220 1449 me
3260 1396 3502 1468 iniquitas
3532 1411 3551 1450 :
3577 1403 3632 1450 ut

2060 1505 2161 1541 non
2214 1489 2452 1558 loquatur
2490 1505 2548 1543 os
2582 1505 2771 1543 meum.
2820 1488 3073 1543 Ordinem
3122 1495 3299 1543 servat
3339 1485 3629 1557 egregium.

2062 1582 2214 1636 Prius
2257 1597 2314 1637 se
2354 1582 2484 1637 dicit
2531 1584 2832 1652 probatum,
2880 1580 3073 1637 deinde
3120 1581 3284 1636 fuisse
3320 1579 3632 1647 visitatum,

2061 1674 2152 1729 sed
2185 1675 2428 1745 probatio
2473 1675 2739 1747 signiﬁcat
2778 1675 3102 1745 passionem,
3134 1673 3367 1728 visitatio
3394 1687 3633 1728 resurre-

2060 1770 2313 1823 ctionem.
2346 1768 2419 1822 lbi
2449 1769 2588 1823 enim
2620 1768 2872 1839 ptobatus
2901 1776 3003 1833 est,
3035 1767 3124 1821 ubi
3147 1767 3281 1821 inter
3308 1766 3501 1822 multas
3524 1765 3620 1822 Ju-

2062 1860 2299 1915 daeorutu
2324 1861 2627 1931 iniquitates
2659 1871 2712 1915 et
2741 1863 2975 1932 pericula
3007 1860 3218 1928 mortis,
3252 1858 3512 1914 mirandas
3533 1872 3629 1928 pa-

1988 1934 2038 1994 B
2066 1954 2265 2008 tientizc
2308 1952 2625 2009 documenta
2670 1953 3003 2009 monstravit.
3056 1953 3301 2009 Visitatus
3349 1960 3422 2007 est
3452 1961 3631 2007 autem

2064 2054 2230 2113 nocte,
2261 2044 2472 2113 quando
2501 2046 2675 2099 anima
2708 2045 2825 2116 ejus
2854 2060 2961 2100 non
2990 2053 3072 2100 est
3100 2045 3151 2099 in
3194 2044 3402 2099 inferno
3442 2042 3637 2098 dereli-

2064 2147 2170 2202 cta,
2206 2136 2299 2190 scd
2321 2135 2385 2189 ad
2413 2136 2553 2190 iHam
2588 2135 2881 2190 mirabilem
2912 2135 3385 2200 resurrectionem,
3418 2140 3637 2189 mterna

2064 2228 2249 2299 gloria:
2279 2228 2659 2284 clariﬁcatione
2690 2229 2946 2299 pervenit.
2984 2228 3109 2299 Igne
3132 2244 3211 2282 me
3231 2227 3561 2294 examinasti,
3589 2236 3638 2281 et

2066 2340 2165 2376 non
2198 2334 2265 2377 est
2298 2324 2499 2378 inventa
2524 2324 2574 2375 iu
2607 2340 2685 2377 me
2713 2323 2976 2392 iniquitas.
3008 2322 3313 2391 Metaphora
3343 2318 3637 2376 introduci-

2065 2422 2149 2469 tur
2179 2412 2470 2469 fornacium
2499 2416 2618 2484 igne
2649 2413 3005 2483 ﬂagrantium,
3033 2427 3152 2482 qua:
3181 2410 3517 2466 metallorum
3547 2409 3631 2463 vi-

2069 2508 2137 2564 tia
2166 2509 2355 2564 solent
2383 2523 2627 2578 purgare,
2673 2522 2735 2562 ac
2776 2507 3088 2560 decoctione
3126 2517 3461 2569 consumere,
3496 2509 3551 2557 et
3580 2501 3633 2555 in

2067 2612 2268 2656 naturre
2299 2601 2578 2670 puritath
2614 2600 2865 2653 mundata
2896 2612 3168 2654 revocare.
3196 2596 3284 2652 Sic
3313 2611 3440 2666 ergo
3469 2604 3521 2651 et
3544 2596 3639 2649 tri-

2068 2696 2427 2752 bulationibus
2458 2698 2634 2766 ignitis
2676 2697 3008 2749 examinatus
3053 2702 3135 2747 est
3176 2690 3434 2751 Dominus
3481 2688 3639 2743 Chri-

2070 2799 2211 2853 stus;
2238 2788 2331 2842 sed
2362 2804 2463 2841 non
2493 2798 2563 2841 cst
2593 2788 2645 2841 in
2676 2786 2766 2841 illo
2798 2789 2998 2839 intenta
3027 2785 3291 2854 iniquitas,
3321 2796 3478 2850 quam
3509 2780 3640 2833 adu-

2072 2880 2176 2935 stio
2204 2880 2306 2933 ulla
2340 2880 2678 2947 decoqueret.
2726 2876 2954 2930 Pulchre
2995 2885 3171 2930 autem
3216 2871 3534 2942 subjunxit:
3575 2870 3642 2925 Ut

2072 2989 2173 3027 non
2221 2974 2457 3040 loquatur
2504 2986 2558 3024 os
2588 2984 2770 3033 meum,
2818 2966 2867 3021 id
2900 2976 3001 3031 est,
3050 2966 3148 3021 etsi
3191 2978 3289 3034 ego
3328 2972 3554 3026 taceam,
3587 2972 3641 3016 tu

2073 3078 2160 3117 me
2186 3076 2375 3130 purum
2407 3074 2527 3113 esse
2558 3055 2862 3128 perpendis.
2890 3056 3025 3123 Quid
3056 3056 3195 3111 enim
3228 3070 3361 3123 opus
3386 3063 3639 3109 eratcum

2073 3153 2139 3208 de
2170 3152 2429 3223 probitate
2453 3165 2662 3203 morum
2694 3162 2909 3201 suorum
2943 3144 3140 3215 aliquid
3169 3145 3339 3215 loqui,
3368 3143 3493 3198 dum
3526 3157 3637 3197 cer-

2074 3256 2182 3300 ltlzn
2226 3246 2294 3300 sit
2339 3260 2368 3299 a
2414 3252 2629 3313 paterna
2673 3240 2951 3311 majestate
2993 3247 3179 3294 cuncta
3222 3235 3508 3309 cognosci?
3537 3233 3641 3291 Hu-

2075 3354 2227 3394 mana
2260 3338 2554 3408 ignorantia
2582 3332 2758 3391 verbis
2789 3330 3099 3387 instruenda
3128 3339 3237 3397 est;
3265 3326 3521 3383 Divinitas
3544 3342 3638 3381 au-

2075 3442 2179 3486 tem
2211 3428 2503 3485 certissime
2534 3428 2679 3482 novit
2702 3424 2903 3493 omnia,
2940 3424 3099 3479 etiam
3122 3438 3243 3479 cum
3274 3429 3516 3479 tacentur
3544 3420 3640 3476 ad-

2075 3525 2253 3579 missa.

2144 3664 2294 3719 Vers.
2425 3663 2593 3731 Opera
2640 3662 2899 3714 hominum
2922 3675 2944 3715 :
2966 3667 3172 3729 propter
3200 3659 3353 3713 verba
3390 3657 3642 3714 (abiaram

2072 3772 2279 3815 tuorum
2307 3774 2396 3829 ego
2426 3755 2668 3810 custodiri
2710 3756 2817 3808 vias
2851 3754 3029 3808 duras.
3072 3752 3326 3808 Ordinem
3360 3753 3642 3810 verborum

2072 3851 2237 3922 posci!
2274 3851 2374 3904 iste
2410 3847 2707 3903 versiculus
2728 3861 2749 3901 :
2782 3845 2954 3915 Opera
2988 3846 3269 3911 hominum,
3316 3844 3369 3898 id
3415 3851 3496 3898 est
3526 3842 3641 3897 vias

2069 3944 2232 3997 duras
2262 3955 2360 4010 ego
2388 3938 2649 3994 custodivi
2677 3946 2894 4006 prepter
2921 3937 3083 3991 verba
3113 3936 3370 3991 labiorum
3404 3941 3638 3988 tuorum.

2071 4035 2313 4089 Breviter
2342 4031 2557 4085 deﬁnita
2586 4036 2730 4095 sunt,
2755 4042 2874 4096 qua:
2905 4026 3011 4081 sint
3039 4042 3195 4096 cpera
3221 4027 3507 4089 hominum,
3535 4025 3642 4078 sci-

2072 4127 2194 4179 licet
2224 4124 2318 4176 via:
2348 4123 2524 4185 durw;
2565 4119 2701 4171 sicut
2728 4118 2913 4170 beatus
2938 4117 3039 4170 Job
3066 4116 3235 4169 dicit:
3260 4116 3378 4167 Avis
3417 4115 3641 4167 nascitur

2070 4216 2137 4267 ad
2174 4214 2424 4274 volatum,
2452 4217 2500 4263 et
2526 4210 2674 4262 homo
2697 4207 2764 4260 ad
2786 4205 3005 4261 laborem
3029 4204 3149 4275 (Job
3172 4220 3228 4273 v,
3251 4206 3331 4274 7).
3361 4204 3493 4259 Nam
3519 4218 3641 4260 cum

2074 4312 2288 4375 peccata
2317 4302 2568 4364 vitantur,
2606 4299 2806 4353 arduus
2833 4296 2987 4353 callis
3008 4307 3109 4368 est,
3133 4297 3477 4367 difﬁcilisque
3499 4310 3641 4352 sem-

2070 4414 2164 4469 per
2209 4408 2490 4459 ascensus;
2540 4407 2660 4448 cum
2692 4407 2819 4448 vero
2857 4391 2924 4447 ad
2973 4391 3096 4447 vitia
3140 4391 3487 4462 prolabimur,
3523 4391 3639 4445 leve

2068 4494 2169 4547 iter
2193 4498 2275 4546 est
2301 4504 2365 4543 ac
2391 4486 2674 4543 declivttm.
2716 4484 2821 4540 Sed
2851 4484 2975 4553 quia
3024 4482 3280 4539 Dominus
3316 4482 3557 4537 Christus
3584 4482 3637 4535 in

2068 4586 2172 4640 hoc
2199 4582 2398 4640 mundo
2439 4580 2717 4636 visualiter
2744 4577 2971 4648 positus,
3006 4576 3168 4631 totius
3212 4572 3635 4629 mansuetudinis

393 4702 530 4755 oculi
558 4702 632 4755 tui
672 4699 875 4754 videant
904 4664 1315 4767 ωᾳυίεαιειηίυε
1340 4690 1482 4745 uultu
1520 4696 1608 4741 tuo
1638 4687 1846 4757 prodeat
1867 4688 1963 4756 ju-
1991 4682 2046 4744 Ι)
2068 4689 2125 4737 et
2147 4676 2490 4735 continentia:
2514 4675 2633 4744 jura
2676 4670 3021 4767 monStravit;
3055 4669 3247 4767 meriti)
3271 4680 3332 4720 se
3359 4664 3484 4767 dicit
3516 4678 3640 4733 pro-

393 4793 582 4845 dicium
611 4808 629 4846 :
661 4791 873 4861 prepria
922 4788 1210 4856 Scriptura}
1252 4782 1468 4846 divinat,
1519 4787 1573 4833 et
1614 4778 1768 4831 nobis
1799 4776 1966 4830 inusi-

393 4894 502 4940 tata
531 4884 729 4939 locutio
775 4891 879 4944 est,
922 4880 1043 4949 quia
1073 4880 1139 4931 de
1188 4884 1364 4930 mente
1407 4873 1545 4927 solet
1588 4883 1805 4925 manare
1847 4882 1969 4921 sen-

394 4978 562 5032 tentia
590 4994 602 5029 :
629 4975 723 5030 sed
754 4975 852 5027 hoc
886 4972 1112 5026 Domino
1142 4982 1233 5038 per
1256 4966 1488 5033 tropicas
1512 4960 1842 5016 elocutiones
1871 4959 1967 5013 de-

393 5082 579 5126 center
630 5079 861 5139 aptatur,
910 5067 1028 5135 quia
1078 5064 1166 5119 ille
1206 5060 1346 5132 quod
1386 5058 1586 5128 judicat
1640 5055 1804 5121 videt,
1842 5053 1967 5107 dum

395 5164 549 5217 testis
579 5172 663 5217 est
707 5158 967 5214 examinis
998 5156 1110 5219 sui;
1161 5168 1261 5207 nec
1288 5151 1356 5206 de
1384 5150 1524 5203 facto
1556 5146 1779 5215 alicujus
1816 5143 1965 5197 testi-

394 5256 634 5310 inonium
667 5256 876 5323 quaerit,
922 5251 1009 5317 qui
1060 5247 1203 5300 solus
1228 5244 1463 5298 omnium
1503 5240 1844 5295 veracissime
1881 5250 1967 5291 se-

394 5358 541 5401 creta
574 5345 872 5416 cognoscit.
909 5342 982 5395 De
1008 5339 1154 5392 cultu
1189 5351 1317 5405 ergo
1345 5335 1495 5401 dicit,
1527 5333 1577 5387 id
1608 5340 1691 5387 est
1720 5331 1785 5385 de
1814 5343 1965 5398 aspe-

391 5448 481 5492 cut
524 5449 635 5502 tuo,
676 5434 966 5491 secundum
1017 5432 1106 5485 illa
1153 5444 1271 5500 quae
1309 5428 1361 5480 in
1416 5441 1502 5479 me
1543 5425 1764 5493 respicis
1810 5431 1967 5491 atque

393 5531 700 5597 cegnoscis.
749 5529 861 5581 iioc
890 5536 1066 5580 autem
1096 5522 1186 5578 ille
1215 5529 1358 5576 recte
1395 5519 1631 5589 petebat,
1664 5518 1750 5587 qui
1784 5532 1842 5571 se
1874 5531 1969 5570 no-

393 5632 545 5677 verat
594 5623 939 5689 pollutionem
984 5633 1091 5671 non
1143 5616 1343 5669 habere
1389 5611 1615 5682 peccati.
1670 5608 1961 5678 Sequitur:

398 5713 548 5767 Oculi
575 5716 649 5765 tui
677 5713 874 5766 videant
903 5710 1213 5780 equitatem.
1238 5707 1333 5760 Hic
1355 5704 1661 5774 (equitatem,
1694 5703 1858 5770 ipsam
1888 5700 1967 5754 di-

394 5812 669 5865 vinitatem
699 5809 953 5863 debemus
981 5805 1245 5872 accipere,
1281 5815 1437 5870 quam
1483 5805 1599 5853 orat
1636 5804 1691 5849 ut
1732 5796 1849 5849 sine
1874 5795 1971 5849 ali—

398 5918 509 5975 quo
541 5902 820 5959 intervallo
850 5913 1066 5967 semper
1093 5893 1362 5959 intendat;
1414 5896 1677 5961 quatenus
1705 5888 1848 5943 illam
1882 5902 1966 5941 re-

2071 4781 2188 4841 pter
2218 4767 2465 4824 mandata
2504 4764 2713 4819 Domini
2747 4764 2904 4816 duras
2944 4759 3054 4814 vias
3083 4757 3361 4812 hominum
3384 4754 3639 4809 immacu-

2072 4860 2191 4915 latis
2236 4857 2459 4927 pedibus
2504 4853 2825 4908 ambulasse.
2875 4849 2988 4903 Non
3030 4845 3170 4916 quod
3214 4843 3294 4899 illi
3332 4843 3476 4899 dum
3519 4854 3639 4899 esse

2073 4947 2448 5019 poterant:de
2489 4958 2594 5015 quo
2652 4943 2704 4997 in
2751 4938 3097 5009 nonagesimo
3127 4936 3333 5007 psalmo
3381 4936 3638 5004 scriptum

2073 5050 2154 5097 est
2179 5058 2191 5093 :
2221 5040 2472 5106 Quoniam
2508 5035 2702 5105 angelis
2729 5033 2835 5087 suis
2866 5029 3125 5084 mandavit
3151 5029 3216 5082 de
3257 5036 3325 5096 te,
3367 5037 3423 5082 ut
3463 5035 3638 5082 eleta-

2073 5132 2213 5185 diant
2237 5140 2282 5185 te
2308 5131 2361 5183 iu
2400 5127 2631 5183 omnibus
2656 5123 2748 5176 viis
2783 5122 2904 5187 tuis,
2938 5136 3000 5174 ne
3039 5136 3261 5187 unquam
3299 5118 3529 5187 offendas
3567 5118 3638 5175 ad

2069 5221 2293 5293 lapidem
2316 5220 2492 5289 pedem
2520 5224 2661 5268 tuum
2684 5210 2855 5283 (Psal.
2881 5225 2965 5275 xc,
2991 5210 3078 5280 12)
3101 5228 3116 5277 ;
3140 5210 3235 5267 sed
3258 5210 3380 5280 quia
3409 5209 3640 5264 humano

2072 5314 2252 5384 generi
2300 5310 2365 5364 ad
2396 5305 2708 5364 imitandum
2736 5305 3027 5373 probantur
3055 5317 3177 5359 esse
3202 5300 3474 5369 difﬁciles,
3515 5298 3637 5355 ideo

2071 5408 2164 5460 uite
2193 5406 2335 5458 dura:
2357 5408 2481 5456 sunt
2508 5408 2846 5467 nuncupataz.
2877 5396 2975 5464 Qui
3006 5409 3191 5451 versus
3219 5393 3441 5461 ﬁguram
3470 5390 3640 5446 conti-

2072 5511 2163 5553 net
2189 5490 2550 5564 parenthesin,
2586 5489 2636 5544 id
2665 5498 2748 5545 est
2776 5488 3236 5557 interpositionem
3264 5498 3279 5550 ;
3303 5483 3553 5552 quoniam
3584 5480 3638 5535 in

2072 5603 2231 5644 sensu
2262 5584 2459 5649 medio,
2491 5584 2625 5639 sicut
2644 5584 2840 5637 dictum
2871 5589 2973 5644 est,
2999 5578 3189 5647 recipit
3207 5577 3365 5629 verba
3397 5572 3641 5644 quasdam

2076 5695 2195 5751 quae
2224 5676 2461 5732 ordinem
2488 5674 2766 5731 sententiae
2795 5670 3074 5726 videantur
3102 5680 3260 5737 posse
3287 5662 3548 5719 dividere.

2149 5789 2301 5845 Vers.
2331 5787 2383 5842 6.
2408 5786 2607 5855 Perﬁce
2632 5798 2833 5855 gressus
2860 5795 2996 5835 meos
3023 5780 3078 5832 in
3100 5777 3291 5831 semitis
3317 5773 3436 5835 tuis,
3469 5778 3523 5823 ut
3544 5784 3642 5825 nor

2076 5889 2368 5938 moveantur
2393 5879 2599 5947 uestigia
2646 5892 2775 5932 mea.
2822 5872 3044 5941 Perﬁce,
3073 5867 3225 5931 dixit,
3263 5873 3434 5928 usque
3477 5858 3530 5914 in
3581 5858 3642 5915 ﬂ.
