4016 6344
367 341 373 346 ’
445 343 544 402 119

1647 339 1720 400 Il.
1760 332 2041 398 AURELII
2071 335 2476 397 CASSIODORI

3581 332 3688 393 19.0

443 431 566 519 nem
608 469 866 517 conserva
888 475 905 516 :
927 457 1020 516 ubi
1062 465 1148 519 est
1187 459 1500 516 meritorum
1547 469 1612 514 ac
1657 455 1864 528 praemii
1906 463 2014 512 tota
2041 457 2096 520 Α
2127 454 2384 526 qualitate
2412 451 2805 530 discernimus:
2834 451 2976 510 dicta
3002 464 3034 508 a
3061 450 3326 524 parvitate
3351 448 3435 508 sui
3460 449 3688 524 pupilla,

443 551 719 625 perfectio.
751 553 1070 609 lnchoamus
1103 553 1268 619 enim,
1299 551 1424 606 dum
1452 550 1638 628 inghoc
1663 549 1863 606 mundo
1891 564 2017 621 pro-

444 644 611 702 babili
639 648 1046 704 conversatione
1072 646 1342 716 degimus;
1372 645 1468 700 sed
1498 645 1588 700 ubi
1613 645 1682 699 ad
1712 643 1870 700 tinem
1897 659 2017 714 per-

445 739 654 794 venerit
681 739 931 810 religiosa
959 738 1277 806 constantia,
1308 737 1379 793 ibi
1426 737 1751 808 perticimnr,
1804 737 1874 792 ibi
1905 745 2012 793 tota

445 827 753 901 integritate
791 829 1150 900 complemur;
1191 829 1333 884 sicut
1373 829 1447 884 ait
1490 828 1834 898 Evangelium
1865 846 1878 882 :
1912 828 2015 894 Qui

444 923 830 996 perseveraverit
873 938 1029 992 usque
1053 923 1108 977 in
1148 922 1324 993 ﬁnem,
1356 922 1436 976 hic
1472 921 1640 976 salvus
1663 923 1760 976 erit
1796 919 2010 994 (Matth.

444 1029 500 1082 x,
531 1011 646 1086 22).
676 1013 886 1068 Gressus
927 1024 1106 1070 autem
1151 1013 1414 1069 humanas
1453 1013 1720 1082 signiﬁcat
1745 1013 2012 1079 actiones,

446 1103 638 1174 quibus
669 1103 722 1160 in
755 1103 857 1160 hoc
885 1105 1087 1160 mundo
1116 1105 1408 1177 gradimnr,
1431 1112 1487 1161 et
1515 1106 1666 1174 quasi
1691 1104 2014 1176 quibusdam

445 1195 690 1265 passibus
712 1195 1068 1253 ambulamus.
1097 1197 1207 1269 56
1226 1196 1293 1252 In
1310 1198 1521 1268 semitis,
1551 1198 1754 1252 scilicet
1783 1199 1838 1254 in
1861 1213 2016 1254 man-

444 1285 585 1343 datis
609 1287 714 1344 tuis
739 1306 752 1342 :
780 1289 871 1346 ubi
892 1305 1078 1362 revera
1107 1298 1267 1347 rectae
1296 1302 1420 1347 sunt
1449 1292 1571 1359 viae,
1601 1305 1734 1362 quas
1760 1292 1805 1346 si
1837 1291 2017 1350 devoti

444 1379 739 1449 sequimur,
783 1381 852 1437 ad
883 1355 1116 1439 caelestis
1166 1383 1352 1452 patria:
1393 1398 1614 1439 munera
1656 1384 2015 1453 pervenimus.

445 1469 552 1526 Sed
581 1472 710 1542 quid
755 1473 958 1528 esthoc
989 1474 1127 1545 quod
1153 1475 1299 1544 prius
1327 1491 1532 1547 gressus
1552 1474 1706 1542 dixit,
1731 1477 2020 1547 statimque

447 1563 657 1635 uestigia
694 1564 999 1637 subiungit?
1051 1565 1267 1621 Greesus
1305 1566 1550 1634 dicimus,
1591 1567 1786 1638 quibus
1835 1583 2020 1624 move-

447 1672 569 1714 mur
623 1660 690 1714 de
729 1663 849 1717 loco
896 1662 964 1718 ad
1020 1663 1342 1720 locumzhis
1394 1665 1587 1720 merito
1639 1675 2018 1735 comparantur

443 1761 590 1806 actus
621 1750 855 1819 humani,
889 1754 978 1823 qui
1007 1770 1104 1810 nos
1149 1755 1215 1811 de
1247 1771 1350 1812 uno
1381 1757 1591 1827 negotio
1632 1759 1689 1814 in
1742 1759 1882 1814 aliud
1911 1760 2015 1814 du-

2120 550 2273 622 quasi
2322 549 2533 622 pusilla.
2583 548 2720 605 Huic
2769 547 3172 606 convenienter.
3211 556 3551 618 comparatus
3606 556 3692 604 est

2123 641 2387 710 Christus,
2416 641 2502 696 cui
2531 639 2714 696 datum
2749 648 2834 702 est
2860 639 2912 694 in
2951 654 3047 695 suo
3069 638 3278 712 judicio
3301 639 3475 710 justos
3503 654 3536 695 a
3562 653 3692 710 pec—

2121 733 2389 790 catoribus
2421 747 2724 805 segregare.
2755 732 3044 803 Aptissime
3073 733 3248 803 itaque
3285 734 3419 803 petit
3445 733 3694 790 custodiri

2119 838 2179 880 se
2212 833 2268 878 ut
2303 824 2556 896 pupillam
2591 824 2747 894 oculi,
2793 824 3007 894 quando
3049 831 3105 878 et
3135 839 3229 894 per
3265 823 3435 894 ipsam
3481 839 3570 880 res
3606 823 3693 881 vi-

2117 916 2297 972 suales
2323 915 2697 983 discernimus,
2741 926 2794 971 et
2828 915 2882 970 in
2913 924 3095 972 nostro
3121 929 3351 985 corpore
3392 915 3521 970 nihil
3551 930 3692 986 prae-

2119 1009 2350 1063 stantius
2372 1008 2659 1062 invenitur.
2687 1008 2958 1079 Sequitur,
3001 1008 3094 1063 sub
3131 1009 3310 1062 umbra
3345 1007 3547 1062 alarum
3575 1017 3694 1062 tua-

2118 1115 2234 1154 rum
2291 1107 2498 1173 protege
2549 1117 2648 1156 me.
2703 1100 2801 1156 Hic
2853 1100 2996 1155 aliud
3045 1101 3402 1157 introducitur
3449 1101 3693 1171 schema,

2117 1192 2261 1263 quod
2313 1191 2500 1248 Grmce
2544 1194 2815 1262 parabole,
2857 1194 3046 1250 Latine
3092 1196 3420 1266 comparatio
3473 1197 3693 1266 dicitur,

2119 1284 2334 1356 quando
2372 1285 2476 1341 sibi
2513 1301 2681 1356 genus
2709 1287 2970 1343 dissimile
3007 1289 3061 1344 in
3103 1290 3275 1360 aliqua
3314 1292 3695 1351 communione

2119 1379 2378 1435 sociatur.
2437 1379 2680 1435 Paternis
2734 1381 2877 1435 enim
2931 1383 3350 1451 protectionibus
3411 1385 3510 1440 alte
3563 1394 3696 1442 sunt

2119 1480 2463 1542 comparatae.
2513 1471 2876 1528 Misericordia
2907 1475 3104 1544 quippe
3147 1483 3201 1531 et
3245 1475 3502 1545 charitas,
3535 1479 3694 1549 quasi

2121 1564 2224 1620 alte
2248 1553 2374 1620 sunt
2398 1563 2592 1633 Patris,
2626 1565 2817 1636 quibus
2842 1581 2904 1621 se
2930 1568 3128 1640 protegi
3149 1582 3506 1640 congruenter
3529 1586 3696 1642 expm

2120 1657 2302 1712 stulat.
2334 1656 2461 1712 Haec
2491 1665 2668 1712 autem
2696 1659 3029 1727 comparatio
3058 1665 3202 1716 venit
3237 1662 3305 1718 ab
3333 1663 3544 1732 avibus,
3576 1681 3696 1735 qua:

2121 1748 2314 1805 charos
2343 1749 2481 1806 ﬁlios
2521 1750 2722 1804 alarum
2762 1766 2976 1807 suarum
3015 1755 3326 1809 extensione
3353 1755 3694 1812 custodiunt.

444 1851 592 1908 cunt,
621 1852 675 1898 et
716 1859 812 1914 per
842 1853 1081 1916 tempora
1109 1847 1232 1903 vita:
1277 1857 1477 1906 nostrae
1509 1850 1724 1908 diversa
1761 1852 2019 1922 qualitate

2193 1843 2351 1898 Vers.
2381 1843 2469 1899 10.
2517 1847 2562 1897 A
2609 1844 2738 1912 facie
2778 1845 3077 1917 impiorum,
3126 1848 3211 1918 qui
3258 1864 3337 1901 me
3369 1849 3697 1920 aﬂiizerunl:

449 1945 826 2006 transponunt.
858 1938 1082 2011 Vestigia
1099 1955 1228 1996 vero
1254 1942 1502 1998 dicuntur
1521 1944 1670 2014 signa
1692 1944 2015 2016 plantarum,

444 2045 563 2100 qua:
611 2031 958 2102 relinquimus
1006 2042 1358 2090 transeuntes.
1408 2033 1549 2092 Petit
1590 2050 1720 2108 ergo
1759 2037 2019 2096 Dominus

443 2122 687 2179 Christus
715 2132 770 2179 et
807 2142 1008 2196 gressus
1054 2141 1201 2190 suos,
1234 2125 1288 2181 id
1316 2135 1399 2182 est
1449 2136 1602 2182 actus
1643 2127 1930 2198 humanos,
1963 2138 2019 2186 et

443 2227 541 2269 sua
589 2216 796 2288 vestigia
842 2217 1127 2284 cuStodiri,
1177 2232 1296 2288 quae
1334 2218 1520 2274 ﬁdeles
1565 2219 1837 2290 apostolos
1883 2234 2019 2276 con-

444 2314 695 2376 gruenter
745 2307 1075 2377 accipimus,
1121 2308 1175 2364 in
1229 2309 1422 2379 quibus
1475 2318 1599 2380 post
1646 2312 2018 2368 ascensionem

448 2400 758 2471 gloriosam,
790 2402 1062 2473 religionis
1097 2403 1376 2458 catholicae
1402 2403 1552 2474 signa
1581 2404 1884 2477 dereliquit.
1913 2406 2018 2462 Ta-

444 2491 513 2545 lis
541 2505 666 2562 ergo
693 2507 883 2548 sensus
911 2506 994 2549 est
1016 2513 1031 2550 :
1057 2495 1278 2550 Custodi
1309 2511 1395 2551 me
1422 2496 1475 2550 in
1509 2497 1772 2554 mandatis
1802 2499 1928 2568 tuis,
1961 2508 2020 2557 ut

445 2581 716 2641 imitantes
742 2602 848 2656 me,
880 2577 1100 2644 minime
1131 2600 1444 2646 moveantur
1466 2591 1561 2648 abs
1583 2600 1655 2648 te.
1680 2583 1826 2650 Bene
1851 2597 2020 2667 siqui-

445 2674 566 2731 dem
612 2691 812 2748 sequax
845 2681 1040 2751 pergit,
1092 2683 1181 2738 ubi
1211 2683 1304 2740 ille
1344 2685 1434 2758 qui
1477 2686 1781 2758 exemplum
1814 2691 2020 2760 prmbet

445 2779 622 2826 rectus
652 2773 949 2829 incesserit.

518 2862 671 2918 Vers.
693 2866 744 2919 7.
767 2863 880 2937 Ego
906 2867 1139 2936 clamaui,
1169 2871 1410 2940 quoniam
1435 2874 1691 2929 exaudisti
1715 2890 1815 2942 me,
1842 2855 2020 2932 Deus:
2093 2925 2096 2928 .

446 2955 636 3010 inclina
660 2973 834 3010 aurem
853 2969 993 3012 tuam
1022 2961 1168 3028 mihi,
1199 2970 1246 3016 et
1271 2963 1460 3018 exaudi
1484 2966 1635 3021 verba
1658 2983 1789 3022 mea.
1811 2968 2018 3024 Secun-

448 3049 570 3104 dam
602 3051 891 3106 sectionem
917 3065 1116 3108 sancta:
1137 3057 1396 3110 orationis
1418 3058 1730 3122 ingreditur.
1764 3059 1872 3116 Sed
1899 3075 2020 3132 per-
2097 3111 2102 3117 .

448 3143 792 3198 scrutandum
820 3154 924 3209 est,
949 3159 1068 3200 cum
1099 3145 1204 3200 dici
1229 3148 1395 3204 soleat
1421 3167 1434 3202 :
1461 3148 1734 3206 Exaudisti
1767 3169 1865 3218 me,
1895 3154 2017 3222 quia

2123 1933 2316 1990 inimici
2340 1935 2438 1990 mei
2453 1936 2677 1989 animam
2704 1953 2864 1990 meam
2896 1937 3356 1994 circumdederunt.
3391 1939 3589 1995 Versus
3612 1939 3697 1997 hic

2125 2035 2208 2085 est
2243 2029 2462 2084 omnino
2486 2029 2795 2097 diligentius
2824 2030 3128 2086 intuendus.
3153 2031 3196 2084 A
3229 2032 3359 2102 {acie
3394 2033 3695 2100 impiorum,

2123 2119 2398 2177 dmmones
2436 2121 2719 2192 signiticet,
2751 2123 2841 2191 qui
2879 2123 3165 2177 excitatum
3192 2125 3446 2194 populum
3475 2125 3697 2182 iudaic-

2123 2229 2240 2270 rum
2263 2215 2316 2270 in
2345 2229 2532 2271 necem
2561 2215 2769 2270 Domini
2797 2215 2990 2271 ardore
3015 2217 3271 2286 praecipiti
3303 2219 3696 2287 compulerunt.

2123 2302 2312 2361 Facies
2365 2307 2508 2362 enim
2564 2305 2821 2375 ipsorum,
2871 2308 3169 2362 truculenta
3221 2310 3506 2378 praesentia
3558 2309 3697 2378 fuit;

2123 2401 2263 2454 sicut
2301 2399 2355 2454 in
2402 2399 2692 2470 Evangelio
2735 2401 2802 2456 de
2829 2399 2962 2456 Juda
2993 2401 3160 2456 dicit:
3186 2401 3407 2457 Intravit
3445 2406 3500 2458 in
3543 2404 3696 2459 illum

2125 2490 2350 2544 Satanas
2374 2490 2556 2562 (Joan.
2601 2507 2721 2558 xm,
2751 2491 2868 2559 27).
2901 2491 2989 2546 Sic
3011 2507 3140 2563 ergo
3179 2504 3356 2548 actum
3392 2505 3489 2561 est,
3523 2504 3585 2550 ut
3608 2497 3696 2554 in-

2124 2581 2410 2650 stigatione
2466 2581 2770 2637 daemonum
2827 2583 3028 2656 inimici
3077 2585 3196 2656 ejus
3244 2585 3412 2641 Judaei
3460 2588 3697 2647 animam

2123 2671 2311 2741 ipsius,
2356 2672 2407 2728 id
2446 2683 2529 2728 est
2557 2673 2721 2729 vitam
2763 2675 3110 2745 temporalem
3141 2676 3352 2747 eripere
3379 2679 3698 2738 voluissent.

2121 2766 2253 2823 Nam
2298 2775 2352 2823 et
2390 2768 2565 2838 ipsum
2609 2767 2828 2824 verbum
2884 2769 3320 2828 circumdederunt
3376 2773 3698 2843 evangelicae

2121 2859 2445 2915 narrationis
2491 2858 2746 2929 exprimit
2771 2859 3072 2926 veritatem,
3100 2859 3313 2931 quando
3337 2875 3457 2916 cum
3508 2863 3698 2934 gladiis

2121 2960 2178 3008 et
2203 2951 2434 3006 fustibus
2463 2966 2588 3006 eum
2617 2952 2927 3008 insanorum
2962 2952 3114 3008 turba
3149 2952 3514 3032 circumdedit.

2194 3041 2350 3098 Vers.
2405 3041 2494 3096 11.
2540 3042 2755 3114 Adipem
2803 3059 2953 3098 suum
2996 3045 3390 3112 concluserunt;
3427 3063 3483 3102 os
3521 3062 3700 3104 eorum

2121 3133 2344 3187 locutum
2369 3141 2442 3187 est
2466 3133 2776 3205 superbiam.
2809 3133 3130 3190 Concludunt
3153 3136 3378 3205 adipem,
3413 3139 3505 3208 qui
3531 3140 3700 3198 multa

448 3234 662 3289 clamaui
687 3252 708 3290 :
727 3250 823 3292 cur
851 3235 965 3291 haec
993 3240 1256 3292 sententia
1285 3227 1527 3297 ordinem
1549 3241 1794 3298 videatur
1817 3245 2013 3302 habere

2125 3223 2422 3280 voracitate
2446 3223 2824 3294 pinguescunt;
2850 3227 2926 3281 sic
2945 3225 3115 3282 Judaei
3137 3227 3395 3284 scelerum
3421 3229 3700 3289 nimietate

448 3329 806 3382 conversum?
837 3327 940 3394 Qui
964 3330 1188 3394 clamat,
1217 3331 1470 3400 quoniam
1500 3335 1801 3403 exauditur,
1834 3337 2016 3409 utique

449 3431 618 3485 purus
642 3459 658 3486 ,
701 3419 959 3476 innocens
996 3431 1052 3476 et
1098 3421 1469 3479 immaculatus
1517 3427 1842 3495 agnoscitur.
1881 3429 2017 3486 Nam

449 3509 777 3566 conﬁdenter
803 3512 1005 3580 oravit,
1053 3514 1303 3583 quoniam
1325 3529 1385 3572 se
1411 3515 1581 3572 audiri
1614 3533 1775 3589 posse
1799 3520 1868 3578 de
1887 3537 2019 3578 con-

448 3601 684 3657 scientiae
733 3603 964 3674 puritate
1014 3607 1373 3676 praesumpsit.
1426 3606 1786 3680 lntelligamus
1837 3621 2018 3670 autem

449 3695 586 3764 quod
616 3695 744 3752 dicit
771 3711 787 3754 :
813 3694 1018 3753 Inclina
1068 3715 1244 3752 aurem
1275 3709 1416 3754 tuam
1439 3716 1459 3754 :
1481 3703 1732 3773 quoniam
1781 3705 1850 3761 ad
1891 3721 2016 3763 eum

447 3800 544 3858 per
582 3801 651 3848 se,
687 3804 794 3844 non
839 3790 979 3846 valet
1007 3791 1240 3846 humana
1277 3791 1560 3850 inﬁrmitas
1588 3798 1888 3866 pervenire.
1929 3799 2019 3857 Sic

447 3878 592 3934 enim
631 3880 860 3945 exaudit,
905 3896 1028 3936 cum
1071 3897 1131 3938 se
1159 3885 1419 3956 benignus
1467 3886 1768 3957 indulserit,
1811 3882 1868 3947 et
1899 3892 2017 3950 cle-

448 3973 702 4027 mentiam
724 3989 876 4029 suam
898 3980 1025 4030 ante
1055 3975 1295 4046 largitur,
1328 3985 1384 4033 ut
1405 3979 1576 4048 possit
1602 3981 2015 4052 supplicantium

447 4072 569 4120 vota
598 4065 894 4136 suscipere.

518 4155 673 4213 Vers.
707 4155 760 4211 8.
789 4157 1016 4228 Mirifica
1040 4160 1419 4218 misericordias
1446 4169 1582 4234 tuas,
1619 4167 1711 4238 qui
1733 4167 1906 4226 salvos
1930 4169 2016 4243 ra-

446 4250 517 4302 cis
538 4258 797 4319 sperantes
823 4253 878 4304 in
907 4261 953 4306 te
979 4270 1011 4307 a
1046 4255 1392 4310 resistentibus
1422 4257 1641 4314 dextera
1665 4269 1787 4318 tute.
1818 4263 2020 4334 Magni-

446 4337 685 4393 tudinem
723 4348 777 4393 et
807 4341 1181 4398 excellentiam
1210 4343 1696 4402 misericordiarum
1719 4349 1775 4403 in
1799 4363 1858 4405 se
1874 4352 2019 4420 juste

444 4428 563 4484 ﬁeri
593 4427 932 4499 deprecatur,
979 4431 1103 4500 quia
1137 4432 1329 4488 mirum
1371 4449 1491 4490 esse
1519 4450 1624 4491 non
1657 4446 1884 4513 poterat,
1914 4441 2018 4499 nisi

443 4520 588 4591 quod
611 4521 713 4579 sub
748 4521 924 4594 aliqua
956 4523 1145 4582 fuisset
1170 4527 1411 4583 novitate
1438 4541 1807 4601 conspectum.
1837 4530 2017 4608 Signi-

2094 3317 2372 3388 ,saginati,
2421 3332 2566 3373 vera:
2618 3317 2980 3390 intelligentia:
3035 3320 3278 3376 acumina
3328 3323 3697 3390 perdiderunt.

2096 3411 2377 3471 Restabat
2404 3418 2604 3484 autem
2645 3419 2702 3466 ut
2740 3413 2829 3482 qui
2857 3413 3200 3483 pinguissima
3245 3416 3576 3476 immanitate
3615 3429 3699 3477 tu-

2119 3513 2387 3572 muerunt,
2439 3505 2672 3577 superba
2718 3505 3084 3576 loquerentur.
3129 3509 3198 3564 Et
3243 3511 3382 3566 bene
3434 3512 3520 3568 hic
3560 3513 3700 3572 dixit

2118 3605 2325 3653 tantum
2353 3613 2462 3666 ore,
2491 3612 2600 3654 non
2640 3598 2800 3655 etiam
2827 3599 2990 3655 corde
3017 3601 3174 3655 locuti
3199 3613 3315 3656 sunt
3337 3605 3495 3674 :quia
3520 3609 3698 3662 scele-

2119 3700 2356 3749 ratorum
2387 3707 2507 3748 mos
2534 3701 2618 3750 est
2647 3693 2740 3749 illa
2771 3694 3074 3766 trequenter
3109 3711 3356 3758 sermone
3381 3701 3696 3778 defendam,

2118 3799 2237 3856 quae
2258 3795 2548 3841 noscuntur
2575 3786 2898 3842 conscientia
2927 3796 3060 3844 teste
3082 3788 3356 3849 damnare.

2190 3879 2344 3938 Vera.
2372 3879 2459 3936 l2.
2487 3879 2823 3955 Projicientes
2856 3901 2936 3940 me
2960 3903 3095 3943 nunc
3121 3889 3563 3952 circumdederunt
3579 3915 3697 3956 me:

2119 3975 2295 4031 oculos
2318 3992 2436 4031 suos
2475 3985 2758 4033 statuerunt
2785 3979 3043 4038 declinare
3079 3984 3135 4039 in
3162 3994 3368 4044 terram.
3405 3989 3697 4060 Projicien—

2124 4078 2219 4140 tes,
2253 4077 2406 4127 extra
2449 4069 2716 4127 civitatem
2746 4072 3050 4142 ejicientes;
3079 4062 3216 4133 nunc
3255 4082 3698 4141 circumdederunt

2119 4177 2229 4219 non
2260 4162 2541 4233 obsequio,
2568 4164 2663 4220 sed
2686 4164 2888 4233 furore,
2921 4168 3132 4238 quando
3165 4173 3310 4228 cruci
3341 4188 3463 4231 eum
3485 4189 3699 4236 constat

2118 4255 2358 4310 afﬁxum.
2393 4255 2544 4311 Nunc
2568 4265 2742 4313 autem
2769 4259 2911 4326 quod
2937 4260 3134 4317 dictum
3162 4273 3266 4330 est,
3297 4279 3533 4336 praesens
3558 4277 3698 4326 tem-

2116 4361 2219 4418 pus
2247 4347 2426 4419 posuit
2448 4361 2550 4418 pro
2575 4348 2774 4417 futuro,
2805 4351 2945 4422 quod
2971 4354 3108 4422 apud
3133 4355 3420 4427 pr0phetas
3444 4374 3567 4418 esse
3591 4378 3696 4418 no-

2119 4439 2287 4493 scitur
2337 4439 2605 4496 usitatum.
2659 4441 2914 4512 Sequitur
2950 4461 2962 4496 :
3006 4444 3198 4502 Oculos
3239 4465 3359 4505 suos
3407 4461 3698 4510 statuerunt

2119 4529 2374 4584 declinare
2402 4530 2456 4584 in
2476 4537 2684 4588 terram.
2709 4532 2845 4589 Dicit
2869 4538 3306 4596 consuetudinem
3338 4543 3694 4616 perditorum,

442 4613 568 4670 ﬁcat
611 4617 754 4672 enim
791 4616 1080 4685 mirabilia,
1121 4632 1241 4689 quae
1287 4618 1342 4674 in
1393 4633 1556 4678 carne
1605 4622 1840 4682 facturus
1876 4639 2014 4700 erat,
2042 4621 2210 4692 Dqui
2241 4628 2438 4680 ῑθιτεω
2477 4624 2788 4696 “Spicum:
2843 4627 3054 4700 quando
3091 4630 3148 4687 in
3193 4633 3331 4690 mall
3373 4613 3698 4708 cogitatione

399 4735 401 4740 ι
443 4715 562 4776 quite
587 4706 804 4764 Judaeus
851 4709 1096 4779 populus,
1148 4710 1249 4764 etsi
1298 4709 1576 4769 universus
1614 4730 1720 4771 non
1765 4719 2012 4793 credidit,

442 4805 620 4852 tamen
646 4799 744 4854 sub
774 4798 1131 4858 admiratione
1171 4803 1470 4872 conspexit.
1513 4805 1697 4864 Salvos
1723 4811 1852 4881 facis
1897 4829 2018 4886 spe-

439 4901 612 4946 rantes
657 4892 712 4946 in
751 4900 821 4962 te,
851 4893 906 4949 id
941 4902 1028 4950 est
1067 4895 1121 4950 in
1170 4905 1367 4954 aeterna
1393 4898 1498 4955 vita
1524 4905 1836 4962 constitues.
1884 4909 2014 4968 Nam

441 4983 752 5054 frequenter
777 4985 854 5040 illi
899 4988 1069 5057 magis
1103 4988 1159 5044 in
1205 4989 1308 5047 hoc
1342 4995 1540 5050 mundo
1581 4997 1829 5056 trucidati
1869 5013 2013 5075 sunt,

442 5078 532 5150 qui
553 5078 671 5150 ejus
698 5079 902 5135 nomini
935 5083 1296 5141 crediderunt.
1325 5087 1550 5146 Pulchre
1575 5100 1752 5148 autem
1776 5094 1906 5153 dicit
1929 5117 1942 5153 :
1965 5100 2012 5155 Α

439 5171 786 5226 resistentibus
835 5171 1055 5228 dexterae
1103 5182 1221 5230 tute.
1265 5177 1482 5235 Dextera
1530 5183 1672 5237 enim
1719 5183 1892 5242 Patris
1931 5196 2014 5246 est

441 5262 626 5328 Filius,
667 5263 752 5317 cui
779 5263 946 5320 Judaei
987 5280 1286 5338 repugnare
1329 5270 1432 5327 nisi
1475 5283 1600 5330 sunt
1636 5277 1848 5346 quando
1889 5294 2010 5337 eum

425 5351 754 5422 cruciﬁgere
779 5353 1152 5412 decreverunt.

509 5442 660 5500 νει-ε.
699 5443 754 5500 9.
796 5445 1007 5502 Custodi
1042 5463 1142 5516 me,
1189 5448 1425 5520 Domine,
1474 5461 1530 5508 ut
1556 5456 1806 5528 pupillam
1832 5460 2006 5528 oculi;

435 5533 530 5589 sub
558 5533 737 5589 umbra
776 5537 978 5591 alarum
1023 5547 1226 5594 tuarum
1263 5552 1468 5614 protege
1508 5562 1607 5602 me.
1648 5546 1750 5603 Per
1795 5549 2010 5606 schema

439 5629 586 5696 icon,
617 5642 738 5698 qua:
758 5627 945 5684 Latine
965 5629 1163 5686 dicitur
1188 5633 1516 5704 imaginatio,
1548 5633 1843 5707 pupillai'se
1868 5642 2012 5698 oculi

440 5717 696 5774 Dominus
710 5722 1055 5790 comparavit.
1073 5722 1289 5796 Pupilla
1307 5736 1389 5783 est
1405 5728 1550 5786 enim
1575 5730 1627 5786 in
1653 5733 1829 5790 medio
1843 5715 2013 5805 posita

441 5807 720 5876 perspicua
768 5822 892 5883 pars
929 5808 1094 5880 oculi,
1143 5827 1249 5885 qua
1289 5827 1578 5882 corporum
1621 5819 1837 5890 colores
1865 5821 2011 5879 varia

2121 4715 2426 4772 volvuntur.

2193 4807 2347 4864 Vcrs.
2379 4809 2468 4864 l3.
2495 4808 2844 4884 Susceperunt
2869 4829 2948 4870 me
2969 4813 3101 4870 sicut
3129 4817 3206 4874 leo
3227 4827 3442 4890 paratus
3467 4821 3540 4877 ad
3561 4838 3696 4895 prte-

2120 4900 2261 4966 dam,
2291 4909 2338 4956 et
2365 4903 2494 4958 sicut
2521 4905 2721 4958 catulus
2751 4905 2912 4962 leonis
2931 4907 3166 4965 habitans
3194 4911 3247 4965 in
3273 4912 3480 4968 abditis.
3505 4914 3697 4971 Susce-

2120 4999 2301 5062 perunt
2324 5007 2426 5062 me,
2456 4992 2556 5048 hoc
2583 5003 2666 5050 est
2687 4993 2855 5052 Judaei
2882 5013 2909 5051 a
2932 4997 3125 5066 Pilato,
3161 5001 3372 5071 quando
3401 5004 3480 5060 eis
3519 5005 3695 5063 dixit:

2124 5083 2308 5140 Tollite
2341 5101 2474 5154 eum,
2517 5096 2566 5142 et
2613 5091 2890 5144 secundum
2937 5091 3095 5165 legem
3146 5103 3362 5150 vestram
3407 5099 3698 5170 cruci/ﬁgite

2117 5191 2228 5230 eum
2251 5173 2425 5244 (Joan.
2445 5193 2553 5247 xix,
2574 5176 2654 5249 6),
2679 5179 2818 5249 quod
2849 5181 3002 5239 avide
3029 5185 3398 5255 suscipientes,
3427 5198 3481 5244 et
3508 5201 3696 5247 votum

2113 5279 2225 5322 sua:
2269 5267 2596 5324 crudelitatis
2622 5269 2930 5340 implentes,
2973 5274 3168 5330 merito
3195 5274 3428 5334 ferarum
3467 5281 3696 5338 saevitiae

2113 5368 2507 5427 comparantur.
2548 5359 2768 5416 Leonem
2797 5363 3051 5432 diximus,
3098 5376 3152 5422 et
3179 5367 3448 5426 diabolum
3480 5371 3613 5439 dici,
3636 5369 3694 5429 et

2109 5447 2323 5504 Christo
2351 5449 2546 5519 saepius
2568 5451 2891 5521 comparari.
2933 5453 3035 5521 Qui
3062 5455 3252 5511 modus
3283 5457 3570 5516 locutionis
3609 5461 3694 5517 in-

2115 5551 2196 5598 ter
2240 5545 2452 5614 propria
2497 5545 2786 5616 Scriptura:
2831 5548 3026 5605 divinae
3072 5552 3408 5623 recipiendus
3443 5565 3562 5624 est;
3605 5559 3692 5615 hic

2116 5643 2290 5690 tamen
2319 5636 2596 5693 evidenter
2627 5637 2896 5694 diabolum
2937 5640 3201 5712 designat.
3242 5643 3349 5715 ipsi
3376 5647 3520 5703 enim
3541 5649 3692 5719 juste

2115 5729 2406 5798 comparati
2453 5739 2579 5786 sunt
2619 5730 2884 5801 principes
2927 5732 3258 5803 Judmorum,
3312 5752 3420 5808 quo
3463 5749 3692 5799 auctore

2115 5818 2472 5890 fremuerunt;
2515 5830 2571 5880 et
2598 5828 2777 5884 tamen
2805 5824 2974 5883 multo
2994 5826 3204 5897 pejores
3227 5828 3405 5888 eﬂecti
3431 5843 3578 5902 sunt,
3607 5835 3690 5893 si-

3961 2133 3963 2170 Δ

3961 2267 3963 2308 l

3961 2337 3963 2378 1

3961 2397 3963 2428 ι
