4064 6360
228 413 322 475 121

1137 417 1495 478 EXPOSITIO
1531 417 1599 476 IN
1635 410 2087 474 PSALTERIUM.
2130 415 2324 476 PSAL.
2368 417 2506 477 XVI.

3369 433 3469 488 “2

227 532 437 608 quidem
484 532 728 592 diabolus
785 535 1070 592 Dominum
1129 537 1371 604 tentavit,
1425 535 1569 590 cruci
1623 541 1797 588 autem
1824 529 2176 597 Apeccatum
2222 530 2299 585 illi
2337 531 2728 606 abominabile,
2756 541 2913 608 atque
2953 552 2986 594 a
3032 547 3323 610 conspectu
3352 543 3470 612 ejus

226 629 445 687 istorum
493 629 691 684 insania
718 629 951 684 crudelis
989 630 1181 684 alﬁxit.
1211 628 1450 684 Catulum
1482 636 1656 681 autem
1691 627 1795 678 leo-

225 725 297 777 nis
325 719 453 776 dicit
498 721 760 789 reliquum
812 721 1063 789 pepulum
1097 722 1422 786 Jud;eorum,
1467 720 1553 787 qui
1594 733 1652 772 se
1680 718 1796 772 dia-

227 813 326 869 boli
361 811 502 866 ﬁlios
529 811 843 866 etl‘ecerunt.
867 813 955 866 Sic
976 814 1115 867 enim
1158 812 1224 866 de
1256 813 1384 882 ipsis
1414 811 1466 863 in
1500 809 1793 878 Evangelio

227 907 451 960 dicitur:
482 903 587 958 Vos
629 921 691 958 ex
740 913 883 976 patre
915 906 1115 958 diabolo
1144 907 1260 959 estis
1303 903 1484 975 (Joan.
1531 919 1642 969 vm,
1676 901 1788 971 44).

229 995 472 1050 llabitans
499 997 550 1048 in
585 996 772 1050 abditis
794 1011 812 1048 :
843 1012 1162 1066 permanens
1204 997 1254 1050 in
1287 995 1515 1049 insidiis.
1552 995 1796 1047 Detesta-

229 1090 402 1144 bilium
434 1091 700 1156 siquidem
735 1091 1004 1144 hominum
1043 1090 1370 1145 consuetudo
1402 1098 1481 1144 est
1511 1091 1646 1143 mala
1671 1097 1792 1143 vota

229 1190 414 1252 tegere,
444 1190 505 1236 ut
538 1182 765 1238 latenter
789 1182 854 1237 ad
886 1182 1132 1238 effectum
1161 1182 1368 1255 possint
1405 1196 1586 1236 eorum
1612 1181 1792 1236 consi-

230 1275 288 1330 lia
320 1275 625 1343 pervenire.

290 1368 438 1422 Vers.
476 1367 564 1422 14.
619 1366 870 1437 Exsurge,
920 1367 1164 1432 Domine;
1209 1367 1430 1437 ιιι-«ιη’εηὶ
1467 1382 1572 1432 eos,
1605 1376 1650 1421 et
1672 1385 1795 1436 sup-

227 1461 392 1530 planta
438 1462 730 1525 eos:eripe
771 1460 992 1514 animam
1032 1477 1197 1514 meam
1226 1461 1288 1513 ab
1329 1461 1504 1531 impio,
1550 1461 1795 1530 frameam

227 1565 371 1608 tuam.
406 1552 594 1607 Tertia
622 1554 788 1606 sectio
818 1553 986 1607 beatas
1011 1554 1265 1608 orationis
1287 1553 1533 1606 intratur.
1561 1553 1797 1624 Exsurge

229 1647 275 1699 in
305 1655 614 1714 peccatores
646 1645 792 1710 dicit,
824 1661 979 1714 quem
1036 1644 1113 1699 illi
1165 1653 1350 1714 putant
1377 1660 1526 1699 more
1566 1646 1796 1700 humano

227 1751 374 1808 posse
401 1739 717 1807 quiescere;
752 1750 807 1792 ut
831 1747 1153 1807 cognoscant
1182 1737 1422 1810 vigilare,
1464 1738 1586 1791 dum
1611 1752 1794 1792 eorum

228 1847 321 1885 non
347 1832 726 1899 permittuntur
752 1832 1052 1900 iniquitates
1081 1846 1409 1886 excrescere.
1439 1829 1671 1884 Pra’veni
1701 1845 1796 1884 au-

1900 627 2212 675 extraneum
2243 630 2344 688 est,
2369 627 2612 693 quamvis
2642 627 2757 697 ejus
2799 629 3038 684 notitiam
3082 631 3301 688 minime
3325 632 3472 690 refu-

1899 727 2025 781 gere
2048 712 2316 779 videatur;
2341 715 2477 770 sicut
2502 717 2553 771 in
2581 721 2764 787 quinto
2788 721 2992 791 psalmo
3009 719 3121 794 jam
3139 724 3338 780 dictum
3354 733 3471 782 est:

1902 805 2023 859 Non
2056 805 2300 860 habitabit
2329 811 2488 877 juxta
2519 818 2566 864 te
2595 814 2874 884 malignus,
2908 832 3066 886 neque
3102 815 3472 888 permanebunt

1899 899 2083 966 iniusti
2108 910 2227 970 ante
2251 901 2424 955 oculos
2453 916 2565 956 tuos
2593 902 2765 973 (Psal.
2796 923 2846 971 v,
2879 906 2965 978 6);
2997 909 3132 962 sicut
3154 918 3209 964 et
3230 910 3298 965 de
3337 907 3470 968 Cain

1900 989 2172 1060 Scriptura
2201 991 2331 1046 dicit
2356 1011 2367 1045 :
2397 992 2647 1065 Egressus
2677 994 2806 1050 Cain
2840 1015 2870 1050 a
2895 998 3025 1067 facie
3060 998 3289 1067 Domini,
3322 1002 3471 1057 habi-

1901 1084 2020 1135 tavit
2060 1085 2111 1136 in
2141 1093 2272 1138 terra
2303 1090 2550 1158 profugus
2593 1087 2746 1158 (Cen.
2789 1105 2858 1154 tv,
2896 1089 3002 1160 16).
3045 1092 3312 1149 Saturatos
3341 1110 3472 1166 ergo

1899 1177 2115 1232 Judaeos
2136 1179 2267 1235 dicit
2291 1179 2357 1235 de
2385 1181 2756 1249 immunditiis,
2781 1197 2898 1252 quae
2924 1199 2955 1237 a
2980 1184 3206 1241 Domino
3241 1189 3470 1243 abscon-

1900 1273 2028 1337 dita,
2065 1274 2116 1328 id
2150 1283 2233 1329 est
2274 1286 2567 1331 noscuntur
2595 1292 2714 1333 esse
2739 1279 3026 1347 prohibita.
3057 1280 3114 1335 Si
3138 1296 3264 1336 vero
3291 1282 3342 1337 in
3372 1283 3470 1339 bo-

1901 1381 2024 1421 nam
2048 1378 2250 1436 partem
2275 1368 2375 1422 hoc
2404 1370 2631 1437 positum
2663 1370 2830 1425 lector
2857 1371 3106 1441 accipias,
3132 1380 3188 1427 ut
3209 1381 3289 1428 est
3310 1374 3470 1430 illud:

1906 1463 2070 1531 Quam
2094 1480 2279 1533 magna
2307 1464 2580 1518 multitudo
2610 1465 2892 1518 dulcedinis
2914 1477 3030 1532 tute,
3058 1465 3290 1532 Domine,
3321 1485 3472 1538 quam

1899 1558 2182 1612 absconditi
2213 1559 2501 1612 timentibus
2545 1567 2610 1621 te,
2652 1566 2700 1612 et
2727 1558 2985 1628 perfecisti
3016 1575 3129 1614 eam
3155 1561 3473 1629 sperantibus

1901 1657 1954 1709 in
1997 1665 2042 1708 te
2072 1653 2259 1722 (Psal.
2300 1669 2428 1719 ιιι,
2459 1654 2562 1724 20)
2596 1657 2608 1709 !
2644 1654 3038 1711 Enumerantur
3089 1656 3378 1724 beneﬁcia,
3409 1664 3470 1713 ut

1901 1749 2074 1816 major
2102 1747 2426 1817 ingratorum
2458 1749 2772 1803 ostendatur
2807 1749 3032 1804 oliensa.
3064 1749 3141 1805 De
3166 1751 3472 1806 absconditis

1907 1841 2029 1904 tuis,
2064 1839 2114 1892 id
2141 1846 2223 1893 est
2252 1839 2316 1892 de
2349 1839 2462 1908 lege
2494 1838 2700 1893 Veteris
2731 1840 3075 1908 Testamenti,
3108 1851 3161 1896 et
3200 1843 3268 1898 de
3307 1844 3472 1899 mira-

227 1933 322 1977 tem
351 1924 504 1987 dixit,
543 1933 599 1977 ut
622 1933 744 1977 ante
786 1927 1166 1978 subvertantur
1203 1936 1357 1990 quant
1386 1929 1601 1990 peccata
1634 1921 1797 1991 perﬁ-

1915 1933 2034 1987 :ulis
2069 1948 2185 2002 quas
2215 1932 2470 1988 Dominus
2499 1933 2740 1989 Christus
2779 1936 2831 1990 in
2863 1938 2939 1989 eis
2966 1947 3077 1990 erat
3106 1937 3335 2007 gloriosa
3365 1939 3473 1995 dis-

229 2017 375 2070 ciant.
412 2015 782 2085 Exposnimus
817 2017 958 2070 enim
1002 2015 1054 2069 in
1097 2013 1455 2085 superioribus
1489 2015 1628 2068 hunc
1669 2029 1797 2068 sen—

227 2123 333 2162 sum
363 2109 500 2164 bene
534 2109 700 2178 aptari
732 2109 835 2179 57
866 2110 1158 2175 sceleratis,
1200 2108 1324 2162 dum
1348 2121 1407 2162 se
1434 2107 1662 2162 miscere
1690 2122 1795 2162 non

229 2206 605 2274 permittuntur
624 2205 840 2260 illicitis.
868 2206 1262 2261 Subvertuntur
1283 2206 1423 2260 enim
1448 2217 1500 2260 et
1527 2206 1601 2259 illi
1629 2205 1798 2260 felici-

231 2308 321 2362 ter,
367 2301 454 2368 qui
507 2299 575 2354 de
607 2301 780 2368 pravis
820 2299 962 2354 vitiis
1005 2300 1070 2353 ad
1101 2309 1302 2354 rectam
1345 2302 1589 2353 semitam
1641 2299 1801 2354 redu-

232 2399 433 2444 cuntur.
471 2390 629 2457 Eripe
655 2392 879 2444 animam
908 2407 1074 2445 meam
1103 2391 1165 2444 ab
1196 2391 1386 2460 impio;
1419 2391 1599 2460 utique
1628 2404 1658 2444 a
1685 2389 1801 2444 dia-

231 2481 363 2545 bolo,
415 2483 509 2551 qui
560 2482 749 2536 merito
795 2482 990 2552 impius
1035 2484 1252 2552 dicitur,
1286 2484 1406 2553 quia
1451 2484 1549 2552 piis
1589 2499 1801 2553 semper

232 2576 524 2629 contrarius
570 2575 913 2644 approbatur.
957 2574 1117 2643 Eripe
1144 2577 1268 2631 :lac
1315 2591 1620 2646 resurgere,
1661 2576 1802 2646 quod

231 2666 500 2735 impletum
529 2681 647 2720 esse
676 2666 1013 2720 manifestum
1043 2675 1143 2720 est.
1177 2664 1453 2720 Framcam
1482 2677 1642 2720 tuam.
1678 2667 1806 2722 Bre-

233 2760 357 2814 viter
390 2757 707 2813 conclusum
747 2766 830 2813 est
858 2758 983 2826 quid
1011 2759 1080 2812 sit
1106 2758 1282 2811 anima
1309 2759 1520 2812 Domini
1569 2759 1808 2814 Salvato-

233 2854 322 2914 ris;
352 2853 555 2916 framea
599 2857 678 2903 est
713 2849 854 2903 enim
889 2848 1083 2913 Patris,
1110 2848 1319 2918 quando
1367 2863 1463 2919 per
1491 2850 1660 2919 ipsam
1690 2851 1807 2904 dia-

235 2943 404 2996 bolum
442 2942 597 3006 vicit;
631 2957 723 3010 per
752 2941 922 3010 ipsam
953 2942 1208 2996 mundum
1241 2957 1271 2997 a
1296 2942 1513 2999 sordida
1542 2943 1809 3012 supersti-

238 3035 367 3089 tione
407 3033 686 3104 purgavit;
734 3049 829 3102 per
860 3034 1026 3102 ipsam
1058 3033 1320 3088 debellata
1372 3041 1458 3089 est
1498 3036 1804 3103 captivitas,

239 3141 343 3196 qua:
394 3126 614 3181 humani
644 3126 853 3196 generis
883 3125 1120 3181 sobolem
1153 3125 1484 3195 possidebat.
1533 3125 1810 3182 Frameam

241 3231 354 3271 vero
374 3218 609 3272 diximus
638 3217 923 3271 multarum
973 3231 1094 3272 esse
1134 3217 1581 3286 signiﬁcationum
1612 3221 1808 3275 :modo

1902 2026 2216 2092 pensatione
2268 2022 2524 2079 facturus.
2581 2026 2811 2080 Ventrem
2850 2029 3106 2098 ipsorum,
3149 2046 3360 2084 sensum
3397 2030 3474 2086 si-

1902 2117 2119 2186 gniﬁcat
2169 2115 2387 2170 omnino
2414 2117 2678 2172 carnalem
2700 2159 2717 2185 ,
2750 2121 2802 2174 in
2855 2136 2960 2190 quo
2990 2123 3234 2176 mandata
3268 2123 3473 2180 Domini

1903 2218 2152 2277 tanquam
2187 2209 2235 2260 in
2286 2217 2471 2263 ventre
2517 2210 2791 2265 recondita
2821 2220 2963 2266 sunt.
2996 2213 3062 2267 Et
3107 2213 3242 2268 bene
3284 2230 3474 2271 sensus

1903 2313 2086 2354 eorum
2115 2312 2450 2362 comparatus
2477 2308 2558 2355 est
2605 2303 2796 2365 ventri,
2839 2304 2978 2358 unde
3016 2305 3120 2358 cibi
3165 2306 3474 2374 spirituales

1903 2391 2047 2446 velut
2075 2389 2330 2444 vilissima
2356 2402 2698 2459 purgamenta
2725 2392 2944 2462 projecti
2974 2404 3116 2460 sunt,
3148 2396 3272 2450 dum
3305 2397 3371 2451 ab
3395 2398 3476 2452 eis

1905 2492 2154 2550 corrupta
2186 2493 2361 2536 mente
2392 2483 2718 2537 dilabuntur.
2751 2484 2855 2539 Sed
2889 2485 2939 2538 hi
2962 2500 3080 2540 cum
3113 2498 3292 2542 essent
3316 2489 3476 2545 rebus

1907 2574 2216 2630 etelestibus
2249 2574 2473 2642 impleti,
2508 2583 2560 2627 ut
2585 2575 2716 2629 nihil
2751 2583 3018 2630 terrenum
3046 2591 3239 2646 capere
3264 2578 3476 2634 debuis-

1906 2675 2048 2733 sent,
2084 2665 2445 2720 animadverte
2475 2667 2598 2734 quid
2631 2668 2888 2736 sequitur,
2917 2670 3134 2721 saturati
3167 2680 3282 2724 sunt
3309 2672 3477 2741 porci-

1909 2775 1996 2811 na.
2025 2757 2068 2811 Ο
2092 2757 2344 2824 iniquitas
2373 2757 2700 2811 exsecranda
2729 2759 2741 2810 ι
2774 2759 3036 2813 Audiebat
3070 2773 3259 2816 sensus
3293 2776 3477 2818 eorum

1911 2849 2159 2905 mandata
2195 2848 2312 2914 Dei,
2345 2857 2399 2902 et
2438 2849 2511 2902 illi
2541 2851 2918 2903 saturabantur
2943 2852 3191 2908 sordibus
3223 2863 3478 2924 peccato-

1912 2961 2050 3009 rum,
2084 2957 2326 3012 novoque
2350 2943 2508 2997 modo
2529 2943 2683 2997 bonis
2703 2943 3008 2999 coelestibus
3029 2946 3186 3016 pasti,
3217 2948 3476 3004 malorum

1913 3033 2131 3088 faecibus
2161 3033 2531 3102 explebantur.
2571 3033 2793 3087 Porcina
2821 3038 2960 3089 enim
2984 3036 3047 3090 ad
3082 3037 3279 3106 polluta
3309 3041 3479 3109 respi-

1912 3130 2004 3195 cit,
2035 3142 2153 3194 qua:
2196 3127 2335 3181 inter
2364 3136 2557 3182 caetera
2594 3127 2800 3183 Veteris
2850 3128 3178 3186 Testamenti
3219 3143 3480 3203 praecepta

1917 3218 2184 3273 immunda
2236 3227 2583 3287 praenotatur.
2641 3218 3074 3276 Transmiseruut
3130 3231 3304 3278 autem
3355 3225 3480 3280 reli-

243 3320 460 3377 contum,
495 3309 658 3364 modo
687 3309 929 3375 loricam,
976 3310 1137 3365 modo
1178 3309 1406 3379 gladium
1437 3311 1697 3382 signiﬁcat
1728 3314 1810 3368 bis
1839 3287 1884 3351 (ἶ
1916 3312 2066 3381 quias
2120 3320 2458 3380 peccatorum
2512 3311 2636 3366 tiliis
2681 3313 2792 3366 suis
2825 3330 2838 3365 :
2881 3312 3094 3382 quando
3138 3314 3434 3370 clamabant
3469 3335 3481 3371 :

244 3410 439 3455 acutum
463 3417 476 3465 ;
505 3416 626 3470 quae
650 3409 826 3456 tamen
853 3403 1031 3456 omnia
1067 3403 1134 3457 ad
1158 3403 1511 3460 instrumenta
1539 3421 1814 3464 armorum

246 3499 432 3546 certum
472 3501 562 3547 est
591 3493 882 3561 pertinere.
913 3492 1179 3549 Memento
1222 3502 1398 3550 autem
1442 3497 1582 3565 quod
1629 3498 1683 3553 in
1714 3498 1816 3556 hoc

248 3594 411 3650 versu,
455 3583 644 3656 quinta
688 3586 896 3654 species
945 3587 1272 3644 deﬁnitionis
1320 3598 1425 3655 est,
1467 3606 1586 3660 quae
1632 3591 1817 3647 Graece

250 3677 371 3730 κατά
407 3681 490 3736 τήν
522 3678 668 3742 λέξιν,
716 3675 901 3734 Latine
924 3676 989 3732 ad
1028 3678 1251 3733 verbum
1278 3679 1506 3744 dicitur;
1539 3696 1644 3734 uno
1671 3682 1816 3737 enim

253 3766 408 3821 verbo
433 3768 674 3824 deﬁnivit
700 3768 827 3840 quid
855 3771 925 3826 sit
957 3769 1134 3826 anima
1171 3770 1392 3841 Christi,
1429 3773 1477 3827 id
1509 3781 1592 3828 est
1620 3772 1818 3830 framea

252 3862 432 3922 Patris.

316 3958 458 4015 Vers.
488 3960 581 4016 15.
614 3960 688 4015 Ab
717 3962 933 4018 inimicis
949 3979 1130 4019 manus
1161 3973 1281 4020 tute.
1315 3965 1553 4034 Domine,
1585 3983 1616 4019 a
1643 3967 1819 4037 paucis

255 4069 282 4106 a
301 4060 425 4107 terra
450 4054 726 4123 dispertire
757 4071 865 4124 eos,
915 4065 960 4110 et
989 4057 1261 4128 supplanta
1300 4073 1386 4111 eos
1413 4059 1466 4111 in
1495 4059 1595 4111 vita
1624 4074 1818 4112 eorum.

259 4143 372 4200 Item
404 4146 460 4202 ﬁt
488 4147 665 4201 oratio
689 4162 784 4217 pro
805 4147 1024 4213 Iudaeis,
1056 4148 1144 4218 qui
1173 4147 1370 4202 diaboli
1405 4157 1665 4216 potestate
1694 4164 1823 4204 con-

259 4238 430 4306 stricti,
479 4239 705 4295 nefariis
753 4250 906 4294 erant
948 4241 1166 4295 ausibus
1214 4239 1488 4294 incitandi.
1542 4241 1823 4298 Daitnoncs

263 4338 373 4382 sunt
392 4332 530 4386 enim
557 4332 748 4384 inimici
771 4348 951 4386 manus
975 4331 1206 4398 Domini,
1231 4331 1319 4402 qui
1341 4332 1629 4388 humanum
1656 4349 1822 4404 genus

263 4425 508 4478 contraria
544 4423 771 4478 Domino
812 4438 1025 4493 semper
1051 4424 1321 4480 voluntate
1350 4425 1661 4482 dilacerant.
1696 4427 1825 4483 Pre-

265 4520 399 4567 catur
421 4516 605 4579 etiam,
640 4522 699 4568 ut
725 4531 755 4568 a
784 4516 980 4583 paucis,
1013 4515 1066 4570 id
1099 4525 1179 4571 est
1202 4515 1270 4572 ab
1293 4518 1550 4587 apostolis
1576 4517 1823 4574 dividan-

268 4610 339 4656 tur
363 4607 619 4664 increduli
643 4625 657 4662 :
683 4607 807 4662 dum
835 4623 864 4662 a
899 4619 1035 4664 terra
1068 4611 1221 4679 hujus
1252 4611 1432 4666 mundi
1456 4612 1642 4667 vitiosa
1670 4628 1824 4683 sepa-

1916 3405 2140 3476 Sanguis
2180 3406 2290 3476 ejus
2318 3421 2467 3476 super
2491 3421 2582 3460 nos
2612 3415 2660 3461 et
2687 3423 2842 3477 super
2883 3407 3018 3476 ﬁlios
3039 3419 3236 3465 nostros
3261 3409 3482 3480 (Matth.

1916 3512 2082 3564 ιινιι,
2104 3496 2217 3567 25).

1991 3590 2142 3645 Vers.
2177 3590 2262 3644 l7.
2295 3589 2408 3662 Ego
2430 3599 2598 3647 autem
2626 3607 2742 3646 cum
2769 3594 2976 3666 justitia
3008 3597 3264 3667 apparebo
3290 3598 3345 3653 in
3369 3613 3485 3654 con-

1918 3691 2095 3750 spectu
2125 3690 2255 3748 tuo;
2285 3684 2532 3749 satiabor,
2575 3683 2700 3738 dum
2739 3687 3148 3758 manifestabitur
3190 3690 3354 3761 gloria
3380 3700 3489 3752 tua.

1919 3773 1987 3828 In
2017 3782 2282 3842 conspectu
2322 3774 2491 3830 Patris
2539 3793 2784 3846 apparere
2830 3793 2889 3833 se
2934 3779 3063 3834 dicit
3107 3797 3218 3834 cum
3249 3783 3487 3854 justitia.

1923 3867 2170 3938 quoniam
2201 3867 2318 3935 ejus
2361 3867 2687 3922 voluntatem
2720 3870 3055 3940 impleverat,
3097 3875 3312 3942 quando
3340 3889 3490 3930 mun-

1920 3957 2047 4012 dum
2080 3958 2145 4012 ab
2169 3957 2381 4011 interitu
2408 3957 2594 4012 mortis
2618 3960 2891 4029 sanguinis
2919 3962 3000 4015 sui
3027 3962 3289 4020 effusione
3313 3965 3491 4020 salva-

1923 4049 2016 4102 vit.
2052 4047 2292 4101 Satiabor
2311 4064 2330 4102 :
2361 4062 2539 4103 sermo
2586 4049 2686 4104 iste
2714 4052 2987 4118 aptissime
3011 4052 3223 4107 videtur
3250 4055 3491 4110 iteratus.

1923 4140 2178 4209 Superius
2223 4140 2362 4193 enim
2398 4138 2612 4193 Judmos
2640 4140 2775 4193 dixit
2821 4143 3044 4194 saturari
3077 4145 3306 4212 porcina,
3333 4145 3385 4198 id
3415 4153 3494 4204 est

1925 4233 2261 4289 immunditia
2293 4247 2417 4293 sua;
2447 4246 2505 4288 se
2533 4241 2710 4288 autem
2743 4235 2972 4288 saturari
3000 4235 3067 4290 de
3097 4235 3313 4292 humani
3336 4253 3496 4309 gene-

1926 4325 2000 4379 ris
2029 4324 2344 4379 crcdulitate
2370 4333 2639 4393 suscepta,
2677 4325 2891 4394 quando
2914 4341 3168 4383 numerus
3190 4339 3496 4386 sanctorum

1926 4417 2078 4472 beata
2108 4415 2430 4471 adunatione
2451 4416 2778 4485 supplendus
2799 4426 2903 4473 est.
2934 4415 3107 4476 Patris
3131 4430 3307 4477 autem
3330 4424 3498 4496 gloria

1925 4509 2330 4580 manifestabilur
2352 4506 2404 4562 in
2424 4506 2626 4578 judicio
2642 4508 2852 4564 Domini
2869 4509 3186 4580 Salvatoris,
3204 4527 3322 4568 cum
3341 4531 3500 4571 unus~

1931 4604 2156 4673 quisque
2182 4603 2400 4672 recipiet
2423 4616 2520 4671 pro
2549 4603 2754 4657 actibus
2783 4603 2914 4668 suis,
2939 4605 3076 4667 sicut
3104 4604 3218 4674 ipse
3241 4606 3498 4664 Dominus

269 4696 386 4762 rati,
435 4707 821 4753 convertuntur
861 4697 927 4752 ad
978 4698 1284 4754 Dominum,
1343 4700 1540 4755 Eorum
1593 4703 1823 4772 quippe,
1853 4685 1907 4746 Ῐ)
1933 4695 2192 4764 apostolis
2238 4693 2366 4746 dicit
2403 4711 2416 4746 :
2447 4690 2514 4746 In
2542 4694 2635 4746 illa
2681 4695 2765 4748 die
2809 4697 3117 4764 cognoscetis
3158 4697 3275 4765 quia
3315 4712 3408 4768 ego
3448 4699 3501 4752 in

269 4782 460 4852 iuvante
486 4789 745 4856 Domino,
794 4788 1171 4858 praedicatione
1222 4790 1418 4846 factum
1447 4801 1559 4857 est,
1612 4804 1672 4850 ut
1719 4804 1825 4850 tam

274 4879 505 4940 lsraelitte
551 4899 707 4953 quam
753 4893 942 4953 gentes
981 4900 1012 4939 a
1051 4892 1261 4940 terrena
1313 4885 1591 4955 iniquitate
1638 4888 1827 4955 divisi,

275 4969 522 5030 Christum
557 4983 905 5044 sequerentur
949 4984 1238 5030 auctorem.
1272 4975 1568 5048 Supplanta
1594 4993 1708 5045 eos,
1743 4977 1830 5032 hic

275 5060 320 5113 in
347 5062 479 5118 bono
509 5067 742 5136 positum
786 5077 902 5131 eSt;
935 5067 1258 5136 supplantati
1308 5068 1448 5122 enim
1489 5076 1542 5123 et
1574 5068 1650 5122 illi
1692 5069 1832 5124 acci-

278 5151 438 5218 piendi
462 5166 584 5210 sunt
605 5156 692 5226 qui
723 5155 987 5211 damnatis
1016 5157 1290 5212 erroribus
1317 5159 1380 5212 ad
1412 5169 1586 5213 rectas
1617 5158 1834 5215 semitas

280 5248 674 5306 transferuntur.
709 5248 775 5303 In
802 5251 904 5304 vita
951 5252 1176 5319 ipsorum
1202 5253 1345 5320 quod
1374 5253 1596 5318 addidit,
1627 5255 1726 5308 hoc
1752 5261 1836 5309 est

281 5331 328 5385 in
369 5341 560 5395 mundo
589 5342 710 5407 isto,
752 5340 875 5395 dum
928 5342 1109 5396 vivunt
1143 5359 1154 5394 :
1190 5343 1275 5397 ubi
1316 5345 1643 5412 pmnitentia:
1686 5346 1834 5401 locus

284 5435 391 5491 est;
422 5433 507 5486 ubi
537 5433 795 5488 clamatur
821 5431 887 5486 ad
919 5433 1222 5498 Dominum,
1268 5449 1371 5488 non
1403 5444 1506 5489 tam
1538 5452 1630 5490 ore
1676 5451 1835 5508 quam

285 5531 447 5577 mente
471 5543 486 5590 ;
515 5527 603 5582 ubi
632 5527 964 5596 recipiuntur
989 5525 1270 5596 purissime
1291 5527 1672 5595 supplicantes.

352 5612 493 5672 νει-ε.
536 5620 622 5674 16.
660 5619 734 5674 De
760 5621 1066 5674 absconditis
1095 5621 1193 5673 tuis
1222 5618 1528 5688 adimpletus
1567 5630 1639 5673 cst
1674 5629 1840 5676 venter

288 5720 444 5763 eorum
459 5729 475 5776 ;
498 5716 707 5768 saturati
733 5724 848 5768 sunt
873 5715 1103 5784 porcina,
1123 5723 1170 5767 et
1196 5714 1509 5782 reliquerunt
1531 5729 1644 5783 qua:
1665 5730 1842 5783 super-

291 5801 481 5869 fuerunt
519 5810 738 5878 parvulis
781 5810 906 5863 suis.
947 5806 1254 5861 Abscondita
1285 5808 1372 5861 Dci
1404 5817 1454 5861 et
1487 5806 1540 5861 in
1581 5807 1754 5871 malo,
1786 5815 1842 5863 et

293 5888 350 5948 in
371 5894 505 5956 bono
530 5917 810 5972 possumus
838 5910 1192 5972 congruenter
1219 5898 1499 5971 accipere;
1529 5899 1651 5970 quia
1682 5913 1843 5955 omne

1936 4789 2108 4855 Patre,
2133 4798 2182 4843 et
2213 4788 2372 4842 Pater
2394 4789 2446 4841 in
2467 4803 2546 4843 me
2565 4797 2636 4843 est
2660 4788 2840 4856 (Joan.
2864 4803 2974 4855 xxv,
3004 4789 3091 4855 lO,
3122 4789 3236 4859 20).
3261 4790 3351 4847 Sic
3372 4805 3503 4862 ergo

1936 4881 2139 4944 Patris,
2169 4888 2223 4935 et
2263 4881 2412 4947 Filii,
2456 4890 2510 4934 et
2538 4881 2766 4950 Spiritus
2797 4880 2964 4936 sancti
2993 4895 3098 4938 una
3140 4891 3360 4941 natura.
3399 4899 3502 4941 una

1941 4981 2197 5044 potestas,
2221 4988 2322 5028 una
2353 4973 2519 5044 gloria
2548 4972 2867 5029 declaratur.

2474 5107 2744 5164 Conclusio
2768 5107 2974 5181 psalmi.

2009 5245 2450 5310 Consideremus,
2487 5243 2847 5318 dilectissimi,
2881 5259 3038 5315 quam
3081 5260 3271 5318 magna
3319 5261 3502 5306 sacra-

1939 5347 2116 5394 menta
2149 5338 2270 5392 ﬁdei
2311 5346 2508 5391 nostra:
2553 5335 2787 5404 psalmus
2817 5338 2918 5392 iste
2959 5339 3270 5407 complexus
3301 5350 3413 5405 est;
3448 5351 3506 5398 ut

1938 5430 2029 5499 qui
2060 5429 2206 5482 audit
2249 5427 2632 5496 supplicantem
2667 5427 2960 5498 hominem,
2989 5432 3235 5484 eumdem
3261 5439 3314 5485 et
3342 5434 3508 5486 conli-

1941 5522 2158 5578 tendum
2185 5520 2378 5574 debeat
2403 5519 2680 5576 advertere
2709 5520 3041 5576 Creatorem.
3076 5520 3215 5576 Duas
3242 5522 3384 5578 enim
3412 5537 3510 5580 na-

1944 5625 2092 5670 turas
2120 5611 2426 5668 inconlusas
2447 5622 2603 5684 atque
2624 5613 3086 5668 incommutabiles
3108 5616 3194 5684 qui
3219 5615 3272 5669 in
3299 5616 3510 5673 Christo

1943 5709 2173 5765 Domino
2205 5707 2468 5777 hodieque
2491 5707 2692 5762 mavult
2720 5707 2965 5771 credere,
2997 5720 3102 5760 non
3131 5714 3306 5776 potest
3333 5707 3511 5775 aliqua

1949 5801 2120 5869 decipi
2162 5799 2417 5853 falsitate.
2455 5799 2604 5855 Unde
2633 5799 2951 5854 mirabiliter
2972 5798 3158 5852 beatus
3183 5797 3412 5866 Cyrillus
3451 5798 3510 5855 in

1950 5897 2178 5965 quodam
2204 5895 2322 5952 loco
2346 5894 2685 5966 breviterque
2707 5891 2960 5951 disseruit
2979 5890 3162 5946 dicens
3177 5887 3312 5961 (Lib.
3341 5901 3371 5939 v
3392 5889 3512 5948 ade,
