4016 6344
567 440 667 502 123

1746 416 1831 498 Μ.
1875 436 2158 499 AURELll
2195 435 2603 497 CASSIODORI

3707 442 3817 501 124

569 557 1303 632 NestoriumjzAdvertentes
1318 554 1477 628 igitur
1494 553 1707 611 modum
1730 553 2134 621 incarnationis,
2159 554 2211 615 Α
2240 548 2569 606 deﬁnitionis
2620 554 2732 614 est,
2761 562 2879 619 quas
2925 548 3110 607 Graece
3160 550 3389 623 dicitur,
3422 553 3532 611 κατ’
3570 553 3813 627 ἔπαινον,

569 650 805 706 videmus
841 651 965 723 quia
994 649 1114 706 dua:
1145 656 1352 702 naturae
1383 661 1477 716 per
1502 644 1830 700 individuam
1879 643 2134 699 unitatem
2234 642 2423 699 Latine
2448 658 2540 713 per
2572 640 2805 699 laudem.
2836 641 3071 713 Singulis
3091 643 3235 700 enim
3268 644 3604 717 diversisque
3627 650 3820 709 verbis

568 743 845 799 inconfuse
870 751 1028 811 atque
1058 739 1513 795 indemutabiliter
1540 738 1769 793 invicem
1803 734 1905 793 sibi
1935 752 2134 792 conve-

568 836 767 891 nerint.
794 834 929 889 Caro
958 847 1185 902 namque
1213 847 1340 887 caro
1392 841 1495 901 est,
1526 841 1581 886 et
1624 846 1730 886 non
1758 829 1962 898 Deitas,
2010 828 2137 885 licet

570 926 661 983 Dei
692 926 827 981 facta
850 924 921 980 sit
946 938 1094 978 caro.
1125 921 1384 978 Similiter
1412 923 1572 977 etiam
1601 921 1832 977 Verbum
1866 922 2004 976 Deus
2030 930 2134 991 est,

569 1027 622 1075 et
646 1032 750 1073 non
776 1032 921 1081 caro,
946 1015 1071 1071 licet
1092 1015 1488 1084 dispensatorie
1513 1015 1781 1086 propriam
1814 1011 1993 1068 fecerit
2021 1029 2139 1068 car-

569 1123 711 1163 nem.
742 1106 868 1163 Haec
897 1115 1077 1162 autem
1108 1106 1224 1162 sine
1254 1106 1551 1162 olfensione
1585 1105 1842 1173 decurrit,
1875 1107 1964 1176 qui
1994 1106 2138 1160 nulla

567 1199 666 1255 sibi
695 1197 897 1269 proprii
926 1200 1127 1256 erroris
1156 1198 1441 1271 ligamenta
1469 1198 1746 1267 repererit.
1783 1194 1950 1267 llujus
1978 1196 2138 1253 etiam

512 1315 517 1321 ·
568 1291 756 1360 psalmi
783 1305 1065 1349 numerum
1087 1300 1142 1348 et
1170 1292 1443 1363 quantitas
1474 1291 1803 1362 propltetalis
1825 1292 2055 1359 ornavit,
2082 1296 2142 1346 ut

568 1385 759 1441 merito
788 1386 841 1441 in
871 1386 970 1441 hoc
998 1399 1223 1440 numero
1255 1385 1550 1440 ineat-natio
1579 1383 1791 1440 Domini
1826 1383 1993 1438 relata
2023 1396 2141 1439 esse

571 1477 848 1546 videatur,
878 1477 969 1536 ubi
1010 1478 1171 1536 etiam
1222 1477 1553 1549 prophetalis
1599 1478 1799 1534 chorus
1826 1476 2141 1535 convenisse

570 1572 935 1644 cognoscitur.

834 1680 1194 1743 EXPOSITIO
1230 1680 1297 1739 IN
1335 1678 1663 1742 PSALMUM
1700 1680 1861 1741 XVIL

572 1799 636 1857 In
657 1799 811 1872 ﬁnem
838 1814 993 1872 puero
1026 1799 1243 1872 Domini
1267 1796 1455 1872 David,
1482 1798 1799 1872 guilocutus
1825 1806 1900 1872 est
1936 1797 2006 1872 ad
2036 1795 2144 1853 Do-

638 1869 849 1953 minum
872 1869 1023 1953 verba
1060 1870 1245 1925 cantici
1271 1870 1449 1953 hujus,
1471 1869 1636 1953 die
1673 1884 1774 1938 qua
1813 1869 2003 1953 eripuit
2028 1884 2142 1953 eum

2236 734 2577 804 przedicando
2600 732 2835 789 declarat
2859 732 2985 804 quid
3026 734 3098 790 sit
3125 735 3416 804 Dominus,
3445 738 3604 793 ntodo
3627 740 3818 812 virtus,

2238 825 2396 880 modo
2426 825 2822 896 ﬁrmamentum,
2852 826 3011 882 modo
3041 828 3318 900 refugium,
3350 830 3510 885 modo
3547 830 3819 901 liberator,

2238 917 2399 971 modo
2439 917 2645 986 adiutor
2668 957 2681 981 ,
2714 915 2874 971 modo
2903 926 3183 987 protector,
3211 919 3371 979 modo
3414 935 3574 976 cornu
3600 921 3821 978 salutis.

2240 1008 2366 1065 Haec
2391 1008 2533 1065 enim
2566 1009 2744 1065 omnia
2777 1009 3000 1080 pulchre
3043 1010 3363 1082 ostendunt,
3404 1013 3523 1085 quis
3566 1015 3685 1086 ejus
3730 1025 3824 1072 est

2243 1105 2521 1161 Dominus.

2310 1199 2464 1255 Vers.
2494 1198 2547 1253 2.
2581 1198 2832 1261 Dominus
2861 1199 3235 1270 ﬁrmamentum
3261 1216 3448 1270 meum,
3484 1210 3531 1257 et
3559 1201 3824 1275 refugium

2240 1309 2440 1361 meum,
2482 1302 2528 1348 et
2555 1293 2797 1348 liberator
2842 1309 3024 1358 meus;
3049 1292 3189 1348 Deus
3227 1310 3372 1350 meus
3413 1296 3620 1367 adjutor
3655 1312 3823 1351 meus.

2241 1386 2394 1444 Iuste
2424 1385 2557 1442 dicit
2603 1387 2887 1442 Dominum
2932 1387 3311 1459 ﬁrmamentum
3353 1404 3524 1454 suum,
3566 1388 3823 1460 quoniam

2243 1478 2312 1534 ab
2340 1479 2458 1549 ipso
2484 1493 2800 1536 concessum
2827 1490 2910 1536 est
2935 1490 2993 1536 ut
3020 1480 3251 1537 inimicis
3269 1480 3379 1537 suis
3408 1480 3461 1537 in
3491 1482 3605 1537 acie
3633 1482 3825 1539 ﬁrmus

2246 1571 2552 1641 assisteret,
2598 1581 2653 1627 et
2681 1570 2851 1627 vivaci
2894 1570 3240 1628 animositate
3268 1580 3545 1643 pugnaret.
3578 1570 3644 1626 Et
3680 1573 3825 1643 refu—

2241 1666 2381 1738 gium
2413 1681 2598 1719 meum.
2627 1663 2844 1736 Utique,
2869 1665 3103 1737 quando,
3133 1679 3254 1722 cum
3282 1663 3380 1720 fuit
3408 1680 3544 1735 opus
3570 1666 3823 1732 consilio,

2243 1757 2440 1829 refugit
2464 1757 2529 1812 ad
2560 1766 2868 1825 tractatum,
2892 1768 2946 1813 et
2967 1756 3174 1813 invenit
3205 1755 3492 1813 Divinitate
3517 1766 3826 1813 monstran-

2246 1860 2323 1917 te,
2357 1849 2498 1919 quod
2526 1865 2648 1906 eum
2675 1858 2885 1921 poterat
2911 1848 3185 1919 adjuvare.
3217 1850 3407 1904 Merito
3434 1856 3610 1904 autent
3631 1848 3825 1903 libera-

640 1942 892 2014 Dominus
933 1942 997 2014 (le
1022 1939 1435 2014 mauuiomnium
1464 1939 1787 1995 inimicorum
1816 1943 1959 2010 ejus,
1988 1949 2035 1996 et
2077 1940 2142 1995 de
2172 1952 2220 2013 Β
2247 1952 2406 1997 torem
2430 1959 2584 1999 suum
2620 1942 2901 1999 Dominum
2945 1942 3249 2014 proﬁtetur,
3280 1941 3371 2012 qui
3398 1955 3519 1996 cum
3540 1941 3605 1996 de
3627 1940 3824 1995 saevis-

641 2030 794 2068 manu
820 2010 980 2080 Saul,
1011 2021 1057 2068 et
1083 2013 1237 2067 dixit.

639 2122 705 2181 In
735 2126 911 2196 ﬁnem,
943 2141 1123 2195 puero,
1161 2130 1217 2180 et
1253 2123 1440 2191 David,
1472 2122 1587 2180 haec
1614 2122 1713 2179 tria
1735 2124 1899 2180 verba
1936 2122 2000 2178 ad
2032 2121 2141 2178 Re-

571 2235 688 2293 gem
718 2231 958 2276 nostrum
991 2220 1322 2276 Salvatorem
1351 2219 1544 2277 referri
1591 2233 1749 2290 posse
1776 2235 1881 2275 non
1922 2219 2142 2275 dubium

570 2321 672 2368 est.
701 2311 834 2368 Nam
864 2318 920 2369 et
955 2329 1082 2383 puer
1109 2312 1299 2384 legitur
1337 2312 1391 2367 in
1423 2312 1680 2384 propheta
1706 2331 1719 2366 :
1752 2312 1861 2385 58
1889 2311 2025 2367 Puer
2049 2330 2144 2367 na-

570 2413 647 2459 tus
674 2410 746 2459 est
773 2403 917 2459 nobis
939 2402 1073 2476 (Isa.
1092 2419 1167 2470 lx,
1192 2402 1270 2475 6).
1301 2404 1402 2473 Qui
1429 2402 1629 2459 locutus
1660 2413 1732 2461 est
1763 2405 1833 2458 ad
1871 2404 2144 2460 Dominum

572 2494 720 2549 verba
746 2495 932 2550 cantici
959 2495 1154 2568 hujus;
1174 2503 1296 2565 post
1322 2496 1436 2550 haec
1460 2495 1559 2550 alia
1590 2495 1889 2564 deputanda
1913 2504 2056 2560 sunt,
2088 2503 2147 2550 ut

573 2584 645 2639 sit
670 2585 955 2640 verborum
980 2585 1191 2655 plenior
1215 2594 1270 2641 et
1291 2585 1531 2642 absoluta
1556 2587 1848 2643 contexlio.
1877 2585 2027 2654 Quod
2052 2601 2144 2641 au-

575 2684 680 2733 tem
708 2674 907 2733 dictum
933 2684 1018 2733 est
1045 2678 1252 2747 cantici,
1278 2678 1344 2733 ad
1386 2679 1891 2749 contemplationem
1937 2687 2145 2735 constat

574 2782 748 2824 rerum
765 2770 1061 2826 co:lestium
1085 2770 1352 2842 pertinere
1373 2790 1385 2825 :
1412 2787 1478 2829 ne
1494 2771 1633 2844 regis
1650 2773 1701 2827 in
1724 2773 1888 2829 David
1913 2783 2144 2829 tantum-

572 2862 731 2919 modo
753 2863 973 2920 historia
1003 2865 1200 2920 mntis
1221 2874 1423 2920 nostras
1444 2864 1673 2920 haereret
1702 2866 1941 2919 intuitus.
1974 2864 2038 2920 In
2063 2864 2147 2918 die

575 2973 670 3029 qua
709 2958 899 3027 eripuit
928 2972 1045 3011 eum
1087 2956 1337 3011 Dominus
1363 2958 1427 3012 de
1465 2974 1619 3011 manu
1661 2959 1887 3011 omnium
1915 2959 2147 3013 inimico-

574 3064 685 3104 rum
711 3052 844 3117 ejus,
867 3056 915 3103 et
944 3048 1006 3101 de
1023 3065 1180 3102 manu
1212 3048 1366 3115 Sani,
1392 3059 1441 3104 et
1469 3051 1616 3103 dixit.
1641 3048 1737 3103 Hic
1763 3059 1913 3104 actus
1940 3050 2144 3119 Regum

577 3140 799 3196 lectione
828 3140 1140 3195 notissimus
1177 3148 1297 3205 est;
1332 3139 1403 3195 ibi
1431 3140 1572 3197 enim
1620 3140 1776 3196 latius
1823 3141 2146 3197 describitur

578 3230 1017 3303 quemadmodum
1050 3231 1215 3288 David
1246 3231 1409 3287 fuerit
1433 3231 1501 3287 de
1532 3231 1869 3287 inimicorum
1924 3246 2143 3288 suorum

2247 2036 2367 2091 simi
2396 2034 2537 2107 regis
2575 2033 2752 2090 Saulis
2778 2032 2857 2089 ira
2888 2041 3142 2103 tanquam
3174 2031 3241 2087 de
3270 2031 3466 2087 inferni
3496 2046 3592 2087 ore
3622 2030 3823 2086 libera—

2241 2110 2346 2185 vit.
2393 2126 2533 2183 Deus
2562 2143 2701 2183 meus
2729 2126 2939 2199 adjutor
2966 2143 3127 2181 meus.
3161 2125 3532 2180 Prmstitorum
3560 2122 3825 2179 suavitate

2247 2220 2539 2291 pellectus,
2564 2220 2617 2275 in
2649 2234 2911 2275 summam
2959 2217 3157 2288 repetit
3183 2216 3463 2287 superiora
3489 2231 3609 2286 quae
3646 2214 3821 2271 dixit:

2245 2314 2369 2385 quia
2417 2313 2616 2383 ubique
2646 2312 2760 2383 ipse
2789 2310 2978 2376 adfuit,
3004 2324 3231 2380 eumque
3268 2307 3478 2363 virtutis
3506 2321 3618 2363 sua:
3647 2308 3825 2362 muni-

2247 2405 2393 2461 mine
2443 2404 2749 2461 custodivit.
2796 2403 2903 2461 Sed
2947 2402 3232 2460 considera
3274 2400 3415 2472 quod
3445 2402 3516 2457 ita
3562 2400 3827 2471 percurrit

2246 2498 2485 2569 singula,
2526 2507 2582 2553 ttt
2632 2498 2744 2552 suis
2791 2495 3000 2553 meritis
3057 2510 3163 2551 non
3218 2502 3503 2565 praesumat
3549 2491 3827 2563 applicare

2246 2587 2457 2643 collata.

2319 2678 2472 2736 Vers.
2496 2678 2550 2736 5.
2578 2676 2645 2734 Et
2665 2678 2877 2751 sperabo
2898 2678 2952 2733 in
2971 2694 3118 2736 eum:
3141 2684 3391 2748 protector
3411 2690 3574 2741 meus,
3598 2683 3645 2729 et
3668 2691 3826 2731 cornu

2246 2772 2428 2827 salutis
2457 2788 2599 2839 mete,
2629 2771 2841 2846 adjutor
2869 2786 3031 2825 meus.
3063 2767 3408 2824 Conﬁdenter
3432 2767 3544 2837 jant
3570 2767 3824 2837 postulat,

2248 2864 2341 2935 qui
2360 2863 2425 2918 de
2451 2863 2659 2918 Domini
2682 2862 2850 2934 gratia
2875 2869 2995 2933 post
3017 2859 3397 2916 beneﬁciorum
3426 2857 3675 2929 exempla
3697 2872 3824 2924 pra:-

2248 2955 2432 3009 sumit.
2461 2952 2591 3008 Nam
2621 2953 2688 3009 de
2727 2953 2903 3009 futuro
2952 2951 3268 3007 fiducialiter
3306 2964 3524 3021 sperare
3570 2963 3631 3005 se
3659 2948 3824 3015 dicit,

2246 3046 2337 3115 qui
2365 3059 2486 3100 eum
2510 3044 2563 3099 in
2588 3044 2876 3115 praeteritis
2920 3051 3160 3099 senserat
3186 3040 3508 3112 adjutorem.
3554 3036 3826 3095 Protector

2247 3152 2406 3191 meus.
2451 3135 2563 3191 [loc
2608 3135 2676 3191 ad
2707 3150 2828 3192 eum
2876 3135 3108 3206 pertinet
3134 3132 3575 3198 custodiendum,
3606 3132 3703 3203 qui
3734 3131 3826 3186 ad~

2249 3229 2609 3285 versariorum
2656 3227 3008 3299 appetebatur
3049 3225 3275 3282 insidiis.
3316 3223 3469 3291 Quod
3519 3231 3698 3279 autem
3741 3223 3828 3279 hic

579 3324 778 3380 ditione
804 3324 1080 3380 liberatus.
1111 3323 1191 3379 Ad
1222 3324 1374 3394 cujus
1399 3324 1799 3381 similitudinem
1823 3327 2147 3381 resurrectio
2173 3337 2220 3402 ο
2250 3321 2414 3390 dixit,
2450 3337 2607 3376 cornu
2649 3321 2831 3376 salutis
2860 3335 2972 3376 sum
3004 3318 3306 3387 Dominum,
3338 3316 3406 3373 ad
3430 3316 3676 3373 inimicos
3708 3330 3829 3388 per-

578 3414 822 3482 Domini,
847 3422 900 3470 et
928 3414 1292 3470 membrorum
1332 3413 1449 3485 ejus
1474 3413 1737 3470 absolutio
1782 3414 1851 3472 de
1881 3424 2143 3486 p0testate

580 3506 838 3564 diabolica
866 3507 1189 3564 declaratur.

1148 3616 1341 3676 Divisio
1377 3620 1583 3692 psalmi.

650 3735 892 3792 Psalmus
918 3734 1004 3791 hic
1034 3733 1125 3790 uni
1151 3740 1357 3789 tantum
1379 3746 1485 3788 non
1515 3739 1691 3803 potest
1717 3732 2003 3788 convenire
2022 3746 2147 3804 per-

582 3842 746 3884 sonae.
776 3826 907 3882 Nam
940 3825 1115 3896 primo
1147 3825 1336 3881 ordine
1365 3826 1627 3895 propheta
1668 3824 1901 3896 loquitur
1944 3823 2147 3895 gratias

581 3935 741 3992 agens
761 3918 901 3992 quod
928 3934 1051 3976 eum
1090 3918 1160 3975 de
1193 3916 1442 3990 gravibus
1488 3917 1740 3987 periculis
1769 3916 1952 3972 divina
1980 3916 2148 3986 pietas

581 4014 807 4071 liberare
833 4015 1047 4085 dignata
1072 4020 1177 4069 est.
1206 4011 1457 4068 Secundo
1484 4008 1724 4067 Ecclesia
1755 4010 2011 4081 loquitur,
2028 4026 2148 4080 quae

580 4116 704 4164 ante
732 4107 1017 4163 adventum
1048 4105 1263 4161 Domini
1293 4104 1601 4161 innumeras
1634 4104 1852 4175 pertulit
1875 4103 2148 4159 calamita-

581 4207 680 4265 tes,
711 4207 999 4269 posteaque
1021 4198 1272 4253 misertus
1300 4196 1372 4264 ei,
1395 4197 1713 4252 medicinam
1743 4204 1942 4250 saneta:
1973 4196 2148 4250 incure

582 4292 814 4347 nationis
856 4290 1106 4355 indulsit,
1133 4300 1189 4345 et
1218 4288 1553 4358 baptismatis
1588 4287 1849 4345 beneﬁcio
1888 4287 2148 4342 Christia-

583 4397 708 4437 num
732 4383 982 4452 populum
1030 4382 1099 4438 de
1124 4380 1274 4436 orbis
1317 4380 1667 4436 universitate
1705 4379 1939 4449 collegit.
1970 4380 2150 4434 Tertio

582 4475 633 4531 in
663 4488 838 4530 rorem
868 4472 1256 4528 misericordias
1284 4486 1385 4525 vos
1416 4470 1627 4525 Domini
1655 4469 1949 4525 Salvatoris
1973 4468 2150 4527 illabi-

583 4575 691 4633 tur,
717 4563 807 4620 ubi
852 4561 1225 4634 pulcherrimis
1246 4560 1595 4615 allusionibus
1620 4560 1788 4614 virtus
1825 4557 1943 4629 ejus
1998 4568 2149 4629 pote-

582 4667 798 4727 stasque
825 4654 1163 4711 describitur.
1190 4651 1389 4719 Quarto
1418 4651 1609 4707 iterum
1648 4651 1899 4707 Ecclesia:
1925 4650 2152 4706 catholi-

584 4764 663 4805 ca:
693 4749 833 4804 dicta
887 4746 1258 4818 proferuntur,
1295 4754 1349 4799 et
1383 4759 1506 4801 cum
1555 4760 1745 4813 magna
1795 4746 2151 4804 exsultatione
2175 4735 2230 4797 D

583 4826 884 4895 Divinitatis
913 4852 1133 4894 munera
1172 4829 1427 4893 concessa
1457 4838 1756 4894 laudantur.

1115 4948 1381 5019 Expositio
1418 4951 1622 5020 psalmi.

655 5063 806 5119 Vers.
838 5062 889 5117 Ι.
939 5061 1163 5132 Diligam
1203 5071 1277 5130 te,
1319 5063 1563 5129 Domine,
1604 5074 1764 5119 virtus
1791 5079 1924 5119 mea.
1973 5063 2153 5135 Diligit

583 5156 907 5223 Dominum,
935 5154 1025 5222 qui
1054 5154 1317 5211 mandatis
1346 5156 1460 5225 ejus
1503 5156 1729 5211 devotus
1770 5156 2145 5224 obtemperat,

582 5250 723 5302 sicut
745 5248 821 5301 ait
846 5246 901 5301 in
943 5247 1266 5315 Evangelia:
1302 5248 1401 5314 Qui
1422 5249 1565 5303 audit
1602 5249 1752 5318 verba
1783 5264 1916 5314 meo,
1952 5257 1999 5303 et
2029 5249 2152 5319 facit

581 5357 661 5404 ea,
692 5340 775 5393 hic
801 5340 981 5408 estqui
1010 5339 1179 5411 diligit
1207 5355 1288 5395 me
1308 5342 1489 5405 (Joan.
1523 5356 1631 5407 x1v,
1662 5340 1779 5411 Ql).
1818 5340 1987 5410 Diligo
2009 5340 2151 5394 enim

581 5431 808 5497 dicitur,
838 5432 989 5503 quasi
1018 5432 1087 5487 de
1120 5432 1368 5488 omnibus
1415 5435 1571 5505 eligo.
1607 5435 1674 5488 Et
1706 5433 1983 5486 considera
2016 5447 2148 5501 qua-

580 5523 723 5580 niam
754 5526 866 5583 haec
887 5528 1100 5584 dilectio
1137 5529 1215 5584 sic
1244 5528 1310 5584 de
1333 5530 1507 5584 futuro
1538 5525 1886 5597 promittitur,
1912 5520 1970 5580 n't
2008 5541 2145 5581 nun-

581 5630 738 5686 quam
761 5626 935 5673 tatnen
964 5619 1225 5675 defecisse
1251 5621 1507 5675 videatur.
1533 5618 1707 5671 Virtus
1728 5632 1859 5669 mea.
1879 5613 2146 5684 Propheta

582 5709 837 5764 liberatus
864 5711 931 5765 ab
960 5711 1203 5766 hostibus
1230 5712 1342 5765 suis
1373 5719 1521 5764 recte
1548 5708 1829 5763 Dominum
1860 5706 2147 5763 confitetur

579 5818 735 5861 suam
756 5818 873 5859 esse
900 5807 1176 5869 virtutem;
1207 5820 1311 5871 quo
1337 5804 1571 5857 donante
1601 5800 1797 5854 factum
1826 5811 1928 5866 est,
1957 5810 2015 5854 ut
2045 5799 2148 5855 inii-

582 5898 735 5955 ntieis
772 5899 881 5955 suis
910 5898 1097 5954 fortior
1122 5902 1423 5966 appareret.
1470 5895 1566 5951 Hic
1592 5892 1905 5952 duodeclms
1937 5893 2150 5964 species

2256 3415 2386 3470 tinet
2404 3413 2760 3485 dissipandos.
2786 3412 2991 3469 Cornua
3009 3412 3151 3468 enim
3178 3419 3303 3467 sunt
3324 3424 3471 3466 arma
3500 3408 3825 3477 belluarutn,

2252 3504 2442 3577 quibus
2462 3504 2685 3561 salutem
2707 3518 2856 3563 suam
2879 3502 3064 3560 solerti
3088 3501 3487 3558 concertatione
3507 3496 3823 3554 defendunt.

2253 3597 2472 3667 Adjutor
2486 3612 2647 3651 meus.
2672 3596 2902 3652 Dulcedo
2919 3594 3161 3651 beneficii
3182 3592 3549 3666 repetitionem
3570 3590 3697 3647 fecit
3709 3605 3828 3647 esse

2252 3687 2565 3755 verborum;
2595 3702 2753 3758 supra
2783 3688 2922 3744 enim
2956 3686 3142 3742 eodem
3174 3684 3434 3741 vocabulo
3468 3681 3821 3755 nuncupavit,

2252 3796 2407 3852 quem
2441 3780 2527 3835 hic
2554 3784 2746 3837 lterum
2776 3779 3016 3836 nominat
3043 3779 3361 3850 adjutorem.

2324 3873 2481 3928 Vers.
2505 3873 2560 3928 4.
2585 3871 2829 3928 Laudans
2854 3871 3094 3927 invocabo
3118 3869 3417 3936 Dominum,
3440 3875 3490 3923 et
3516 3866 3580 3921 ab
3607 3862 3830 3921 inimicis

2252 3965 2376 4018 meis
2404 3964 2575 4018 salvus
2615 3978 2720 4018 ero.
2750 3958 2878 4017 Post
2919 3962 3146 4016 virtutes
3185 3968 3460 4031 peractas,
3490 3958 3572 4012 vir
3611 3967 3832 4013 sanctus

2251 4056 2396 4110 nulla
2429 4069 2487 4111 se
2511 4056 2743 4111 elatione
2781 4053 3034 4125 jztctavit;
3061 4054 3152 4109 sed
3177 4050 3301 4123 quia
3330 4056 3448 4106 erat
3482 4064 3665 4105 rerum
3688 4048 3834 4118 ipsa-

2252 4161 2367 4201 rum
2402 4145 2671 4201 hilaritate
2692 4144 3046 4217 gaudendum,
3080 4142 3301 4196 laudans
3324 4155 3385 4196 se
3405 4140 3547 4195 dixit
3588 4147 3831 4194 invocare

2253 4238 2551 4305 Dominum,
2581 4248 2635 4294 et
2658 4239 2756 4308 ipsi
2782 4238 3034 4292 universa
3065 4237 3316 4301 tribuere,
3351 4234 3440 4304 qui
3463 4232 3721 4304 dignatus
3750 4242 3835 4288 est

2252 4340 2441 4385 cuncta
2486 4336 2756 4398 prmstare.
2784 4329 2849 4381 Et
2892 4328 3010 4382 ideo
3036 4342 3094 4382 se
3121 4325 3249 4380 dicit
3273 4324 3336 4378 ab
3379 4324 3602 4378 inimicis
3633 4323 3837 4378 salvum

2254 4423 2578 4488 faciendum,
2608 4422 2730 4493 quia
2760 4421 3032 4475 victoriam
3082 4432 3233 4474 suam
3264 4431 3370 4473 non
3417 4416 3519 4472 sibi
3546 4417 3838 4473 videbatur

2255 4520 2572 4590 applicasse,
2591 4516 2683 4573 sed
2703 4515 2947 4570 Domino.
2968 4513 3097 4569 Nam
3118 4513 3205 4585 qui
3229 4514 3382 4571 aliter
3400 4511 3541 4580 facit,
3555 4510 3708 4567 vitiis
3723 4511 3841 4566 suis

2255 4610 2494 4680 captivus
2520 4607 2778 4675 reddttur,
2797 4606 3038 4678 quamvis
3061 4607 3243 4663 hostes
3259 4620 3543 4678 superasse
3558 4604 3836 4661 videatur.

2332 4700 2481 4757 Vers.
2513 4700 2564 4754 5.
2598 4699 3052 4754 Circumdederunt
3080 4715 3157 4754 me
3184 4701 3397 4771 gemitus
3426 4699 3628 4765 mortis,
3655 4706 3707 4754 et
3729 4706 3845 4752 tor-

2256 4804 2421 4849 rentes
2457 4793 2740 4863 iniquitatis
2779 4792 3201 4846 conturbauerunt
3229 4807 3330 4846 me.
3368 4790 3495 4847 Post
3522 4790 3845 4847 exsultatio-

2260 4898 2382 4939 nem
2416 4884 2686 4954 prophctze
2706 4924 2720 4949 ,
2752 4898 2908 4951 quam
2940 4893 3124 4938 sancta
3169 4883 3365 4953 pietate
3393 4883 3662 4953 concepit,
3707 4898 3848 4939 ven-

2258 4988 2368 5034 tum
2420 4984 2504 5032 est
2551 4978 2614 5029 ad
2661 4976 2901 5031 ordinem
2956 4977 3269 5044 secundum,
3319 4975 3406 5031 ubi
3447 4990 3546 5045 pro
3591 4975 3848 5034 cladibus

2255 5064 2466 5139 generis
2507 5065 2765 5130 humani,
2799 5082 2917 5137 qua:
2944 5074 3068 5123 ante
3110 5070 3395 5124 adventum
3430 5067 3643 5124 Domini
3686 5084 3851 5140 gras-

2257 5160 2532 5225 sabantur,
2561 5159 2859 5215 introducta
2888 5176 2990 5215 una
3013 5176 3240 5231 persona
3258 5161 3552 5232 justorum,
3576 5178 3715 5234 quos
3745 5163 3848 5219 illo

2255 5258 2496 5320 tempore
2540 5250 2703 5306 fuisse
2753 5266 2857 5307 non
2907 5253 3126 5308 dubium
3180 5264 3295 5319 est,
3346 5253 3463 5323 pius
3514 5252 3853 5324 deprecator

2255 5354 2460 5400 exorat.
2509 5344 2638 5399 Nam
2672 5346 2860 5402 merito
2886 5348 3062 5414 justus
3092 5346 3193 5402 iste
3237 5346 3627 5402 circumdatum
3657 5362 3722 5402 se
3749 5363 3853 5420 ge-

2255 5436 2472 5491 mitibus
2520 5438 2809 5495 asserebat.
2860 5438 2980 5508 quia
3036 5437 3164 5492 dunt
3213 5447 3356 5494 esset
3391 5434 3852 5509 superstitionum

2256 5532 2537 5586 innumera
2581 5530 2887 5597 multitudo,
2935 5532 3165 5589 ﬁdelium
3197 5542 3316 5589 erat
3353 5548 3470 5588 rara
3501 5532 3751 5589 devotio.
3780 5535 3856 5589 Et

2257 5637 2323 5677 ne
2354 5633 2567 5693 putares
2593 5627 2809 5693 gemitus
2838 5623 2904 5679 de
2940 5624 3149 5696 jactura
3195 5622 3495 5692 facultatis,
3525 5632 3619 5679 aut
3666 5625 3740 5681 de
3782 5640 3857 5683 re

2261 5713 2626 5785 hujuscemodi
2656 5730 2774 5767 esse
2819 5718 3081 5784 profusos.
3114 5714 3555 5779 atlditlitmortis;
3588 5716 3718 5783 quia
3750 5732 3859 5773 re-

2260 5822 2385 5860 vera
2410 5820 2553 5860 mors
2575 5814 2710 5870 erat,
2740 5806 2828 5858 ubi
2852 5806 3047 5861 diaboli
3081 5823 3236 5876 posse
3262 5807 3533 5877 regnabat.
3566 5804 3859 5867 Torrentes

2262 5906 2438 5954 autem
2469 5910 2610 5967 saepe
2640 5895 2870 5954 diximus
2910 5898 3100 5955 ﬂuvios
3143 5914 3262 5955 esse
3301 5896 3544 5954 hibernis
3575 5899 3859 5960 imbribus
