4064 6360
247 499 353 555 425

1160 501 1516 560 ΕΧΡυδιτιιο
1557 503 1618 558 ΙΝ
1663 501 2116 561 l’SALTERlUM.
2160 507 2356 566 PSAL.
2398 509 2559 568 XVII.

3424 481 3517 564 ius

245 617 534 674 excitatos.
581 614 679 671 llic
725 630 852 687 ergo
907 617 1276 691 iniquitatibus
1321 621 1521 694 rapidis
1571 621 1693 678 data
1747 631 1830 679 est
1860 624 2158 695 Amiscere
2188 635 2520 694 peccatores.
2562 628 2808 686 Servavit
2848 627 3089 686 ordinem
3128 628 3242 695 rei,
3281 635 3338 683 ut
3369 626 3518 698 prius

243 707 542 765 similitudo
609 709 959 780 torrentium,
1017 719 1077 766 ut
1147 713 1342 768 merito
1394 715 1832 771 conturbaveriut

244 800 466 856 anxium
509 801 798 871 populum,
825 817 946 858 cum
981 803 1243 860 undarum
1289 807 1576 864 minacium
1608 823 1832 864 concre-

243 893 466 965 patione
504 895 868 948 lremuissent.

318 989 473 1045 Vers.
508 990 560 1044 6.
604 988 822 1045 Dolores
852 991 1040 1061 inferni
1065 993 1500 1048 circumdederunt
1535 1009 1612 1046 me
1644 1007 1662 1046 :
1693 1009 1830 1062 prte-

243 1095 493 1138 venerunt
511 1102 590 1140 me
610 1087 778 1156 laquei
795 1088 991 1142 mortis.
1017 1087 1135 1143 Fiat
1159 1090 1313 1156 hujus
1335 1089 1584 1143 versiculi
1611 1103 1831 1158 compa-

243 1179 446 1249 ginatio
487 1187 867 1250 praeposteram
897 1181 1200 1248 verborum,
1229 1189 1286 1236 ut
1314 1181 1506 1236 melius
1533 1181 1615 1234 hic
1639 1195 1828 1235 Sensus

243 1271 402 1326 nobis
429 1272 596 1340 possit
641 1273 855 1342 aperiri.
895 1272 1350 1328 Circumdederunt
1393 1290 1471 1326 me
1517 1273 1718 1328 dolores
1748 1273 1827 1327 in-

241 1366 416 1434 {erni.'
444 1365 510 1420 de
539 1365 756 1435 paganis
787 1364 934 1432 dicit,
973 1365 1062 1437 qui
1097 1375 1254 1422 erunt
1282 1366 1481 1420 dolores
1514 1366 1736 1434 inferni,
1773 1365 1824 1419 id

239 1467 328 1513 est
372 1458 463 1527 qui
507 1457 564 1512 in
616 1457 826 1513 inferno
866 1459 1047 1514 debito
1100 1458 1285 1514 dolore
1343 1459 1630 1529 torquendi
1681 1467 1826 1512 sunt.

244 1551 528 1606 Prteveniri
568 1567 694 1606 vero
723 1551 972 1620 dicimus,
1005 1553 1222 1622 quando
1266 1551 1464 1622 aliquid
1510 1568 1609 1607 nos
1639 1551 1831 1607 antici-

241 1658 374 1714 pare
399 1643 750 1714 dignoscitur,
784 1651 841 1698 ut
870 1653 952 1699 est
980 1643 1070 1698 ille
1094 1634 1270 1699 reatus
1315 1645 1590 1714 originalis
1620 1644 1828 1712 peccati

241 1738 335 1808 qui
363 1751 478 1804 nos,
503 1747 785 1808 antequam
811 1751 1113 1803 nascantur,
1137 1740 1204 1792 ab
1227 1738 1343 1808 ipso
1363 1747 1627 1808 conceptu
1644 1735 1822 1792 reddit

241 1830 541 1884 obnoxios:
574 1830 714 1886 unde
744 1830 800 1884 in
828 1830 1269 1901 quinquagesimo
1316 1831 1522 1898 psalmo
1558 1830 1821 1900 propheta

242 1919 485 1976 dicturus
525 1930 645 1977 est:
678 1919 812 1975 Ecce
837 1922 890 1974 in
921 1921 1274 1992 iniquitatibus
1316 1930 1587 1992 conceptus
1615 1937 1752 1989 sum,
1781 1927 1830 1975 et

1939 718 2246 774 ostenderet
2269 730 2465 776 motam
2483 763 2498 787 ,
2525 735 2711 792 postea
2738 724 2943 779 diceret
2979 739 3099 779 esse
3124 725 3515 779 tremefactum.

1935 806 2297 864 Fundamenta
2325 827 2450 867 vero
2478 815 2743 881 malitiam,
2778 816 3041 884 signiﬁcat
3073 814 3516 884 prmsumptiones

1934 902 2309 972 superborum,
2335 903 2386 957 id
2402 912 2504 970 est,
2530 905 2764 970 divitias,
2794 907 3060 972 honores,
3091 913 3389 974 caulemque
3412 904 3514 958 lin-

1933 997 2319 1066 mana,quihus
2345 997 2421 1052 illi
2447 998 2676 1067 detenti,
2708 999 2855 1052 velut
2884 999 3243 1054 fundamentis
3260 1006 3484 1054 constan
3503 1027 3517 1041 -

1936 1088 2074 1144 tibus
2094 1091 2410 1147 innituntur.
2435 1091 2561 1148 llmc
2587 1093 2766 1148 omnia
2796 1093 3003 1147 turbata
3021 1103 3161 1158 sunt,
3188 1092 3310 1163 quia
3331 1092 3514 1148 mundi

1934 1181 2062 1235 falsi
2095 1198 2242 1252 spes,
2275 1199 2404 1238 vero
2429 1185 2655 1239 Domino
2685 1186 2958 1250 veniente,
2985 1185 3189 1239 sublata
3216 1195 3315 1239 est.
3349 1184 3518 1239 Nimis

1932 1283 2053 1342 apte
2085 1275 2254 1344 posita
2291 1277 2452 1330 verba
2477 1275 2809 1331 descendunt
2835 1293 2850 1332 :
2877 1276 3049 1346 primo
3075 1275 3432 1346 fundamenta,
3463 1274 3518 1330 id

1933 1373 2016 1420 est
2057 1366 2412 1434 superborum
2461 1381 2584 1436 spes
2633 1368 2840 1421 turbata
2866 1375 2976 1432 est;
3011 1375 3194 1436 postea
3227 1366 3356 1419 dicit
3396 1380 3518 1420 esse

1933 1467 2259 1511 commotam.
2287 1458 2574 1527 Subjunxit
2607 1469 2661 1513 et
2688 1473 2904 1514 causam
2929 1471 3094 1527 quare
3123 1466 3377 1510 commata
3401 1464 3518 1510 sunt

1933 1547 2290 1619 fundamenta,
2318 1551 2562 1620 quoniam
2588 1551 2750 1605 iratus
2771 1560 2845 1604 est
2867 1551 2937 1603 eis
2970 1547 3140 1613 Deus;
3168 1547 3370 1615 utique,
3395 1547 3518 1616 quia

1933 1639 2058 1694 vitia
2081 1639 2310 1695 humana
2340 1641 2566 1697 Domino
2609 1641 2904 1713 probantur
2934 1655 3095 1696 exosa
3114 1680 3129 1705 ,
3177 1649 3230 1692 et
3257 1640 3420 1692 iratus
3445 1647 3520 1692 est

1932 1732 2061 1788 illis.
2123 1734 2259 1790 l-linc
2315 1733 2619 1790 ostenditur
2648 1773 2664 1800 ,
2720 1735 2972 1806 quoniam
3023 1746 3284 1803 sequaces
3332 1745 3519 1788 eorum

1932 1833 2141 1882 constat
2180 1842 2301 1883 esse
2328 1812 2650 1898 puniendos.

2006 1917 2159 1974 Vers.
2190 1920 2276 1975 10.
2305 1918 2548 1974 Ascendit
2580 1921 2752 1990 fumus
2778 1917 2834 1972 in
2863 1917 2940 1971 ira
2959 1917 3092 1990 ejus,
3117 1925 3162 1970 et
3189 1915 3369 1985 ignisa
3389 1914 3521 1984 [acia

241 2013 296 2066 in
341 2013 537 2068 delictis
581 2017 774 2087 peperit
824 2032 902 2068 me
951 2027 1111 2069 mater
1154 2032 1264 2069 mea
1297 2014 1469 2086 (Psal.
1521 2032 1574 2083 1.,
1611 2015 1687 2086 7).
1739 2013 1830 2070 Vir
1859 2029 1908 2089 Β
1934 2015 2044 2084 ejus
2075 2015 2287 2080 exarsit,
2315 2013 2560 2068 carbones
2585 2014 2816 2067 succensi
2845 2021 2964 2066 sunt
3002 2011 3165 2066 abeo.
3203 2010 3406 2066 Fumus
3436 2009 3521 2064 hic

240 2105 386 2159 enim
404 2105 578 2174 justus
593 2106 786 2161 merito
813 2122 870 2161 se
899 2114 1227 2175 praeventum
1248 2105 1482 2173 diccbat,
1502 2107 1594 2177 qui
1621 2116 1827 2162 reatum

241 2208 400 2250 Suum
421 2197 776 2253 antecessisse
798 2209 1142 2268 cognoverat.
1165 2197 1269 2254 Sed
1292 2197 1741 2269 quemadmodum
1763 2198 1832 2254 ab

242 2283 330 2342 his
358 2287 516 2342 fuerit
543 2289 798 2344 liberatus
829 2293 1011 2346 snbtcr
1035 2290 1274 2360 exponit.

318 2380 468 2437 Vers.
505 2383 559 2437 7.
603 2382 670 2436 Et
700 2384 753 2437 in
779 2384 1105 2437 tribulatione
1130 2400 1242 2438 mea
1263 2385 1493 2438 invocavi
1525 2381 1822 2453 Dominum,

240 2482 289 2529 et
337 2473 403 2527 ad
442 2471 609 2528 Deum
651 2491 817 2530 meum
855 2477 1095 2530 clamavi.
1132 2476 1278 2531 inter
1313 2477 1453 2531 mala
1499 2479 1666 2532 multa
1711 2491 1830 2547 quae

239 2569 470 2638 dixerat,
490 2585 653 2625 unum
673 2579 725 2626 et
753 2571 1022 2640 singulare
1047 2572 1327 2640 profitetur
1345 2586 1472 2626 esse
1495 2571 1788 2627 remedium
1811 2587 1824 2624 :

240 2661 488 2718 lunvacare
546 2663 823 2717 Dominum
868 2665 921 2718 in
969 2663 1382 2719 tribulationibus
1429 2665 1571 2728 suis,
1616 2667 1832 2735 quando

241 2762 454 2810 constat
493 2756 620 2809 totis
650 2755 855 2809 viribus
885 2758 1017 2825 peti,
1051 2755 1191 2824 quod
1227 2766 1468 2826 tempore
1493 2758 1833 2812 necessitatis

242 2856 477 2917 aptatur.
510 2846 578 2900 Et
608 2844 728 2900 vide
754 2846 875 2917 quia
921 2847 1069 2918 prius
1097 2848 1234 2901 dixit
1263 2849 1329 2902 ad
1375 2849 1656 2904 Dominum
1691 2867 1705 2904 :
1738 2850 1832 2904 scd

242 2953 311 2994 ne
343 2947 558 3008 putares
583 2935 692 3010 59
719 2937 786 2992 ad
816 2939 1052 2994 alienum
1086 2940 1384 3007 dominum,
1412 2942 1688 3011 subjunxit
1713 2961 1726 2998 :
1753 2941 1835 2996 Ad

242 3029 411 3086 Deum
434 3047 601 3086 meum
623 3033 858 3085 clamavi.
890 3031 1128 3085 Clamare
1162 3043 1340 3087 autem
1381 3033 1503 3103 plus
1527 3047 1630 3102 est,
1659 3034 1727 3088 ab
1755 3036 1835 3088 in-

243 3133 439 3178 vocare.
465 3121 647 3177 Crevit
697 3135 875 3176 sermo
919 3122 1298 3193 progrediente
1339 3123 1631 3192 desiderio,
1660 3134 1714 3181 et
1745 3140 1837 3182 ac-

247 3227 441 3267 census
492 3212 704 3267 animus
749 3211 818 3267 ad
859 3223 1158 3268 orationem
1211 3214 1476 3284 prosilivit
1531 3216 1719 3274 avidus
1776 3217 1834 3274 in

251 3305 560 3360 clamorem.

325 3394 474 3450 Yers.
505 3395 558 3450 8.
599 3392 670 3448 Et
697 3393 956 3450 exaudivit
987 3395 1051 3451 de
1079 3397 1266 3467 templo
1305 3406 1478 3453 sancto
1517 3415 1612 3456 suo
1659 3417 1832 3456 vocem

250 3501 456 3551 meum;
509 3495 556 3540 et
603 3487 796 3541 clamor
841 3504 978 3542 meus
1024 3489 1079 3542 in
1125 3501 1398 3562 conspectu
1449 3494 1562 3563 ejus
1609 3494 1837 3550 introivit

251 3580 305 3633 in
331 3595 480 3634 aures
508 3583 642 3652 ejus.
668 3581 792 3636 Sive
821 3580 887 3636 de
916 3580 1076 3648 coelo,
1103 3583 1216 3638 sive
1246 3582 1314 3638 de
1343 3597 1570 3654 corpore
1596 3587 1830 3656 Domini,

252 3672 398 3743 quod
435 3685 715 3728 venturum
757 3689 878 3730 esse
918 3675 1276 3744 prvevidebat,
1319 3679 1576 3748 templum
1619 3695 1836 3750 compe-

253 3772 435 3819 tenter
457 3764 800 3821 advertimus.
828 3767 1138 3821 Exauditam
1167 3784 1293 3840 ergo
1319 3770 1446 3826 dicit
1471 3788 1637 3825 vocem
1662 3787 1835 3843 suam,

251 3872 416 3932 quam
446 3857 512 3915 de
540 3859 768 3916 adventu
797 3859 1008 3916 Domini
1035 3863 1232 3934 jugiter
1271 3863 1547 3920 olierebat.
1579 3865 1682 3922 Sed
1714 3882 1836 3936 per-

253 3952 601 4007 scrutandum
631 3963 715 4008 est
757 3954 1026 4024 quomodo
1052 3958 1244 4008 clamor
1275 3955 1442 4026 ipsius
1479 3959 1532 4010 in
1564 3968 1838 4027 conspectu

252 4045 354 4100 Dei
375 4047 600 4102 valuerit
617 4048 830 4102 introire
849 4050 870 4102 ?
891 4048 1104 4102 Clamor
1129 4050 1258 4114 iste,
1291 4065 1468 4104 causae
1486 4051 1692 4120 justitia
1723 4059 1836 4118 est,

252 4153 377 4210 qua:
399 4139 580 4210 utique
605 4140 672 4194 ad
696 4139 862 4194 Deum
886 4140 1089 4195 intrare
1131 4152 1358 4211 poterat,
1383 4145 1502 4212 quia
1531 4159 1627 4212 pro
1653 4145 1837 4198 mundi

251 4231 497 4288 cladibus
524 4233 878 4304 supplicabat.
910 4234 1184 4302 Sequitur,
1207 4235 1428 4288 introivit
1457 4238 1509 4287 in
1537 4251 1686 4288 aures
1707 4240 1838 4307 ejus.

252 4325 375 4381 lloc
401 4324 468 4381 de
493 4326 879 4381 consuetudine
905 4338 1088 4380 nostra
1115 4326 1408 4396 figuraliter
1434 4328 1648 4396 dicitur,
1698 4329 1842 4400 quod

251 4417 452 4472 clamor
475 4419 593 4492 ejus
617 4419 766 4488 quasi
792 4419 990 4489 aliquid
1021 4420 1306 4490 cnrporale
1332 4421 1385 4475 in
1410 4437 1557 4475 aures
1598 4421 1838 4476 Domini-

249 4524 349 4568 cas
373 4511 660 4578 introisset;
692 4525 814 4566 cum
837 4511 926 4565 ille
953 4521 1122 4566 totum
1151 4514 1498 4582 spiritualiter
1527 4515 1750 4580 sentiat,
1787 4523 1842 4570 et

249 4612 537 4676 antequam
561 4605 713 4674 liant,
746 4606 993 4661 universa
1015 4617 1324 4676 cognoscat.
1353 4607 1428 4663 llli
1456 4610 1596 4664 enim
1627 4621 1840 4664 actuum

249 4706 559 4754 nostrorum
577 4699 830 4768 qualitas,
855 4699 1004 4767 quasi
1029 4698 1348 4767 quibusdam
1369 4699 1605 4752 vultibus
1627 4714 1844 4769 semper

1937 2107 1991 2161 in
2021 2106 2162 2161 bouo
2193 2109 2398 2177 positus
2427 2114 2508 2161 est
2538 2123 2550 2158 :
2577 2107 2698 2176 quia
2728 2107 2865 2160 sicut
2890 2104 2991 2160 iste
3028 2112 3276 2159 terrenus
3305 2102 3521 2157 inutiles

1935 2197 2199 2267 lacrymas
2251 2205 2451 2264 movet,
2476 2195 2547 2250 ita
2578 2204 2632 2251 et
2675 2195 2767 2251 ille
2814 2196 3142 2265 poenitentiae
3180 2195 3360 2248 calore
3399 2207 3522 2246 suc-

1935 2305 2150 2360 census,
2201 2289 2476 2346 fructuosa
2505 2289 2780 2360 profundit
2809 2290 3006 2343 fluenta
3035 2287 3412 2358 lacrymarum.
3454 2283 3521 2339 In

1935 2383 2016 2438 ira
2047 2385 2161 2456 ejus
2194 2401 2212 2440 :
2257 2393 2499 2455 tempore
2527 2398 2633 2454 quo
2666 2384 2752 2438 hic
2785 2391 3095 2453 peccatores
3136 2381 3299 2434 futuri
3334 2379 3522 2450 jndicii

1937 2477 2128 2532 timore
2155 2477 2472 2542 conturbat,
2511 2485 2567 2530 ut
2609 2489 2702 2530 eos
2726 2475 2790 2530 ad
2818 2475 3112 2530 remedium
3152 2473 3522 2528 conversionis

1935 2569 2185 2624 adducat.
2220 2569 2365 2641 Ignis
2388 2579 2563 2624 autem
2593 2579 2674 2625 est
2695 2568 2931 2624 charitas
2960 2567 3077 2634 Dei,
3106 2567 3364 2621 virtutum
3397 2579 3522 2634 pro-

1937 2661 2306 2729 gressionibus
2335 2675 2620 2728 crescens,
2651 2675 2772 2731 qua:
2817 2671 3020 2729 quanto
3056 2657 3227 2727 magis
3261 2655 3516 2726 concupi-

1921 2749 2126 2817 scitur,
2152 2759 2300 2804 tanto
2324 2751 2593 2806 etlicacius
2614 2751 2922 2820 ampliatur.
2949 2751 3090 2804 Bene
3113 2759 3292 2802 autem
3315 2749 3470 2814 dixit,
3491 2763 3524 2802 α

1940 2841 2072 2911 facie
2092 2845 2205 2912 ejus
2226 2857 2246 2896 :
2263 2843 2514 2912 quoniam
2542 2843 2712 2912 ipsius
2733 2843 3124 2902 illuminatiuue
3143 2842 3377 2895 charitas
3393 2855 3525 2896 conc

1940 2933 2146 2988 ceditur
2165 2934 2244 2988 eis
2289 2935 2379 3004 qui
2403 2943 2619 3003 peccata
2650 2933 3052 3002 derelinquunt.
3100 2930 3356 2986 Carbones
3396 2945 3524 2988 vero

1938 3043 2206 3082 succensas
2231 3035 2542 3098 peccatores
2567 3027 2720 3095 dicit,
2749 3027 2838 3094 qui
2866 3028 3009 3080 velut
3037 3015 3282 3081 carbones
3305 3025 3521 3095 mortui,

1937 3121 1992 3176 in
2037 3122 2220 3175 mundi
2260 3121 2416 3175 istius
2461 3120 2701 3175 caicitate
2753 3119 3138 3186 tenebrantur,
3185 3119 3281 3173 sed
3329 3120 3522 3178 iterum

1938 3213 2254 3283 pmnitentia
2279 3211 2648 3267 inﬂammante
2680 3212 3044 3279 reviviscunt,
3093 3219 3150 3266 et
3174 3227 3238 3264 ex
3293 3212 3523 3270 mortuis

1939 3304 2124 3375 prunis
2155 3305 2258 3360 vivi
2287 3305 2556 3373 incipiunt
2607 3318 2727 3359 esse
2755 3305 3018 3358 carbones.
3065 3302 3319 3373 Sequitur
3362 3304 3524 3360 etiam

1937 3399 2206 3471 quomodo
2254 3401 2482 3456 succensi
2531 3408 2650 3456 sunt
2679 3444 2694 3471 ,
2747 3401 2997 3457 veniente
3039 3401 3246 3456 scilicet
3292 3399 3522 3456 Domino

1946 3494 2327 3564 Redemptore.

2018 3589 2174 3644 Vers.
2206 3589 2294 3642 il.
2329 3587 2393 3642 Et
2419 3587 2686 3642 inclinavit
2708 3585 2862 3642 culos
2891 3596 2938 3642 et
2964 3586 3256 3652 descendit;
3290 3597 3337 3642 et
3361 3587 3528 3658 caliga

1945 3679 2037 3733 sub
2080 3679 2291 3750 pedibus
2317 3681 2453 3752 ejus.
2482 3679 2731 3747 Magnum
2768 3689 3167 3733 sacramentum
3196 3679 3250 3732 in
3280 3677 3384 3732 hoc
3413 3693 3528 3733 δεμ

1909 3817 1912 3820 .
1948 3788 2106 3828 moue
2137 3777 2430 3841 repositum
2457 3781 2560 3826 est.
2595 3771 2906 3826 Humillavit
2936 3785 2994 3828 se
3017 3775 3157 3827 enim
3190 3770 3444 3836 Verbum,
3479 3780 3527 3829 ut

1945 3866 2061 3921 sine
2089 3873 2308 3935 peccato
2331 3864 2570 3935 quidem,
2596 3865 2689 3918 sed
2718 3873 2897 3919 tamen
2921 3862 3330 3919 similitudinem
3356 3867 3528 3921 carnis

1946 3959 2148 4028 peccati
2180 3967 2440 4012 sumeret.
2481 3957 2796 4011 Descendere
2838 3972 3016 4011 autem
3047 3959 3119 4012 illi
3154 3958 3280 4028 fuit,
3323 3958 3391 4013 ad
3439 3971 3527 4012 nos

1947 4050 2152 4114 venire,
2183 4051 2320 4104 sicut
2341 4049 2471 4103 dicit
2497 4050 2787 4117 Apostolus
2819 4066 2832 4102 :
2864 4049 3206 4118 Semetipsum
3228 4050 3529 4114 ea'inanivit,

1950 4145 2168 4210 formam
2199 4142 2330 4194 servi
2359 4143 2616 4210 accipiens
2641 4139 2862 4210 (Philip.
2891 4155 2949 4206 η,
2982 4140 3060 4208 7).
3087 4140 3266 4210 Caligo
3289 4155 3416 4193 vero
3449 4140 3530 4199 hic

1950 4234 2194 4286 diabolus
2219 4241 2333 4299 est,
2382 4233 2470 4300 qui
2505 4233 2780 4285 hominum
2819 4239 3036 4287 mentes
3072 4232 3371 4297 iunubilat,
3403 4232 3528 4292 dum

1947 4326 2191 4379 veritatis
2222 4325 2565 4392 Splendorem
2603 4339 2710 4378 non
2743 4323 2871 4378 facit
2900 4324 3082 4379 videre
3108 4339 3242 4395 quos
3268 4327 3527 4395 possidet.

1896 4429 1898 4432 '
1952 4419 2061 4475 Sub
2093 4421 2302 4490 pedibus
2333 4419 2445 4490 ejus
2477 4435 2495 4472 :
2523 4419 2647 4489 quia
2676 4419 2794 4474 sine
2825 4419 2987 4473 dubio
3017 4421 3297 4488 majestate
3321 4420 3530 4478 Domini

1948 4512 2243 4570 Salvatoi'is
2279 4513 2625 4580 conculcatur
2653 4513 2957 4569 daemonum
2990 4514 3316 4570 exsecranda
3346 4515 3528 4583 nequi-

1946 4613 2053 4677 tia,
2100 4611 2238 4665 sicut
2277 4619 2330 4664 et
2380 4611 2433 4664 in
2463 4609 2811 4679 nonagesimo
2842 4611 3050 4678 psalmo
3086 4608 3326 4662 dicturus
3379 4615 3461 4659 est
3517 4622 3529 4659 :

1947 4703 2114 4773 Super
2144 4703 2374 4774 aspidem
2399 4712 2444 4755 et
2477 4701 2767 4755 basiliscum
2789 4699 3100 4766 ambulabis,
3133 4706 3183 4753 et
3208 4695 3529 4752 conculcabis

249 4789 488 4855 assistit;
512 4800 566 4846 et
589 4791 728 4861 quod
750 4789 890 4861 apud
917 4805 1015 4845 nos
1035 4791 1326 4857 occultum,
1351 4791 1430 4846 illi
1453 4792 1690 4847 noscitur
1717 4807 1838 4848 esse
1872 4773 1920 4831 Ῑ)
1945 4795 2138 4849 leonem
2167 4773 2214 4848 et
2238 4795 2509 4849 draconem
2541 4793 2712 4864 (Psal.
2745 4808 2835 4860 xc,
2866 4792 2977 4862 l5).

249 4883 618 4940 manifestum.

334 4977 482 5032 Vera.
515 4978 568 5032 9.
614 4976 683 5031 Et
719 4989 968 5032 commota
1007 4990 1113 5048 est,
1145 4988 1193 5032 et
1240 4978 1546 5033 contremuit
1575 4988 1744 5043 terra;
1790 4990 1840 5033 et

248 5067 587 5137 fundamenta
607 5070 856 5122 montium
883 5069 1182 5122 conturbata
1210 5079 1325 5124 sunt
1348 5079 1394 5124 et
1418 5079 1669 5124 commota
1690 5079 1834 5137 sunt,

247 5160 491 5231 quoniam
519 5162 684 5216 iratus
708 5171 782 5215 est
802 5163 874 5216 eis
903 5161 1056 5217 Deus.
1092 5163 1325 5218 Decursa
1371 5164 1586 5220 tristitia
1616 5208 1630 5234 ,
1677 5179 1837 5234 quam

249 5260 322 5316 de
349 5260 578 5316 adventu
625 5261 836 5316 Domini
864 5259 1050 5315 beatus
1087 5261 1312 5330 populus
1342 5262 1674 5331 suStinebat,
1712 5277 1836 5331 pro-

247 5354 448 5425 phetia:
470 5357 662 5427 spiritu
692 5355 760 5411 ad
787 5357 1173 5412 incarnationis
1196 5355 1316 5426 ejus
1339 5366 1546 5412 secreta
1571 5356 1836 5426 pervenit,

245 5448 603 5520 ordinemque
631 5451 804 5521 ipsum
830 5449 1061 5507 mirabili
1085 5452 1392 5503 narratione
1418 5449 1692 5504 describit.
1725 5447 1836 5504 lloc

245 5537 468 5593 schema
507 5539 702 5596 dicitur
731 5541 850 5596 idea
873 5581 889 5606 ,
918 5555 1038 5596 cum
1065 5539 1300 5609 speciem
1331 5541 1406 5591 rei
1442 5539 1657 5606 futuras,
1693 5539 1840 5594 velut

244 5634 422 5691 oculis
452 5635 763 5703 ollerentes,
795 5647 996 5690 motum
1029 5635 1189 5689 animi
1221 5632 1579 5697 concitamus;
1615 5632 1755 5701 quod
1783 5644 1838 5689 et

243 5726 340 5782 hic
381 5735 436 5782 et
471 5730 521 5782 in
563 5730 1013 5799 subsequentibus
1046 5729 1288 5782 versibus
1316 5735 1524 5781 constat
1553 5725 1824 5780 effectum.

241 5819 314 5875 Et
335 5818 454 5874 ideo
472 5836 613 5875 nunc
635 5821 913 5875 audiamus
933 5831 1265 5875 sacramenta
1280 5818 1491 5873 Domini
1511 5817 1828 5872 salvatoris.

240 5913 500 5982 Congrue
519 5913 778 5984 siquidem
803 5913 868 5967 ad
893 5911 1177 5967 adventum
1199 5912 1400 5966 Christi
1425 5920 1559 5964 terra
1581 5917 1832 5962 commota

243 6019 354 6079 est,
397 6013 648 6083 quoniam
675 6009 960 6086 praesentia
985 6006 1179 6079 judicia
1215 6005 1435 6079 dignum
1477 6003 1580 6061 fuit
1617 6011 1834 6075 contreq

2019 4889 2174 4944 Vers.
2221 4889 2304 4942 12.
2354 4889 2419 4942 Et
2465 4888 2694 4943 ascendit
2725 4901 2878 4956 super
2907 4883 3168 4938 cherubim
3213 4891 3261 4938 et
3291 4883 3471 4937 volavit
3513 4899 3529 4938 :

1946 4983 2128 5036 volavit
2183 4997 2331 5049 super
2377 4996 2568 5053 pennas
2615 4988 2899 5033 ventorum.
2956 4975 3082 5030 Haec
3129 4975 3294 5044 figura
3334 4974 3530 5030 dicitur

1947 5075 2320 5144 hyperthesis,
2376 5074 2430 5128 id
2473 5081 2556 5127 est
2603 5069 2929 5139 superlatio,
2978 5081 3101 5123 cum
3131 5069 3360 5138 aliquam
3409 5081 3526 5123 rem

1945 5171 2197 5240 Opinione
2221 5168 2457 5224 omnium
2483 5176 2683 5233 notam,
2708 5165 2971 5218 sententia
2994 5172 3176 5219 nostra
3201 5175 3528 5232 exsuperare

1944 5259 2341 5318 contendimus.
2391 5257 2522 5312 Tale
2570 5265 2653 5311 est
2693 5265 2745 5310 et
2799 5255 2926 5310 illud
2983 5257 3035 5310 in
3085 5255 3528 5326 quinquagesimo

1945 5354 2152 5424 psalmo
2179 5369 2192 5406 :
2226 5351 2441 5405 Lavabis
2468 5365 2571 5419 me,
2593 5357 2638 5403 et
2666 5363 2820 5417 super
2847 5351 3014 5403 nivem
3039 5347 3317 5402 dealbabor
3352 5345 3526 5417 (Psal.

1945 5468 2000 5516 L,
2024 5448 2099 5516 ti).
2135 5445 2406 5502 Cherubin:
2432 5445 2811 5514 interpretatur
2839 5441 3124 5498 multitudo
3147 5441 3406 5509 scientiae,
3437 5447 3530 5496 aut

1947 5541 2169 5598 scientia
2196 5537 2567 5606 multiplicata.
2600 5537 2743 5592 Alibi
2775 5539 2924 5590 enim
2957 5537 3150 5605 legitur
3182 5551 3197 5588 :
3248 5535 3347 5601 Qui
3381 5536 3526 5588 sedes

1944 5654 2003 5690 sn
2013 5652 2103 5704 per
2125 5631 2403 5696 cherubim,
2420 5618 2798 5703 appare(Psal.
2827 5645 3007 5694 LXXIX,
3032 5630 3110 5700 '2).
3137 5628 3376 5684 Ascendit
3398 5640 3528 5695 ergo

1945 5744 2097 5796 supzr
2127 5724 2636 5792 cherubim,quando
2663 5721 2964 5778 videntibus
2995 5721 3252 5791 apostolis
3276 5722 3340 5774 ad
3360 5719 3527 5773 caelo-

1944 5834 2058 5875 rum
2091 5834 2252 5886 regna
2279 5818 2610 5873 conscendit.
2636 5803 2800 5873 Sedet
2843 5831 2981 5871 nunc
3007 5830 3171 5885 super
3206 5813 3480 5870 cherubim
3503 5851 3519 5878 ,

1941 5911 2005 5964 ad
2033 5912 2206 5963 Patris
2223 5909 2461 5964 dextram
2489 5910 2803 5973 collocatos,
2828 5909 2881 5963 in
2909 5907 3046 5962 creto
3076 5915 3130 5962 et
3151 5907 3206 5963 in
3239 5914 3375 5962 terra
3397 5919 3520 5962 cnir

1943 6003 2102 6060 Patre
2138 6011 2324 6076 regnat
2349 6009 2404 6060 et
2432 6002 2632 6074 Spiritu
2662 6010 2879 6072 saneto;
2909 5999 3054 6071 quod
3081 6007 3366 6066 utrumque
3403 5997 3524 6051 uni-
