4016 6344
543 493 649 555 127

1739 470 1816 528 Μ.
1863 463 2143 528 AURELII
2177 462 2586 523 CASSIODORI

3715 465 3810 522 128

545 621 760 670 versum
797 604 1019 664 modum
1056 597 1300 658 scientiae
1342 592 1430 650 vet
1467 587 1837 648 admirationis
1871 581 2126 656 probatur
2156 581 2209 642 Α
2229 581 2408 638 nubes
2456 596 2576 653 quae
2619 596 2812 654 aquam
2837 583 3114 641 continent
3133 581 3264 653 Dei,
3291 581 3346 638 id
3369 588 3454 640 est
3489 579 3702 654 eloquia
3729 580 3809 636 di-

547 705 831 764 excedere.
858 701 992 769 Quae
1009 695 1152 754 enim
1180 697 1429 749 creatura
1450 683 1741 757 praevaleat
1770 679 1904 736 tanti
1935 674 2129 734 secreti

525 799 814 867 attingere
852 790 1182 849 sufﬁcienter
1209 797 1466 841 arcanum
1490 821 1506 845 ,
1537 775 1680 849 quod
1708 788 1926 829 carnem
1957 780 2130 826 terre-

549 906 674 948 nam
688 861 860 959 atque
881 879 1162 939 mortalem
1186 877 1241 932 in
1268 884 1467 930 aeterna
1496 869 1755 926 caelorum
1780 865 1948 935 gloria
1970 861 2134 917 collo-

549 983 731 1048 cavit,
762 956 818 1036 et
861 976 982 1032 fecit
1011 989 1129 1031 eam
1165 969 1429 1028 creaturis
1478 963 1726 1022 omnibus
1769 956 2128 1023 adorabilem,

506 1140 508 1142 ν
551 1090 669 1148 qua:
685 1082 924 1129 terrenas
943 1059 1485 1138 pertulitpassiones?
1537 1056 1811 1126 Sequitur,
1857 1049 2132 1117 ctuolauit,

551 1142 736 1224 uelauit
759 1177 912 1232 super
933 1173 1123 1230 pennas
1146 1163 1428 1210 ventorum.
1462 1152 1587 1206 llaec
1612 1146 1860 1218 repetitio
1891 1142 2138 1198 celerita-

552 1267 661 1315 tem
709 1255 930 1312 nimiam
975 1251 1230 1306 decenter
1268 1244 1544 1308 ostendit.
1575 1242 1630 1298 id
1681 1247 1765 1296 est
1811 1254 1906 1308 per
1951 1233 2138 1291 mundi

551 1351 723 1422 spatia
753 1347 1012 1403 velociter
1054 1340 1327 1407 cucurrit,
1370 1336 1583 1410 quando
1619 1335 1740 1404 ipso
1779 1333 1832 1387 in
1859 1327 2138 1386 cunabulis

550 1444 802 1516 iacente,
845 1437 1013 1508 magis
1055 1449 1177 1492 eum
1209 1433 1383 1490 stellae
1411 1430 1632 1487 claritas
1672 1425 1955 1482 nuntiavit.
1999 1422 2139 1490 Quid

553 1537 696 1593 enim
727 1531 834 1588 dici
891 1538 1065 1602 potest
1091 1527 1364 1595 velocius,
1392 1525 1480 1596 qui
1514 1537 1637 1578 mox
1670 1530 1730 1576 ut
1773 1529 1929 1576 natus
1957 1519 2010 1572 in
2035 1518 2140 1573 alia

553 1627 736 1685 mundi
769 1634 918 1688 parte
940 1631 1261 1694 conspectus
1287 1619 1406 1676 est?
1444 1618 1597 1674 Tunc
1625 1631 1755 1688 ergo
1779 1623 2030 1682 superata
2055 1619 2142 1668 est

553 1722 800 1779 celeritas
827 1727 1130 1784 ventorum,
1150 1714 1393 1784 quamvis
1415 1712 1470 1767 in
1503 1709 1702 1767 mundo
1727 1706 1859 1762 nihil
1879 1706 1958 1762 eis
1987 1705 2142 1760 ocius

558 1833 680 1875 esse
723 1824 1071 1871 monstretur.
1115 1810 1268 1879 Quod
1317 1815 1494 1863 autem
1534 1804 1728 1873 repetit
1766 1803 1882 1857 sine
1923 1797 2144 1868 interje—

556 1913 734 1968 ctione
757 1908 976 1964 alterius
1004 1905 1178 1971 verbi,
1210 1903 1416 1969 volavit,
1459 1899 1669 1961 volavit,
1701 1896 1870 1967 ﬁgura
1898 1901 1981 1949 est
2023 1889 2142 1961 epi-

2233 673 2385 742 vina,
2415 671 2554 732 sicut
2581 674 2636 730 in
2667 674 2771 732 hoc
2797 689 2923 731 aere
2951 676 3286 744 tenebrosae,
3318 675 3420 731 hoc
3451 683 3535 731 est
3575 673 3812 731 obscura

2235 764 2519 834 videntur,
2559 766 2632 822 ita
2660 767 2716 822 in
2743 775 3015 836 conspectu
3051 766 3146 822 Dei
3184 767 3514 839 prthulgortv
3542 775 3696 832 sunt,
3728 765 3814 824 ubi

2236 874 2453 930 semper
2473 862 2670 917 veritas
2696 869 2858 929 patet.
2883 861 2990 916 Nec
3009 861 3479 931 praepositionibus
3495 861 3811 931 exquiritur,

2238 969 2337 1010 nec
2353 955 2629 1025 parabolis
2649 955 2863 1027 tegitur,
2887 957 3027 1027 quod
3051 955 3333 1011 manifesta
3356 955 3476 1012 luce
3491 955 3813 1013 declaratur.

2239 1045 2358 1102 Istae
2381 1063 2510 1122 ergo
2527 1048 2704 1115 nubes,
2724 1049 2774 1104 id
2799 1057 2883 1105 est
2915 1050 3311 1119 prmdicatores,
3339 1050 3402 1104 ad
3433 1062 3619 1121 gentes
3632 1051 3816 1106 relicto

2238 1141 2532 1199 Israelitico
2556 1144 2754 1214 populo
2776 1145 3119 1211 transierunt;
3148 1145 3289 1200 sicut
3311 1153 3524 1201 constat
3543 1145 3786 1201 effectum
3800 1187 3814 1210 ,

2239 1238 2453 1310 quando
2481 1239 2674 1294 duritia
2699 1255 2803 1294 non
2831 1242 3028 1297 meruit
3055 1240 3386 1308 Iudaeorum,
3416 1242 3556 1313 quod
3583 1241 3649 1296 ad
3680 1241 3816 1310 ipsos

2243 1339 2464 1387 venerat
2513 1331 2881 1388 instruendus.
2908 1331 3122 1388 Grande
3158 1342 3207 1388 et
3243 1333 3486 1388 carbones
3514 1333 3670 1404 ignis.
3720 1333 3818 1388 Ex-

2241 1426 2394 1498 ponit
2415 1442 2510 1495 pcr
2536 1427 2847 1499 allegoriam
2894 1426 3022 1497 quid
3053 1427 3161 1482 illm
3188 1427 3343 1480 nubes
3379 1425 3648 1492 habeant;
3681 1425 3816 1480 aliud

2243 1519 2388 1575 enim
2429 1519 2581 1586 dicit,
2607 1528 2662 1575 et
2685 1517 2826 1573 aliud
2855 1519 2968 1572 vult
2996 1517 3242 1589 intelligi.
3271 1516 3424 1573 Unde
3465 1516 3818 1573 schematibus

2243 1611 2452 1669 crebris
2500 1611 2806 1676 eloquentia
2837 1609 3017 1665 divina
3048 1610 3302 1678 probatur
3330 1623 3452 1664 esse
3495 1607 3816 1676 plenissima.

2247 1701 2460 1759 Grande
2508 1703 2653 1758 enim
2674 1744 2690 1769 ,
2739 1701 2792 1756 id
2817 1711 2900 1756 est
2927 1701 3327 1773 obiurgationes
3368 1700 3608 1770 ﬁguratae
3635 1697 3820 1769 quibus

2245 1796 2554 1853 Judteorum
2604 1795 2768 1851 corda
2811 1793 3095 1850 durissima
3139 1793 3522 1849 tundehantur.
3573 1791 3820 1848 Carbones

2244 1887 2407 1959 ignis,
2451 1887 2728 1942 charitatis
2772 1887 3052 1954 incendia,
3101 1884 3293 1956 quibus
3334 1893 3542 1938 mentes
3595 1883 3819 1936 ﬁdelium

557 2004 740 2061 zeuvis
761 2043 775 2068 ,
821 2017 938 2070 qua!
968 2000 1155 2055 Latine
1186 1993 1494 2066 coniunctio
1541 1991 1766 2057 dicitur,
1813 1987 1954 2042 sicut
1989 1991 2044 2039 et
2090 1983 2144 2038 in
2175 1973 2223 2034 B
2249 1979 2455 2036 caelesti
2483 1979 2604 2051 igne
2634 1979 2978 2034 reviviscunt.
3016 1977 3139 2032 Haec
3169 1977 3233 2031 ad
3261 1985 3449 2048 gentes
3476 2016 3490 2041 ,
3522 1973 3662 2030 sicut
3695 1972 3823 2028 dixi-

557 2093 1004 2166 subsequentibus
1033 2091 1272 2146 dicturus
1323 2096 1406 2142 est
1449 2104 1461 2140 ε
1497 2083 1616 2138 Dies
1657 2081 1758 2137 diei
1795 2087 1992 2137 eructat
2030 2093 2142 2133 ver-

558 2194 676 2248 bum
706 2187 928 2262 (Psalm.
955 2201 1106 2246 xvm,
1135 2183 1216 2255 5);
1237 2190 1321 2250 et,
1352 2179 1490 2233 Deus
1523 2177 1662 2232 Dens
1688 2191 1846 2230 naeus.

631 2283 786 2340 Vers.
816 2283 903 2337 15.
957 2279 1019 2334 Et
1062 2277 1228 2345 posuit
1279 2272 1508 2331 tenebras
1541 2270 1808 2325 latibulum
1845 2281 1996 2322 suum
2033 2279 2053 2320 :
2089 2262 2147 2318 in

561 2379 773 2435 circuitu
793 2378 906 2449 ejus
936 2371 1318 2428 tabernaculum
1344 2370 1489 2440 ejus;
1519 2365 1786 2420 tenebrosa
1811 2377 1946 2430 aqua
1973 2360 2028 2413 in
2049 2372 2146 2412 nu-

561 2471 705 2526 bibus
735 2469 889 2524 aeris.
927 2465 1214 2527 Tenebras,
1240 2458 1626 2517 incarnationis
1663 2456 1781 2522 eius
1827 2451 2147 2526 mysterium

563 2561 714 2624 dicit,
742 2559 906 2630 utqui
929 2559 982 2613 in
1006 2564 1194 2612 natu-ra
1217 2551 1433 2609 deitatis
1456 2564 1567 2606 suae
1589 2546 1760 2604 videri
1783 2561 1889 2600 non
1915 2547 2145 2612 poterat,

568 2651 954 2710 incarnationis
1002 2647 1268 2705 velamine
1310 2643 1556 2699 humanis
1607 2637 1986 2709 conspectibus
2041 2634 2152 2690 Be-

563 2751 812 2819 deutptor
855 2747 1128 2818 piissimus
1173 2751 1476 2814 appareret.
1501 2738 1656 2797 Unde
1681 2737 1874 2793 beatus
1915 2736 2151 2792 Joannes

563 2840 1189 2909 Coustantinopolitanus
1219 2825 1506 2906 episcopus
1535 2831 1852 2888 mirabiliter
1881 2838 1937 2886 et
1962 2829 2153 2885 catho-

564 2933 667 2990 lice
692 2934 826 2988 dixit
851 2950 864 2988 :
895 2932 1046 2987 Illum
1076 2945 1258 3000 quem,
1288 2928 1332 2983 si
1360 2926 1498 2982 nuda
1524 2924 1724 2980 deitate
1754 2922 2012 2988 venisset,
2042 2935 2152 2976 non

567 3025 798 3091 malum,
824 3039 932 3080 non
969 3031 1112 3078 terra
1137 3063 1151 3086 ,
1195 3033 1303 3076 non
1350 3018 1554 3084 maria,
1597 3031 1703 3072 non
1747 3015 1855 3070 ulla
1903 3023 2152 3068 creatura

568 3123 838 3180 sustinere
866 3116 1158 3188 potuisset,
1193 3114 1362 3168 illaesa
1393 3111 1632 3182 Virginis
1657 3112 1866 3166 viscera
1896 3119 2152 3180 portave-

569 3221 716 3272 runt.
745 3212 1017 3268 Memento
1041 3216 1220 3262 autem
1251 3205 1503 3270 tenebras,
1537 3213 1590 3260 et
1617 3204 1671 3260 in
1715 3205 1858 3260 bono
1884 3205 2011 3274 poni
2037 3245 2053 3269 ,
2097 3211 2156 3258 ut

570 3313 651 3363 est
679 3302 808 3375 illud
832 3303 885 3358 in
914 3285 1222 3356 Proverbiis
1251 3295 1556 3353 Salomonis
1591 3313 1604 3350 :
1642 3295 1896 3366 Intelligit
1939 3308 2154 3366 quoque

2245 2091 2389 2143 mus,
2415 2076 2467 2131 in
2491 2075 2740 2138 nubibus,
2766 2074 2817 2129 id
2837 2074 2994 2130 estin
3018 2071 3820 2142 praedicatoribustransierunt.

2318 2169 2473 2225 Vers.
2500 2169 2588 2225 15.
2621 2166 2688 2222 Et
2712 2167 2931 2222 intonuit
2951 2167 3015 2220 de
3035 2167 3160 2220 caelo
3187 2164 3454 2228 Dominus,
3470 2171 3520 2216 et
3541 2161 3822 2216 Altissimus

2247 2263 2388 2318 dedit
2435 2278 2604 2317 uocem
2633 2279 2802 2318 suam.
2853 2261 3062 2330 Quippe
3091 2261 3181 2330 qui
3220 2268 3337 2315 erat
3371 2257 3605 2330 ingentia
3654 2270 3824 2311 sacra-

2249 2365 2429 2415 menta
2454 2357 2750 2412 locuturus.
2773 2355 2862 2409 Ait
2883 2355 3024 2411 enim
3055 2354 3111 2408 in
3139 2354 3432 2424 Evangelio
3457 2367 3562 2408 vox
3588 2351 3825 2420 omnipo-

2251 2451 2411 2506 tentis
2463 2449 2636 2505 Patris
2687 2446 2802 2502 :Et
2848 2447 3164 2516 clari/icavi,
3221 2455 3266 2502 et
3306 2448 3486 2500 iterum
3537 2443 3826 2514 clariﬁcebo

2253 2544 2435 2616 (Jonn.
2467 2558 2570 2606 xu.
2597 2541 2715 2612 ‘19).
2771 2540 2923 2597 Unde
2953 2539 3128 2605 multi,
3151 2540 3292 2595 sicut
3334 2539 3409 2594 ibi
3441 2538 3652 2607 legitur,
3699 2535 3830 2592 toni-

2251 2646 2428 2714 truum
2481 2634 2644 2691 luisse
2702 2633 3067 2690 crediderunt.
3121 2631 3419 2687 Altissimus
3464 2640 3641 2703 autem
3697 2627 3830 2682 dedit

2251 2746 2421 2786 uocem
2446 2745 2618 2797 suam,
2647 2727 2862 2800 quando
2884 2727 3086 2782 dictum
3106 2735 3190 2782 est
3220 2744 3233 2779 :
3260 2725 3363 2780 Hic
3390 2733 3462 2778 est
3495 2721 3666 2776 Filius
3700 2735 3829 2775 meus

2254 2824 2498 2889 dilectus,
2533 2823 2588 2876 in
2617 2837 2716 2890 quo
2741 2819 2868 2874 mihi
2890 2819 3012 2876 bene
3032 2816 3316 2888 complacui
3347 2813 3560 2885 (Matth.
3590 2827 3673 2880 tu,
3730 2810 3830 2882 l7).

2326 2913 2478 2969 Vers.
2505 2912 2594 2967 16.
2627 2910 2774 2966 Misit
2793 2910 3010 2982 sagittas
3041 2923 3191 2973 suas,
3215 2915 3260 2960 et
3286 2905 3554 2976 dissipavit
3583 2917 3706 2968 eos;
3742 2901 3812 2972 {ut
3829 2936 3832 2943 -

2253 3021 2381 3077 gura
2407 3004 2782 3076 multiplicauit,
2813 3009 2861 3055 et
2883 3000 3194 3055 conturbauit
3213 3014 3316 3053 eos.
3346 2996 3578 3067 Sagittas
3605 3009 3834 3066 evange-

2253 3098 2405 3154 listas
2425 3097 2580 3164 dicit,
2607 3097 2859 3152 virtutum
2877 3095 3100 3161 pennis,
3126 3106 3232 3148 non
3263 3092 3395 3160 suis,
3420 3091 3513 3147 sed
3537 3089 3659 3162 ejus
3691 3104 3721 3142 a
3743 3101 3836 3158 quo

2255 3191 2403 3247 missi
2430 3197 2577 3256 sunt,
2609 3196 2756 3245 recta
2786 3187 2980 3244 itinera
3007 3185 3421 3242 transvolantes.
3459 3181 3525 3236 Et
3576 3180 3838 3250 dissipavit

2255 3301 2362 3350 eos,
2395 3283 2603 3340 scilicet
2625 3284 2692 3337 ad
2735 3296 2870 3351 quos
2898 3282 3046 3336 missi
3079 3273 3233 3344 sunt,
3273 3278 3456 3333 ﬁdeles
3506 3273 3837 3346 recipiendo,

569 3397 887 3468 parabolam,
908 3400 956 3448 et
974 3391 1290 3447 tenebrosum
1306 3387 1786 3461 sermonem(Prou.
1804 3387 2146 3458 1,6).0mnia
2175 3369 2222 3434 C
2255 3375 2448 3443 impios
2471 3373 2789 3443 abjiciendo,
2821 3371 2960 3426 sicut
2985 3371 3113 3427 dicit
3141 3367 3428 3439 Apostolus
3457 3384 3471 3420 :
3504 3367 3641 3421 Aliis
3662 3382 3835 3420 sumus

570 3491 713 3548 enim
742 3488 944 3551 divina,
975 3500 1092 3557 quae
1118 3484 1446 3555 ignoramus,
1477 3481 1634 3537 nobis
1662 3480 1970 3546 tenebrosa,
1996 3479 2048 3535 id
2069 3488 2153 3536 est

571 3581 832 3655 profunda
860 3589 1020 3649 atque
1047 3576 1411 3646 obscuram
1437 3581 1594 3640 sunt;
1625 3573 1870 3646 quamvis
1896 3573 2154 3628 continuo

573 3677 777 3734 lumine
797 3671 1156 3744 perfruantur.
1188 3667 1487 3723 Latibutum
1506 3681 1678 3731 suum,
1703 3665 1754 3737 id
1783 3673 1864 3720 est
1886 3671 2152 3720 secretum

572 3753 869 3836 maiestatis
897 3763 1034 3831 ejus,
1067 3761 1208 3832 quod
1239 3771 1366 3816 tunc
1410 3759 1612 3814 revelat
1631 3757 1813 3829 iustis,
1841 3756 2054 3828 quando
2075 3755 2156 3812 eis

495 3867 499 3870 ’
574 3859 711 3917 facie
758 3855 825 3912 ad
871 3854 1059 3910 faciem
1091 3851 1390 3908 divinitatis
1424 3850 1592 3921 ipsius
1624 3849 1846 3918 gloriam
1871 3847 2157 3920 contigerit

573 3949 789 4008 intueri.
817 3944 884 4002 In
923 3945 1136 4000 circuitu
1157 3945 1270 4015 ejus
1289 3941 1671 3999 tabernaculum
1692 3941 1821 4010 ejus.
1849 3940 1946 3996 Hic
1973 3939 2156 4011 digni-

574 4052 657 4100 tas
677 4040 970 4113 exponitur
991 4036 1224 4109 gloriosa
1254 4035 1534 4092 beatorum
1553 4075 1568 4102 ,
1598 4043 1658 4090 ut
1677 4033 1829 4104 juxta
1855 4033 2031 4102 ipsum
2063 4032 2158 4088 ha-

572 4134 747 4192 bitent
772 4133 862 4203 qui
905 4130 960 4186 in
999 4129 1116 4200 ejus
1147 4127 1388 4186 Ecclesia
1429 4125 1660 4182 ﬁdeliter
1689 4127 2054 4194 perseverant.
2089 4122 2157 4179 In

573 4226 790 4281 circuitu
814 4231 992 4279 autem
1021 4226 1133 4296 ejus
1159 4221 1553 4291 proximitatem
1577 4218 1865 4290 signiﬁcat.
1890 4217 1982 4274 Ille
2011 4218 2154 4274 enim

572 4317 761 4372 circuit
779 4328 842 4370 ac
862 4323 1107 4384 penetrat
1135 4315 1338 4382 omnia,
1359 4327 1465 4369 non
1487 4311 1848 4368 circumdatur
1867 4313 1934 4366 ab
1953 4311 2154 4383 aliquo,

573 4406 696 4477 quia
723 4405 844 4460 loco
883 4401 1299 4472 inamplexibilis
1327 4412 1432 4458 est.
1464 4401 1644 4456 Potest
1663 4407 1717 4454 et
1737 4399 1865 4454 illud
1898 4399 2154 4470 intelligi,

572 4499 628 4554 in
662 4495 880 4552 circuitu
900 4495 1048 4566 ejus,
1079 4501 1138 4547 ut
1163 4505 1271 4547 non
1301 4491 1370 4546 ad
1406 4489 1512 4546 loci
1549 4488 2011 4560 designationem,
2059 4489 2157 4546 sed

573 4589 638 4647 ad
665 4588 1032 4646 defensionem
1064 4582 1400 4640 tabernaculi
1435 4581 1846 4652 custodiamque
1881 4579 2154 4648 respiciat.

572 4686 773 4755 Aquam
787 4695 916 4736 vero
935 4677 1084 4744 dicit,
1099 4676 1369 4747 eloquium
1387 4673 1624 4740 Domini,
1647 4673 1789 4744 quod
1813 4672 2155 4730 tenebrosum

574 4786 656 4832 est
677 4777 730 4828 in
750 4774 968 4829 nubibus
992 4770 1144 4836 aeris,
1170 4767 1221 4824 id
1244 4768 1402 4824 estin
1424 4765 1698 4836 prophetis
1719 4765 2158 4836 praedicatoribus

575 4869 720 4922 verbi
774 4867 938 4937 :qnia
981 4862 1222 4934 quamvis
1262 4875 1322 4916 se
1351 4860 1542 4930 aliquis
1585 4867 1734 4930 putet
1785 4858 1928 4914 dicta
1971 4875 2155 4914 eorum

578 4960 911 5028 intelligere,
959 4958 1025 5012 ad
1054 4959 1255 5027 ipsam,
1283 4953 1438 5010 sicuti
1471 4959 1584 5020 est,
1616 4952 1865 5009 virtutem
1893 4952 2155 5009 dictorum

575 5059 627 5116 in
659 5068 827 5114 totum
855 5058 942 5112 tix
970 5063 1146 5126 potest
1167 5053 1479 5123 pervenire;
1501 5053 1641 5109 sicut
1665 5052 1796 5109 dicit
1823 5053 2152 5122 Apostolus:

581 5151 828 5208 Videmus
867 5165 1000 5204 nunc
1038 5167 1127 5222 per
1155 5149 1416 5219 speculum
1444 5148 1500 5202 in
1526 5148 1815 5220 enigmate,
1842 5156 1965 5202 tunc
1988 5158 2158 5204 autem

577 5246 706 5318 facie
738 5245 806 5298 ad
851 5243 1032 5314 faciem
1056 5241 1105 5314 (1
1134 5241 1252 5297 Cor.
1280 5257 1394 5307 xm,
1426 5239 1539 5312 12),
1576 5238 1984 5310 quandoipsum
2013 5241 2160 5298 videt

575 5337 718 5409 quod
759 5337 1023 5406 credidit,
1074 5335 1250 5408 ipsum
1303 5334 1644 5407 cognoscitur
1689 5333 1961 5406 respicere
2013 5332 2156 5404 quod

576 5431 830 5502 speravit.

645 5521 798 5579 Vers.
817 5519 904 5578 14.
927 5520 1270 5595 Prafulgortc
1287 5521 1344 5577 in
1368 5529 1642 5590 conspectu
1665 5520 1778 5592 ejus
1796 5533 1955 5575 nubes
1984 5525 2158 5573 trans-

573 5615 771 5681 ierunt,
811 5617 1002 5686 grando
1033 5624 1079 5668 et
1119 5615 1363 5669 carbones
1389 5611 1544 5684 ignis.
1576 5611 1691 5666 Non
1719 5619 1802 5667 est
1833 5610 1933 5664 iste
1966 5622 2155 5664 versus

575 5707 732 5766 facile
767 5707 1141 5766 transeundus.
1184 5705 1556 5779 Prw/algam,
1607 5717 1714 5758 una
1754 5715 1877 5773 pars
1902 5699 2164 5757 orationis

574 5812 676 5867 est,
703 5801 754 5856 id
769 5815 844 5858 est
867 5801 1225 5858 nominativus
1243 5797 1481 5867 pluralis,
1500 5804 1554 5851 et
1567 5793 1861 5859 respondet
1879 5790 1944 5846 ad
1963 5790 2156 5848 nubes.

575 5893 751 5951 Nubes
770 5905 971 5964 autem,
996 5891 1404 5962 sicutsuperius
1425 5887 1626 5943 dictum
1649 5897 1751 5956 est,
1779 5885 2158 5956 praedicatores

573 5987 740 6048 divini
761 5991 909 6051 verbi
929 5983 1264 6058 intelligendi
1283 5989 1430 6044 sunt.
1453 5979 1524 6040 Et
1541 5991 1733 6049 sensus
1754 5978 1882 6037 talis
1901 5985 1986 6039 est
2015 5995 2027 6034 :
2050 5977 2157 6038 illae

2181 4699 2236 4764 ι)
2260 4677 2639 4745 telligebantur
2663 4695 2678 4735 :
2702 4693 2864 4749 supra
2887 4693 3022 4747 quos
3043 4678 3190 4733 orbis
3220 4688 3484 4734 terrarum
3511 4678 3566 4734 in
3595 4679 3866 4736 Ecclesia

2263 3467 2392 3522 odor
2405 3467 2520 3522 vim:
2541 3465 2595 3520 in
2614 3466 2798 3528 vitam;
2821 3464 2938 3517 aliis
2952 3463 3078 3517 odor
3098 3461 3276 3516 mortis
3297 3460 3350 3513 in
3373 3467 3589 3513 mortem
3618 3457 3708 3528 (ΙΙ
3732 3457 3843 3511 Cor.

2261 3574 2320 3625 ll,
2351 3557 2464 3630 16).
2488 3556 2728 3631 Fulgura
2755 3553 3146 3623 multiplicauit,
3175 3552 3228 3608 id
3275 3559 3360 3606 est
3401 3550 3667 3606 miracula
3691 3549 3845 3604 multa
3948 3543 3991 3631 vii

2261 3625 2550 3723 fecit,vqu:e
2570 3625 2648 3707 sic
2663 3651 2824 3706 corda
2847 3647 3140 3704 videntium
3162 3655 3563 3718 permoverunt,
3597 3641 3846 3715 quemad.

2261 3743 2479 3800 modum
2507 3741 2698 3799 crebra
2724 3741 2901 3796 solent
2928 3739 3129 3810 fulgura
3151 3739 3266 3794 visa
3295 3745 3521 3793 terrere.
3562 3734 3847 3791 Conturba-

2261 3838 2333 3892 vit
2358 3853 2444 3893 eos
2473 3836 2579 3892 :de
2609 3834 2694 3889 his
2714 3833 2845 3889 dicit
2866 3832 2957 3902 qui
2986 3809 3111 3888 tunc
3134 3829 3432 3886 conturbati
3459 3835 3614 3895 sunt,
3645 3824 3848 3899 quando
3941 3809 3987 3861 ῖίέ

2264 3941 2387 3983 eum
2431 3923 2789 3982 resurrexisse
2831 3923 3130 3979 manifestis
3167 3919 3578 3993 probationibus
3620 3929 3851 3990 agnove-

2262 4026 2410 4076 runt.
3304 4061 3306 4063 .
3385 4071 3388 4074 ,
3813 4057 3818 4064 ,

2333 4130 2489 4187 Vers.
2516 4130 2606 4186 17.
2630 4127 2696 4185 Et
2719 4137 3066 4200 apparuerunt
3082 4129 3246 4199 fontes
3265 4141 3540 4197 aquarum,
3559 4134 3616 4181 et
3639 4124 3855 4181 revelata
3935 4105 3991 4152 θλ

2261 4231 2380 4280 sunt
2408 4223 2745 4294 fundamenta
2769 4220 2903 4276 orbis
2925 4231 3089 4276 terrae.
3115 4220 3167 4274 Id
3197 4228 3298 4285 est,
3331 4220 3531 4275 veritas
3550 4217 3855 4288 praedicam

2267 4316 2420 4381 tium,
2447 4316 2534 4386 qui
2561 4315 2738 4370 fontes
2768 4322 2986 4370 aeternae
3010 4315 3132 4368 vita:
3157 4282 3455 4367 sanctitatis
3485 4282 3605 4365 suae
3633 4327 3736 4365 ore
3756 4308 3859 4382 fun-t
3923 4282 3992 4388 im

2239 4406 2480 4463 .debant.
2526 4405 2648 4475 Ipso
2686 4405 2830 4462 enim
2862 4405 3110 4461 veniente
3143 4404 3340 4474 patuit,
3372 4403 3515 4474 quod
3546 4404 3859 4460 obscuritas
3921 4391 3992 4472 fit”

2241 4495 2427 4565 (“Villi
2476 4495 2687 4566 tegebat
2726 4496 2943 4567 eloquii.
2975 4495 3046 4550 Et
3082 4497 3306 4552 revelata
3350 4505 3469 4550 sunt
3518 4497 3864 4568 fundamenta
3919 4483 3980 4521 ’τε

2261 4587 2400 4643 orbis
2424 4596 2572 4643 terra:
2601 4603 2620 4644 :
2646 4587 2968 4644 manifeSIati
2996 4598 3116 4644 sunt
3149 4589 3457 4664 prophetas,
3486 4589 3580 4659 qui
3605 4605 3736 4656 non
3782 4589 3864 4644 in-
3915 4573 3991 4664 :D‘”

2260 4775 2453 4833 faciem
2486 4786 2671 4832 sancta
2711 4775 3066 4831 aediﬁcatione
3104 4783 3443 4830 constructus
3464 4765 3582 4829 est.
3633 4776 3709 4831 Et
3750 4790 3863 4830 me-
3911 4759 3992 4808 aq“

2261 4877 2446 4924 mento
2467 4867 2557 4922 hic
2583 4868 2829 4923 tellurem
2874 4868 2926 4921 in
2959 4865 3099 4922 bono
3133 4868 3391 4937 positam,
3429 4881 3549 4938 quae
3585 4875 3680 4924 est
3723 4875 3869 4924 terra

2258 4959 2549 5016 viventium
3445 4929 3462 4938 ’

2336 5050 2486 5107 Vers.
2517 5048 2607 5105 18.
2631 5049 2704 5104 Ab
2728 5049 3068 5122 increpatione
3088 5059 3206 5117 tua,
3237 5050 3491 5118 Domine;
3518 5053 3590 5108 ab
3634 5054 3871 5126 inspira-
3899 5033 3992 5126 :‘i‘r‘m

2257 5143 2391 5198 tione
2444 5143 2656 5212 spiritus
2691 5141 2785 5197 ira!
2808 5111 2930 5197 ωλι.
2977 5143 3054 5198 Ab
3087 5111 3432 5215 increpatione
3583 5186 3603 5212 ,
3668 5111 3876 5202 indicat
3899 5111 3992 5215 aut

2239 5235 2420 5300 verba
2449 5236 2856 5306 prophetarum,
2885 5235 2972 5304 qui
2998 5235 3453 5304 increpationibus
3474 5237 3650 5306 iustis
3679 5253 3878 5312 pecca-

2259 5338 2406 5385 tores
2439 5329 2664 5399 populos
2690 5327 3015 5404 arguebant;
3047 5331 3108 5382 ab
3138 5329 3475 5406 inspiratione
3507 5309 3749 5394 spiritus
3791 5309 3992 5394 ἕνωέέδίέὲἰε

2261 5430 2383 5486 tute.
2409 5419 2642 5476 ostendit
2663 5420 3044 5490 praedicatores
3068 5419 3219 5476 verbi
3237 5461 3252 5484 .
3279 5421 3420 5492 quia
3442 5432 3645 5477 sancto
3666 5423 3881 5494 Spiritu
3897 5407 3989 5495 ibist]

2260 5514 2574 5570 inflammati
2623 5513 2998 5583 delinquentes
3043 5513 3270 5582 populos
3322 5513 3721 5582 increpabant.
3779 5503 3992 5578 Per'i‘ié‘pu

2270 5607 2369 5664 has
2417 5607 2576 5675 igitur
2623 5603 2904 5675 parabolas
2945 5602 3290 5660 sublucentes
3345 5584 3991 5677 propositionesquevluziﬁl

2267 5699 2550 5756 verborum
2579 5697 2853 5766 hucusque
2884 5694 3177 5764 prophetiae
3220 5696 3444 5768 spiritu,
3480 5697 3749 5755 ﬁdelium
3785 5697 3992 5771 po-IM‘

2241 5792 2444 5865 ,pulis,
2493 5789 2586 5862 qui
2613 5796 2696 5845 est
2741 5796 2921 5844 sancta
2974 5788 3250 5858 Ecclesia,
3293 5790 3592 5846 adventum
3653 5777 3991 5861 Domini‘ﬂrg

2265 5882 2548 5942 nuntiavit.
3891 5879 3926 5924 έις

2379 5905 2548 5940 uavu.
3903 5905 3922 5924 η,

2338 5905 2488 6032 :ers.
2519 5971 2608 6030 19.
2642 5968 2789 6064 Hisit
2813 5971 2877 6064 de
2898 5988 3097 6031 suntme
3122 5979 3173 6056 et
3208 5975 3402 6044 accepit
3427 5990 3540 6032 me:
3571 5905 3992 6058 assumpsit‘i’i2:l
