4064 6360
204 379 296 438 139

1108 380 1471 441 EXPOSITIO
1508 382 1576 442 ΙΝ
1613 383 2069 443 PSALTERIUM.
2114 383 2304 444 PSAL.
2345 384 2508 444 XVII.

3343 394 3448 453 150

202 518 273 557 me
293 515 354 554 ae
375 497 700 555 multitudine
724 513 995 571 aquarum.
1024 497 1159 555 Hinc
1179 499 1291 571 jam
1317 509 1488 558 mater
1522 501 1761 558 Ecclesia
1788 504 1847 567 Α
1867 482 2035 572 prius
2064 494 2203 556 dixit
2247 509 2533 573 antequam
2574 508 2960 572 assumeretur,
2988 504 3235 561 quoniam
3279 507 3445 563 uoluit

200 597 425 668 loquitur
475 595 543 651 de
598 595 930 665 temporibus
984 595 1327 653 Christianis.
1380 596 1531 652 Misit
1578 597 1764 666 utique

200 689 345 746 Pater
378 688 659 745 Dominum
689 687 1020 745 Salvatorem
1049 689 1113 744 de
1135 706 1358 755 summo,
1385 698 1446 745 ut
1468 690 1767 758 intelligant

198 780 431 837 homines
459 780 582 853 quia
610 781 754 850 quod
776 780 845 837 de
863 797 1073 837 summo
1095 782 1264 851 venit,
1290 781 1467 837 divina
1499 788 1767 853 potestate

198 873 464 942 gloriatur.
498 876 637 940 Apte
680 887 809 928 vero
834 872 969 927 dixit
994 872 1254 939 Ecclesia,
1281 872 1475 946 accepit
1506 889 1614 942 me,
1646 886 1768 943 qua:

199 964 396 1032 Sponso
441 964 659 1019 Christo
699 963 881 1034 juncta
930 966 1161 1021 letatur.
1192 964 1552 1020 Muttitudines
1584 973 1763 1020 autem

198 1074 433 1128 aquarum
457 1096 473 1121 ,
526 1056 644 1114 sive
691 1057 985 1113 innumerae
1022 1067 1212 1126 gentes
1250 1057 1476 1128 intelligi
1508 1063 1761 1127 possunt;

198 1150 326 1207 unde
341 1150 667 1217 Ecclesiam,
683 1150 879 1218 Spretis
892 1148 1092 1206 ludatis
1116 1148 1409 1216 indevotis,
1431 1148 1498 1204 de
1520 1148 1767 1205 ﬁdelibus

197 1251 390 1298 constat
415 1256 541 1298 esse
561 1241 871 1308 collectam;
902 1241 1043 1297 sicut
1065 1242 1120 1296 in
1149 1240 1368 1297 Actibus
1398 1239 1765 1311 apostolorum

197 1335 525 1392 beatissimus
571 1336 772 1391 Paulus
807 1334 1299 1391 contradicentibus
1328 1332 1528 1390 Judmis
1556 1342 1611 1389 et
1650 1332 1768 1389 bla-

156 1416 167 1435 ³
196 1427 618 1500 Sphetnantibtts,
642 1431 918 1484 excutiens
944 1428 1266 1482 vestimenta
1292 1440 1388 1482 sua
1415 1426 1551 1481 dixit
1582 1443 1596 1480 :
1630 1425 1769 1481 San-

192 1522 293 1590 guis
313 1529 471 1573 vester
492 1532 652 1587 super
672 1527 825 1591 caput
845 1528 1098 1586 vestrum;
1119 1519 1342 1573 mundus
1362 1535 1472 1590 ego,
1495 1534 1557 1574 ea:
1576 1516 1672 1572 hoc
1698 1516 1766 1572 ad

191 1622 344 1683 gentes
373 1611 566 1665 eadem
591 1609 727 1682 (Act.
777 1626 926 1677 xvnt,
954 1608 1031 1682 6).
1061 1609 1189 1668 Sive
1214 1608 1317 1665 hoc
1344 1609 1475 1665 dicit
1503 1609 1571 1665 de
1600 1607 1767 1664 fonti-

191 1702 281 1757 bus
307 1706 473 1759 sacris
498 1745 519 1768 ,
554 1703 768 1774 quando
810 1702 1050 1759 Ecclesia
1080 1701 1344 1759 catholica
1374 1701 1766 1758 multitudinem

191 1796 405 1852 ﬁliorum
439 1796 785 1865 baptismatis
822 1796 1232 1866 regeneratione
1260 1793 1547 1864 conquirit.

1866 609 1977 661 me;
2004 601 2059 650 et
2087 607 2230 650 nunc
2257 593 2386 651 dicit
2410 612 2425 647 :
2450 594 2710 651 Retribuet
2737 596 2864 651 mihi
2888 598 3168 653 secundum
3186 599 3444 666 iustitiam

1864 703 2061 755 meam,
2095 685 2149 742 id
2196 695 2279 743 est
2322 687 2615 743 secundum
2662 688 2992 746 voluntatem
3031 704 3240 759 meam,
3281 705 3441 762 quam

1865 788 1987 851 post
2014 777 2274 835 beneﬁcia
2303 778 2470 849 ipsius
2496 787 2682 835 sancto
2707 781 2869 837 corde
2892 780 3155 853 gestabat.
3185 780 3446 838 Innocen-

1866 870 1991 925 tiam
2010 882 2188 927 autem
2212 885 2478 938 manuum,
2501 884 2719 941 operam
2740 874 2852 929 vult
2874 874 3176 943 signiﬁcare
3201 876 3439 947 pietatis,

1864 977 2025 1034 quam
2052 963 2235 1020 divino
2274 978 2497 1020 munere
2523 973 2831 1021 sanctorum
2855 967 3029 1023 virtus
3057 976 3297 1025 exercet.
3328 968 3439 1025 Sed

1866 1052 1971 1111 hoc
2011 1056 2254 1111 retribuet
2294 1056 2620 1127 geminatum
2662 1057 2893 1115 sollicite
2932 1061 3303 1131 recipiendum
3332 1070 3439 1129 est,

1867 1163 1936 1204 ne
1963 1148 2069 1205 sibi
2109 1149 2311 1221 aliquid
2342 1149 2603 1207 fallaciter
2640 1150 2922 1223 Pelagiana
2951 1154 3173 1211 hatresis
3201 1155 3443 1212 blandia-

1869 1248 1976 1298 tur.
2007 1241 2149 1297 Dicit
2188 1243 2384 1298 etenim
2431 1242 2755 1313 Apostolus:
2779 1243 2860 1300 De
2892 1246 3089 1317 retiquo
3117 1250 3343 1316 reposita
3370 1257 3446 1305 est

1867 1336 1995 1391 mihi
2014 1353 2201 1393 corona
2213 1338 2450 1410 justitite,
2474 1356 2629 1409 quam
2652 1340 2830 1396 reddet
2851 1341 2975 1396 mihi
3004 1341 3258 1399 Dominus
3277 1346 3331 1399 in
3352 1346 3449 1400 illa

1867 1429 1952 1484 die
1970 1430 2143 1500 justus
2155 1430 2321 1501 judea:
2341 1429 2427 1503 (Il
2457 1429 2591 1485 Tim.
2617 1447 2691 1503 tv,
2716 1432 2796 1503 8).
2824 1432 2936 1490 Non
2959 1435 3083 1506 quia
3110 1435 3223 1491 suis
3245 1436 3446 1508 aliquid

1868 1522 2075 1578 meritis
2123 1522 2336 1578 humilis
2384 1523 2702 1594 applicabat,
2734 1524 2831 1582 sed
2860 1529 2983 1597 quia
3032 1528 3448 1598 praemissisbe-

1869 1611 2072 1667 neﬁciis
2103 1612 2312 1667 Domini
2337 1611 2448 1683 jam
2477 1613 2662 1671 deberi
2694 1631 2854 1686 posse
2893 1622 3172 1688 praemium
3201 1620 3446 1677 conﬁde-
3552 1630 3558 1637 ‘

1868 1705 1981 1761 bat.
2012 1703 2243 1793 ldipsum
2285 1689 2517 1762 Jacobus
2559 1709 2835 1778 apostolus
2871 1710 3043 1766 dicit:
3070 1710 3232 1766 Omne
3267 1713 3447 1767 datum

1870 1798 2154 1866 optimum,
2190 1805 2239 1852 et
2275 1812 2423 1852 omne
2463 1798 2654 1853 donum
2697 1804 2980 1873 perfectum
3027 1804 3295 1861 desursum
3337 1813 3446 1876 est,

256 1887 403 1942 Vers.
435 1886 541 1943 ΞΟ.
573 1886 779 1958 Eripuit
808 1902 884 1940 me
909 1886 973 1940 de
1011 1886 1235 1941 inimicis
1272 1886 1396 1940 meis
1425 1883 1723 1953 fortissimis
1746 1924 1763 1952 ,
1796 1885 1843 1946 B
1869 1887 2181 1945 descendens
2202 1905 2236 1943 a
2262 1887 2422 1945 Patre
2456 1891 2710 1947 luminum
2734 1890 2876 1965 (Jac.
2908 1910 2948 1961 t,
2980 1893 3092 1965 17).

192 1986 233 2032 et
253 1978 309 2031 ab
332 1979 409 2033 his
428 1979 529 2050 qui
549 1978 763 2033 oderunt
790 1992 889 2045 me,
917 1978 1160 2050 quoniam
1178 1977 1452 2049 confortati
1469 1984 1588 2031 sunt
1616 1991 1769 2049 super
1810 2056 1813 2063 l

195 2086 281 2124 me.
320 2067 659 2125 Fortissimae
688 2071 957 2139 inimicos,
1011 2080 1384 2140 persecutores
1435 2071 1769 2126 truculentos

198 2164 454 2229 enuntiat,
516 2162 610 2232 qui
658 2162 1021 2218 Christianum
1077 2164 1328 2233 populum
1385 2162 1662 2216 tormentis
1714 2168 1771 2216 et

198 2254 419 2309 caadibus
447 2255 785 2327 atﬁigebant;
824 2264 878 2310 et
907 2254 1032 2310 ideo
1058 2269 1117 2311 se
1144 2255 1312 2325 magis
1335 2253 1463 2309 dicit
1485 2264 1727 2324 ereptam
1749 2294 1765 2320 ,

199 2347 308 2416 quia
337 2348 541 2404 inimici
568 2348 856 2405 conlortati
880 2357 1006 2404 sunt
1028 2362 1194 2419 super
1220 2348 1411 2417 ipsam.
1444 2347 1594 2403 Tunc
1623 2348 1767 2402 enim

198 2438 427 2496 Ecclesia
453 2456 706 2498 crescere
733 2440 948 2509 meruit,
977 2442 1191 2514 quando
1220 2458 1338 2498 eam
1386 2442 1508 2497 data
1539 2442 1771 2511 desuper

198 2541 451 2600 potestate
473 2532 726 2589 inimicus
748 2534 956 2589 altlixit.
985 2534 1028 2590 0
1056 2548 1185 2590 vere
1206 2533 1385 2589 divina
1409 2534 1766 2604 providentia,

199 2632 248 2676 ut
292 2624 403 2679 suis
435 2625 649 2679 nisibus
702 2624 1010 2679 destruatur
1056 2624 1335 2693 inimicus,
1371 2632 1427 2679 et
1469 2633 1666 2693 quanto
1711 2636 1773 2678 se

199 2724 332 2783 putat
366 2715 608 2784 amplius
635 2713 833 2769 laedere
853 2754 869 2781 ,
901 2722 1048 2770 tanto
1074 2729 1198 2769 eum
1226 2726 1452 2770 necesse
1479 2715 1549 2770 sit
1583 2713 1773 2770 saevis-

200 2810 316 2866 sima
348 2808 697 2865 insecutione
729 2810 1020 2879 praestare!

264 2902 412 2958 Vers.
437 2900 534 2955 2i.
566 2900 932 2955 Prtevenerunt
958 2917 1036 2957 me
1069 2903 1123 2957 in
1160 2902 1244 2957 die
1281 2901 1571 2974 aﬂiictionis
1603 2918 1727 2957 mete
1753 2914 1776 2957 :

203 3004 244 3049 et
265 3000 429 3068 [actus
457 3005 534 3052 est
560 2995 813 3055 Dominus
839 3008 1095 3067 protector
1117 3017 1281 3057 meus.
1317 3000 1448 3055 Illud
1479 3000 1770 3071 signiﬁcat,

203 3089 401 3157 quando
428 3090 865 3161 pseudoapostoli
887 3108 1045 3147 veros
1066 3092 1445 3161 praedicatores
1479 3090 1774 3161 prmvenire

205 3181 517 3250 nitebantur,
547 3190 802 3238 cona‘mes
816 3185 1128 3239 subvertere
1142 3184 1307 3238 corda
1323 3182 1664 3251 simplicium.
1684 3182 1774 3238 Se-

1943 1981 2097 2040 Vers.
2144 1981 2237 2037 24.
2290 1982 2424 2049 Quia
2465 1986 2711 2041 custodiri
2754 1988 2863 2043 uias
2898 1987 3135 2056 Domini,
3173 2004 3268 2044 nec
3295 1991 3450 2063 impie

1872 2074 2004 2147 gessi
2034 2090 2067 2128 a
2116 2073 2222 2129 Deo
2266 2091 2400 2131 meo.
2465 2076 2570 2132 Vite
2614 2088 2735 2133 sunt
2789 2078 3030 2150 Domini,
3058 2080 3275 2137 dilectio
3329 2082 3448 2152 Del,

1872 2174 1927 2221 et
1954 2166 2187 2223 charitas
2218 2168 2468 2237 proximi,
2497 2185 2631 2240 quas
2675 2180 2885 2227 constat
2914 2187 3009 2229 eos
3054 2173 3450 2231 studiosissime

1872 2260 2168 2330 custodire,
2194 2261 2285 2330 qui
2306 2262 2493 2317 nolunt
2512 2262 2761 2319 mandata
2786 2265 2998 2321 Domini
3020 2265 3290 2324 deserere.
3312 2266 3449 2325 Sub-

1868 2351 2045 2423 junxit
2069 2369 2081 2407 :
2107 2352 2219 2406 Nec
2246 2354 2400 2423 impie
2428 2355 2559 2426 gessi
2586 2372 2621 2409 tt
2659 2354 2770 2412 Deo
2808 2375 2937 2414 meo.
2964 2358 3257 2430 lmpietatis
3281 2363 3445 2418 verbo

1872 2442 2040 2498 notati
2073 2452 2214 2510 sunt,
2243 2434 2333 2515 qui
2374 2446 2522 2516 jussa
2553 2446 2766 2504 Domini
2795 2448 3066 2507 declinare
3096 2462 3447 2522 praesumunt.

1871 2537 2026 2606 Quod
2046 2536 2258 2593 animus
2278 2538 2503 2596 devotus
2524 2540 2783 2597 Ecclesia:
2804 2544 2996 2600 merito
3011 2543 3142 2601 dicit
3164 2545 3448 2617 refugisse,

1878 2631 2020 2687 unde
2047 2646 2109 2686 se
2133 2630 2439 2688 Creatorem
2469 2634 2673 2691 sciebat
2700 2636 2991 2694 oll'endere.

1947 2724 2101 2778 Vers.
2132 2722 2222 2777 25.
2258 2724 2511 2790 Quoniam
2536 2729 2706 2783 omnia
2732 2728 2923 2797 iudicia
2955 2730 3067 2798 ejus
3095 2730 3149 2785 in
3180 2739 3448 2801 conspectu

1879 2830 1991 2869 meo
2022 2823 2139 2871 sunt
2168 2830 2388 2883 semper,
2417 2824 2464 2869 et
2490 2816 2720 2885 justitias
2767 2820 2879 2888 ejus
2923 2836 3026 2873 non
3069 2820 3235 2888 repuli
3278 2836 3310 2871 a
3351 2835 3449 2872 me.

1877 2904 2031 2961 Nunc
2058 2906 2188 2962 dicit
2215 2921 2408 2962 causas
2434 2922 2600 2977 quare
2630 2908 2741 2962 vias
2771 2908 2977 2963 Domini
3000 2892 3335 2977 custodierit,
3359 2918 3451 2967 aut

1876 2999 2041 3067 impie
2069 3015 2176 3055 non
2223 3000 2475 3068 gesserit.
2503 3002 2640 3056 sicut
2686 3003 2933 3072 superius
2970 3003 3144 3073 posuit
3167 3020 3181 3057 :
3208 3004 3334 3072 quia
3356 3004 3453 3073 ,ἰυ-

1876 3090 2015 3160 giter
2055 3089 2258 3161 judicia
2305 3090 2420 3161 ejus
2469 3092 2729 3149 terribilia
2770 3093 3057 3163 cogitabat.
3103 3094 3356 3162 Addidit,
3406 3102 3453 3150 et

1867 3184 2104 3257 justitias
2133 3184 2245 3255 ejus
2282 3199 2384 3238 non
2412 3184 2579 3256 reputt"
2618 3202 2650 3238 α
2692 3202 2792 3243 me.
2836 3187 2986 3254 Quod
3032 3187 3233 3244 iaciunt
3278 3188 3454 3244 carnis

203 3272 367 3341 quitur
399 3272 498 3327 :ln
533 3274 932 3346 dieaﬂlictionis,
956 3278 1168 3345 quando
1184 3275 1607 3330 Christianorum
1633 3290 1777 3329 mar-
1801 3274 1850 3339 ϐ
1880 3277 2166 3347 fragilitate
2192 3276 2451 3344 superati,
2482 3277 2573 3346 qui
2600 3277 2757 3349 longa
2787 3279 3163 3334 observatione
3192 3278 3452 3334 deﬁcien-

204 3367 327 3433 tyria
355 3366 788 3422 celebrabantur.
827 3366 894 3420 Et
932 3367 1098 3437 factus
1123 3375 1199 3422 est
1241 3364 1491 3420 Dominus
1518 3373 1772 3434 protector

204 3472 351 3512 meus.
379 3457 501 3513 Ideo
542 3459 681 3512 Deus
707 3469 984 3529 protector,
1024 3459 1144 3530 quia
1177 3458 1337 3513 homo
1363 3459 1569 3514 exstitit
1596 3460 1775 3529 impu-

203 3559 398 3616 gnalor.
431 3550 546 3607 Sed
566 3558 789 3621 utraque
814 3551 973 3607 simul
1001 3551 1158 3623 longe
1184 3552 1285 3607 sibi
1328 3551 1608 3605 dissimilia
1640 3566 1773 3606 con-

204 3654 472 3711 venerunt,
492 3644 833 3715 impugnatio
848 3645 1179 3717 temporalis,
1194 3657 1247 3700 et
1264 3656 1462 3701 attenta
1490 3646 1772 3714 protectio.

272 3735 417 3790 Vera.
446 3738 545 3792 22.
572 3738 637 3792 Et
666 3741 906 3809 produxit
935 3740 1088 3813 [mss.
1119 3743 1211 3806 A.,
1244 3740 1327 3806 Β.,
1362 3738 1448 3807 F.,
1474 3738 1673 3810 eduxit]
1698 3756 1775 3793 me

204 3823 254 3878 in
273 3824 628 3895 latitudinem;
651 3830 845 3885 salttum
874 3848 951 3885 me
987 3833 1129 3901 fecit,
1160 3832 1398 3901 quoniam
1418 3833 1690 3885 voluittne.
1719 3832 1773 3886 In

205 3914 437 3976 Ecclesia
461 3922 733 3978 catholica
765 3924 906 3979 hunc
933 3938 1054 3979 esse
1086 3940 1289 3978 morem
1332 3924 1565 3980 ﬁdelium
1593 3924 1773 3978 nullus

205 4008 431 4084 ignorat,
461 4026 519 4071 ut
556 4026 753 4085 quanto
795 4017 915 4088 plus
955 4016 1421 4087 persecutionibus
1449 4016 1773 4085 COﬂSlrlngi-

207 4108 305 4172 tur,
332 4114 497 4175 tanto,
533 4110 676 4163 sicut
700 4110 897 4164 dictum
928 4118 1042 4177 est,
1075 4110 1302 4178 amplius
1333 4109 1454 4163 ﬁdei
1486 4117 1774 4178 augmento

209 4192 302 4265 61
330 4196 610 4253 dilatetur.
637 4198 786 4255 Tunc
808 4199 953 4255 enim
988 4214 1083 4269 per
1106 4200 1333 4268 gratiam
1365 4198 1455 4252 Dei
1483 4204 1778 4266 exsurgunt

207 4279 377 4342 invicti
406 4291 608 4358 animi,
638 4297 762 4344 tunc
787 4290 1093 4346 incendium
1122 4290 1401 4345 charitatis
1430 4290 1700 4357 ardescit,
1721 4299 1778 4346 et

210 4370 336 4430 iacto
363 4382 583 4449 agmine
605 4380 657 4435 in
680 4381 882 4451 gladios
910 4382 1146 4438 suaviter
1174 4390 1364 4449 ruunt,
1408 4383 1530 4452 quia
1557 4390 1774 4438 asterne

211 4462 319 4520 vitae
338 4472 560 4538 praemia
581 4474 983 4543 concupiscunt.
1014 4472 1273 4528 Producta
1292 4484 1367 4528 est
1389 4488 1517 4543 ergo
1540 4473 1775 4529 Ecclesia

212 4552 259 4607 in
285 4556 635 4630 latitudinem,
659 4566 871 4634 quando
901 4582 997 4635 per
1027 4568 1282 4623 saevitiam
1335 4577 1768 4638 persecutorum,

1881 3378 1981 3435 tes,
2015 3368 2321 3437 aequitatem
2370 3368 2635 3423 interdum
2686 3369 2958 3437 deserunt,
2990 3386 3148 3442 quam
3177 3380 3455 3442 cmperant

1879 3460 2173 3517 custodire.
2200 3461 2295 3515 llic
2325 3461 2468 3516 enim
2492 3463 2679 3517 beatus
2708 3464 2937 3533 p0pulus
2962 3479 3232 3534 nunquam
3262 3463 3454 3533 repulit

1875 3553 2137 3624 justitiam
2185 3552 2417 3622 Domini,
2448 3553 2571 3623 quia
2618 3567 2830 3624 semper
2872 3555 2927 3610 in
2968 3553 3085 3625 ejus
3130 3553 3294 3611 corde
3334 3568 3455 3625 per-

1877 3645 2093 3701 mansit.

1952 3736 2098 3791 Vers.
2130 3734 2222 3791 26.
2269 3732 2335 3788 Et
2363 3751 2451 3790 ero
2470 3734 2832 3791 immaculatus
2858 3752 3031 3791 coram
3057 3735 3212 3810 [mss.
3243 3737 3335 3804 A.,
3361 3737 3449 3807 Β.,

1878 3826 1964 3892 F.,
1995 3825 2133 3899 cum]
2160 3842 2217 3880 eo
2238 3842 2257 3879 :
2280 3837 2329 3881 et
2356 3826 2630 3882 observabo
2655 3844 2735 3882 me
2762 3833 2824 3883 ab
2863 3829 3130 3895 iniquitate
3164 3844 3292 3883 mea.
3318 3829 3454 3883 Fru-

1876 3931 2019 3976 ctum
2051 3920 2396 3975 beatitudinis
2439 3934 2552 3975 suae
2596 3920 2852 3987 reddidit,
2885 3928 2939 3974 et
2968 3920 3094 3989 quid
3128 3919 3370 3989 proliciat
3408 3917 3456 3977 si

1872 4008 2111 4080 justitias
2158 4009 2370 4065 Domini
2401 4026 2507 4065 non
2554 4011 2800 4080 repellat,
2830 4010 3034 4066 scilicet
3062 4019 3123 4065 ut
3160 4010 3232 4066 sit
3260 4010 3455 4065 imma-

1875 4101 2106 4156 culatus.
2158 4102 2351 4156 Verum
2398 4115 2505 4155 non
2547 4109 2604 4154 ut
2646 4099 2739 4153 ille
2785 4100 3067 4167 Dominus,
3098 4100 3189 4168 qui
3238 4107 3457 4167 peccata

1877 4206 1985 4246 non
2014 4191 2228 4256 habuit;
2260 4191 2352 4245 sed
2382 4198 2442 4244 ut
2480 4192 2582 4246 iste
2615 4204 2773 4259 quem
2823 4189 3074 4259 lacrymae
3124 4189 3394 4260 supplices
3423 4205 3456 4246 a

1877 4284 2171 4339 contractis
2216 4282 2465 4339 sordibus
2511 4282 2815 4338 abluerunt.
2861 4282 2967 4339 Sed
3013 4282 3129 4339 haec
3175 4283 3354 4339 omnia
3401 4282 3457 4340 in

1877 4378 2028 4435 illum
2056 4379 2273 4433 modum
2301 4378 2610 4447 accipienda
2640 4387 2787 4445 sunt,
2818 4392 2977 4449 quem
3007 4380 3252 4449 superius
3283 4391 3450 4447 expo-

1874 4473 2098 4535 suimus.
2129 4470 2218 4526 ubi
2245 4471 2411 4527 verbo
2456 4470 2725 4541 geminato
2772 4472 2887 4538 ait,
2917 4471 3156 4526 retribuet
3182 4486 3202 4525 :
3224 4486 3292 4526 ne
3321 4470 3448 4540 quid
3536 4516 3537 4519 η

1876 4570 2061 4618 saneta
2093 4563 2390 4631 humilitas,
2421 4577 2529 4616 non
2567 4562 2634 4617 de
2660 4561 2908 4632 supernis
2934 4561 3235 4629 beneﬁciis,
3264 4561 3361 4616 sed
3388 4561 3458 4618 de

214 4658 473 4708 numerum
501 4655 558 4710 ei
606 4665 817 4711 constat
854 4656 1091 4713 crevisse
1122 4658 1380 4713 ﬁdelium.
1410 4658 1565 4724 Quod
1594 4672 1771 4713 autem
1804 4657 1854 4720 D
1879 4670 1958 4724 se,
1998 4657 2141 4726 quod
2183 4658 2343 4720 absit,
2376 4670 2701 4724 praesumere
2746 4653 3012 4709 videatur.
3058 4652 3349 4723 Sequitur:
3379 4650 3450 4707 Et

215 4737 354 4811 dixit,
383 4746 586 4802 salvum
608 4764 687 4802 me
704 4750 847 4820 fecit,
878 4766 984 4805 non
1014 4762 1249 4818 moveat,
1275 4752 1398 4821 quia
1424 4752 1491 4805 ad
1522 4752 1775 4806 masculi-

216 4842 326 4890 num
345 4851 508 4907 genus
535 4840 767 4897 deducta
797 4852 910 4909 est;
936 4846 1185 4914 quoniam
1219 4859 1322 4898 non
1350 4844 1559 4900 videtur
1586 4845 1780 4899 absur-

217 4922 327 4982 dum
356 4929 454 4987 hoc
492 4934 547 4990 ei
594 4948 789 4989 nomen
818 4935 1013 5005 aptari,
1064 4950 1186 5006 quae
1213 4946 1422 4991 constat
1458 4952 1522 4991 ex
1556 4936 1774 5006 populo.

217 5016 392 5079 Merito
411 5043 543 5099 ergo
565 5030 842 5085 beatorum
866 5030 1005 5085 istud
1030 5044 1221 5101 agmen
1262 5030 1536 5086 exsultans
1572 5032 1773 5085 salvum

218 5126 271 5167 se
318 5117 437 5177 dicit
493 5124 725 5193 factum,
782 5123 926 5195 quod
951 5123 1019 5179 ad
1064 5123 1379 5179 Christiana:
1408 5125 1532 5179 ﬁdei
1581 5124 1779 5180 meruit

219 5213 485 5275 pervenire
512 5214 806 5287 fastigium.
842 5217 1100 5282 Quoniam
1128 5215 1287 5271 voluit
1315 5233 1415 5284 me,
1440 5216 1491 5271 id
1531 5228 1613 5272 est
1639 5231 1777 5287 quo-

231 5303 359 5358 niam
378 5320 462 5362 me
482 5309 664 5379 elegit,
688 5310 775 5379 qui
800 5310 967 5381 gratis
994 5318 1149 5363 vocat
1168 5309 1476 5376 universos;
1507 5324 1606 5364 nec
1632 5309 1780 5379 prius

222 5384 519 5453 beneﬁcium
542 5400 736 5470 accipit
756 5416 916 5472 quam
941 5396 1196 5471 praestare
1215 5399 1483 5469 dignetur;
1507 5400 1647 5456 sicut
1665 5403 1781 5471 ipse

223 5495 272 5537 tn
300 5486 579 5562 Evangelio
618 5494 746 5551 dicit
788 5512 801 5550 :
845 5492 970 5549 Non
1010 5511 1098 5550 vos
1136 5509 1215 5549 me
1254 5492 1508 5564 elegistis,
1546 5493 1637 5549 sed
1683 5508 1778 5567 ego

224 5574 336 5650 “egi
356 5596 441 5637 vos
469 5584 645 5657 (Joan.
677 5603 769 5655 xv,
803 5588 915 5661 i6).

291 5670 433 5731 Vers.
459 5677 549 5732 25.
578 5679 645 5735 Et
684 5680 922 5737 retribuet
959 5682 1083 5737 mihi
1114 5681 1368 5739 Dominus
1394 5682 1672 5738 secundum
1685 5683 1780 5754 ju-

225 5762 402 5819 stitiam
423 5786 612 5842 meam;
641 5784 685 5829 et
709 5777 987 5831 secundum
1006 5778 1615 5832 innocentiam‘mattuum
1642 5789 1785 5829 mea-

227 5860 329 5913 tum
368 5864 597 5925 retribuet
639 5868 783 5926 mihi.
834 5870 1047 5940 Optime
1091 5876 1376 5941 utrumque
1414 5865 1674 5928 servavit.
1709 5863 1782 5925 Et

1254 6003 1311 6017 Α,
1342 6007 1347 6013 ,
1387 6003 1429 6015 δ,
1490 6005 1507 6013 σ
1552 6001 1567 6011 ο
1594 6002 1651 6012 ’.ιλ

1832 4822 1835 4823 ν
1882 4748 2151 4803 observabo
2183 4762 2262 4802 me
2290 4747 2353 4802 ab
2392 4748 2658 4819 iniquitate
2696 4763 2829 4802 mea.
2860 4745 3138 4804 Subtiliter
3176 4744 3318 4801 beati
3351 4743 3457 4802 vita

1882 4842 2234 4909 describitur,
2264 4841 2352 4912 qui
2382 4844 2595 4913 quando
2624 4842 2691 4898 ad
2720 4842 2954 4912 aliquam
2995 4853 3056 4896 se
3097 4840 3322 4910 gratiam
3347 4838 3457 4896 Do-

1883 4936 2013 4991 mini
2044 4950 2350 5006 pervenssse
2377 4935 2671 5006 cognoscit,
2700 4944 2854 4990 cavet
2884 4946 2953 4989 ne
2984 4932 3176 4989 iterum
3200 4930 3457 5003 iniquita-

1885 5028 1953 5085 tis
1980 5028 2215 5100 antiqute
2243 5028 2635 5084 calamitatibus
2658 5027 2963 5082 innodetur.

1950 5119 2104 5177 Vers.
2134 5123 2224 5176 27.
2256 5119 2323 5177 Et
2353 5120 2590 5175 retribuet
2620 5117 2746 5172 mihi
2774 5117 3025 5173 Dominus
3058 5121 3340 5175 secundum
3358 5119 3454 5191 ju‘

1877 5215 2071 5271 stitiam
2095 5230 2282 5281 meam,
2310 5225 2359 5269 et
2386 5210 2669 5267 secundum
2690 5211 3033 5267 innocentiam
3060 5228 3304 5267 manuum
3322 5226 3459 5265 mea-

1882 5328 1996 5367 rum
2012 5314 2066 5367 in
2082 5320 2351 5382 conspectu
2367 5308 2631 5364 oculorum
2651 5311 2784 5382 ejus.
2802 5308 3036 5381 Exponit
3049 5309 3192 5380 quod
3209 5309 3460 5380 superius

1883 5401 2149 5460 dixit:Et
2196 5417 2280 5457 ero
2327 5400 2681 5455 immutatus
2722 5414 2896 5454 coram
2936 5416 3019 5456 eo.
3065 5399 3201 5456 Nam
3246 5397 3460 5470 quando

1884 5494 2014 5551 illud
2065 5509 2183 5552 esse
2234 5491 2540 5563 contigerit,
2588 5501 2713 5548 tunc
2764 5490 2908 5547 istud
2958 5491 3077 5547 sine
3125 5490 3459 5548 dubitatione

1883 5587 2251 5656 subsequitur,
2281 5592 2337 5639 ut
2364 5582 2642 5639 secundum
2661 5582 2921 5654 justitiam
2949 5596 3121 5647 suam,
3152 5596 3314 5653 quam
3344 5581 3464 5651 ipse

1882 5689 2067 5736 tamen
2096 5679 2296 5734 donare
2331 5678 2599 5749 dignatur,
2629 5677 2915 5746 unicuique
2940 5676 3149 5743 reddat,
3175 5684 3233 5732 et
3258 5687 3452 5731 secun-

1884 5773 2013 5830 dum
2074 5771 2357 5842 puritatem
2416 5780 2627 5827 actuum
2688 5770 2902 5840 dignam
2966 5766 3459 5840 compensationem

1885 5864 2149 5927 restituat.
2181 5857 2415 5925 Pulchre
2462 5872 2638 5923 autem
2676 5861 2916 5921 additum
2963 5869 3066 5925 est.
3094 5860 3150 5916 in
3191 5861 3465 5926 conspectu
