4016 6344
466 280 562 343 151

1634 276 1703 334 n.
1745 268 2022 332 AURELll
2061 246 2471 335 casswnout‘

3622 260 3734 324 151

466 400 732 455 oculorum
760 402 893 472 ejus,
931 397 1072 468 quod
1117 397 1299 469 utique
1339 409 1447 451 non
1485 402 1685 465 potest,
1715 394 1816 467 nisi
1871 391 2039 449 beatis
2071 389 2125 452 Α
2148 388 2584 463 delinquentibus
2624 389 2813 457 datur,
2839 393 2900 445 ut
2942 401 3037 458 per
3075 387 3296 443 verbum
3323 381 3737 445 illuminationis

466 494 709 559 evenire;
742 502 802 548 ut
842 491 977 547 sicut
1023 491 1099 547 illi
1147 502 1360 558 semper
1405 487 1569 545 corde
1600 488 1883 542 Dominum
1915 501 2042 542 con-

467 592 702 649 tuentur,
736 583 807 639 ita
837 598 930 644 eos
953 583 1156 654 jugiter
1180 583 1351 637 virtus
1380 580 1560 636 divina
1589 578 1859 651 respiciat.

542 675 695 732 Vere.
717 674 809 732 28.
838 675 964 730 Cum
985 682 1162 730 sancto
1185 682 1390 728 sanctus
1413 672 1532 738 sris,
1555 678 1605 727 et
1629 686 1743 727 cum
1762 672 1872 725 viro
1898 671 2046 725 inno-

469 774 611 821 cente
633 766 875 822 innocens
909 764 1026 820 eris.
1061 763 1127 818 Et
1152 780 1267 819 cum
1304 762 1463 820 electo
1492 762 1681 819 electus
1704 763 1825 828 eris,
1860 772 1907 817 et
1933 777 2047 817 cum

469 877 702 933 perverso
729 859 1047 916 subveneris.
1081 860 1211 914 Cum
1258 858 1325 914 de
1361 855 1569 929 justitla
1599 871 1832 927 superna
1857 856 2050 926 loque-

470 962 637 1020 retur,
650 953 775 1023 quia
792 951 1073 1021 unicuique
1093 950 1267 1005 reddit
1282 948 1570 1006 secundum
1595 964 1809 1005 suorum
1834 958 2046 1003 actuum

471 1044 802 1115 qualitatem,
849 1058 988 1099 nunc
1013 1045 1233 1113 exponit
1268 1041 1716 1112 quemadmodum
1751 1039 1920 1112 possit
1949 1040 2051 1097 im-

471 1136 777 1212 pleriquod
808 1136 895 1191 lex
929 1136 1168 1205 praecipit
1203 1135 1495 1191 observari.
1527 1130 1877 1190 Couversatio
1905 1130 2048 1189 enim

475 1238 654 1284 nostra
681 1243 747 1285 ex
777 1227 1045 1299 prioribus
1077 1235 1168 1281 aut
1206 1225 1430 1282 ducibus
1480 1225 1593 1282 suis
1629 1226 1863 1280 maxime
1905 1223 2052 1278 simi-

470 1319 747 1376 litudinem
813 1318 1006 1384 trahit;
1065 1318 1193 1373 dum
1253 1318 1620 1389 unusquithte
1686 1316 1776 1371 tali
1837 1315 2052 1386 ingenio

470 1413 667 1485 gaudet
691 1411 835 1483 quali
863 1411 1023 1468 fuerit
1049 1412 1303 1483 praeditus
1327 1412 1418 1467 ille
1443 1426 1601 1482 quem
1629 1413 1889 1479 sequitur.
1918 1408 2054 1464 Hinc

472 1514 557 1561 est
584 1503 725 1576 quod
756 1504 909 1559 nobis
950 1503 1198 1559 salutaris
1227 1512 1282 1559 et
1310 1500 1529 1558 moralis
1558 1500 1739 1569 regula
1777 1499 1901 1555 data
1947 1508 2049 1567 est,

475 1596 615 1668 quod
644 1608 767 1652 cum
796 1604 984 1651 sancto
1005 1596 1144 1663 viro,
1166 1595 1219 1650 id
1244 1602 1326 1650 est
1355 1594 1579 1650 Domino
1615 1592 1911 1660 Salvatore,
1935 1591 2054 1663 ipso

473 1694 788 1761 praetenta,
832 1688 1001 1744 sancti
1048 1700 1169 1742 esse
1219 1687 1515 1757 possimus;
1542 1685 1684 1742 sicut
1728 1684 1841 1754 ipse
1888 1682 2050 1738 dicit:

2149 482 2355 554 fugiant
2379 482 2663 540 tenebrosa
2690 482 2912 553 peccati.
2937 482 3275 553 Quapropter
3296 488 3567 538 memento
3588 477 3738 551 quod

2147 574 2235 632 hic
2281 574 2479 631 dicitur
2525 574 2831 652 illuminare
2874 574 3118 639 Patrem;
3152 572 3421 629 illuminat
3451 580 3505 629 et
3535 571 3735 638 Filius,

2148 670 2288 725 sicut
2313 670 2365 723 in
2390 669 2495 724 alio
2525 668 2728 739 psalmo
2765 668 2959 740 legitur
2985 685 3000 724 :
3025 662 3166 724 Deus
3196 664 3446 723 Dominus
3471 674 3521 723 et
3556 665 3742 723 illuxit

2149 762 2292 816 nobis
2307 760 2425 833 (Ps.
2440 776 2603 830 cxvn,
2618 759 2741 832 27);
2766 758 3032 816 illuminat
3052 758 3213 816 etiam
3238 757 3467 828 Spiritus
3491 769 3739 823 sanctus,

2151 855 2292 911 sicut
2334 855 2592 925 propheta
2632 853 2801 913 dicit:
2834 852 2960 910 Non
3005 850 3321 909 abscondam
3369 852 3508 907 ultra
3552 851 3745 921 [aciem

2151 965 2315 1004 meam
2343 949 2406 1003 ab
2434 948 2527 1018 eis,
2562 964 2653 1019 pro
2679 963 2736 1003 eo
2764 947 2903 1020 quod
2930 946 3103 1002 illuxit
3144 945 3373 1016 Spiritus
3403 960 3545 1003 meus
3580 959 3744 1012 super

2151 1042 2436 1098 universam
2452 1043 2657 1097 domum
2682 1039 2848 1096 Israel
2870 1037 3084 1107 (Ezech.
3107 1053 3303 1104 xxxix,
3321 1036 3440 1108 29).
3457 1037 3587 1105 Quis
3606 1048 3744 1106 ergo

2152 1134 2224 1192 ita
2262 1134 2443 1189 nubilo
2470 1133 2634 1190 corde
2679 1133 2939 1189 obscurus
2982 1137 3097 1198 est,
3131 1138 3189 1186 ut
3217 1137 3420 1187 sancta:
3456 1126 3744 1183 Trinitatis

2154 1241 2315 1281 unam
2356 1234 2625 1293 naturam,
2655 1238 2813 1279 unam
2858 1220 3304 1289 eoauernitatem,
3331 1236 3489 1278 uuam
3517 1234 3625 1276 non
3652 1219 3743 1277 in-

2156 1317 2362 1389 telligat
2386 1332 2507 1372 esse
2532 1314 2860 1388 potentiam?

2227 1409 2381 1465 Vers.
2416 1410 2505 1465 51.
2542 1409 2798 1475 Quoniam
2838 1425 2870 1463 a
2913 1416 2962 1463 te
2999 1406 3189 1480 eripior
3226 1424 3260 1462 a
3291 1406 3586 1471 tentatione,
3608 1415 3657 1463 et
3680 1407 3744 1463 iss

2156 1498 2269 1557 Deo
2293 1518 2406 1557 meo
2435 1502 2787 1573 transgredior
2814 1517 3037 1556 murum.
3068 1498 3352 1571 lnsignitcr
3374 1499 3558 1556 docuit
3582 1514 3744 1572 regu-

2157 1594 2262 1649 lam
2296 1592 2379 1647 ﬁd«
2402 1592 2437 1648 i.
2471 1592 2516 1647 Α
2549 1603 2597 1647 te
2620 1591 2753 1649 dixit
2780 1593 2993 1663 eripior,
3017 1606 3124 1649 non
3147 1607 3181 1647 a
3208 1606 3315 1647 me.
3354 1589 3585 1645 Tentatio
3608 1606 3742 1647 vero

2159 1686 2428 1743 diabolum
2478 1685 2762 1757 signiﬁcat,
2787 1684 2880 1759 qui
2928 1684 3219 1741 momentis
3267 1682 3517 1740 omnibus
3544 1688 3741 1750 leniat,

475 1785 653 1841 Sancti
681 1790 854 1849 estote,
875 1784 1119 1854 quoniam
1156 1800 1249 1856 ego
1269 1792 1475 1838 sanctus
1499 1797 1612 1836 sum
1644 1779 1897 1835 Dominus
1917 1777 2055 1833 Deus
2087 1778 2135 1840 B
2161 1787 2220 1835 ut
2248 1794 2277 1832 a
2306 1779 2445 1833 bona
2470 1777 2877 1836 conversatione
2906 1792 3006 1834 nos
3031 1775 3331 1833 abstrahat.
3360 1773 3430 1831 In
3472 1775 3578 1834 Deo
3605 1793 3740 1848 meo,

475 1875 789 1948 ναίει-(ιον.
806 1892 916 1943 xix,
937 1874 1013 1947 2).
1034 1875 1346 1946 Prtecipitur
1362 1875 1521 1929 etiam
1541 1883 1600 1930 ut
1614 1889 1733 1929 cum
1749 1870 2055 1929 innocentia

475 1969 593 2038 ejus
638 1969 953 2023 innocentes
988 1980 1111 2023 esse
1154 1981 1479 2022 mereamur.
1524 1965 1615 2023 Sic
1651 1966 1790 2020 enim
1833 1964 1901 2020 de
1937 1963 2054 2033 ipso

476 2060 581 2132 iam
630 2061 829 2116 dictum
872 2070 955 2115 est
982 2074 995 2113 :
1023 2057 1277 2113 lnnocens
1316 2058 1553 2112 manibus
1594 2064 1644 2113 et
1681 2055 1878 2112 mundo
1904 2057 2056 2110 corde

478 2152 650 2224 (Psal.
680 2168 833 2220 χχιιι,
862 2152 943 2224 4).
985 2151 1215 2208 Additur
1258 2150 1497 2214 tertium,
1526 2158 1584 2206 ut
1626 2164 1749 2205 cum
1795 2148 2057 2204 electione

477 2245 649 2316 ipsius
693 2245 966 2315 eligamur.
1022 2244 1097 2298 Ita
1155 2242 1352 2314 quippe
1397 2243 1466 2298 de
1515 2243 1634 2313 ipso
1682 2242 1844 2296 Isaias
1886 2241 2053 2297 dicit:

477 2337 685 2394 Electus
720 2352 883 2403 meus,
934 2336 990 2391 in
1044 2350 1146 2405 quo
1195 2334 1498 2407 complacuit
1543 2336 1717 2388 anima
1759 2349 1868 2387 mea
1908 2330 2053 2402 (lsa.

477 2444 611 2496 ml,
645 2428 720 2499 i).
754 2427 910 2495 Quod
950 2436 1073 2482 tunc
1102 2427 1258 2483 nobis
1285 2427 1497 2495 accidit,
1531 2424 1746 2497 quando
1774 2424 2057 2496 praeceptis

478 2520 594 2592 ejus
630 2520 937 2576 salutariter
977 2518 1279 2574 obedimus.
1332 2517 1619 2588 Sequitur,
1654 2532 1771 2571 cum
1819 2530 2053 2589 perverso
2100 2514 2107 2521 ’

483 2611 804 2679 subverteris,
832 2610 887 2666 id
915 2618 1000 2666 est
1040 2624 1163 2665 cum
1194 2608 1407 2664 diabolo
1437 2604 1783 2673 subverteris,
1817 2608 1905 2677 qui
1935 2620 2060 2678 pro-

480 2706 596 2779 pria
624 2706 901 2776 iniquitate
928 2716 1217 2776 pervorsus
1237 2710 1342 2759 est.
1365 2701 1491 2757 illos
1518 2702 1661 2756 cnim
1688 2698 2058 2770 iniquissimos

486 2796 663 2855 reddit
689 2811 826 2869 quos
852 2795 919 2851 ad
950 2810 1063 2851 ante
1100 2795 1421 2851 obedientite
1441 2794 1563 2865 jura
1591 2794 1877 2849 convertit.
1905 2790 2059 2857 Quod

482 2898 855 2960 argumentum
902 2887 1294 2944 nobilissimum
1324 2885 1520 2942 dicitur
1549 2885 1604 2940 in
1650 2886 1842 2954 topicis
1868 2899 1898 2937 a
1930 2897 2057 2953 per-

480 2996 613 3041 sona
657 2981 994 3038 extrinsecus
1023 2979 1300 3044 attributa,
1342 2978 1555 3048 quando
1600 2976 1719 3046 quis
1747 2984 1838 3030 aut
1862 2975 1930 3030 de
1958 2974 2062 3028 im—

482 3074 668 3146 probis
690 3073 879 3128 amicis
905 3072 1165 3143 arguitur,
1189 3080 1281 3126 aut
1308 3070 1378 3126 de
1400 3072 1661 3125 bonorum
1686 3067 2063 3140 conjunctione

484 3165 750 3222 laudatur.

558 3260 710 3315 Vers.
738 3259 831 3313 29.
851 3256 1111 3324 Quoniam
1136 3253 1381 3327 populum
1402 3254 1643 3310 humilem
1663 3254 1860 3311 salvum
1885 3253 2062 3327 facies,

485 3363 532 3408 et
577 3352 757 3407 oculos
802 3352 1135 3422 superborum
1182 3348 1499 3406 humiliabis.
1541 3349 1768 3420 Respice
1810 3350 2066 3421 quemad-

487 3443 705 3501 modum
742 3443 1011 3514 prioribus
1038 3424 1319 3498 versiculis
1344 3452 1469 3513 apte
1496 3456 1811 3514 responsum
1840 3451 1944 3513 est,
1973 3442 2064 3513 qui

488 3534 761 3593 sanctitati
798 3534 883 3589 vel
917 3533 1255 3602 innocentiae,
1283 3546 1385 3590 nec
1430 3548 1537 3590 non
1566 3532 1815 3591 electioni
1854 3532 2065 3591 Domini

487 3629 561 3685 sit
585 3628 840 3693 devotus;
868 3637 925 3684 et
968 3628 1056 3684 hic
1104 3626 1285 3683 salvus
1315 3626 1591 3684 laciendus
1618 3638 1723 3695 est,
1746 3642 1872 3687 cum
1900 3629 1952 3685 in
1977 3628 2064 3684 die

487 3718 672 3792 iudicii
698 3718 766 3776 ad
791 3719 1067 3776 dexteram
1096 3719 1466 3777 collocabitur.
1496 3718 1649 3776 Oculi
1676 3731 1856 3777 autem
1882 3736 2065 3790 super.

488 3813 666 3867 borum
686 3811 994 3866 Itumiliandi
1011 3821 1148 3882 sunt,
1171 3815 1261 3884 qui
1292 3828 1413 3869 cum
1443 3824 1697 3886 perverso
1726 3820 1943 3871 auclore
1969 3829 2066 3871 suo

489 3903 701 3959 diabolo
743 3905 1150 3974 subvertantur,
1180 3907 1307 3963 dum
1365 3907 1434 3963 ad
1486 3908 1756 3964 sinistram
1798 3908 1975 3979 positi,
2010 3909 2067 3964 in

490 4006 741 4054 aeternam
784 3998 1164 4055 cruciationem
1216 4000 1462 4057 mittendi
1504 4008 1648 4056 sunt.
1686 4001 1946 4056 Deccnter
1972 4015 2068 4056 au-

492 4097 597 4145 tem
630 4091 857 4159 positum
885 4100 969 4147 est
997 4100 1242 4159 econtra,
1259 4092 1433 4148 oculos
1462 4093 1797 4164 superborum
1824 4093 2068 4148 ltmnilia-

491 4181 587 4250 bis,
614 4184 736 4254 quia
767 4193 914 4240 tanto
956 4194 1270 4256 arrogantes
1314 4187 1368 4241 in
1416 4168 1613 4243 tartari
1646 4187 2064 4259 profunditatem

493 4274 849 4342 descendunt,
880 4285 1081 4346 quanto
1128 4290 1188 4333 se
1236 4276 1429 4334 altiora
1480 4278 1792 4350 contingere
1840 4290 2064 4350 putave-

494 4374 643 4423 ῐιιιιι.

567 4456 717 4512 Vere.
760 4454 852 4511 50.
897 4455 1153 4524 Quoniam
1193 4466 1249 4512 tu
1284 4456 1545 4513 illuminas
1584 4459 1842 4514 lucernam
1878 4475 2067 4527 meam,

2158 1874 2212 1930 id
2242 1884 2328 1931 est
2354 1874 2473 1945 ejus
2510 1875 2708 1930 virtute
2752 1873 3065 1942 roborante,
3094 1871 3426 1929 obstaculum
3468 1879 3745 1941 transgre-

2157 1967 2277 2025 diar
2305 1976 2675 2039 peccatorum,
2702 1966 2844 2041 quod
2877 1967 3016 2024 inter
3044 1967 3213 2023 Deum
3241 1974 3298 2022 et
3326 1963 3574 2021 homines
3598 1977 3743 2019 rnor-

2159 2061 2344 2117 talium
2372 2071 2723 2118 construxere
2758 2058 3033 2131 nequitiae.
3081 2058 3182 2126 Qui
3213 2074 3390 2113 murus
3419 2057 3611 2113 mortis
3636 2064 3743 2123 est,

2159 2170 2267 2211 non
2301 2154 2509 2222 salutis,
2543 2167 2645 2210 nec
2671 2153 2739 2209 ad
2785 2152 3056 2208 munimen
3085 2150 3331 2221 erigitur,
3359 2146 3456 2205 sed
3485 2147 3553 2203 ad
3583 2154 3745 2203 aeter-

2158 2263 2286 2304 num
2316 2247 2594 2303 interitum
2625 2252 2978 2317 praeparatur.
3013 2242 3156 2298 Bene
3183 2239 3344 2303 dixit,
3373 2237 3745 2310 transgredior,

2160 2354 2267 2395 non
2294 2336 2732 2409 irrumpam,non
2755 2334 2963 2389 diruam
2996 2331 3158 2405 :quia
3189 2346 3364 2385 murus
3394 2328 3485 2384 ille
3510 2328 3745 2385 humano

2158 2432 2347 2503 generi
2401 2428 2696 2485 immobilis
2745 2433 2947 2494 manet,
2977 2424 3139 2481 etiam
3194 2436 3317 2478 cum
3369 2435 3491 2477 eum
3544 2418 3745 2475 sanctis

2159 2521 2423 2579 beneﬁcio
2449 2518 2750 2576 Divinitatis
2778 2516 3052 2573 transilire
3081 2514 3387 2584 contigerit.

2154 2622 2162 2627 ”
2234 2614 2389 2670 Vers.
2433 2612 2523 2669 52.
2562 2609 2702 2667 Deus
2748 2624 2911 2676 meus,
2951 2606 3225 2681 impolluta
3256 2605 3338 2661 uia
3367 2606 3514 2677 ejus;
3542 2600 3747 2673 eloquia

2160 2710 2373 2767 Domini
2400 2710 2518 2782 igne
2544 2709 2868 2777 examinata,-
2900 2715 3153 2778 protector
3175 2716 3251 2762 est
3279 2704 3505 2760 omnium
3533 2717 3744 2773 speran-

2162 2804 2289 2859 tium
2316 2803 2371 2857 in
2399 2816 2473 2856 se.
2507 2799 2668 2856 Aliud
2715 2812 2907 2856 versus
2954 2799 3055 2854 iste
3099 2796 3402 2879 inchoasse,
3431 2794 3575 2853 aliud
3617 2793 3745 2851 sub.

2158 2893 2401 2966 iunxisse
2448 2890 2693 2949 sentitur.
2750 2890 2889 2947 Deus
2935 2906 3097 2961 meus,
3135 2905 3419 2961 aggressus
3454 2896 3538 2946 est
3566 2886 3746 2944 dicere

2162 2985 2344 3042 nescio
2369 2985 2497 3057 quid
2524 2983 2886 3053 exorativum,
2911 2992 2964 3039 et
3005 2983 3280 3054 subjunxit
3304 2984 3356 3039 ei
3386 2983 3595 3040 exitum
3626 2982 3746 3038 inoo

2163 3079 2428 3150 pinatum,
2475 3076 2749 3147 impolluta
2793 3077 2874 3133 uia
2920 3078 3052 3150 ejus.
3102 3075 3236 3132 Nam
3263 3077 3307 3132 si
3339 3076 3635 3149 propositio
3663 3092 3751 3133 se-

2091 3172 2138 3238 c
2168 3168 2453 3241 quentibus
2490 3166 2843 3224 concordaret
2863 3209 2880 3237 ,
2912 3164 3008 3224 Dei
3054 3167 3159 3224 mei
3199 3167 3437 3223 dicturus
3464 3175 3612 3233 erat,
3646 3181 3751 3223 non

2167 3256 2307 3317 Deus
2334 3277 2492 3317 meus.
2522 3260 2653 3330 Quae
2682 3258 2843 3330 ﬁgura
2874 3258 3067 3315 dicitur
3094 3257 3537 3330 paraprosdoxia,
3559 3256 3753 3314 Latino

2165 3354 2474 3431 inepjttatus
2502 3354 2695 3419 exitus,
2720 3367 2843 3408 cum
2866 3351 3009 3408 aliud
3039 3352 3377 3423 proponitur,
3405 3351 3550 3407 aliud
3579 3350 3753 3420 expli-

2165 3455 2335 3504 catur.
2368 3442 2649 3519 Impolluta
2670 3446 2753 3501 via
2779 3450 2890 3519 ejus
2916 3443 3184 3519 signiﬁcat
3209 3443 3452 3501 semitam
3485 3442 3605 3515 ejus
3629 3457 3753 3499 esse

2170 3537 2537 3607 purissimam.
2600 3536 2727 3593 Sive
2785 3536 2887 3592 hoc
2932 3534 3000 3591 ad
3046 3536 3471 3593 incarnationem
3524 3536 3754 3606 pertinet

2170 3629 2367 3701 Verbi,
2396 3647 2555 3703 quam
2583 3638 2795 3687 constat
2822 3630 3173 3702 pollutionem
3200 3647 3307 3688 non
3348 3631 3603 3688 habuisse
3631 3647 3753 3701 pec-

2167 3726 2295 3782 cati.
2307 3724 2583 3797 Sequitur,
2602 3724 2805 3799 eloquiu
2820 3724 3030 3780 Domini
3048 3726 3166 3799 igne
3179 3725 3494 3780 examinata.
3512 3723 3754 3782 Flamma

2168 3818 2315 3887 ﬁdei,
2342 3819 2428 3876 lex
2454 3834 2699 3891 superna
2746 3820 3058 3887 discutitur,
3101 3819 3316 3890 quando
3359 3819 3567 3876 sciendi
3612 3819 3751 3875 desi-

2170 3912 2323 3969 derio
2368 3914 2545 3970 divina
2589 3913 2798 3986 eloquia
2845 3917 3244 3985 perquiruntur.
3292 3913 3384 3971 Sic
3409 3924 3465 3971 et
3488 3915 3750 3971 Jeremias

2168 4007 2431 4078 propheta
2458 4006 2665 4078 eloquia
2699 4007 2906 4062 Domini
2936 4006 3158 4063 miriﬁca
3186 4006 3501 4064 deﬁnitione
3536 4007 3753 4063 conclu-

2168 4098 2239 4154 sit
2258 4098 2441 4155 dicens
2464 4117 2478 4155 :
2505 4097 2691 4155 Nonne
2712 4099 2860 4153 verba
2882 4116 2993 4154 mea
3014 4100 3143 4156 sicut
3163 4100 3321 4172 ignis,
3338 4099 3461 4154 dicit
3481 4096 3753 4167 Dominus,

2168 4196 2216 4247 et
2243 4191 2373 4245 sicut
2400 4191 2589 4245 securis
2616 4189 2886 4246 concidens
2914 4201 3108 4260 petram
3134 4188 3268 4263 (Jer.
3298 4204 3452 4260 xxttt,
3481 4189 3612 4259 ‘29)?
3639 4189 3752 4244 Ad-

2171 4286 2282 4341 dita
2311 4295 2393 4342 est
2421 4301 2636 4357 quoque
2664 4285 2929 4356 generalis
2954 4286 3261 4357 promissio,
3292 4293 3347 4338 ut
3373 4284 3583 4340 animos
3610 4283 3753 4340 rele-

2170 4387 2320 4432 varet
2384 4377 2644 4433 humanos
2690 4395 2704 4434 :
2748 4393 2814 4434 ne
2876 4387 3151 4449 putaretur
3205 4378 3591 4449 protectionem
3647 4392 3755 4435 non

2173 4468 2403 4539 mereri,
2433 4469 2521 4539 qui
2548 4484 2579 4523 a
2606 4478 2827 4541 peccato
2854 4485 2959 4525 non
2989 4469 3173 4525 luisset
3201 4470 3473 4526 immunis.
3519 4469 3753 4526 Dicenda

494 4548 741 4617 Domine;
774 4548 912 4605 Deus
954 4566 1115 4617 meus,
1155 4551 1394 4606 illumina
1423 4551 1657 4606 tenebras
1686 4570 1844 4608 meas.
1879 4555 2071 4625 Loqui-
2096 4566 2152 4629 Ῑ)
2173 4560 2338 4628 enim,
2368 4561 2597 4616 omnium
2623 4563 2937 4631 sperantium
2963 4562 3015 4615 in
3043 4576 3127 4628 se,
3159 4561 3336 4617 nullus
3364 4570 3621 4631 exceptus
3644 4569 3753 4630 est,

494 4650 581 4698 tur
603 4642 779 4698 adhuc
803 4642 917 4699 sive
946 4644 1204 4711 Ecclesia,
1234 4646 1348 4701 sive
1390 4646 1616 4715 populus
1650 4645 1740 4702 ille
1764 4647 2066 4717 beatorum,

493 4735 726 4791 mirabili
774 4736 970 4792 decore
1014 4739 1324 4795 verborum;
1355 4736 1587 4793 Lucerna
1627 4740 1768 4795 enim
1815 4740 2068 4797 Ecclesiae

494 4823 730 4894 Baptista
757 4826 995 4885 Joannes
1028 4838 1130 4897 est,
1157 4830 1224 4885 de
1263 4844 1371 4901 quo
1414 4830 1672 4887 Dominus
1700 4832 1749 4886 in
1779 4831 2070 4903 Evangelio

494 4917 655 4975 dicit:
678 4917 780 4974 Ille
804 4931 912 4976 erat
933 4922 1140 4977 lucerna
1162 4924 1365 4991 ardens,
1385 4932 1435 4979 et
1456 4939 1542 4979 vos
1563 4925 1793 4982 voluistis
1816 4925 2070 4981 exsultare

493 5026 549 5065 tn
573 5010 764 5066 lumine
783 5015 916 5086 ejus.
946 5012 1125 5085 (Joan.
1148 5030 1202 5082 v,
1225 5015 1337 5087 55).
1373 5017 1514 5072 Idem
1541 5018 1651 5090 62
1678 5019 1789 5088 ipse
1815 5019 1866 5074 in
1896 5020 2071 5076 Evan-

493 5105 635 5175 gelio
659 5105 827 5161 dicit:
855 5105 1021 5162 Nemo
1047 5110 1280 5164 accendit
1309 5110 1568 5166 lucernam
1591 5116 1640 5166 et
1668 5114 1810 5183 ponit
1839 5129 1951 5168 eam
1975 5111 2069 5168 sub

492 5196 668 5252 modio
703 5195 855 5269 (Luc.
900 5214 977 5266 xt,
1019 5198 1136 5270 55).
1187 5200 1388 5258 Sensus
1432 5216 1560 5274 ergo
1603 5205 1725 5260 talis
1769 5216 1851 5261 est
1880 5221 1896 5261 :
1925 5204 2067 5261 Patri

495 5286 725 5345 Domino
746 5289 911 5345 dicit:
939 5290 1193 5360 Quoniam
1220 5301 1276 5349 tu
1308 5294 1562 5350 lucernam
1592 5312 1756 5352 meam
1786 5297 2068 5363 illuminas,

494 5381 549 5437 id
581 5390 662 5438 est
700 5383 961 5440 Joannem
990 5385 1279 5457 Dapzistam
1309 5394 1365 5445 et
1390 5399 1614 5445 eteteros
1657 5392 1950 5461 apostolos,
1982 5394 2065 5447 vel

494 5487 590 5530 eos
613 5478 701 5545 qui
730 5478 936 5534 calcati
979 5478 1178 5536 lumine
1224 5481 1433 5538 radiare
1471 5495 1783 5539 noscuntur.
1818 5481 2067 5538 Illumina

492 5565 725 5622 τοπάσαι
755 5582 911 5635 mres,
937 5568 1040 5627 hoc
1067 5581 1150 5628 est
1177 5588 1271 5643 per
1294 5588 1389 5631 eos
1428 5575 1631 5646 reliqua
1662 5577 1902 5632 membra
1931 5589 2058 5632 ere-

489 5655 751 5729 dentium,
781 5676 899 5732 quae
946 5662 1118 5720 adhuc
1160 5666 1211 5720 in
1243 5668 1423 5722 carnis
1469 5667 1799 5724 obscuritate
1842 5681 2066 5723 versan-

490 5764 596 5816 tur.
646 5756 880 5816 Lucerna
927 5764 1070 5818 enim
1119 5765 1288 5821 noctis
1336 5771 1420 5820 est
1472 5763 1674 5833 lumen,
1707 5779 1824 5837 quae
1873 5764 2063 5821 merito

2173 4654 2276 4711 nisi
2304 4655 2392 4726 qui
2420 4655 2472 4711 in
2500 4669 2622 4711 eum
2649 4669 2867 4726 sperare
2903 4655 3216 4725 neglexerit.
3259 4654 3359 4724 Qui
3396 4669 3585 4713 versus
3624 4654 3753 4711 bre—

2174 4748 2423 4804 vissimus
2452 4750 2664 4803 laudum
2694 4747 3089 4803 delinitionibus
3118 4748 3437 4819 explicatur.

2245 4838 2401 4895 Vers.
2432 4840 2519 4895 55.
2547 4839 2803 4905 Quoniam
2829 4837 2940 4908 quis
2966 4838 3091 4893 deus
3116 4847 3300 4911 prtetsr
3331 4837 3631 4905 Dominum,
3654 4846 3754 4892 aut

2173 4932 2288 5005 quis
2328 4933 2452 4988 deus
2483 4942 2664 5003 prazter
2694 4932 2854 4986 Deum
2880 4932 3149 4987 nostrum?
3175 4931 3286 4987 Hoc
3312 4939 3501 4986 contra
3530 4945 3756 5002 pagano-

2173 5040 2292 5082 rum
2322 5024 2644 5080 dementiam
2688 5022 2903 5089 dicitur,
2934 5023 3025 5091 qui
3054 5022 3183 5078 deos
3211 5022 3311 5077 sibi
3340 5020 3631 5081 multifaria
3662 5038 3757 5079 va-

2173 5116 2340 5172 nitate
2383 5115 2674 5170 ﬁnxerunt.
2711 5111 2984 5167 Dominum
3012 5114 3209 5185 posuit,
3242 5112 3365 5182 quia
3412 5114 3578 5183 ipsius
3613 5115 3757 5173 servi

2172 5222 2388 5273 sumus;
2436 5204 2639 5270 Deum,
2686 5203 2808 5276 quia
2855 5218 2976 5259 eum
3022 5202 3322 5274 iustissime
3368 5203 3653 5261 adoramus
3705 5214 3756 5260 et

2170 5300 2417 5356 colimus.
2466 5297 2572 5355 Sed
2624 5298 2724 5355 iste
2778 5296 2910 5353 Deus
2953 5297 3189 5353 Trinitas
3231 5308 3316 5354 est
3355 5298 3756 5373 inseparabilis,

2169 5405 2519 5463 personarum
2584 5400 2816 5460 tantum,
2870 5406 2973 5445 nou
3035 5388 3349 5447 substantias
3404 5391 3754 5446 distinctione

2169 5483 2425 5542 discreta.
2476 5482 2872 5541 Couvenienter
2913 5495 3090 5538 autem
3132 5483 3247 5539 laus
3276 5483 3487 5540 Domini
3520 5483 3753 5541 breviter

2168 5577 2441 5647 praemissa
2470 5584 2572 5643 est,
2597 5574 2846 5645 quoniam
2878 5573 2991 5644 ipse
3011 5583 3126 5631 erat
3149 5575 3201 5629 iu
3231 5574 3575 5646 subsequcuti
3604 5586 3753 5647 parteI

2168 5666 2462 5725 locuturus.

2243 5762 2392 5819 Vcrs.
2427 5762 2512 5817 54.
2564 5760 2697 5817 Deus
2743 5766 2827 5835 qui
2869 5762 3134 5835 prwcinait
3163 5779 3239 5819 ms
3268 5764 3467 5832 virtute,
3499 5771 3548 5820 ct
3575 5762 3748 5835 posuit
