  <div class='ocr_page' id='page_1' title='image "/cluster/home/n/w/nwhite01/storage/ocr_20150623/70/hvd.32044015469356/072.png"; bbox 0 0 4064 6360; ppageno 0'>
   <div class='ocr_carea' id='block_1_1' title="bbox 213 294 332 350">
    <p class='ocr_par' dir='ltr' id='par_1_1' title="bbox 213 294 332 350">
     <span class='ocr_line' id='line_1_1' title="bbox 213 294 332 350; baseline -0.008 0"><span class='ocrx_word' id='word_1_1' title='bbox 213 294 332 350; x_wconf 72' lang='grc'><strong>153</strong></span> 
     </span>
    </p>
   </div>
   <div class='ocr_carea' id='block_1_2' title="bbox 1165 301 2551 362">
    <p class='ocr_par' dir='ltr' id='par_1_2' title="bbox 1165 301 2551 362">
     <span class='ocr_line' id='line_1_2' title="bbox 1165 301 2551 362; baseline 0.003 -5"><span class='ocrx_word' id='word_1_2' title='bbox 1165 301 1527 361; x_wconf 84' lang='lat' dir='ltr'><strong>EXPOSITIU</strong></span> <span class='ocrx_word' id='word_1_3' title='bbox 1565 301 1630 359; x_wconf 84' lang='lat' dir='ltr'><strong>IN</strong></span> <span class='ocrx_word' id='word_1_4' title='bbox 1668 302 2125 360; x_wconf 81' lang='lat' dir='ltr'><strong>PSALTERIUM.</strong></span> <span class='ocrx_word' id='word_1_5' title='bbox 2159 304 2350 362; x_wconf 80' lang='lat' dir='ltr'><strong>PSAL.</strong></span> <span class='ocrx_word' id='word_1_6' title='bbox 2393 303 2551 361; x_wconf 73' lang='lat' dir='ltr'><strong>XVII.</strong></span> 
     </span>
    </p>
   </div>
   <div class='ocr_carea' id='block_1_3' title="bbox 3389 299 3488 360">
    <p class='ocr_par' dir='ltr' id='par_1_3' title="bbox 3389 299 3488 360">
     <span class='ocr_line' id='line_1_3' title="bbox 3389 299 3488 360; baseline 0.01 -1"><span class='ocrx_word' id='word_1_7' title='bbox 3389 299 3488 360; x_wconf 57' lang='lat'><strong>£55</strong></span> 
     </span>
    </p>
   </div>
   <div class='ocr_carea' id='block_1_4' title="bbox 211 414 3481 494">
    <p class='ocr_par' dir='ltr' id='par_1_4' title="bbox 211 414 3481 494">
     <span class='ocr_line' id='line_1_4' title="bbox 211 414 3481 494; baseline 0.003 -26"><span class='ocrx_word' id='word_1_8' title='bbox 211 414 614 470; x_wconf 81' lang='lat' dir='ltr'><strong>immaculatum</strong></span> <span class='ocrx_word' id='word_1_9' title='bbox 658 416 790 471; x_wconf 79' lang='lat' dir='ltr'><strong>viam</strong></span> <span class='ocrx_word' id='word_1_10' title='bbox 835 434 1018 474; x_wconf 85' lang='lat' dir='ltr'><strong><em>meam.</em></strong></span> <span class='ocrx_word' id='word_1_11' title='bbox 1065 417 1297 476; x_wconf 79' lang='lat' dir='ltr'><strong>Ventum</strong></span> <span class='ocrx_word' id='word_1_12' title='bbox 1348 431 1432 478; x_wconf 92' lang='lat' dir='ltr'><strong>est</strong></span> <span class='ocrx_word' id='word_1_13' title='bbox 1466 421 1530 475; x_wconf 87' lang='lat' dir='ltr'><strong>ad</strong></span> <span class='ocrx_word' id='word_1_14' title='bbox 1568 422 1806 480; x_wconf 88' lang='lat' dir='ltr'><strong>ordinem</strong></span> <span class='ocrx_word' id='word_1_15' title='bbox 1834 424 1889 485; x_wconf 78' lang='grc' dir='ltr'><strong>Α</strong></span> <span class='ocrx_word' id='word_1_16' title='bbox 1913 424 2284 489; x_wconf 86' lang='lat' dir='ltr'><strong>commoverit,</strong></span> <span class='ocrx_word' id='word_1_17' title='bbox 2316 425 2432 494; x_wconf 86' lang='lat' dir='ltr'><strong>ejus</strong></span> <span class='ocrx_word' id='word_1_18' title='bbox 2461 435 2633 478; x_wconf 86' lang='lat' dir='ltr'><strong>tamen</strong></span> <span class='ocrx_word' id='word_1_19' title='bbox 2665 423 2882 494; x_wconf 83' lang='lat' dir='ltr'><strong>vestigia</strong></span> <span class='ocrx_word' id='word_1_20' title='bbox 2917 438 3130 478; x_wconf 88' lang='lat' dir='ltr'><strong>movere</strong></span> <span class='ocrx_word' id='word_1_21' title='bbox 3159 438 3264 479; x_wconf 79' lang='lat' dir='ltr'><strong>non</strong></span> <span class='ocrx_word' id='word_1_22' title='bbox 3289 424 3481 492; x_wconf 87' lang='lat' dir='ltr'><strong>potuit.</strong></span> 
     </span>
    </p>
   </div>
   <div class='ocr_carea' id='block_1_5' title="bbox 217 507 1801 578">
    <p class='ocr_par' dir='ltr' id='par_1_5' title="bbox 217 507 1801 578">
     <span class='ocr_line' id='line_1_5' title="bbox 217 507 1801 578; baseline 0.007 -19"><span class='ocrx_word' id='word_1_23' title='bbox 217 507 467 574; x_wconf 75' lang='lat' dir='ltr'><strong>tertium,</strong></span> <span class='ocrx_word' id='word_1_24' title='bbox 513 507 602 562; x_wconf 83' lang='lat' dir='ltr'><strong>ubi</strong></span> <span class='ocrx_word' id='word_1_25' title='bbox 642 509 931 578; x_wconf 88' lang='lat' dir='ltr'><strong>potentiam</strong></span> <span class='ocrx_word' id='word_1_26' title='bbox 960 525 1110 567; x_wconf 88' lang='lat' dir='ltr'><strong>suam</strong></span> <span class='ocrx_word' id='word_1_27' title='bbox 1141 513 1404 570; x_wconf 86' lang='lat' dir='ltr'><strong>Dominus</strong></span> <span class='ocrx_word' id='word_1_28' title='bbox 1433 515 1676 570; x_wconf 76' lang='lat' dir='ltr'><strong>Salvator</strong></span> <span class='ocrx_word' id='word_1_29' title='bbox 1707 531 1801 570; x_wconf 78' lang='lat' dir='ltr'><strong>ex-</strong></span> 
     </span>
    </p>
   </div>
   <div class='ocr_carea' id='block_1_6' title="bbox 215 602 1802 680">
    <p class='ocr_par' dir='ltr' id='par_1_6' title="bbox 215 602 1802 680">
     <span class='ocr_line' id='line_1_6' title="bbox 215 602 1802 680; baseline 0.006 -26"><span class='ocrx_word' id='word_1_30' title='bbox 215 603 396 670; x_wconf 86' lang='lat' dir='ltr'><strong>ponit.</strong></span> <span class='ocrx_word' id='word_1_31' title='bbox 443 602 593 668; x_wconf 86' lang='lat' dir='ltr'><strong>Quod</strong></span> <span class='ocrx_word' id='word_1_32' title='bbox 622 605 734 658; x_wconf 89' lang='lat' dir='ltr'><strong>ait:</strong></span> <span class='ocrx_word' id='word_1_33' title='bbox 763 604 1042 661; x_wconf 75' lang='lat' dir='ltr'><strong>Prtecintcit</strong></span> <span class='ocrx_word' id='word_1_34' title='bbox 1069 624 1148 661; x_wconf 87' lang='lat' dir='ltr'><strong>me</strong></span> <span class='ocrx_word' id='word_1_35' title='bbox 1175 609 1382 676; x_wconf 81' lang='lat' dir='ltr'><strong>uirtute,</strong></span> <span class='ocrx_word' id='word_1_36' title='bbox 1415 619 1467 663; x_wconf 89' lang='lat' dir='ltr'><strong>et</strong></span> <span class='ocrx_word' id='word_1_37' title='bbox 1495 609 1802 680; x_wconf 83' lang='lat' dir='ltr'><strong>dignitatem</strong></span> 
     </span>
    </p>
   </div>
   <div class='ocr_carea' id='block_1_7' title="bbox 215 696 1802 772">
    <p class='ocr_par' dir='ltr' id='par_1_7' title="bbox 215 696 1802 772">
     <span class='ocr_line' id='line_1_7' title="bbox 215 696 1802 772; baseline 0.005 -22"><span class='ocrx_word' id='word_1_38' title='bbox 215 696 489 765; x_wconf 80' lang='lat' dir='ltr'><strong>significat</strong></span> <span class='ocrx_word' id='word_1_39' title='bbox 511 705 568 752; x_wconf 87' lang='lat' dir='ltr'><strong>et</strong></span> <span class='ocrx_word' id='word_1_40' title='bbox 593 696 981 756; x_wconf 75' lang='lat' dir='ltr'><strong>fortitudinem.</strong></span> <span class='ocrx_word' id='word_1_41' title='bbox 1029 701 1183 768; x_wconf 88' lang='lat' dir='ltr'><strong>Quod</strong></span> <span class='ocrx_word' id='word_1_42' title='bbox 1223 713 1505 771; x_wconf 88' lang='lat' dir='ltr'><strong>utrumque</strong></span> <span class='ocrx_word' id='word_1_43' title='bbox 1543 703 1643 772; x_wconf 85' lang='lat' dir='ltr'><strong>ipsi</strong></span> <span class='ocrx_word' id='word_1_44' title='bbox 1679 718 1802 759; x_wconf 87' lang='lat' dir='ltr'><strong>con-</strong></span> 
     </span>
    </p>
   </div>
   <div class='ocr_carea' id='block_1_8' title="bbox 215 790 1803 867">
    <p class='ocr_par' dir='ltr' id='par_1_8' title="bbox 215 790 1803 867">
     <span class='ocr_line' id='line_1_8' title="bbox 215 790 1803 867; baseline 0.006 -25"><span class='ocrx_word' id='word_1_45' title='bbox 215 790 410 844; x_wconf 85' lang='lat' dir='ltr'><strong>venire</strong></span> <span class='ocrx_word' id='word_1_46' title='bbox 453 791 796 848; x_wconf 87' lang='lat' dir='ltr'><strong>manifestum</strong></span> <span class='ocrx_word' id='word_1_47' title='bbox 843 803 956 862; x_wconf 87' lang='lat' dir='ltr'><strong>est,</strong></span> <span class='ocrx_word' id='word_1_48' title='bbox 987 796 1077 867; x_wconf 85' lang='lat' dir='ltr'><strong>qui</strong></span> <span class='ocrx_word' id='word_1_49' title='bbox 1123 805 1384 867; x_wconf 86' lang='lat' dir='ltr'><strong>potestate</strong></span> <span class='ocrx_word' id='word_1_50' title='bbox 1435 799 1651 853; x_wconf 88' lang='lat' dir='ltr'><strong>virtutis</strong></span> <span class='ocrx_word' id='word_1_51' title='bbox 1690 811 1803 852; x_wconf 74' lang='lat' dir='ltr'><strong>suae</strong></span> 
     </span>
    </p>
   </div>
   <div class='ocr_carea' id='block_1_9' title="bbox 218 880 1799 944">
    <p class='ocr_par' dir='ltr' id='par_1_9' title="bbox 218 880 1799 944">
     <span class='ocr_line' id='line_1_9' title="bbox 218 880 1799 944; baseline 0.004 -8"><span class='ocrx_word' id='word_1_52' title='bbox 218 880 558 938; x_wconf 65' lang='lat' dir='ltr'><strong>8udicaturus</strong></span> <span class='ocrx_word' id='word_1_53' title='bbox 600 886 998 941; x_wconf 76' lang='lat' dir='ltr'><strong>est&#39;mundum.</strong></span> <span class='ocrx_word' id='word_1_54' title='bbox 1047 886 1439 944; x_wconf 80' lang='lat' dir='ltr'><strong>Convenienter</strong></span> <span class='ocrx_word' id='word_1_55' title='bbox 1486 898 1663 944; x_wconf 87' lang='lat' dir='ltr'><strong>autem</strong></span> <span class='ocrx_word' id='word_1_56' title='bbox 1712 903 1799 943; x_wconf 83' lang='lat' dir='ltr'><strong>se-</strong></span> 
     </span>
    </p>
   </div>
   <div class='ocr_carea' id='block_1_10' title="bbox 217 976 1804 1052">
    <p class='ocr_par' dir='ltr' id='par_1_10' title="bbox 217 976 1804 1052">
     <span class='ocr_line' id='line_1_10' title="bbox 217 976 1804 1052; baseline 0.005 -24"><span class='ocrx_word' id='word_1_57' title='bbox 217 976 424 1044; x_wconf 80' lang='lat' dir='ltr'><strong>quitur,</strong></span> <span class='ocrx_word' id='word_1_58' title='bbox 473 978 644 1045; x_wconf 81' lang='lat' dir='ltr'><strong>posuit</strong></span> <span class='ocrx_word' id='word_1_59' title='bbox 669 979 804 1032; x_wconf 69' lang='lat' dir='ltr'><strong>ciam</strong></span> <span class='ocrx_word' id='word_1_60' title='bbox 831 996 1012 1046; x_wconf 86' lang='lat' dir='ltr'><strong>meam,</strong></span> <span class='ocrx_word' id='word_1_61' title='bbox 1045 980 1096 1035; x_wconf 91' lang='lat' dir='ltr'><strong>id</strong></span> <span class='ocrx_word' id='word_1_62' title='bbox 1134 988 1220 1035; x_wconf 86' lang='lat' dir='ltr'><strong>est</strong></span> <span class='ocrx_word' id='word_1_63' title='bbox 1254 981 1614 1036; x_wconf 88' lang='lat' dir='ltr'><strong>constabilivit</strong></span> <span class='ocrx_word' id='word_1_64' title='bbox 1641 991 1804 1052; x_wconf 89' lang='lat' dir='ltr'><strong>atque</strong></span> 
     </span>
    </p>
   </div>
   <div class='ocr_carea' id='block_1_11' title="bbox 219 1067 1806 1134">
    <p class='ocr_par' dir='ltr' id='par_1_11' title="bbox 219 1067 1806 1134">
     <span class='ocr_line' id='line_1_11' title="bbox 219 1067 1806 1134; baseline 0.004 -13"><span class='ocrx_word' id='word_1_65' title='bbox 219 1067 477 1134; x_wconf 86' lang='lat' dir='ltr'><strong>ﬁrmavit,</strong></span> <span class='ocrx_word' id='word_1_66' title='bbox 508 1078 568 1123; x_wconf 90' lang='lat' dir='ltr'><strong>ut</strong></span> <span class='ocrx_word' id='word_1_67' title='bbox 595 1071 739 1125; x_wconf 90' lang='lat' dir='ltr'><strong>nulla</strong></span> <span class='ocrx_word' id='word_1_68' title='bbox 777 1073 958 1126; x_wconf 68' lang='lat' dir='ltr'><strong>saeculi</strong></span> <span class='ocrx_word' id='word_1_69' title='bbox 1004 1073 1295 1129; x_wconf 80' lang='lat' dir='ltr'><strong>ambitione</strong></span> <span class='ocrx_word' id='word_1_70' title='bbox 1325 1084 1647 1129; x_wconf 83' lang='lat' dir='ltr'><strong>moveretur.</strong></span> <span class='ocrx_word' id='word_1_71' title='bbox 1695 1075 1806 1128; x_wconf 87' lang='lat' dir='ltr'><strong>lm-</strong></span> 
     </span>
    </p>
   </div>
   <div class='ocr_carea' id='block_1_12' title="bbox 217 1153 1806 1236">
    <p class='ocr_par' dir='ltr' id='par_1_12' title="bbox 217 1153 1806 1236">
     <span class='ocr_line' id='line_1_12' title="bbox 217 1153 1806 1236; baseline 0.008 -24"><span class='ocrx_word' id='word_1_72' title='bbox 217 1162 532 1215; x_wconf 85' lang='lat' dir='ltr'><strong>tnacutatam</strong></span> <span class='ocrx_word' id='word_1_73' title='bbox 574 1178 700 1218; x_wconf 89' lang='lat' dir='ltr'><strong>vero</strong></span> <span class='ocrx_word' id='word_1_74' title='bbox 748 1166 879 1218; x_wconf 87' lang='lat' dir='ltr'><strong>viam</strong></span> <span class='ocrx_word' id='word_1_75' title='bbox 926 1165 1077 1234; x_wconf 84' lang='lat' dir='ltr'><strong>dicit,</strong></span> <span class='ocrx_word' id='word_1_76' title='bbox 1111 1153 1270 1221; x_wconf 87' lang='lat' dir='ltr'><strong>vitam</strong></span> <span class='ocrx_word' id='word_1_77' title='bbox 1324 1169 1658 1236; x_wconf 87' lang='lat' dir='ltr'><strong>purissimam</strong></span> <span class='ocrx_word' id='word_1_78' title='bbox 1689 1171 1806 1225; x_wconf 88' lang='lat' dir='ltr'><strong>sine</strong></span> 
     </span>
    </p>
   </div>
   <div class='ocr_carea' id='block_1_13' title="bbox 217 1252 1803 1330">
    <p class='ocr_par' dir='ltr' id='par_1_13' title="bbox 217 1252 1803 1330">
     <span class='ocr_line' id='line_1_13' title="bbox 217 1252 1803 1330; baseline 0.006 -25"><span class='ocrx_word' id='word_1_79' title='bbox 217 1252 384 1306; x_wconf 84' lang='lat' dir='ltr'><strong>sorde</strong></span> <span class='ocrx_word' id='word_1_80' title='bbox 411 1252 615 1318; x_wconf 86' lang='lat' dir='ltr'><strong>delicti,</strong></span> <span class='ocrx_word' id='word_1_81' title='bbox 639 1269 797 1324; x_wconf 87' lang='lat' dir='ltr'><strong>quam</strong></span> <span class='ocrx_word' id='word_1_82' title='bbox 832 1257 922 1312; x_wconf 89' lang='lat' dir='ltr'><strong>ille</strong></span> <span class='ocrx_word' id='word_1_83' title='bbox 951 1258 1097 1312; x_wconf 91' lang='lat' dir='ltr'><strong>solus</strong></span> <span class='ocrx_word' id='word_1_84' title='bbox 1126 1260 1436 1326; x_wconf 83' lang='lat' dir='ltr'><strong>ambulavit,</strong></span> <span class='ocrx_word' id='word_1_85' title='bbox 1465 1261 1554 1330; x_wconf 87' lang='lat' dir='ltr'><strong>qui</strong></span> <span class='ocrx_word' id='word_1_86' title='bbox 1589 1273 1803 1329; x_wconf 86' lang='lat' dir='ltr'><strong>peccata</strong></span> 
     </span>
    </p>
   </div>
   <div class='ocr_carea' id='block_1_14' title="bbox 219 1346 1805 1425">
    <p class='ocr_par' dir='ltr' id='par_1_14' title="bbox 219 1346 1805 1425">
     <span class='ocr_line' id='line_1_14' title="bbox 219 1346 1805 1425; baseline 0.007 -27"><span class='ocrx_word' id='word_1_87' title='bbox 219 1359 326 1398; x_wconf 89' lang='lat' dir='ltr'><strong>non</strong></span> <span class='ocrx_word' id='word_1_88' title='bbox 359 1346 565 1402; x_wconf 81' lang='lat' dir='ltr'><strong>habuit.</strong></span> <span class='ocrx_word' id='word_1_89' title='bbox 599 1346 704 1403; x_wconf 87' lang='lat' dir='ltr'><strong>Sed</strong></span> <span class='ocrx_word' id='word_1_90' title='bbox 748 1349 844 1404; x_wconf 83' lang='lat' dir='ltr'><strong>has</strong></span> <span class='ocrx_word' id='word_1_91' title='bbox 883 1365 1069 1406; x_wconf 89' lang='lat' dir='ltr'><strong>omnes</strong></span> <span class='ocrx_word' id='word_1_92' title='bbox 1106 1352 1423 1423; x_wconf 78' lang='lat' dir='ltr'><strong>allegoricus</strong></span> <span class='ocrx_word' id='word_1_93' title='bbox 1469 1355 1805 1425; x_wconf 86' lang='lat' dir='ltr'><strong>tropicasque</strong></span> 
     </span>
    </p>
   </div>
   <div class='ocr_carea' id='block_1_15' title="bbox 219 1435 1804 1519">
    <p class='ocr_par' dir='ltr' id='par_1_15' title="bbox 219 1435 1804 1519">
     <span class='ocr_line' id='line_1_15' title="bbox 219 1435 1804 1519; baseline 0.009 -29"><span class='ocrx_word' id='word_1_94' title='bbox 219 1435 522 1519; x_wconf 84' lang='lat' dir='ltr'><strong>locutiones</strong></span> <span class='ocrx_word' id='word_1_95' title='bbox 571 1454 690 1510; x_wconf 76' lang='lat' dir='ltr'><strong>quat</strong></span> <span class='ocrx_word' id='word_1_96' title='bbox 739 1441 896 1497; x_wconf 83' lang='lat' dir='ltr'><strong>dictae</strong></span> <span class='ocrx_word' id='word_1_97' title='bbox 939 1453 1081 1500; x_wconf 89' lang='lat' dir='ltr'><strong>sunt.</strong></span> <span class='ocrx_word' id='word_1_98' title='bbox 1111 1445 1224 1499; x_wconf 90' lang='lat' dir='ltr'><strong>sive</strong></span> <span class='ocrx_word' id='word_1_99' title='bbox 1253 1461 1372 1516; x_wconf 67' lang='lat' dir='ltr'><strong>quae</strong></span> <span class='ocrx_word' id='word_1_100' title='bbox 1400 1457 1709 1516; x_wconf 87' lang='lat' dir='ltr'><strong>sequentur,</strong></span> <span class='ocrx_word' id='word_1_101' title='bbox 1739 1448 1804 1504; x_wconf 88' lang='lat' dir='ltr'><strong>ad</strong></span> 
     </span>
    </p>
   </div>
   <div class='ocr_carea' id='block_1_16' title="bbox 219 1527 1591 1609">
    <p class='ocr_par' dir='ltr' id='par_1_16' title="bbox 219 1527 1591 1609">
     <span class='ocr_line' id='line_1_16' title="bbox 219 1527 1591 1609; baseline 0.008 -27"><span class='ocrx_word' id='word_1_102' title='bbox 219 1527 646 1587; x_wconf 85' lang='lat' dir='ltr'><strong>incarnationem</strong></span> <span class='ocrx_word' id='word_1_103' title='bbox 676 1533 889 1590; x_wconf 86' lang='lat' dir='ltr'><strong>Domini</strong></span> <span class='ocrx_word' id='word_1_104' title='bbox 919 1538 1302 1592; x_wconf 84' lang='lat' dir='ltr'><strong>convenienter</strong></span> <span class='ocrx_word' id='word_1_105' title='bbox 1328 1549 1591 1609; x_wconf 86' lang='lat' dir='ltr'><strong>aptamus.</strong></span> 
     </span>
    </p>
   </div>
   <div class='ocr_carea' id='block_1_17' title="bbox 293 1625 1800 1702">
    <p class='ocr_par' dir='ltr' id='par_1_17' title="bbox 293 1625 1800 1702">
     <span class='ocr_line' id='line_1_17' title="bbox 293 1625 1800 1702; baseline 0.006 -24"><span class='ocrx_word' id='word_1_106' title='bbox 293 1625 448 1681; x_wconf 56' lang='grc' dir='ltr'><strong>κίοι-ε.</strong></span> <span class='ocrx_word' id='word_1_107' title='bbox 479 1627 569 1681; x_wconf 82' lang='grc'><strong>55.</strong></span> <span class='ocrx_word' id='word_1_108' title='bbox 619 1629 716 1694; x_wconf 82' lang='lat' dir='ltr'><strong>Qui</strong></span> <span class='ocrx_word' id='word_1_109' title='bbox 744 1631 955 1700; x_wconf 77' lang='lat' dir='ltr'><strong>perfecit</strong></span> <span class='ocrx_word' id='word_1_110' title='bbox 991 1634 1142 1702; x_wconf 88' lang='lat' dir='ltr'><strong>pedes</strong></span> <span class='ocrx_word' id='word_1_111' title='bbox 1187 1648 1321 1686; x_wconf 87' lang='lat' dir='ltr'><strong>meos</strong></span> <span class='ocrx_word' id='word_1_112' title='bbox 1362 1642 1602 1702; x_wconf 85' lang='lat' dir='ltr'><strong>tanquam</strong></span> <span class='ocrx_word' id='word_1_113' title='bbox 1630 1636 1765 1689; x_wconf 85' lang='lat' dir='ltr'><strong>cervi</strong></span> <span class='ocrx_word' id='word_1_114' title='bbox 1784 1676 1800 1702; x_wconf 90' lang='lat'><strong>,</strong></span> 
     </span>
    </p>
   </div>
   <div class='ocr_carea' id='block_1_18' title="bbox 220 1720 1800 1796">
    <p class='ocr_par' dir='ltr' id='par_1_18' title="bbox 220 1720 1800 1796">
     <span class='ocr_line' id='line_1_18' title="bbox 220 1720 1800 1796; baseline 0.006 -24"><span class='ocrx_word' id='word_1_115' title='bbox 220 1726 266 1772; x_wconf 80' lang='lat' dir='ltr'><strong>et</strong></span> <span class='ocrx_word' id='word_1_116' title='bbox 292 1735 446 1788; x_wconf 85' lang='lat' dir='ltr'><strong>super</strong></span> <span class='ocrx_word' id='word_1_117' title='bbox 470 1720 672 1775; x_wconf 68' lang='lat' dir='ltr'><strong>excelsa</strong></span> <span class='ocrx_word' id='word_1_118' title='bbox 696 1723 873 1776; x_wconf 90' lang='lat' dir='ltr'><strong>statuit</strong></span> <span class='ocrx_word' id='word_1_119' title='bbox 901 1740 996 1778; x_wconf 89' lang='lat' dir='ltr'><strong>me.</strong></span> <span class='ocrx_word' id='word_1_120' title='bbox 1032 1723 1364 1796; x_wconf 87' lang='lat' dir='ltr'><strong>Frequenter</strong></span> <span class='ocrx_word' id='word_1_121' title='bbox 1391 1727 1490 1780; x_wconf 90' lang='lat' dir='ltr'><strong>hoc</strong></span> <span class='ocrx_word' id='word_1_122' title='bbox 1520 1727 1716 1782; x_wconf 88' lang='lat' dir='ltr'><strong>animal</strong></span> <span class='ocrx_word' id='word_1_123' title='bbox 1748 1729 1800 1782; x_wconf 89' lang='lat' dir='ltr'><strong>in</strong></span> 
     </span>
    </p>
   </div>
   <div class='ocr_carea' id='block_1_19' title="bbox 1907 514 3480 588">
    <p class='ocr_par' dir='ltr' id='par_1_19' title="bbox 1907 514 3480 588">
     <span class='ocr_line' id='line_1_19' title="bbox 1907 514 3480 588; baseline 0.002 -19"><span class='ocrx_word' id='word_1_124' title='bbox 1907 514 2014 585; x_wconf 82' lang='lat'><strong>63</strong></span> <span class='ocrx_word' id='word_1_125' title='bbox 2068 531 2184 585; x_wconf 74' lang='lat' dir='ltr'><strong>qua:</strong></span> <span class='ocrx_word' id='word_1_126' title='bbox 2242 516 2332 573; x_wconf 89' lang='lat' dir='ltr'><strong>ille</strong></span> <span class='ocrx_word' id='word_1_127' title='bbox 2375 533 2442 573; x_wconf 92' lang='lat' dir='ltr'><strong>ne</strong></span> <span class='ocrx_word' id='word_1_128' title='bbox 2489 517 2678 574; x_wconf 78' lang='lat' dir='ltr'><strong>Petrus</strong></span> <span class='ocrx_word' id='word_1_129' title='bbox 2722 517 2775 572; x_wconf 92' lang='lat' dir='ltr'><strong>in</strong></span> <span class='ocrx_word' id='word_1_130' title='bbox 2821 517 2952 572; x_wconf 87' lang='lat' dir='ltr'><strong>mari</strong></span> <span class='ocrx_word' id='word_1_131' title='bbox 2999 531 3330 588; x_wconf 82' lang='lat' dir='ltr'><strong>mergeretur</strong></span> <span class='ocrx_word' id='word_1_132' title='bbox 3381 531 3480 572; x_wconf 82' lang='lat' dir='ltr'><strong>ttxa</strong></span> 
     </span>
    </p>
   </div>
   <div class='ocr_carea' id='block_1_20' title="bbox 1909 605 3428 660">
    <p class='ocr_par' dir='ltr' id='par_1_20' title="bbox 1909 605 3428 660">
     <span class='ocr_line' id='line_1_20' title="bbox 1909 605 3428 660; baseline 0.005 -2"><span class='ocrx_word' id='word_1_133' title='bbox 1909 605 2178 660; x_wconf 88' lang='lat' dir='ltr'><strong>solidavit.</strong></span> <span class='ocrx_word' id='word_1_134' title='bbox 3417 612 3428 624; x_wconf 92' lang='lat'>&#39;</span> 
     </span>
    </p>
   </div>
   <div class='ocr_carea' id='block_1_21' title="bbox 1979 695 3477 775">
    <p class='ocr_par' dir='ltr' id='par_1_21' title="bbox 1979 695 3477 775">
     <span class='ocr_line' id='line_1_21' title="bbox 1979 695 3477 775; baseline 0.005 -24"><span class='ocrx_word' id='word_1_135' title='bbox 1979 695 2134 752; x_wconf 83' lang='lat' dir='ltr'><strong>Vers.</strong></span> <span class='ocrx_word' id='word_1_136' title='bbox 2165 697 2252 752; x_wconf 78' lang='lat'><strong>59.</strong></span> <span class='ocrx_word' id='word_1_137' title='bbox 2288 696 2572 768; x_wconf 82' lang='lat' dir='ltr'><strong>Persequar</strong></span> <span class='ocrx_word' id='word_1_138' title='bbox 2599 701 2830 756; x_wconf 86' lang='lat' dir='ltr'><strong>inimicos</strong></span> <span class='ocrx_word' id='word_1_139' title='bbox 2857 717 3018 768; x_wconf 83' lang='lat' dir='ltr'><strong>meos,</strong></span> <span class='ocrx_word' id='word_1_140' title='bbox 3068 713 3115 756; x_wconf 86' lang='lat' dir='ltr'><strong>ct</strong></span> <span class='ocrx_word' id='word_1_141' title='bbox 3160 713 3477 775; x_wconf 76' lang='lat' dir='ltr'><strong>comprehcn-</strong></span> 
     </span>
    </p>
   </div>
   <div class='ocr_carea' id='block_1_22' title="bbox 1909 789 3118 864">
    <p class='ocr_par' dir='ltr' id='par_1_22' title="bbox 1909 789 3118 864">
     <span class='ocr_line' id='line_1_22' title="bbox 1909 789 3118 864; baseline 0.006 -22"><span class='ocrx_word' id='word_1_142' title='bbox 1909 789 2028 843; x_wconf 87' lang='lat' dir='ltr'><strong>dam</strong></span> <span class='ocrx_word' id='word_1_143' title='bbox 2056 806 2138 844; x_wconf 86' lang='lat' dir='ltr'><strong>eos</strong></span> <span class='ocrx_word' id='word_1_144' title='bbox 2157 805 2176 857; x_wconf 90' lang='lat'><strong>;</strong></span> <span class='ocrx_word' id='word_1_145' title='bbox 2197 797 2244 844; x_wconf 86' lang='lat' dir='ltr'><strong>et</strong></span> <span class='ocrx_word' id='word_1_146' title='bbox 2271 806 2372 846; x_wconf 87' lang='lat' dir='ltr'><strong>non</strong></span> <span class='ocrx_word' id='word_1_147' title='bbox 2393 802 2654 846; x_wconf 84' lang='lat' dir='ltr'><strong>convertar</strong></span> <span class='ocrx_word' id='word_1_148' title='bbox 2683 793 2839 848; x_wconf 86' lang='lat' dir='ltr'><strong>donec</strong></span> <span class='ocrx_word' id='word_1_149' title='bbox 2861 795 3118 864; x_wconf 75' lang='lat' dir='ltr'><strong>deﬁciant.</strong></span> 
     </span>
    </p>
   </div>
   <div class='ocr_carea' id='block_1_23' title="bbox 1989 879 3486 955">
    <p class='ocr_par' dir='ltr' id='par_1_23' title="bbox 1989 879 3486 955">
     <span class='ocr_line' id='line_1_23' title="bbox 1989 879 3486 955; baseline 0.006 -22"><span class='ocrx_word' id='word_1_150' title='bbox 1989 879 2142 937; x_wconf 85' lang='lat' dir='ltr'><strong>Vers.</strong></span> <span class='ocrx_word' id='word_1_151' title='bbox 2190 880 2282 936; x_wconf 77' lang='grc'><strong>40.</strong></span> <span class='ocrx_word' id='word_1_152' title='bbox 2316 881 2543 954; x_wconf 77' lang='lat' dir='ltr'><strong>Aﬂligam</strong></span> <span class='ocrx_word' id='word_1_153' title='bbox 2588 883 2742 953; x_wconf 86' lang='lat' dir='ltr'><strong>illos,</strong></span> <span class='ocrx_word' id='word_1_154' title='bbox 2779 903 2870 940; x_wconf 84' lang='lat' dir='ltr'><strong>nec</strong></span> <span class='ocrx_word' id='word_1_155' title='bbox 2906 895 3140 955; x_wconf 87' lang='lat' dir='ltr'><strong>poterunt</strong></span> <span class='ocrx_word' id='word_1_156' title='bbox 3176 895 3310 941; x_wconf 81' lang='lat' dir='ltr'><strong>stare</strong></span> <span class='ocrx_word' id='word_1_157' title='bbox 3339 903 3360 942; x_wconf 89' lang='lat'><strong><em>:</em></strong></span> <span class='ocrx_word' id='word_1_158' title='bbox 3399 903 3486 942; x_wconf 85' lang='lat' dir='ltr'><strong>ca-</strong></span> 
     </span>
    </p>
   </div>
   <div class='ocr_carea' id='block_1_24' title="bbox 1910 970 3483 1044">
    <p class='ocr_par' dir='ltr' id='par_1_24' title="bbox 1910 970 3483 1044">
     <span class='ocr_line' id='line_1_24' title="bbox 1910 970 3483 1044; baseline 0.008 -20"><span class='ocrx_word' id='word_1_159' title='bbox 1910 970 2030 1025; x_wconf 86' lang='lat' dir='ltr'><strong>dent</strong></span> <span class='ocrx_word' id='word_1_160' title='bbox 2058 970 2154 1026; x_wconf 93' lang='lat' dir='ltr'><strong>sub</strong></span> <span class='ocrx_word' id='word_1_161' title='bbox 2184 973 2397 1044; x_wconf 79' lang='lat' dir='ltr'><strong>pedibus</strong></span> <span class='ocrx_word' id='word_1_162' title='bbox 2439 975 2582 1030; x_wconf 85' lang='lat' dir='ltr'><strong>meis.</strong></span> <span class='ocrx_word' id='word_1_163' title='bbox 2614 974 2751 1031; x_wconf 89' lang='lat' dir='ltr'><strong>Istos</strong></span> <span class='ocrx_word' id='word_1_164' title='bbox 2781 977 2915 1033; x_wconf 90' lang='lat' dir='ltr'><strong>duos</strong></span> <span class='ocrx_word' id='word_1_165' title='bbox 2947 995 3132 1034; x_wconf 75' lang='lat' dir='ltr'><strong>versus</strong></span> <span class='ocrx_word' id='word_1_166' title='bbox 3178 977 3246 1036; x_wconf 88' lang='lat' dir='ltr'><strong>de</strong></span> <span class='ocrx_word' id='word_1_167' title='bbox 3273 981 3381 1035; x_wconf 88' lang='lat' dir='ltr'><strong>illis</strong></span> <span class='ocrx_word' id='word_1_168' title='bbox 3403 981 3483 1037; x_wconf 90' lang='lat' dir='ltr'><strong>iu-</strong></span> 
     </span>
    </p>
   </div>
   <div class='ocr_carea' id='block_1_25' title="bbox 1913 1063 3482 1136">
    <p class='ocr_par' dir='ltr' id='par_1_25' title="bbox 1913 1063 3482 1136">
     <span class='ocr_line' id='line_1_25' title="bbox 1913 1063 3482 1136; baseline 0.007 -20"><span class='ocrx_word' id='word_1_169' title='bbox 1913 1063 2076 1132; x_wconf 84' lang='lat' dir='ltr'><strong>telligi</strong></span> <span class='ocrx_word' id='word_1_170' title='bbox 2119 1079 2225 1117; x_wconf 88' lang='lat' dir='ltr'><strong>uott</strong></span> <span class='ocrx_word' id='word_1_171' title='bbox 2253 1063 2474 1120; x_wconf 89' lang='lat' dir='ltr'><strong>dubiutn</strong></span> <span class='ocrx_word' id='word_1_172' title='bbox 2506 1076 2588 1121; x_wconf 91' lang='lat' dir='ltr'><strong>est</strong></span> <span class='ocrx_word' id='word_1_173' title='bbox 2631 1067 2719 1136; x_wconf 89' lang='lat' dir='ltr'><strong>qui</strong></span> <span class='ocrx_word' id='word_1_174' title='bbox 2768 1069 2937 1136; x_wconf 90' lang='lat' dir='ltr'><strong>primo</strong></span> <span class='ocrx_word' id='word_1_175' title='bbox 2969 1082 3155 1125; x_wconf 89' lang='lat' dir='ltr'><strong>contra</strong></span> <span class='ocrx_word' id='word_1_176' title='bbox 3205 1072 3482 1128; x_wconf 86' lang='lat' dir='ltr'><strong>Dominum</strong></span> 
     </span>
    </p>
   </div>
   <div class='ocr_carea' id='block_1_26' title="bbox 1909 1158 3482 1232">
    <p class='ocr_par' dir='ltr' id='par_1_26' title="bbox 1909 1158 3482 1232">
     <span class='ocr_line' id='line_1_26' title="bbox 1909 1158 3482 1232; baseline 0.004 -20"><span class='ocrx_word' id='word_1_177' title='bbox 1909 1158 2209 1227; x_wconf 87' lang='lat' dir='ltr'><strong>eriguntur,</strong></span> <span class='ocrx_word' id='word_1_178' title='bbox 2246 1168 2429 1225; x_wconf 89' lang='lat' dir='ltr'><strong>postea</strong></span> <span class='ocrx_word' id='word_1_179' title='bbox 2458 1161 2702 1216; x_wconf 86' lang='lat' dir='ltr'><strong>conversi</strong></span> <span class='ocrx_word' id='word_1_180' title='bbox 2731 1161 2847 1231; x_wconf 88' lang='lat' dir='ltr'><strong>ejus</strong></span> <span class='ocrx_word' id='word_1_181' title='bbox 2870 1162 3093 1231; x_wconf 87' lang='lat' dir='ltr'><strong>pedibus</strong></span> <span class='ocrx_word' id='word_1_182' title='bbox 3126 1164 3482 1232; x_wconf 88' lang='lat' dir='ltr'><strong>inclinantur;</strong></span> 
     </span>
    </p>
   </div>
   <div class='ocr_carea' id='block_1_27' title="bbox 1909 1246 3486 1320">
    <p class='ocr_par' dir='ltr' id='par_1_27' title="bbox 1909 1246 3486 1320">
     <span class='ocr_line' id='line_1_27' title="bbox 1909 1246 3486 1320; baseline 0.006 -19"><span class='ocrx_word' id='word_1_183' title='bbox 1909 1257 1961 1302; x_wconf 86' lang='lat' dir='ltr'><strong>et</strong></span> <span class='ocrx_word' id='word_1_184' title='bbox 1991 1246 2159 1302; x_wconf 80' lang='lat' dir='ltr'><strong>vitam</strong></span> <span class='ocrx_word' id='word_1_185' title='bbox 2192 1258 2469 1304; x_wconf 88' lang='lat' dir='ltr'><strong>merentur</strong></span> <span class='ocrx_word' id='word_1_186' title='bbox 2491 1251 2720 1315; x_wconf 90' lang='lat' dir='ltr'><strong>subditi,</strong></span> <span class='ocrx_word' id='word_1_187' title='bbox 2750 1253 2840 1320; x_wconf 88' lang='lat' dir='ltr'><strong>qtti</strong></span> <span class='ocrx_word' id='word_1_188' title='bbox 2879 1261 3107 1307; x_wconf 90' lang='lat' dir='ltr'><strong>mortem</strong></span> <span class='ocrx_word' id='word_1_189' title='bbox 3151 1255 3486 1310; x_wconf 78' lang='lat' dir='ltr'><strong>incurrerunt</strong></span> 
     </span>
    </p>
   </div>
   <div class='ocr_carea' id='block_1_28' title="bbox 1908 1341 3486 1414">
    <p class='ocr_par' dir='ltr' id='par_1_28' title="bbox 1908 1341 3486 1414">
     <span class='ocr_line' id='line_1_28' title="bbox 1908 1341 3486 1414; baseline 0.006 -19"><span class='ocrx_word' id='word_1_190' title='bbox 1908 1347 2274 1396; x_wconf 85' lang='lat' dir='ltr'><strong>contumaces.</strong></span> <span class='ocrx_word' id='word_1_191' title='bbox 2333 1341 2665 1414; x_wconf 78' lang='lat' dir='ltr'><strong>Persequitur</strong></span> <span class='ocrx_word' id='word_1_192' title='bbox 2699 1347 2844 1401; x_wconf 92' lang='lat' dir='ltr'><strong>enim</strong></span> <span class='ocrx_word' id='word_1_193' title='bbox 2899 1347 3130 1400; x_wconf 86' lang='lat' dir='ltr'><strong>inimicas</strong></span> <span class='ocrx_word' id='word_1_194' title='bbox 3178 1363 3302 1404; x_wconf 89' lang='lat' dir='ltr'><strong>suos</strong></span> <span class='ocrx_word' id='word_1_195' title='bbox 3351 1350 3486 1405; x_wconf 80' lang='lat' dir='ltr'><strong>allii-</strong></span> 
     </span>
    </p>
   </div>
   <div class='ocr_carea' id='block_1_29' title="bbox 1909 1425 3485 1508">
    <p class='ocr_par' dir='ltr' id='par_1_29' title="bbox 1909 1425 3485 1508">
     <span class='ocr_line' id='line_1_29' title="bbox 1909 1425 3485 1508; baseline 0.006 -21"><span class='ocrx_word' id='word_1_196' title='bbox 1909 1433 2142 1488; x_wconf 89' lang='lat' dir='ltr'><strong>ctionum</strong></span> <span class='ocrx_word' id='word_1_197' title='bbox 2173 1425 2388 1490; x_wconf 83' lang='lat' dir='ltr'><strong>diversa</strong></span> <span class='ocrx_word' id='word_1_198' title='bbox 2420 1436 2575 1490; x_wconf 86' lang='lat' dir='ltr'><strong>clade</strong></span> <span class='ocrx_word' id='word_1_199' title='bbox 2603 1436 2870 1508; x_wconf 81' lang='lat' dir='ltr'><strong>fatigatos,</strong></span> <span class='ocrx_word' id='word_1_200' title='bbox 2901 1447 2950 1493; x_wconf 88' lang='lat' dir='ltr'><strong>et</strong></span> <span class='ocrx_word' id='word_1_201' title='bbox 2983 1440 3368 1507; x_wconf 83' lang='lat' dir='ltr'><strong>comprehcndit</strong></span> <span class='ocrx_word' id='word_1_202' title='bbox 3393 1457 3485 1498; x_wconf 92' lang='lat' dir='ltr'><strong>eos</strong></span> 
     </span>
    </p>
   </div>
   <div class='ocr_carea' id='block_1_30' title="bbox 1909 1527 3486 1600">
    <p class='ocr_par' dir='ltr' id='par_1_30' title="bbox 1909 1527 3486 1600">
     <span class='ocr_line' id='line_1_30' title="bbox 1909 1527 3486 1600; baseline 0.006 -20"><span class='ocrx_word' id='word_1_203' title='bbox 1909 1541 2044 1596; x_wconf 88' lang='lat' dir='ltr'><strong>quos</strong></span> <span class='ocrx_word' id='word_1_204' title='bbox 2089 1527 2157 1582; x_wconf 89' lang='lat' dir='ltr'><strong>ab</strong></span> <span class='ocrx_word' id='word_1_205' title='bbox 2200 1531 2379 1583; x_wconf 77' lang='lat' dir='ltr'><strong>eludio</strong></span> <span class='ocrx_word' id='word_1_206' title='bbox 2426 1545 2678 1600; x_wconf 79' lang='lat' dir='ltr'><strong>pet-verso</strong></span> <span class='ocrx_word' id='word_1_207' title='bbox 2723 1534 3027 1588; x_wconf 86' lang='lat' dir='ltr'><strong>mutaverit.</strong></span> <span class='ocrx_word' id='word_1_208' title='bbox 3073 1533 3178 1588; x_wconf 88' lang='lat' dir='ltr'><strong>Sed</strong></span> <span class='ocrx_word' id='word_1_209' title='bbox 3233 1534 3358 1589; x_wconf 80' lang='lat' dir='ltr'><strong>felix</strong></span> <span class='ocrx_word' id='word_1_210' title='bbox 3405 1544 3486 1590; x_wconf 88' lang='lat' dir='ltr'><strong>est</strong></span> 
     </span>
    </p>
   </div>
   <div class='ocr_carea' id='block_1_31' title="bbox 1907 1618 3486 1693">
    <p class='ocr_par' dir='ltr' id='par_1_31' title="bbox 1907 1618 3486 1693">
     <span class='ocr_line' id='line_1_31' title="bbox 1907 1618 3486 1693; baseline 0.004 -19"><span class='ocrx_word' id='word_1_211' title='bbox 1907 1618 2130 1674; x_wconf 88' lang='lat' dir='ltr'><strong>omnino</strong></span> <span class='ocrx_word' id='word_1_212' title='bbox 2154 1622 2241 1691; x_wconf 89' lang='lat' dir='ltr'><strong>qui</strong></span> <span class='ocrx_word' id='word_1_213' title='bbox 2265 1622 2494 1691; x_wconf 88' lang='lat' dir='ltr'><strong>capitur,</strong></span> <span class='ocrx_word' id='word_1_214' title='bbox 2519 1623 2641 1678; x_wconf 86' lang='lat' dir='ltr'><strong>felix</strong></span> <span class='ocrx_word' id='word_1_215' title='bbox 2664 1623 2752 1693; x_wconf 92' lang='lat' dir='ltr'><strong>qui</strong></span> <span class='ocrx_word' id='word_1_216' title='bbox 2777 1623 2893 1678; x_wconf 89' lang='lat' dir='ltr'><strong>illas</strong></span> <span class='ocrx_word' id='word_1_217' title='bbox 2918 1641 3105 1680; x_wconf 87' lang='lat' dir='ltr'><strong>manus</strong></span> <span class='ocrx_word' id='word_1_218' title='bbox 3124 1624 3353 1681; x_wconf 88' lang='lat' dir='ltr'><strong>evadere</strong></span> <span class='ocrx_word' id='word_1_219' title='bbox 3379 1642 3486 1681; x_wconf 89' lang='lat' dir='ltr'><strong>non</strong></span> 
     </span>
    </p>
   </div>
   <div class='ocr_carea' id='block_1_32' title="bbox 1911 1717 3487 1787">
    <p class='ocr_par' dir='ltr' id='par_1_32' title="bbox 1911 1717 3487 1787">
     <span class='ocr_line' id='line_1_32' title="bbox 1911 1717 3487 1787; baseline 0.005 -19"><span class='ocrx_word' id='word_1_220' title='bbox 1911 1723 2181 1782; x_wconf 89' lang='lat' dir='ltr'><strong>meretur;</strong></span> <span class='ocrx_word' id='word_1_221' title='bbox 2215 1725 2338 1770; x_wconf 92' lang='lat' dir='ltr'><strong>tunc</strong></span> <span class='ocrx_word' id='word_1_222' title='bbox 2369 1718 2539 1786; x_wconf 87' lang='lat' dir='ltr'><strong>magis</strong></span> <span class='ocrx_word' id='word_1_223' title='bbox 2569 1717 2706 1773; x_wconf 90' lang='lat' dir='ltr'><strong>liber</strong></span> <span class='ocrx_word' id='word_1_224' title='bbox 2730 1719 2972 1774; x_wconf 86' lang='lat' dir='ltr'><strong>redditur</strong></span> <span class='ocrx_word' id='word_1_225' title='bbox 2995 1762 3011 1787; x_wconf 90' lang='lat'><strong>,</strong></span> <span class='ocrx_word' id='word_1_226' title='bbox 3043 1735 3162 1775; x_wconf 91' lang='lat' dir='ltr'><strong>cum</strong></span> <span class='ocrx_word' id='word_1_227' title='bbox 3209 1721 3372 1776; x_wconf 86' lang='lat' dir='ltr'><strong>fuerit</strong></span> <span class='ocrx_word' id='word_1_228' title='bbox 3399 1721 3487 1776; x_wconf 91' lang='lat' dir='ltr'><strong>tali</strong></span> 
     </span>
    </p>
   </div>
   <div class='ocr_carea' id='block_1_33' title="bbox 220 1807 1810 1886">
    <p class='ocr_par' dir='ltr' id='par_1_33' title="bbox 220 1809 1801 1886">
     <span class='ocr_line' id='line_1_33' title="bbox 220 1809 1801 1886; baseline 0.008 -23"><span class='ocrx_word' id='word_1_229' title='bbox 220 1809 511 1881; x_wconf 87' lang='lat' dir='ltr'><strong>Scripturis</strong></span> <span class='ocrx_word' id='word_1_230' title='bbox 541 1813 738 1870; x_wconf 85' lang='lat' dir='ltr'><strong>divinis</strong></span> <span class='ocrx_word' id='word_1_231' title='bbox 763 1816 810 1869; x_wconf 90' lang='lat' dir='ltr'><strong>itt</strong></span> <span class='ocrx_word' id='word_1_232' title='bbox 838 1817 976 1872; x_wconf 88' lang='lat' dir='ltr'><strong>bono</strong></span> <span class='ocrx_word' id='word_1_233' title='bbox 1007 1821 1240 1886; x_wconf 85' lang='lat' dir='ltr'><strong>ponitur,</strong></span> <span class='ocrx_word' id='word_1_234' title='bbox 1267 1830 1321 1872; x_wconf 93' lang='lat' dir='ltr'><strong>ut</strong></span> <span class='ocrx_word' id='word_1_235' title='bbox 1347 1829 1432 1875; x_wconf 88' lang='lat' dir='ltr'><strong>est</strong></span> <span class='ocrx_word' id='word_1_236' title='bbox 1456 1820 1585 1874; x_wconf 90' lang='lat' dir='ltr'><strong>illttd</strong></span> <span class='ocrx_word' id='word_1_237' title='bbox 1611 1839 1624 1873; x_wconf 88' lang='lat'><strong>:</strong></span> <span class='ocrx_word' id='word_1_238' title='bbox 1652 1821 1801 1877; x_wconf 84' lang='lat' dir='ltr'><strong>Sicut</strong></span> 
     </span>
    </p>
   </div>
   <div class='ocr_carea' id='block_1_34' title="bbox 1917 1807 3486 1886">
    <p class='ocr_par' dir='ltr' id='par_1_34' title="bbox 1917 1807 3486 1878">
     <span class='ocr_line' id='line_1_34' title="bbox 1917 1807 3486 1878; baseline 0.004 -18"><span class='ocrx_word' id='word_1_239' title='bbox 1917 1817 2055 1860; x_wconf 87' lang='lat' dir='ltr'><strong>sorte</strong></span> <span class='ocrx_word' id='word_1_240' title='bbox 2080 1808 2345 1877; x_wconf 89' lang='lat' dir='ltr'><strong>captivus.</strong></span> <span class='ocrx_word' id='word_1_241' title='bbox 2376 1807 2634 1878; x_wconf 82' lang='lat' dir='ltr'><strong>Sequitur</strong></span> <span class='ocrx_word' id='word_1_242' title='bbox 2666 1827 2679 1864; x_wconf 88' lang='lat'><strong>:</strong></span> <span class='ocrx_word' id='word_1_243' title='bbox 2709 1808 2778 1864; x_wconf 87' lang='lat' dir='ltr'><strong>Et</strong></span> <span class='ocrx_word' id='word_1_244' title='bbox 2807 1827 2907 1865; x_wconf 83' lang='lat' dir='ltr'><strong>non</strong></span> <span class='ocrx_word' id='word_1_245' title='bbox 2927 1821 3190 1866; x_wconf 85' lang='lat' dir='ltr'><strong>convertar</strong></span> <span class='ocrx_word' id='word_1_246' title='bbox 3211 1813 3365 1867; x_wconf 86' lang='lat' dir='ltr'><strong>donec</strong></span> <span class='ocrx_word' id='word_1_247' title='bbox 3393 1813 3486 1867; x_wconf 88' lang='lat' dir='ltr'><strong>de-</strong></span> 
     </span>
    </p>
   </div>
   <div class='ocr_carea' id='block_1_35' title="bbox 221 1904 1797 1982">
    <p class='ocr_par' dir='ltr' id='par_1_35' title="bbox 221 1904 1797 1982">
     <span class='ocr_line' id='line_1_35' title="bbox 221 1904 1797 1982; baseline 0.009 -27"><span class='ocrx_word' id='word_1_248' title='bbox 221 1918 398 1957; x_wconf 69' lang='lat' dir='ltr'><strong>centis</strong></span> <span class='ocrx_word' id='word_1_249' title='bbox 417 1904 672 1960; x_wconf 82' lang='lat' dir='ltr'><strong>desiderat</strong></span> <span class='ocrx_word' id='word_1_250' title='bbox 701 1909 770 1960; x_wconf 86' lang='lat' dir='ltr'><strong>ad</strong></span> <span class='ocrx_word' id='word_1_251' title='bbox 795 1912 963 1979; x_wconf 80' lang='lat' dir='ltr'><strong>fontes</strong></span> <span class='ocrx_word' id='word_1_252' title='bbox 991 1929 1238 1980; x_wconf 58' lang='lat' dir='ltr'><strong>aqua-rum</strong></span> <span class='ocrx_word' id='word_1_253' title='bbox 1263 1911 1436 1982; x_wconf 89' lang='lat' dir='ltr'><strong>(Psal.</strong></span> <span class='ocrx_word' id='word_1_254' title='bbox 1462 1928 1567 1978; x_wconf 78' lang='lat' dir='ltr'><strong>xu,</strong></span> <span class='ocrx_word' id='word_1_255' title='bbox 1595 1913 1653 1982; x_wconf 60' lang='grc' dir='ltr'>ὴ</span> <span class='ocrx_word' id='word_1_256' title='bbox 1673 1929 1684 1966; x_wconf 86' lang='lat'>:</span> <span class='ocrx_word' id='word_1_257' title='bbox 1703 1913 1797 1981; x_wconf 86' lang='lat' dir='ltr'><strong>ibi,</strong></span> 
     </span>
    </p>
   </div>
   <div class='ocr_carea' id='block_1_36' title="bbox 221 1998 1799 2075">
    <p class='ocr_par' dir='ltr' id='par_1_36' title="bbox 221 1998 1799 2075">
     <span class='ocr_line' id='line_1_36' title="bbox 221 1998 1799 2075; baseline 0.008 -27"><span class='ocrx_word' id='word_1_258' title='bbox 221 1998 344 2065; x_wconf 88' lang='lat' dir='ltr'><strong>quia</strong></span> <span class='ocrx_word' id='word_1_259' title='bbox 397 1999 618 2054; x_wconf 90' lang='lat' dir='ltr'><strong>nimium</strong></span> <span class='ocrx_word' id='word_1_260' title='bbox 665 2001 881 2069; x_wconf 89' lang='lat' dir='ltr'><strong>sitiunt;</strong></span> <span class='ocrx_word' id='word_1_261' title='bbox 932 2004 1036 2068; x_wconf 91' lang='lat' dir='ltr'><strong>hic,</strong></span> <span class='ocrx_word' id='word_1_262' title='bbox 1084 2005 1208 2075; x_wconf 88' lang='lat' dir='ltr'><strong>quia</strong></span> <span class='ocrx_word' id='word_1_263' title='bbox 1255 2005 1510 2062; x_wconf 84' lang='lat' dir='ltr'><strong>velociter</strong></span> <span class='ocrx_word' id='word_1_264' title='bbox 1557 2014 1799 2062; x_wconf 91' lang='lat' dir='ltr'><strong>currunt.</strong></span> 
     </span>
    </p>
   </div>
   <div class='ocr_carea' id='block_1_37' title="bbox 222 2087 1802 2164">
    <p class='ocr_par' dir='ltr' id='par_1_37' title="bbox 222 2087 1802 2164">
     <span class='ocr_line' id='line_1_37' title="bbox 222 2087 1802 2164; baseline 0.006 -21"><span class='ocrx_word' id='word_1_265' title='bbox 222 2087 428 2144; x_wconf 81' lang='lat' dir='ltr'><strong>Norant</strong></span> <span class='ocrx_word' id='word_1_266' title='bbox 458 2093 602 2146; x_wconf 89' lang='lat' dir='ltr'><strong>enim</strong></span> <span class='ocrx_word' id='word_1_267' title='bbox 643 2093 868 2149; x_wconf 88' lang='lat' dir='ltr'><strong>saltibus</strong></span> <span class='ocrx_word' id='word_1_268' title='bbox 898 2100 1114 2164; x_wconf 85' lang='lat' dir='ltr'><strong>spinosa</strong></span> <span class='ocrx_word' id='word_1_269' title='bbox 1160 2097 1558 2162; x_wconf 85' lang='lat' dir='ltr'><strong>transcendere,</strong></span> <span class='ocrx_word' id='word_1_270' title='bbox 1591 2108 1642 2153; x_wconf 89' lang='lat' dir='ltr'><strong>et</strong></span> <span class='ocrx_word' id='word_1_271' title='bbox 1686 2099 1802 2153; x_wconf 89' lang='lat' dir='ltr'><strong>loca</strong></span> 
     </span>
    </p>
   </div>
   <div class='ocr_carea' id='block_1_38' title="bbox 222 2182 1802 2252">
    <p class='ocr_par' dir='ltr' id='par_1_38' title="bbox 222 2182 1802 2252">
     <span class='ocr_line' id='line_1_38' title="bbox 222 2182 1802 2252; baseline 0.006 -18"><span class='ocrx_word' id='word_1_272' title='bbox 222 2182 521 2250; x_wconf 88' lang='lat' dir='ltr'><strong>periculose</strong></span> <span class='ocrx_word' id='word_1_273' title='bbox 551 2183 750 2240; x_wconf 87' lang='lat' dir='ltr'><strong>hiantia</strong></span> <span class='ocrx_word' id='word_1_274' title='bbox 783 2187 1072 2252; x_wconf 87' lang='lat' dir='ltr'><strong>transilire,</strong></span> <span class='ocrx_word' id='word_1_275' title='bbox 1102 2189 1240 2242; x_wconf 89' lang='lat' dir='ltr'><strong>sicut</strong></span> <span class='ocrx_word' id='word_1_276' title='bbox 1270 2188 1361 2244; x_wconf 87' lang='lat' dir='ltr'><strong>ille</strong></span> <span class='ocrx_word' id='word_1_277' title='bbox 1387 2189 1578 2244; x_wconf 90' lang='lat' dir='ltr'><strong>delicta</strong></span> <span class='ocrx_word' id='word_1_278' title='bbox 1620 2189 1802 2244; x_wconf 57' lang='lat' dir='ltr'><strong>surculi</strong></span> 
     </span>
    </p>
   </div>
   <div class='ocr_carea' id='block_1_39' title="bbox 224 2272 1805 2352">
    <p class='ocr_par' dir='ltr' id='par_1_39' title="bbox 224 2272 1805 2352">
     <span class='ocr_line' id='line_1_39' title="bbox 224 2272 1805 2352; baseline 0.008 -26"><span class='ocrx_word' id='word_1_279' title='bbox 224 2272 509 2332; x_wconf 84' lang='lat' dir='ltr'><strong>humanam</strong></span> <span class='ocrx_word' id='word_1_280' title='bbox 541 2278 768 2333; x_wconf 86' lang='lat' dir='ltr'><strong>salutem</strong></span> <span class='ocrx_word' id='word_1_281' title='bbox 801 2281 1106 2351; x_wconf 73' lang='lat' dir='ltr'><strong>pungentis,</strong></span> <span class='ocrx_word' id='word_1_282' title='bbox 1135 2288 1196 2344; x_wconf 71' lang='lat' dir='ltr'><strong>et</strong></span> <span class='ocrx_word' id='word_1_283' title='bbox 1220 2279 1402 2335; x_wconf 86' lang='lat' dir='ltr'><strong>foveas</strong></span> <span class='ocrx_word' id='word_1_284' title='bbox 1446 2281 1805 2352; x_wconf 89' lang='lat' dir='ltr'><strong>profundissi-</strong></span> 
     </span>
    </p>
   </div>
   <div class='ocr_carea' id='block_1_40' title="bbox 223 2375 1805 2446">
    <p class='ocr_par' dir='ltr' id='par_1_40' title="bbox 223 2375 1805 2446">
     <span class='ocr_line' id='line_1_40' title="bbox 223 2375 1805 2446; baseline 0.007 -24"><span class='ocrx_word' id='word_1_285' title='bbox 223 2381 340 2422; x_wconf 86' lang='lat' dir='ltr'><strong>mas</strong></span> <span class='ocrx_word' id='word_1_286' title='bbox 383 2381 722 2438; x_wconf 81' lang='lat' dir='ltr'><strong>peccatorum</strong></span> <span class='ocrx_word' id='word_1_287' title='bbox 766 2375 966 2430; x_wconf 86' lang='lat' dir='ltr'><strong>sanctis</strong></span> <span class='ocrx_word' id='word_1_288' title='bbox 1014 2375 1287 2446; x_wconf 81' lang='lat' dir='ltr'><strong>gressibus</strong></span> <span class='ocrx_word' id='word_1_289' title='bbox 1336 2377 1703 2432; x_wconf 76' lang='lat' dir='ltr'><strong>transmeavit.</strong></span> <span class='ocrx_word' id='word_1_290' title='bbox 1741 2377 1805 2433; x_wconf 88' lang='lat' dir='ltr'><strong>Et</strong></span> 
     </span>
    </p>
   </div>
   <div class='ocr_carea' id='block_1_41' title="bbox 222 2458 1800 2536">
    <p class='ocr_par' dir='ltr' id='par_1_41' title="bbox 222 2458 1800 2536">
     <span class='ocr_line' id='line_1_41' title="bbox 222 2458 1800 2536; baseline 0.006 -20"><span class='ocrx_word' id='word_1_291' title='bbox 222 2458 442 2516; x_wconf 84' lang='lat' dir='ltr'><strong>intende</strong></span> <span class='ocrx_word' id='word_1_292' title='bbox 483 2465 934 2533; x_wconf 86' lang='lat' dir='ltr'><strong>quemadmodum</strong></span> <span class='ocrx_word' id='word_1_293' title='bbox 976 2468 1030 2522; x_wconf 93' lang='lat' dir='ltr'><strong>in</strong></span> <span class='ocrx_word' id='word_1_294' title='bbox 1073 2469 1472 2536; x_wconf 88' lang='lat' dir='ltr'><strong>comparatione</strong></span> <span class='ocrx_word' id='word_1_295' title='bbox 1519 2483 1800 2525; x_wconf 90' lang='lat' dir='ltr'><strong>cervorum</strong></span> 
     </span>
    </p>
   </div>
   <div class='ocr_carea' id='block_1_42' title="bbox 221 2557 1803 2631">
    <p class='ocr_par' dir='ltr' id='par_1_42' title="bbox 221 2557 1803 2631">
     <span class='ocr_line' id='line_1_42' title="bbox 221 2557 1803 2631; baseline 0.008 -27"><span class='ocrx_word' id='word_1_296' title='bbox 221 2565 554 2621; x_wconf 76' lang='lat' dir='ltr'><strong>permaneat,</strong></span> <span class='ocrx_word' id='word_1_297' title='bbox 577 2557 666 2626; x_wconf 91' lang='lat' dir='ltr'><strong>qui</strong></span> <span class='ocrx_word' id='word_1_298' title='bbox 689 2557 900 2627; x_wconf 86' lang='lat' dir='ltr'><strong>quando</strong></span> <span class='ocrx_word' id='word_1_299' title='bbox 928 2560 1082 2628; x_wconf 89' lang='lat' dir='ltr'><strong>plana</strong></span> <span class='ocrx_word' id='word_1_300' title='bbox 1113 2561 1340 2631; x_wconf 80' lang='lat' dir='ltr'><strong>fugiunt,</strong></span> <span class='ocrx_word' id='word_1_301' title='bbox 1371 2563 1631 2617; x_wconf 91' lang='lat' dir='ltr'><strong>montium</strong></span> <span class='ocrx_word' id='word_1_302' title='bbox 1659 2562 1803 2617; x_wconf 73' lang='lat' dir='ltr'><strong>celsa</strong></span> 
     </span>
    </p>
   </div>
   <div class='ocr_carea' id='block_1_43' title="bbox 222 2647 1806 2721">
    <p class='ocr_par' dir='ltr' id='par_1_43' title="bbox 222 2647 1806 2721">
     <span class='ocr_line' id='line_1_43' title="bbox 222 2647 1806 2721; baseline 0.005 -23"><span class='ocrx_word' id='word_1_303' title='bbox 222 2647 608 2701; x_wconf 89' lang='lat' dir='ltr'><strong>conscendunt.</strong></span> <span class='ocrx_word' id='word_1_304' title='bbox 633 2649 906 2716; x_wconf 86' lang='lat' dir='ltr'><strong>Signiﬁcat</strong></span> <span class='ocrx_word' id='word_1_305' title='bbox 931 2661 1109 2705; x_wconf 88' lang='lat' dir='ltr'><strong>autem</strong></span> <span class='ocrx_word' id='word_1_306' title='bbox 1140 2667 1198 2707; x_wconf 90' lang='lat' dir='ltr'><strong>se</strong></span> <span class='ocrx_word' id='word_1_307' title='bbox 1224 2668 1383 2721; x_wconf 87' lang='lat' dir='ltr'><strong>super</strong></span> <span class='ocrx_word' id='word_1_308' title='bbox 1410 2668 1624 2708; x_wconf 88' lang='lat' dir='ltr'><strong>omnem</strong></span> <span class='ocrx_word' id='word_1_309' title='bbox 1655 2667 1806 2707; x_wconf 88' lang='lat' dir='ltr'><strong>crea-</strong></span> 
     </span>
    </p>
   </div>
   <div class='ocr_carea' id='block_1_44' title="bbox 225 2740 1808 2813">
    <p class='ocr_par' dir='ltr' id='par_1_44' title="bbox 225 2740 1808 2813">
     <span class='ocr_line' id='line_1_44' title="bbox 225 2740 1808 2813; baseline 0.005 -22"><span class='ocrx_word' id='word_1_310' title='bbox 225 2749 464 2791; x_wconf 89' lang='lat' dir='ltr'><strong>turarum</strong></span> <span class='ocrx_word' id='word_1_311' title='bbox 495 2740 840 2795; x_wconf 87' lang='lat' dir='ltr'><strong>eminentiam</strong></span> <span class='ocrx_word' id='word_1_312' title='bbox 869 2744 1239 2810; x_wconf 87' lang='lat' dir='ltr'><strong>constitutum,</strong></span> <span class='ocrx_word' id='word_1_313' title='bbox 1266 2743 1400 2810; x_wconf 83' lang='lat' dir='ltr'><strong>sicut</strong></span> <span class='ocrx_word' id='word_1_314' title='bbox 1424 2745 1552 2798; x_wconf 90' lang='lat' dir='ltr'><strong>dicit</strong></span> <span class='ocrx_word' id='word_1_315' title='bbox 1578 2746 1808 2813; x_wconf 89' lang='lat' dir='ltr'><strong>Aposto-</strong></span> 
     </span>
    </p>
   </div>
   <div class='ocr_carea' id='block_1_45' title="bbox 223 2830 1804 2906">
    <p class='ocr_par' dir='ltr' id='par_1_45' title="bbox 223 2830 1804 2906">
     <span class='ocr_line' id='line_1_45' title="bbox 223 2830 1804 2906; baseline 0.003 -22"><span class='ocrx_word' id='word_1_316' title='bbox 223 2830 342 2889; x_wconf 79' lang='lat' dir='ltr'><strong>lus;</strong></span> <span class='ocrx_word' id='word_1_317' title='bbox 367 2831 437 2886; x_wconf 86' lang='lat' dir='ltr'><strong>Et</strong></span> <span class='ocrx_word' id='word_1_318' title='bbox 460 2831 674 2887; x_wconf 82' lang='lat' dir='ltr'><strong>donauit</strong></span> <span class='ocrx_word' id='word_1_319' title='bbox 697 2833 775 2887; x_wconf 84' lang='lat' dir='ltr'><strong>illi</strong></span> <span class='ocrx_word' id='word_1_320' title='bbox 795 2836 1136 2903; x_wconf 78' lang='lat' dir='ltr'><strong>nomenqued</strong></span> <span class='ocrx_word' id='word_1_321' title='bbox 1156 2844 1228 2891; x_wconf 88' lang='lat' dir='ltr'><strong>est</strong></span> <span class='ocrx_word' id='word_1_322' title='bbox 1255 2852 1407 2906; x_wconf 84' lang='lat' dir='ltr'><strong>super</strong></span> <span class='ocrx_word' id='word_1_323' title='bbox 1430 2853 1577 2890; x_wconf 89' lang='lat' dir='ltr'><strong>omne</strong></span> <span class='ocrx_word' id='word_1_324' title='bbox 1601 2852 1804 2904; x_wconf 85' lang='lat' dir='ltr'><strong>nomen,</strong></span> 
     </span>
    </p>
   </div>
   <div class='ocr_carea' id='block_1_46' title="bbox 223 2922 1805 2996">
    <p class='ocr_par' dir='ltr' id='par_1_46' title="bbox 223 2922 1805 2996">
     <span class='ocr_line' id='line_1_46' title="bbox 223 2922 1805 2996; baseline 0.004 -20"><span class='ocrx_word' id='word_1_325' title='bbox 223 2931 275 2976; x_wconf 91' lang='lat' dir='ltr'><strong>ut</strong></span> <span class='ocrx_word' id='word_1_326' title='bbox 303 2923 355 2976; x_wconf 86' lang='lat' dir='ltr'><strong>in</strong></span> <span class='ocrx_word' id='word_1_327' title='bbox 384 2925 591 2977; x_wconf 83' lang='lat' dir='ltr'><strong>nomine</strong></span> <span class='ocrx_word' id='word_1_328' title='bbox 614 2922 740 2978; x_wconf 85' lang='lat' dir='ltr'><strong>Jesu</strong></span> <span class='ocrx_word' id='word_1_329' title='bbox 766 2942 914 2980; x_wconf 88' lang='lat' dir='ltr'><strong>omne</strong></span> <span class='ocrx_word' id='word_1_330' title='bbox 946 2944 1081 2996; x_wconf 83' lang='lat' dir='ltr'><strong>genu</strong></span> <span class='ocrx_word' id='word_1_331' title='bbox 1118 2929 1350 2996; x_wconf 79' lang='lat' dir='ltr'><strong>ﬂectatur</strong></span> <span class='ocrx_word' id='word_1_332' title='bbox 1374 2929 1672 2996; x_wconf 81' lang='lat' dir='ltr'><strong>ccelestium,</strong></span> <span class='ocrx_word' id='word_1_333' title='bbox 1703 2939 1805 2984; x_wconf 84' lang='lat' dir='ltr'><strong>ter—</strong></span> 
     </span>
    </p>
   </div>
   <div class='ocr_carea' id='block_1_47' title="bbox 224 3015 1451 3090">
    <p class='ocr_par' dir='ltr' id='par_1_47' title="bbox 224 3015 1451 3090">
     <span class='ocr_line' id='line_1_47' title="bbox 224 3015 1451 3090; baseline 0.004 -23"><span class='ocrx_word' id='word_1_334' title='bbox 224 3016 460 3069; x_wconf 86' lang='lat' dir='ltr'><strong>restrium</strong></span> <span class='ocrx_word' id='word_1_335' title='bbox 484 3025 532 3070; x_wconf 87' lang='lat' dir='ltr'><strong>et</strong></span> <span class='ocrx_word' id='word_1_336' title='bbox 565 3015 880 3087; x_wconf 67' lang='lat' dir='ltr'><strong>infernarum</strong></span> <span class='ocrx_word' id='word_1_337' title='bbox 911 3017 1134 3090; x_wconf 82' lang='lat' dir='ltr'><strong>(Philip.</strong></span> <span class='ocrx_word' id='word_1_338' title='bbox 1164 3035 1221 3086; x_wconf 90' lang='lat' dir='ltr'><strong>ll,</strong></span> <span class='ocrx_word' id='word_1_339' title='bbox 1251 3021 1304 3084; x_wconf 88' lang='lat'><strong>9,</strong></span> <span class='ocrx_word' id='word_1_340' title='bbox 1339 3021 1451 3090; x_wconf 72' lang='lat'><strong>10).</strong></span> 
     </span>
    </p>
   </div>
   <div class='ocr_carea' id='block_1_48' title="bbox 303 3106 1805 3180">
    <p class='ocr_par' dir='ltr' id='par_1_48' title="bbox 303 3106 1805 3180">
     <span class='ocr_line' id='line_1_48' title="bbox 303 3106 1805 3180; baseline 0.004 -20"><span class='ocrx_word' id='word_1_341' title='bbox 303 3106 453 3161; x_wconf 79' lang='lat' dir='ltr'><strong>Vers.</strong></span> <span class='ocrx_word' id='word_1_342' title='bbox 496 3107 588 3163; x_wconf 81' lang='grc'><strong>56.</strong></span> <span class='ocrx_word' id='word_1_343' title='bbox 637 3109 738 3176; x_wconf 85' lang='lat' dir='ltr'><strong>Qui</strong></span> <span class='ocrx_word' id='word_1_344' title='bbox 776 3110 922 3165; x_wconf 87' lang='lat' dir='ltr'><strong>docet</strong></span> <span class='ocrx_word' id='word_1_345' title='bbox 964 3127 1147 3166; x_wconf 89' lang='lat' dir='ltr'><strong>manus</strong></span> <span class='ocrx_word' id='word_1_346' title='bbox 1195 3129 1333 3167; x_wconf 88' lang='lat' dir='ltr'><strong>meas</strong></span> <span class='ocrx_word' id='word_1_347' title='bbox 1370 3113 1437 3166; x_wconf 85' lang='lat' dir='ltr'><strong>ad</strong></span> <span class='ocrx_word' id='word_1_348' title='bbox 1471 3113 1727 3180; x_wconf 63' lang='lat' dir='ltr'><strong>praslium,</strong></span> <span class='ocrx_word' id='word_1_349' title='bbox 1758 3121 1805 3166; x_wconf 89' lang='lat' dir='ltr'><strong>et</strong></span> 
     </span>
    </p>
   </div>
   <div class='ocr_carea' id='block_1_49' title="bbox 1909 1898 3486 1974">
    <p class='ocr_par' dir='ltr' id='par_1_49' title="bbox 1909 1898 3486 1974">
     <span class='ocr_line' id='line_1_49' title="bbox 1909 1898 3486 1974; baseline 0.006 -22"><span class='ocrx_word' id='word_1_350' title='bbox 1909 1898 2105 1967; x_wconf 83' lang='lat' dir='ltr'><strong>ﬁciaut.</strong></span> <span class='ocrx_word' id='word_1_351' title='bbox 2135 1899 2266 1954; x_wconf 86' lang='lat' dir='ltr'><strong>Cum</strong></span> <span class='ocrx_word' id='word_1_352' title='bbox 2297 1915 2404 1955; x_wconf 91' lang='lat' dir='ltr'><strong>non</strong></span> <span class='ocrx_word' id='word_1_353' title='bbox 2434 1903 2770 1958; x_wconf 90' lang='lat' dir='ltr'><strong>convertitur</strong></span> <span class='ocrx_word' id='word_1_354' title='bbox 2800 1903 3057 1959; x_wconf 89' lang='lat' dir='ltr'><strong>Dominus</strong></span> <span class='ocrx_word' id='word_1_355' title='bbox 3076 1945 3092 1972; x_wconf 93' lang='lat'><strong>,</strong></span> <span class='ocrx_word' id='word_1_356' title='bbox 3137 1905 3313 1974; x_wconf 68' lang='lat' dir='ltr'><strong>praeda</strong></span> <span class='ocrx_word' id='word_1_357' title='bbox 3361 1914 3486 1962; x_wconf 91' lang='lat' dir='ltr'><strong>tunc</strong></span> 
     </span>
    </p>
   </div>
   <div class='ocr_carea' id='block_1_50' title="bbox 1909 1992 3486 2068">
    <p class='ocr_par' dir='ltr' id='par_1_50' title="bbox 1909 1992 3486 2068">
     <span class='ocr_line' id='line_1_50' title="bbox 1909 1992 3486 2068; baseline 0.005 -24"><span class='ocrx_word' id='word_1_358' title='bbox 1909 1992 2141 2060; x_wconf 90' lang='lat' dir='ltr'><strong>capitur;</strong></span> <span class='ocrx_word' id='word_1_359' title='bbox 2170 2002 2222 2047; x_wconf 90' lang='lat' dir='ltr'><strong>et</strong></span> <span class='ocrx_word' id='word_1_360' title='bbox 2261 2007 2289 2046; x_wconf 92' lang='lat' dir='ltr'><strong>a</strong></span> <span class='ocrx_word' id='word_1_361' title='bbox 2319 2007 2485 2063; x_wconf 86' lang='lat' dir='ltr'><strong>pravo</strong></span> <span class='ocrx_word' id='word_1_362' title='bbox 2519 1995 2700 2050; x_wconf 81' lang='lat' dir='ltr'><strong>studio</strong></span> <span class='ocrx_word' id='word_1_363' title='bbox 2730 2011 2830 2051; x_wconf 89' lang='lat' dir='ltr'><strong>suo</strong></span> <span class='ocrx_word' id='word_1_364' title='bbox 2874 1997 3072 2052; x_wconf 89' lang='lat' dir='ltr'><strong>desinit</strong></span> <span class='ocrx_word' id='word_1_365' title='bbox 3097 2040 3110 2065; x_wconf 95' lang='lat'><strong>,</strong></span> <span class='ocrx_word' id='word_1_366' title='bbox 3142 1999 3232 2068; x_wconf 90' lang='lat' dir='ltr'><strong>qui</strong></span> <span class='ocrx_word' id='word_1_367' title='bbox 3257 1998 3486 2064; x_wconf 79' lang='lat' dir='ltr'><strong>vincitur</strong></span> 
     </span>
    </p>
   </div>
   <div class='ocr_carea' id='block_1_51' title="bbox 1909 2073 3600 2159">
    <p class='ocr_par' dir='ltr' id='par_1_51' title="bbox 1909 2073 3600 2159">
     <span class='ocr_line' id='line_1_51' title="bbox 1909 2073 3600 2159; baseline 0.005 -23"><span class='ocrx_word' id='word_1_368' title='bbox 1909 2083 1973 2137; x_wconf 89' lang='lat' dir='ltr'><strong>ad</strong></span> <span class='ocrx_word' id='word_1_369' title='bbox 1998 2084 2246 2139; x_wconf 84' lang='lat' dir='ltr'><strong>salutem.</strong></span> <span class='ocrx_word' id='word_1_370' title='bbox 2278 2086 2494 2140; x_wconf 89' lang='lat' dir='ltr'><strong>Addidit</strong></span> <span class='ocrx_word' id='word_1_371' title='bbox 2522 2104 2535 2141; x_wconf 91' lang='lat'><strong>:</strong></span> <span class='ocrx_word' id='word_1_372' title='bbox 2562 2088 2798 2158; x_wconf 77' lang='lat' dir='ltr'><strong>Afﬂigam</strong></span> <span class='ocrx_word' id='word_1_373' title='bbox 2826 2089 2963 2159; x_wconf 86' lang='lat' dir='ltr'><strong>illos,</strong></span> <span class='ocrx_word' id='word_1_374' title='bbox 2996 2104 3088 2143; x_wconf 87' lang='lat' dir='ltr'><strong>nec</strong></span> <span class='ocrx_word' id='word_1_375' title='bbox 3117 2096 3354 2158; x_wconf 87' lang='lat' dir='ltr'><strong>poterunt</strong></span> <span class='ocrx_word' id='word_1_376' title='bbox 3382 2099 3488 2144; x_wconf 76' lang='lat' dir='ltr'><strong>sta—</strong></span> <span class='ocrx_word' id='word_1_377' title='bbox 3583 2073 3600 2090; x_wconf 70' lang='grc'><strong>’</strong></span> 
     </span>
    </p>
   </div>
   <div class='ocr_carea' id='block_1_52' title="bbox 1908 2178 3487 2252">
    <p class='ocr_par' dir='ltr' id='par_1_52' title="bbox 1908 2178 3487 2252">
     <span class='ocr_line' id='line_1_52' title="bbox 1908 2178 3487 2252; baseline 0.004 -21"><span class='ocrx_word' id='word_1_378' title='bbox 1908 2194 1982 2232; x_wconf 89' lang='lat' dir='ltr'><strong>re.</strong></span> <span class='ocrx_word' id='word_1_379' title='bbox 2018 2178 2214 2233; x_wconf 86' lang='lat' dir='ltr'><strong>Alﬁicti</strong></span> <span class='ocrx_word' id='word_1_380' title='bbox 2243 2182 2438 2250; x_wconf 80' lang='lat' dir='ltr'><strong>quippe</strong></span> <span class='ocrx_word' id='word_1_381' title='bbox 2460 2180 2688 2236; x_wconf 77' lang='lat' dir='ltr'><strong>diversis</strong></span> <span class='ocrx_word' id='word_1_382' title='bbox 2712 2181 3124 2247; x_wconf 81' lang='lat' dir='ltr'><strong>calamitatibus,</strong></span> <span class='ocrx_word' id='word_1_383' title='bbox 3157 2183 3208 2236; x_wconf 88' lang='lat' dir='ltr'><strong>itt</strong></span> <span class='ocrx_word' id='word_1_384' title='bbox 3246 2197 3339 2236; x_wconf 82' lang='lat' dir='ltr'><strong>sua</strong></span> <span class='ocrx_word' id='word_1_385' title='bbox 3365 2197 3487 2252; x_wconf 88' lang='lat' dir='ltr'><strong>per-</strong></span> 
     </span>
    </p>
   </div>
   <div class='ocr_carea' id='block_1_53' title="bbox 1908 2271 3482 2346">
    <p class='ocr_par' dir='ltr' id='par_1_53' title="bbox 1908 2271 3482 2346">
     <span class='ocr_line' id='line_1_53' title="bbox 1908 2271 3482 2346; baseline 0.004 -21"><span class='ocrx_word' id='word_1_386' title='bbox 1908 2271 2103 2326; x_wconf 84' lang='lat' dir='ltr'><strong>tinacia</strong></span> <span class='ocrx_word' id='word_1_387' title='bbox 2133 2281 2278 2330; x_wconf 88' lang='lat' dir='ltr'><strong>stare</strong></span> <span class='ocrx_word' id='word_1_388' title='bbox 2309 2289 2415 2330; x_wconf 91' lang='lat' dir='ltr'><strong>non</strong></span> <span class='ocrx_word' id='word_1_389' title='bbox 2451 2287 2698 2345; x_wconf 88' lang='lat' dir='ltr'><strong>possunt,</strong></span> <span class='ocrx_word' id='word_1_390' title='bbox 2731 2276 2942 2345; x_wconf 84' lang='lat' dir='ltr'><strong>quando</strong></span> <span class='ocrx_word' id='word_1_391' title='bbox 2979 2277 3116 2331; x_wconf 87' lang='lat' dir='ltr'><strong>vires</strong></span> <span class='ocrx_word' id='word_1_392' title='bbox 3147 2276 3400 2346; x_wconf 83' lang='lat' dir='ltr'><strong>nequitiae</strong></span> <span class='ocrx_word' id='word_1_393' title='bbox 3429 2277 3482 2332; x_wconf 82' lang='lat' dir='ltr'><strong>in</strong></span> 
     </span>
    </p>
   </div>
   <div class='ocr_carea' id='block_1_54' title="bbox 1908 2365 3487 2438">
    <p class='ocr_par' dir='ltr' id='par_1_54' title="bbox 1908 2365 3487 2438">
     <span class='ocr_line' id='line_1_54' title="bbox 1908 2365 3487 2438; baseline 0.003 -20"><span class='ocrx_word' id='word_1_394' title='bbox 1908 2365 2018 2419; x_wconf 90' lang='lat' dir='ltr'><strong>suis</strong></span> <span class='ocrx_word' id='word_1_395' title='bbox 2067 2367 2287 2420; x_wconf 86' lang='lat' dir='ltr'><strong>ausibus</strong></span> <span class='ocrx_word' id='word_1_396' title='bbox 2333 2367 2700 2436; x_wconf 89' lang='lat' dir='ltr'><strong>perdiderunt.</strong></span> <span class='ocrx_word' id='word_1_397' title='bbox 2739 2368 2890 2423; x_wconf 90' lang='lat' dir='ltr'><strong>Tunc</strong></span> <span class='ocrx_word' id='word_1_398' title='bbox 2945 2368 3000 2422; x_wconf 89' lang='lat' dir='ltr'><strong>ﬁt</strong></span> <span class='ocrx_word' id='word_1_399' title='bbox 3049 2368 3175 2423; x_wconf 88' lang='lat' dir='ltr'><strong>illttd</strong></span> <span class='ocrx_word' id='word_1_400' title='bbox 3214 2368 3356 2438; x_wconf 91' lang='lat' dir='ltr'><strong>quod</strong></span> <span class='ocrx_word' id='word_1_401' title='bbox 3397 2383 3487 2423; x_wconf 89' lang='lat' dir='ltr'><strong>se-</strong></span> 
     </span>
    </p>
   </div>
   <div class='ocr_carea' id='block_1_55' title="bbox 1909 2458 3487 2533">
    <p class='ocr_par' dir='ltr' id='par_1_55' title="bbox 1909 2458 3487 2533">
     <span class='ocr_line' id='line_1_55' title="bbox 1909 2458 3487 2533; baseline 0.003 -23"><span class='ocrx_word' id='word_1_402' title='bbox 1909 2459 2139 2527; x_wconf 88' lang='lat' dir='ltr'><strong>quitur:</strong></span> <span class='ocrx_word' id='word_1_403' title='bbox 2183 2458 2378 2514; x_wconf 81' lang='lat' dir='ltr'><strong>Cadcnt</strong></span> <span class='ocrx_word' id='word_1_404' title='bbox 2426 2460 2516 2514; x_wconf 86' lang='lat' dir='ltr'><strong>sub</strong></span> <span class='ocrx_word' id='word_1_405' title='bbox 2547 2461 2759 2529; x_wconf 85' lang='lat' dir='ltr'><strong>pedibus</strong></span> <span class='ocrx_word' id='word_1_406' title='bbox 2805 2462 3094 2528; x_wconf 79' lang='lat' dir='ltr'><strong>meis.°Qui</strong></span> <span class='ocrx_word' id='word_1_407' title='bbox 3141 2461 3233 2517; x_wconf 90' lang='lat' dir='ltr'><strong>sub</strong></span> <span class='ocrx_word' id='word_1_408' title='bbox 3278 2462 3487 2533; x_wconf 77' lang='lat' dir='ltr'><strong>pedibus</strong></span> 
     </span>
    </p>
   </div>
   <div class='ocr_carea' id='block_1_56' title="bbox 1909 2551 3485 2625">
    <p class='ocr_par' dir='ltr' id='par_1_56' title="bbox 1909 2551 3485 2625">
     <span class='ocr_line' id='line_1_56' title="bbox 1909 2551 3485 2625; baseline 0.004 -22"><span class='ocrx_word' id='word_1_409' title='bbox 1909 2551 2045 2604; x_wconf 84' lang='lat' dir='ltr'><strong>cadit</strong></span> <span class='ocrx_word' id='word_1_410' title='bbox 2078 2551 2312 2619; x_wconf 89' lang='lat' dir='ltr'><strong>Domini,</strong></span> <span class='ocrx_word' id='word_1_411' title='bbox 2341 2553 2625 2608; x_wconf 90' lang='lat' dir='ltr'><strong>adversum</strong></span> <span class='ocrx_word' id='word_1_412' title='bbox 2651 2555 2800 2610; x_wconf 90' lang='lat' dir='ltr'><strong>illum</strong></span> <span class='ocrx_word' id='word_1_413' title='bbox 2831 2555 2967 2610; x_wconf 89' lang='lat' dir='ltr'><strong>ultra</strong></span> <span class='ocrx_word' id='word_1_414' title='bbox 2991 2569 3097 2609; x_wconf 93' lang='lat' dir='ltr'><strong>non</strong></span> <span class='ocrx_word' id='word_1_415' title='bbox 3131 2557 3354 2625; x_wconf 89' lang='lat' dir='ltr'><strong>patitur,</strong></span> <span class='ocrx_word' id='word_1_416' title='bbox 3389 2571 3485 2610; x_wconf 91' lang='lat' dir='ltr'><strong>cu-</strong></span> 
     </span>
    </p>
   </div>
   <div class='ocr_carea' id='block_1_57' title="bbox 1905 2643 3486 2717">
    <p class='ocr_par' dir='ltr' id='par_1_57' title="bbox 1905 2643 3486 2717">
     <span class='ocr_line' id='line_1_57' title="bbox 1905 2643 3486 2717; baseline 0.002 -19"><span class='ocrx_word' id='word_1_417' title='bbox 1905 2644 1990 2713; x_wconf 90' lang='lat' dir='ltr'><strong>jus</strong></span> <span class='ocrx_word' id='word_1_418' title='bbox 2010 2643 2120 2713; x_wconf 90' lang='lat' dir='ltr'><strong>jam</strong></span> <span class='ocrx_word' id='word_1_419' title='bbox 2157 2645 2382 2702; x_wconf 88' lang='lat' dir='ltr'><strong>tuitione</strong></span> <span class='ocrx_word' id='word_1_420' title='bbox 2413 2648 2678 2712; x_wconf 87' lang='lat' dir='ltr'><strong>vallatur;</strong></span> <span class='ocrx_word' id='word_1_421' title='bbox 2717 2649 2810 2702; x_wconf 91' lang='lat' dir='ltr'><strong>sed</strong></span> <span class='ocrx_word' id='word_1_422' title='bbox 2840 2657 3048 2702; x_wconf 76' lang='lat' dir='ltr'><strong>trectus</strong></span> <span class='ocrx_word' id='word_1_423' title='bbox 3077 2656 3201 2702; x_wconf 91' lang='lat' dir='ltr'><strong>tunc</strong></span> <span class='ocrx_word' id='word_1_424' title='bbox 3227 2648 3486 2717; x_wconf 88' lang='lat' dir='ltr'><strong>redditur,</strong></span> 
     </span>
    </p>
   </div>
   <div class='ocr_carea' id='block_1_58' title="bbox 1910 2739 3356 2809">
    <p class='ocr_par' dir='ltr' id='par_1_58' title="bbox 1910 2739 3356 2809">
     <span class='ocr_line' id='line_1_58' title="bbox 1910 2739 3356 2809; baseline 0.001 -17"><span class='ocrx_word' id='word_1_425' title='bbox 1910 2739 2126 2809; x_wconf 88' lang='lat' dir='ltr'><strong>quando</strong></span> <span class='ocrx_word' id='word_1_426' title='bbox 2156 2741 2229 2793; x_wconf 91' lang='lat' dir='ltr'><strong>illi</strong></span> <span class='ocrx_word' id='word_1_427' title='bbox 2261 2740 2423 2793; x_wconf 72' lang='lat' dir='ltr'><strong>fuerit</strong></span> <span class='ocrx_word' id='word_1_428' title='bbox 2452 2741 2640 2794; x_wconf 88' lang='lat' dir='ltr'><strong>ltumili</strong></span> <span class='ocrx_word' id='word_1_429' title='bbox 2669 2740 3039 2795; x_wconf 83' lang='lat' dir='ltr'><strong>satisfactione</strong></span> <span class='ocrx_word' id='word_1_430' title='bbox 3061 2740 3356 2808; x_wconf 82' lang='lat' dir='ltr'><strong>subjectus.</strong></span> 
     </span>
    </p>
   </div>
   <div class='ocr_carea' id='block_1_59' title="bbox 1990 2829 3490 2903">
    <p class='ocr_par' dir='ltr' id='par_1_59' title="bbox 1990 2829 3490 2903">
     <span class='ocr_line' id='line_1_59' title="bbox 1990 2829 3490 2903; baseline 0 -19"><span class='ocrx_word' id='word_1_431' title='bbox 1990 2829 2140 2885; x_wconf 78' lang='lat' dir='ltr'><strong>Vcrs.</strong></span> <span class='ocrx_word' id='word_1_432' title='bbox 2164 2832 2255 2885; x_wconf 72' lang='grc'><strong>41.</strong></span> <span class='ocrx_word' id='word_1_433' title='bbox 2287 2830 2356 2884; x_wconf 89' lang='lat' dir='ltr'><strong>Et</strong></span> <span class='ocrx_word' id='word_1_434' title='bbox 2381 2833 2691 2899; x_wconf 70' lang='lat' dir='ltr'><strong>pratcinxisti</strong></span> <span class='ocrx_word' id='word_1_435' title='bbox 2712 2848 2789 2884; x_wconf 91' lang='lat' dir='ltr'><strong>mc</strong></span> <span class='ocrx_word' id='word_1_436' title='bbox 2807 2832 2993 2887; x_wconf 84' lang='lat' dir='ltr'><strong>virtute</strong></span> <span class='ocrx_word' id='word_1_437' title='bbox 3013 2833 3082 2885; x_wconf 85' lang='lat' dir='ltr'><strong>ad</strong></span> <span class='ocrx_word' id='word_1_438' title='bbox 3109 2832 3295 2885; x_wconf 86' lang='lat' dir='ltr'><strong>bellum</strong></span> <span class='ocrx_word' id='word_1_439' title='bbox 3323 2848 3343 2886; x_wconf 89' lang='lat'><strong><em>:</em></strong></span> <span class='ocrx_word' id='word_1_440' title='bbox 3370 2848 3490 2903; x_wconf 82' lang='lat' dir='ltr'><strong>sup-</strong></span> 
     </span>
    </p>
   </div>
   <div class='ocr_carea' id='block_1_60' title="bbox 1912 2921 3494 2993">
    <p class='ocr_par' dir='ltr' id='par_1_60' title="bbox 1912 2921 3494 2993">
     <span class='ocr_line' id='line_1_60' title="bbox 1912 2921 3494 2993; baseline 0.002 -17"><span class='ocrx_word' id='word_1_441' title='bbox 1912 2923 2160 2993; x_wconf 87' lang='lat' dir='ltr'><strong>plantasti</strong></span> <span class='ocrx_word' id='word_1_442' title='bbox 2193 2925 2510 2990; x_wconf 78' lang='lat' dir='ltr'><strong>insurgentes</strong></span> <span class='ocrx_word' id='word_1_443' title='bbox 2553 2922 2606 2975; x_wconf 88' lang='lat' dir='ltr'><strong>in</strong></span> <span class='ocrx_word' id='word_1_444' title='bbox 2638 2939 2716 2975; x_wconf 87' lang='lat' dir='ltr'><strong>me</strong></span> <span class='ocrx_word' id='word_1_445' title='bbox 2753 2921 2931 2976; x_wconf 83' lang='lat' dir='ltr'><strong>subtus</strong></span> <span class='ocrx_word' id='word_1_446' title='bbox 2967 2939 3066 2978; x_wconf 87' lang='lat' dir='ltr'><strong>me.</strong></span> <span class='ocrx_word' id='word_1_447' title='bbox 3118 2923 3230 2978; x_wconf 88' lang='lat' dir='ltr'><strong>lloc</strong></span> <span class='ocrx_word' id='word_1_448' title='bbox 3269 2922 3377 2992; x_wconf 87' lang='lat' dir='ltr'><strong>jam</strong></span> <span class='ocrx_word' id='word_1_449' title='bbox 3427 2923 3494 2980; x_wconf 80' lang='lat' dir='ltr'><strong>de</strong></span> 
     </span>
    </p>
   </div>
   <div class='ocr_carea' id='block_1_61' title="bbox 1911 3011 3492 3083">
    <p class='ocr_par' dir='ltr' id='par_1_61' title="bbox 1911 3011 3492 3083">
     <span class='ocr_line' id='line_1_61' title="bbox 1911 3011 3492 3083; baseline 0 -15"><span class='ocrx_word' id='word_1_450' title='bbox 1911 3013 2191 3083; x_wconf 88' lang='lat' dir='ltr'><strong>spiritibus</strong></span> <span class='ocrx_word' id='word_1_451' title='bbox 2249 3011 2539 3066; x_wconf 89' lang='lat' dir='ltr'><strong>immundis</strong></span> <span class='ocrx_word' id='word_1_452' title='bbox 2588 3011 2810 3078; x_wconf 86' lang='lat' dir='ltr'><strong>dicitur,</strong></span> <span class='ocrx_word' id='word_1_453' title='bbox 2864 3013 2952 3081; x_wconf 87' lang='lat' dir='ltr'><strong>qui</strong></span> <span class='ocrx_word' id='word_1_454' title='bbox 2998 3011 3050 3068; x_wconf 83' lang='lat' dir='ltr'><strong>ei</strong></span> <span class='ocrx_word' id='word_1_455' title='bbox 3092 3027 3186 3081; x_wconf 91' lang='lat' dir='ltr'><strong>per</strong></span> <span class='ocrx_word' id='word_1_456' title='bbox 3220 3013 3492 3069; x_wconf 86' lang='lat' dir='ltr'><strong>contradi-</strong></span> 
     </span>
    </p>
   </div>
   <div class='ocr_carea' id='block_1_62' title="bbox 1911 3105 3492 3175">
    <p class='ocr_par' dir='ltr' id='par_1_62' title="bbox 1911 3105 3492 3175">
     <span class='ocr_line' id='line_1_62' title="bbox 1911 3105 3492 3175; baseline 0.001 -15"><span class='ocrx_word' id='word_1_457' title='bbox 1911 3107 2118 3161; x_wconf 83' lang='lat' dir='ltr'><strong>ctiones</strong></span> <span class='ocrx_word' id='word_1_458' title='bbox 2156 3105 2465 3161; x_wconf 73' lang='lat' dir='ltr'><strong>Judzeorum</strong></span> <span class='ocrx_word' id='word_1_459' title='bbox 2507 3105 2684 3175; x_wconf 91' lang='lat' dir='ltr'><strong>iniqua</strong></span> <span class='ocrx_word' id='word_1_460' title='bbox 2722 3105 3018 3160; x_wconf 85' lang='lat' dir='ltr'><strong>certamina</strong></span> <span class='ocrx_word' id='word_1_461' title='bbox 3063 3117 3492 3162; x_wconf 87' lang='lat' dir='ltr'><strong>commoverunt.</strong></span> 
     </span>
    </p>
   </div>
   <div class='ocr_carea' id='block_1_63' title="bbox 225 3197 1810 3273">
    <p class='ocr_par' dir='ltr' id='par_1_63' title="bbox 225 3200 1802 3270">
     <span class='ocr_line' id='line_1_63' title="bbox 225 3200 1802 3270; baseline 0.007 -19"><span class='ocrx_word' id='word_1_462' title='bbox 225 3200 394 3270; x_wconf 87' lang='lat' dir='ltr'><strong>posuit</strong></span> <span class='ocrx_word' id='word_1_463' title='bbox 439 3208 492 3252; x_wconf 89' lang='lat' dir='ltr'><strong>ut</strong></span> <span class='ocrx_word' id='word_1_464' title='bbox 531 3216 708 3255; x_wconf 87' lang='lat' dir='ltr'><strong>arcum</strong></span> <span class='ocrx_word' id='word_1_465' title='bbox 753 3217 944 3257; x_wconf 67' lang='lat' dir='ltr'><strong>(ereum</strong></span> <span class='ocrx_word' id='word_1_466' title='bbox 990 3205 1198 3258; x_wconf 88' lang='lat' dir='ltr'><strong>brachia</strong></span> <span class='ocrx_word' id='word_1_467' title='bbox 1235 3223 1362 3259; x_wconf 82' lang='lat' dir='ltr'><strong>mea.</strong></span> <span class='ocrx_word' id='word_1_468' title='bbox 1410 3204 1596 3260; x_wconf 86' lang='lat' dir='ltr'><strong>Doceri</strong></span> <span class='ocrx_word' id='word_1_469' title='bbox 1625 3216 1706 3262; x_wconf 84' lang='lat' dir='ltr'><strong>est</strong></span> <span class='ocrx_word' id='word_1_470' title='bbox 1735 3207 1802 3262; x_wconf 86' lang='lat' dir='ltr'><strong>ab</strong></span> 
     </span>
    </p>
   </div>
   <div class='ocr_carea' id='block_1_64' title="bbox 1917 3197 3491 3273">
    <p class='ocr_par' dir='ltr' id='par_1_64' title="bbox 1917 3197 3491 3270">
     <span class='ocr_line' id='line_1_64' title="bbox 1917 3197 3491 3270; baseline 0.004 -21"><span class='ocrx_word' id='word_1_471' title='bbox 1917 3197 2230 3253; x_wconf 72' lang='lat' dir='ltr'><strong>l’rwcinctus</strong></span> <span class='ocrx_word' id='word_1_472' title='bbox 2259 3209 2333 3252; x_wconf 79' lang='lat' dir='ltr'><strong>est</strong></span> <span class='ocrx_word' id='word_1_473' title='bbox 2359 3198 2501 3252; x_wconf 89' lang='lat' dir='ltr'><strong>enim</strong></span> <span class='ocrx_word' id='word_1_474' title='bbox 2528 3197 2740 3265; x_wconf 85' lang='lat' dir='ltr'><strong>virtute,</strong></span> <span class='ocrx_word' id='word_1_475' title='bbox 2788 3197 3000 3267; x_wconf 83' lang='lat' dir='ltr'><strong>quando</strong></span> <span class='ocrx_word' id='word_1_476' title='bbox 3031 3200 3298 3270; x_wconf 79' lang='lat' dir='ltr'><strong>patientiae</strong></span> <span class='ocrx_word' id='word_1_477' title='bbox 3339 3199 3491 3255; x_wconf 90' lang='lat' dir='ltr'><strong>fort-i-</strong></span> 
     </span>
    </p>
   </div>
   <div class='ocr_carea' id='block_1_65' title="bbox 227 3291 1804 3368">
    <p class='ocr_par' dir='ltr' id='par_1_65' title="bbox 227 3291 1804 3368">
     <span class='ocr_line' id='line_1_65' title="bbox 227 3291 1804 3368; baseline 0.006 -24"><span class='ocrx_word' id='word_1_478' title='bbox 227 3291 632 3347; x_wconf 88' lang='lat' dir='ltr'><strong>imminentihus</strong></span> <span class='ocrx_word' id='word_1_479' title='bbox 672 3293 880 3348; x_wconf 89' lang='lat' dir='ltr'><strong>insidiis</strong></span> <span class='ocrx_word' id='word_1_480' title='bbox 908 3304 1122 3350; x_wconf 88' lang='lat' dir='ltr'><strong>cautum</strong></span> <span class='ocrx_word' id='word_1_481' title='bbox 1153 3297 1286 3354; x_wconf 81' lang='lat' dir='ltr'><strong>ﬁeri.</strong></span> <span class='ocrx_word' id='word_1_482' title='bbox 1317 3295 1508 3352; x_wconf 80' lang='lat' dir='ltr'><strong>Manus</strong></span> <span class='ocrx_word' id='word_1_483' title='bbox 1535 3299 1804 3368; x_wconf 85' lang='lat' dir='ltr'><strong>Operatio-</strong></span> 
     </span>
    </p>
   </div>
   <div class='ocr_carea' id='block_1_66' title="bbox 227 3384 1806 3456">
    <p class='ocr_par' dir='ltr' id='par_1_66' title="bbox 227 3384 1806 3456">
     <span class='ocr_line' id='line_1_66' title="bbox 227 3384 1806 3456; baseline 0.006 -18"><span class='ocrx_word' id='word_1_484' title='bbox 227 3398 326 3438; x_wconf 85' lang='lat' dir='ltr'><strong>ues</strong></span> <span class='ocrx_word' id='word_1_485' title='bbox 372 3384 702 3456; x_wconf 83' lang='lat' dir='ltr'><strong>signiﬁcant;</strong></span> <span class='ocrx_word' id='word_1_486' title='bbox 736 3387 995 3456; x_wconf 63' lang='lat' dir='ltr'><strong>praelium,</strong></span> <span class='ocrx_word' id='word_1_487' title='bbox 1025 3389 1224 3444; x_wconf 90' lang='lat' dir='ltr'><strong>diaboli</strong></span> <span class='ocrx_word' id='word_1_488' title='bbox 1270 3401 1542 3446; x_wconf 87' lang='lat' dir='ltr'><strong>certamen</strong></span> <span class='ocrx_word' id='word_1_489' title='bbox 1583 3391 1806 3447; x_wconf 87' lang='lat' dir='ltr'><strong>demon-</strong></span> 
     </span>
    </p>
   </div>
   <div class='ocr_carea' id='block_1_67' title="bbox 226 3480 1809 3554">
    <p class='ocr_par' dir='ltr' id='par_1_67' title="bbox 226 3480 1809 3554">
     <span class='ocr_line' id='line_1_67' title="bbox 226 3480 1809 3554; baseline 0.007 -24"><span class='ocrx_word' id='word_1_490' title='bbox 226 3484 377 3541; x_wconf 73' lang='lat' dir='ltr'><strong>strat,</strong></span> <span class='ocrx_word' id='word_1_491' title='bbox 407 3493 527 3532; x_wconf 87' lang='lat' dir='ltr'><strong>cum</strong></span> <span class='ocrx_word' id='word_1_492' title='bbox 579 3495 682 3548; x_wconf 85' lang='lat' dir='ltr'><strong>quo</strong></span> <span class='ocrx_word' id='word_1_493' title='bbox 725 3480 1074 3548; x_wconf 88' lang='lat' dir='ltr'><strong>spiritualiter</strong></span> <span class='ocrx_word' id='word_1_494' title='bbox 1105 3483 1444 3554; x_wconf 82' lang='lat' dir='ltr'><strong>conﬂigitur;</strong></span> <span class='ocrx_word' id='word_1_495' title='bbox 1487 3483 1608 3554; x_wconf 84' lang='lat' dir='ltr'><strong>quia</strong></span> <span class='ocrx_word' id='word_1_496' title='bbox 1640 3484 1809 3541; x_wconf 90' lang='lat' dir='ltr'><strong>inces-</strong></span> 
     </span>
    </p>
   </div>
   <div class='ocr_carea' id='block_1_68' title="bbox 227 3569 1811 3646">
    <p class='ocr_par' dir='ltr' id='par_1_68' title="bbox 227 3569 1811 3646">
     <span class='ocr_line' id='line_1_68' title="bbox 227 3569 1811 3646; baseline 0.007 -23"><span class='ocrx_word' id='word_1_497' title='bbox 227 3569 482 3624; x_wconf 87' lang='lat' dir='ltr'><strong>sabilibus</strong></span> <span class='ocrx_word' id='word_1_498' title='bbox 525 3573 994 3629; x_wconf 72' lang='lat' dir='ltr'><strong>colluttationibus</strong></span> <span class='ocrx_word' id='word_1_499' title='bbox 1037 3589 1249 3646; x_wconf 87' lang='lat' dir='ltr'><strong>semper</strong></span> <span class='ocrx_word' id='word_1_500' title='bbox 1291 3587 1551 3633; x_wconf 86' lang='lat' dir='ltr'><strong>armatur.</strong></span> <span class='ocrx_word' id='word_1_501' title='bbox 1585 3578 1811 3633; x_wconf 82' lang='lat' dir='ltr'><strong>Brachia</strong></span> 
     </span>
    </p>
   </div>
   <div class='ocr_carea' id='block_1_69' title="bbox 227 3661 1812 3742">
    <p class='ocr_par' dir='ltr' id='par_1_69' title="bbox 227 3661 1812 3742">
     <span class='ocr_line' id='line_1_69' title="bbox 227 3661 1812 3742; baseline 0.008 -26"><span class='ocrx_word' id='word_1_502' title='bbox 227 3676 358 3716; x_wconf 88' lang='lat' dir='ltr'><strong>vero</strong></span> <span class='ocrx_word' id='word_1_503' title='bbox 398 3661 593 3719; x_wconf 73' lang='lat' dir='ltr'><strong>Christi</strong></span> <span class='ocrx_word' id='word_1_504' title='bbox 621 3666 892 3740; x_wconf 68' lang='lat' dir='ltr'><strong>prophetat</strong></span> <span class='ocrx_word' id='word_1_505' title='bbox 922 3675 1120 3724; x_wconf 88' lang='lat' dir='ltr'><strong>suntet</strong></span> <span class='ocrx_word' id='word_1_506' title='bbox 1149 3671 1400 3740; x_wconf 88' lang='lat' dir='ltr'><strong>apostoli,</strong></span> <span class='ocrx_word' id='word_1_507' title='bbox 1431 3686 1526 3741; x_wconf 91' lang='lat' dir='ltr'><strong>per</strong></span> <span class='ocrx_word' id='word_1_508' title='bbox 1555 3687 1688 3742; x_wconf 90' lang='lat' dir='ltr'><strong>quos</strong></span> <span class='ocrx_word' id='word_1_509' title='bbox 1719 3672 1812 3728; x_wconf 86' lang='lat' dir='ltr'><strong>de-</strong></span> 
     </span>
    </p>
   </div>
   <div class='ocr_carea' id='block_1_70' title="bbox 228 3755 1814 3834">
    <p class='ocr_par' dir='ltr' id='par_1_70' title="bbox 228 3755 1814 3834">
     <span class='ocr_line' id='line_1_70' title="bbox 228 3755 1814 3834; baseline 0.006 -25"><span class='ocrx_word' id='word_1_510' title='bbox 228 3755 492 3810; x_wconf 85' lang='lat' dir='ltr'><strong>siderium</strong></span> <span class='ocrx_word' id='word_1_511' title='bbox 519 3773 624 3813; x_wconf 72' lang='lat' dir='ltr'><strong>sure</strong></span> <span class='ocrx_word' id='word_1_512' title='bbox 667 3759 956 3816; x_wconf 87' lang='lat' dir='ltr'><strong>voluntatis</strong></span> <span class='ocrx_word' id='word_1_513' title='bbox 987 3771 1238 3832; x_wconf 89' lang='lat' dir='ltr'><strong>operatus</strong></span> <span class='ocrx_word' id='word_1_514' title='bbox 1263 3769 1366 3818; x_wconf 87' lang='lat' dir='ltr'><strong>est.</strong></span> <span class='ocrx_word' id='word_1_515' title='bbox 1403 3763 1495 3816; x_wconf 82' lang='lat' dir='ltr'><strong>llis</strong></span> <span class='ocrx_word' id='word_1_516' title='bbox 1537 3771 1814 3834; x_wconf 86' lang='lat' dir='ltr'><strong>comparat</strong></span> 
     </span>
    </p>
   </div>
   <div class='ocr_carea' id='block_1_71' title="bbox 225 3855 1814 3926">
    <p class='ocr_par' dir='ltr' id='par_1_71' title="bbox 225 3855 1814 3926">
     <span class='ocr_line' id='line_1_71' title="bbox 225 3855 1814 3926; baseline 0.005 -21"><span class='ocrx_word' id='word_1_517' title='bbox 225 3865 422 3905; x_wconf 61' lang='lat' dir='ltr'><strong>tersum</strong></span> <span class='ocrx_word' id='word_1_518' title='bbox 462 3867 661 3920; x_wconf 85' lang='lat' dir='ltr'><strong>arcum,</strong></span> <span class='ocrx_word' id='word_1_519' title='bbox 688 3855 811 3923; x_wconf 84' lang='lat' dir='ltr'><strong>quia</strong></span> <span class='ocrx_word' id='word_1_520' title='bbox 854 3855 1100 3911; x_wconf 83' lang='lat' dir='ltr'><strong>nesciunt</strong></span> <span class='ocrx_word' id='word_1_521' title='bbox 1138 3855 1233 3913; x_wconf 86' lang='lat' dir='ltr'><strong>Dei</strong></span> <span class='ocrx_word' id='word_1_522' title='bbox 1281 3857 1426 3912; x_wconf 84' lang='lat' dir='ltr'><strong>servi</strong></span> <span class='ocrx_word' id='word_1_523' title='bbox 1473 3856 1814 3926; x_wconf 68' lang='lat' dir='ltr'><strong>praedicando</strong></span> 
     </span>
    </p>
   </div>
   <div class='ocr_carea' id='block_1_72' title="bbox 226 3943 1811 4020">
    <p class='ocr_par' dir='ltr' id='par_1_72' title="bbox 226 3943 1811 4020">
     <span class='ocr_line' id='line_1_72' title="bbox 226 3943 1811 4020; baseline 0.004 -22"><span class='ocrx_word' id='word_1_524' title='bbox 226 3943 567 4013; x_wconf 75' lang='lat' dir='ltr'><strong>mollescere,</strong></span> <span class='ocrx_word' id='word_1_525' title='bbox 597 3945 692 4001; x_wconf 89' lang='lat' dir='ltr'><strong>sed</strong></span> <span class='ocrx_word' id='word_1_526' title='bbox 723 3946 775 4000; x_wconf 90' lang='lat' dir='ltr'><strong>itt</strong></span> <span class='ocrx_word' id='word_1_527' title='bbox 806 3949 1011 4004; x_wconf 80' lang='lat' dir='ltr'><strong>caelesti</strong></span> <span class='ocrx_word' id='word_1_528' title='bbox 1058 3949 1365 4005; x_wconf 77' lang='lat' dir='ltr'><strong>fortitudine</strong></span> <span class='ocrx_word' id='word_1_529' title='bbox 1411 3960 1811 4020; x_wconf 83' lang='lat' dir='ltr'><strong>permanentes,</strong></span> 
     </span>
    </p>
   </div>
   <div class='ocr_carea' id='block_1_73' title="bbox 227 4036 1815 4112">
    <p class='ocr_par' dir='ltr' id='par_1_73' title="bbox 227 4036 1815 4112">
     <span class='ocr_line' id='line_1_73' title="bbox 227 4036 1815 4112; baseline 0.006 -23"><span class='ocrx_word' id='word_1_530' title='bbox 227 4036 407 4090; x_wconf 90' lang='lat' dir='ltr'><strong>verbis</strong></span> <span class='ocrx_word' id='word_1_531' title='bbox 445 4037 766 4094; x_wconf 85' lang='lat' dir='ltr'><strong>salutaribus</strong></span> <span class='ocrx_word' id='word_1_532' title='bbox 808 4041 1044 4108; x_wconf 88' lang='lat' dir='ltr'><strong>emissis,</strong></span> <span class='ocrx_word' id='word_1_533' title='bbox 1074 4052 1324 4112; x_wconf 86' lang='lat' dir='ltr'><strong>tanquam</strong></span> <span class='ocrx_word' id='word_1_534' title='bbox 1369 4042 1574 4112; x_wconf 81' lang='lat' dir='ltr'><strong>sagittis</strong></span> <span class='ocrx_word' id='word_1_535' title='bbox 1603 4042 1815 4098; x_wconf 89' lang='lat' dir='ltr'><strong>eminus</strong></span> 
     </span>
    </p>
   </div>
   <div class='ocr_carea' id='block_1_74' title="bbox 225 4127 1842 4206">
    <p class='ocr_par' dir='ltr' id='par_1_74' title="bbox 225 4127 1842 4206">
     <span class='ocr_line' id='line_1_74' title="bbox 225 4127 1842 4206; baseline 0.006 -26"><span class='ocrx_word' id='word_1_536' title='bbox 225 4127 516 4199; x_wconf 88' lang='lat' dir='ltr'><strong>jaculatis,</strong></span> <span class='ocrx_word' id='word_1_537' title='bbox 572 4131 890 4188; x_wconf 90' lang='lat' dir='ltr'><strong>devotorum</strong></span> <span class='ocrx_word' id='word_1_538' title='bbox 970 4133 1245 4190; x_wconf 90' lang='lat' dir='ltr'><strong>hominum</strong></span> <span class='ocrx_word' id='word_1_539' title='bbox 1320 4134 1481 4191; x_wconf 85' lang='lat' dir='ltr'><strong>corda</strong></span> <span class='ocrx_word' id='word_1_540' title='bbox 1550 4137 1842 4206; x_wconf 66' lang='lat' dir='ltr'><strong>compun-‘</strong></span> 
     </span>
    </p>
   </div>
   <div class='ocr_carea' id='block_1_75' title="bbox 223 4230 383 4292">
    <p class='ocr_par' dir='ltr' id='par_1_75' title="bbox 223 4230 383 4292">
     <span class='ocr_line' id='line_1_75' title="bbox 223 4230 383 4292; baseline 0.019 -17"><span class='ocrx_word' id='word_1_541' title='bbox 223 4230 383 4292; x_wconf 81' lang='lat' dir='ltr'><strong>gunt.</strong></span> 
     </span>
    </p>
   </div>
   <div class='ocr_carea' id='block_1_76' title="bbox 299 4313 1817 4391">
    <p class='ocr_par' dir='ltr' id='par_1_76' title="bbox 299 4313 1817 4391">
     <span class='ocr_line' id='line_1_76' title="bbox 299 4313 1817 4391; baseline 0.005 -23"><span class='ocrx_word' id='word_1_542' title='bbox 299 4313 454 4371; x_wconf 77' lang='lat' dir='ltr'><strong>Vcrs.</strong></span> <span class='ocrx_word' id='word_1_543' title='bbox 486 4316 577 4372; x_wconf 73' lang='lat'><strong>57.</strong></span> <span class='ocrx_word' id='word_1_544' title='bbox 621 4315 688 4373; x_wconf 88' lang='lat' dir='ltr'><strong>Et</strong></span> <span class='ocrx_word' id='word_1_545' title='bbox 717 4319 904 4374; x_wconf 63' lang='lat' dir='ltr'><strong>dedisti</strong></span> <span class='ocrx_word' id='word_1_546' title='bbox 931 4319 1055 4374; x_wconf 84' lang='lat' dir='ltr'><strong>mihi</strong></span> <span class='ocrx_word' id='word_1_547' title='bbox 1080 4321 1444 4391; x_wconf 85' lang='lat' dir='ltr'><strong>protectiouem</strong></span> <span class='ocrx_word' id='word_1_548' title='bbox 1471 4320 1652 4376; x_wconf 88' lang='lat' dir='ltr'><strong>salutis</strong></span> <span class='ocrx_word' id='word_1_549' title='bbox 1681 4330 1817 4389; x_wconf 70' lang='lat' dir='ltr'><strong>tum;</strong></span> 
     </span>
    </p>
   </div>
   <div class='ocr_carea' id='block_1_77' title="bbox 227 4406 1816 4484">
    <p class='ocr_par' dir='ltr' id='par_1_77' title="bbox 227 4406 1816 4484">
     <span class='ocr_line' id='line_1_77' title="bbox 227 4406 1816 4484; baseline 0.003 -22"><span class='ocrx_word' id='word_1_550' title='bbox 227 4418 272 4462; x_wconf 87' lang='lat' dir='ltr'><strong>et</strong></span> <span class='ocrx_word' id='word_1_551' title='bbox 302 4406 510 4464; x_wconf 78' lang='lat' dir='ltr'><strong>dextera</strong></span> <span class='ocrx_word' id='word_1_552' title='bbox 539 4421 624 4463; x_wconf 88' lang='lat' dir='ltr'><strong>ttta</strong></span> <span class='ocrx_word' id='word_1_553' title='bbox 652 4414 866 4483; x_wconf 80' lang='lat' dir='ltr'><strong>suscepit</strong></span> <span class='ocrx_word' id='word_1_554' title='bbox 911 4429 1028 4479; x_wconf 86' lang='lat' dir='ltr'><strong>me;</strong></span> <span class='ocrx_word' id='word_1_555' title='bbox 1071 4422 1115 4466; x_wconf 81' lang='lat' dir='ltr'><strong>et</strong></span> <span class='ocrx_word' id='word_1_556' title='bbox 1143 4413 1415 4484; x_wconf 83' lang='lat' dir='ltr'><strong>disciplina</strong></span> <span class='ocrx_word' id='word_1_557' title='bbox 1459 4423 1546 4467; x_wconf 86' lang='lat' dir='ltr'><strong>tua</strong></span> <span class='ocrx_word' id='word_1_558' title='bbox 1584 4413 1695 4484; x_wconf 81' lang='lat' dir='ltr'><strong>ipsa</strong></span> <span class='ocrx_word' id='word_1_559' title='bbox 1739 4423 1816 4468; x_wconf 80' lang='lat' dir='ltr'><strong>nte</strong></span> 
     </span>
    </p>
   </div>
   <div class='ocr_carea' id='block_1_78' title="bbox 229 4502 1818 4577">
    <p class='ocr_par' dir='ltr' id='par_1_78' title="bbox 229 4502 1818 4577">
     <span class='ocr_line' id='line_1_78' title="bbox 229 4502 1818 4577; baseline 0.004 -20"><span class='ocrx_word' id='word_1_560' title='bbox 229 4503 452 4557; x_wconf 80' lang='lat' dir='ltr'><strong>docebit.</strong></span> <span class='ocrx_word' id='word_1_561' title='bbox 502 4502 759 4558; x_wconf 83' lang='lat' dir='ltr'><strong>Protectio</strong></span> <span class='ocrx_word' id='word_1_562' title='bbox 790 4507 970 4560; x_wconf 74' lang='lat' dir='ltr'><strong>salutis</strong></span> <span class='ocrx_word' id='word_1_563' title='bbox 998 4506 1219 4577; x_wconf 82' lang='lat' dir='ltr'><strong>gloriam</strong></span> <span class='ocrx_word' id='word_1_564' title='bbox 1267 4507 1533 4576; x_wconf 84' lang='lat' dir='ltr'><strong>signiﬁcat</strong></span> <span class='ocrx_word' id='word_1_565' title='bbox 1575 4523 1818 4562; x_wconf 87' lang='lat' dir='ltr'><strong>resurre-</strong></span> 
     </span>
    </p>
   </div>
   <div class='ocr_carea' id='block_1_79' title="bbox 1911 3291 3490 3364">
    <p class='ocr_par' dir='ltr' id='par_1_79' title="bbox 1911 3291 3490 3364">
     <span class='ocr_line' id='line_1_79' title="bbox 1911 3291 3490 3364; baseline -0.001 -14"><span class='ocrx_word' id='word_1_566' title='bbox 1911 3295 2097 3350; x_wconf 90' lang='lat' dir='ltr'><strong>tudine</strong></span> <span class='ocrx_word' id='word_1_567' title='bbox 2127 3294 2430 3364; x_wconf 86' lang='lat' dir='ltr'><strong>iniquorum</strong></span> <span class='ocrx_word' id='word_1_568' title='bbox 2469 3291 2696 3348; x_wconf 84' lang='lat' dir='ltr'><strong>adversa</strong></span> <span class='ocrx_word' id='word_1_569' title='bbox 2724 3293 3014 3362; x_wconf 85' lang='lat' dir='ltr'><strong>superavit.</strong></span> <span class='ocrx_word' id='word_1_570' title='bbox 3047 3292 3147 3361; x_wconf 85' lang='lat' dir='ltr'><strong>Ipsi</strong></span> <span class='ocrx_word' id='word_1_571' title='bbox 3186 3302 3362 3348; x_wconf 90' lang='lat' dir='ltr'><strong>tamen</strong></span> <span class='ocrx_word' id='word_1_572' title='bbox 3401 3294 3490 3364; x_wconf 88' lang='lat' dir='ltr'><strong>qui</strong></span> 
     </span>
    </p>
   </div>
   <div class='ocr_carea' id='block_1_80' title="bbox 1911 3384 3494 3455">
    <p class='ocr_par' dir='ltr' id='par_1_80' title="bbox 1911 3384 3494 3455">
     <span class='ocr_line' id='line_1_80' title="bbox 1911 3384 3494 3455; baseline -0.001 -13"><span class='ocrx_word' id='word_1_573' title='bbox 1911 3395 2094 3443; x_wconf 89' lang='lat' dir='ltr'><strong>contra</strong></span> <span class='ocrx_word' id='word_1_574' title='bbox 2137 3402 2260 3442; x_wconf 90' lang='lat' dir='ltr'><strong>cum</strong></span> <span class='ocrx_word' id='word_1_575' title='bbox 2310 3385 2495 3440; x_wconf 89' lang='lat' dir='ltr'><strong>insana</strong></span> <span class='ocrx_word' id='word_1_576' title='bbox 2538 3384 2937 3455; x_wconf 82' lang='lat' dir='ltr'><strong>conspiratione</strong></span> <span class='ocrx_word' id='word_1_577' title='bbox 2979 3393 3322 3453; x_wconf 89' lang='lat' dir='ltr'><strong>tumuerunt,</strong></span> <span class='ocrx_word' id='word_1_578' title='bbox 3375 3385 3494 3455; x_wconf 86' lang='lat' dir='ltr'><strong>ejus</strong></span> 
     </span>
    </p>
   </div>
   <div class='ocr_carea' id='block_1_81' title="bbox 1911 3479 3495 3550">
    <p class='ocr_par' dir='ltr' id='par_1_81' title="bbox 1911 3479 3495 3550">
     <span class='ocr_line' id='line_1_81' title="bbox 1911 3479 3495 3550; baseline 0.004 -16"><span class='ocrx_word' id='word_1_579' title='bbox 1911 3488 2036 3534; x_wconf 89' lang='lat' dir='ltr'><strong>sunt</strong></span> <span class='ocrx_word' id='word_1_580' title='bbox 2061 3479 2265 3549; x_wconf 90' lang='lat' dir='ltr'><strong>judicio</strong></span> <span class='ocrx_word' id='word_1_581' title='bbox 2293 3479 2411 3535; x_wconf 90' lang='lat' dir='ltr'><strong>sine</strong></span> <span class='ocrx_word' id='word_1_582' title='bbox 2447 3479 2783 3538; x_wconf 87' lang='lat' dir='ltr'><strong>dubitatione</strong></span> <span class='ocrx_word' id='word_1_583' title='bbox 2811 3483 3075 3539; x_wconf 89' lang='lat' dir='ltr'><strong>subdendi</strong></span> <span class='ocrx_word' id='word_1_584' title='bbox 3102 3525 3116 3550; x_wconf 94' lang='lat'><strong>,</strong></span> <span class='ocrx_word' id='word_1_585' title='bbox 3164 3493 3222 3538; x_wconf 92' lang='lat' dir='ltr'><strong>ttt</strong></span> <span class='ocrx_word' id='word_1_586' title='bbox 3251 3498 3369 3539; x_wconf 92' lang='lat' dir='ltr'><strong>cum</strong></span> <span class='ocrx_word' id='word_1_587' title='bbox 3399 3497 3495 3540; x_wconf 89' lang='lat' dir='ltr'><strong>suo</strong></span> 
     </span>
    </p>
   </div>
   <div class='ocr_carea' id='block_1_82' title="bbox 1913 3569 3496 3643">
    <p class='ocr_par' dir='ltr' id='par_1_82' title="bbox 1913 3569 3496 3643">
     <span class='ocr_line' id='line_1_82' title="bbox 1913 3569 3496 3643; baseline 0.005 -19"><span class='ocrx_word' id='word_1_588' title='bbox 1913 3569 2226 3641; x_wconf 88' lang='lat' dir='ltr'><strong>instigatore</strong></span> <span class='ocrx_word' id='word_1_589' title='bbox 2255 3579 2514 3641; x_wconf 86' lang='lat' dir='ltr'><strong>pereant,</strong></span> <span class='ocrx_word' id='word_1_590' title='bbox 2547 3575 2636 3643; x_wconf 93' lang='lat' dir='ltr'><strong>qui</strong></span> <span class='ocrx_word' id='word_1_591' title='bbox 2666 3574 2874 3630; x_wconf 87' lang='lat' dir='ltr'><strong>auctori</strong></span> <span class='ocrx_word' id='word_1_592' title='bbox 2913 3591 3011 3631; x_wconf 89' lang='lat' dir='ltr'><strong>suo</strong></span> <span class='ocrx_word' id='word_1_593' title='bbox 3051 3575 3278 3632; x_wconf 85' lang='lat' dir='ltr'><strong>credere</strong></span> <span class='ocrx_word' id='word_1_594' title='bbox 3309 3576 3496 3632; x_wconf 86' lang='lat' dir='ltr'><strong>nolue-</strong></span> 
     </span>
    </p>
   </div>
   <div class='ocr_carea' id='block_1_83' title="bbox 1913 3672 2060 3719">
    <p class='ocr_par' dir='ltr' id='par_1_83' title="bbox 1913 3672 2060 3719">
     <span class='ocr_line' id='line_1_83' title="bbox 1913 3672 2060 3719; baseline 0.007 -1"><span class='ocrx_word' id='word_1_595' title='bbox 1913 3672 2060 3719; x_wconf 85' lang='lat' dir='ltr'><strong>runt.</strong></span> 
     </span>
    </p>
   </div>
   <div class='ocr_carea' id='block_1_84' title="bbox 1987 3758 3497 3821">
    <p class='ocr_par' dir='ltr' id='par_1_84' title="bbox 1987 3758 3497 3821">
     <span class='ocr_line' id='line_1_84' title="bbox 1987 3758 3497 3821; baseline 0.005 -8"><span class='ocrx_word' id='word_1_596' title='bbox 1987 3758 2142 3815; x_wconf 81' lang='lat' dir='ltr'><strong>Vers.</strong></span> <span class='ocrx_word' id='word_1_597' title='bbox 2174 3759 2266 3817; x_wconf 68' lang='grc'><strong>42.</strong></span> <span class='ocrx_word' id='word_1_598' title='bbox 2298 3759 2365 3816; x_wconf 83' lang='grc' dir='ltr'>Ει</span> <span class='ocrx_word' id='word_1_599' title='bbox 2389 3764 2712 3819; x_wconf 85' lang='lat' dir='ltr'><strong>inimicorum</strong></span> <span class='ocrx_word' id='word_1_600' title='bbox 2744 3781 2972 3819; x_wconf 88' lang='lat' dir='ltr'><strong>meorum</strong></span> <span class='ocrx_word' id='word_1_601' title='bbox 2999 3764 3188 3819; x_wconf 80' lang='lat' dir='ltr'><strong>dedisti</strong></span> <span class='ocrx_word' id='word_1_602' title='bbox 3213 3765 3338 3819; x_wconf 88' lang='lat' dir='ltr'><strong>mihi</strong></span> <span class='ocrx_word' id='word_1_603' title='bbox 3368 3765 3497 3821; x_wconf 87' lang='lat' dir='ltr'><strong>dor-</strong></span> 
     </span>
    </p>
   </div>
   <div class='ocr_carea' id='block_1_85' title="bbox 1916 3854 3498 3929">
    <p class='ocr_par' dir='ltr' id='par_1_85' title="bbox 1916 3854 3498 3929">
     <span class='ocr_line' id='line_1_85' title="bbox 1916 3854 3498 3929; baseline 0.004 -22"><span class='ocrx_word' id='word_1_604' title='bbox 1916 3869 2052 3920; x_wconf 88' lang='lat' dir='ltr'><strong>sum,</strong></span> <span class='ocrx_word' id='word_1_605' title='bbox 2097 3863 2142 3907; x_wconf 72' lang='grc' dir='ltr'>οι</span> <span class='ocrx_word' id='word_1_606' title='bbox 2171 3854 2400 3911; x_wconf 87' lang='lat' dir='ltr'><strong>odientes</strong></span> <span class='ocrx_word' id='word_1_607' title='bbox 2442 3873 2520 3913; x_wconf 75' lang='lat' dir='ltr'><strong>ms</strong></span> <span class='ocrx_word' id='word_1_608' title='bbox 2559 3858 2930 3927; x_wconf 82' lang='lat' dir='ltr'><strong>disperdidisti.</strong></span> <span class='ocrx_word' id='word_1_609' title='bbox 2963 3858 3200 3929; x_wconf 91' lang='lat' dir='ltr'><strong>Duplicia</strong></span> <span class='ocrx_word' id='word_1_610' title='bbox 3245 3859 3376 3926; x_wconf 75' lang='lat' dir='ltr'><strong>legis</strong></span> <span class='ocrx_word' id='word_1_611' title='bbox 3415 3873 3498 3913; x_wconf 81' lang='lat' dir='ltr'><strong>sa-</strong></span> 
     </span>
    </p>
   </div>
   <div class='ocr_carea' id='block_1_86' title="bbox 1917 3949 3496 4019">
    <p class='ocr_par' dir='ltr' id='par_1_86' title="bbox 1917 3949 3496 4019">
     <span class='ocr_line' id='line_1_86' title="bbox 1917 3949 3496 4019; baseline 0.002 -20"><span class='ocrx_word' id='word_1_612' title='bbox 1917 3957 2188 4001; x_wconf 88' lang='lat' dir='ltr'><strong>cramenta</strong></span> <span class='ocrx_word' id='word_1_613' title='bbox 2233 3963 2424 4003; x_wconf 86' lang='lat' dir='ltr'><strong>versus</strong></span> <span class='ocrx_word' id='word_1_614' title='bbox 2463 3950 2562 4002; x_wconf 87' lang='lat' dir='ltr'><strong>iste</strong></span> <span class='ocrx_word' id='word_1_615' title='bbox 2612 3952 2923 4019; x_wconf 78' lang='lat' dir='ltr'><strong>complexus</strong></span> <span class='ocrx_word' id='word_1_616' title='bbox 2973 3959 3074 4004; x_wconf 89' lang='lat' dir='ltr'><strong>est.</strong></span> <span class='ocrx_word' id='word_1_617' title='bbox 3128 3949 3368 4003; x_wconf 83' lang='lat' dir='ltr'><strong>Primum</strong></span> <span class='ocrx_word' id='word_1_618' title='bbox 3411 3955 3496 4004; x_wconf 88' lang='lat' dir='ltr'><strong>est</strong></span> 
     </span>
    </p>
   </div>
   <div class='ocr_carea' id='block_1_87' title="bbox 1919 4039 3498 4109">
    <p class='ocr_par' dir='ltr' id='par_1_87' title="bbox 1919 4039 3498 4109">
     <span class='ocr_line' id='line_1_87' title="bbox 1919 4039 3498 4109; baseline 0.001 -17"><span class='ocrx_word' id='word_1_619' title='bbox 1919 4039 2058 4109; x_wconf 88' lang='lat' dir='ltr'><strong>quod</strong></span> <span class='ocrx_word' id='word_1_620' title='bbox 2098 4041 2308 4094; x_wconf 87' lang='lat' dir='ltr'><strong>dorsum</strong></span> <span class='ocrx_word' id='word_1_621' title='bbox 2337 4043 2743 4097; x_wconf 87' lang='lat' dir='ltr'><strong>conversionem</strong></span> <span class='ocrx_word' id='word_1_622' title='bbox 2796 4056 2978 4095; x_wconf 85' lang='lat' dir='ltr'><strong>eorum</strong></span> <span class='ocrx_word' id='word_1_623' title='bbox 3013 4042 3276 4109; x_wconf 80' lang='lat' dir='ltr'><strong>signiﬁcat</strong></span> <span class='ocrx_word' id='word_1_624' title='bbox 3314 4041 3402 4109; x_wconf 91' lang='lat' dir='ltr'><strong>qui</strong></span> <span class='ocrx_word' id='word_1_625' title='bbox 3433 4055 3498 4094; x_wconf 86' lang='lat' dir='ltr'><strong>ex</strong></span> 
     </span>
    </p>
   </div>
   <div class='ocr_carea' id='block_1_88' title="bbox 1925 4129 3499 4198">
    <p class='ocr_par' dir='ltr' id='par_1_88' title="bbox 1925 4129 3499 4198">
     <span class='ocr_line' id='line_1_88' title="bbox 1925 4129 3499 4198; baseline -0.001 -14"><span class='ocrx_word' id='word_1_626' title='bbox 1925 4131 2298 4185; x_wconf 78' lang='lat' dir='ltr'><strong>resistentibus</strong></span> <span class='ocrx_word' id='word_1_627' title='bbox 2328 4131 2444 4198; x_wconf 84' lang='lat' dir='ltr'><strong>ejus</strong></span> <span class='ocrx_word' id='word_1_628' title='bbox 2477 4133 2678 4185; x_wconf 92' lang='lat' dir='ltr'><strong>nomini</strong></span> <span class='ocrx_word' id='word_1_629' title='bbox 2710 4174 2723 4194; x_wconf 95' lang='lat'><strong>,</strong></span> <span class='ocrx_word' id='word_1_630' title='bbox 2757 4133 2809 4184; x_wconf 89' lang='lat' dir='ltr'><strong>in</strong></span> <span class='ocrx_word' id='word_1_631' title='bbox 2850 4131 3178 4183; x_wconf 81' lang='lat' dir='ltr'><strong>salutiferam</strong></span> <span class='ocrx_word' id='word_1_632' title='bbox 3218 4129 3499 4182; x_wconf 83' lang='lat' dir='ltr'><strong>victoriam</strong></span> 
     </span>
    </p>
   </div>
   <div class='ocr_carea' id='block_1_89' title="bbox 1923 4221 3500 4292">
    <p class='ocr_par' dir='ltr' id='par_1_89' title="bbox 1923 4221 3500 4292">
     <span class='ocr_line' id='line_1_89' title="bbox 1923 4221 3500 4292; baseline -0.003 -17"><span class='ocrx_word' id='word_1_633' title='bbox 1923 4223 2109 4292; x_wconf 85' lang='lat' dir='ltr'><strong>fugati,</strong></span> <span class='ocrx_word' id='word_1_634' title='bbox 2136 4233 2472 4277; x_wconf 88' lang='lat' dir='ltr'><strong>emerserunt</strong></span> <span class='ocrx_word' id='word_1_635' title='bbox 2501 4224 2678 4277; x_wconf 89' lang='lat' dir='ltr'><strong>subito</strong></span> <span class='ocrx_word' id='word_1_636' title='bbox 2699 4222 3019 4287; x_wconf 82' lang='lat' dir='ltr'><strong>Christiani,</strong></span> <span class='ocrx_word' id='word_1_637' title='bbox 3050 4231 3106 4276; x_wconf 90' lang='lat' dir='ltr'><strong>ut</strong></span> <span class='ocrx_word' id='word_1_638' title='bbox 3143 4221 3340 4276; x_wconf 83' lang='lat' dir='ltr'><strong>Paulus</strong></span> <span class='ocrx_word' id='word_1_639' title='bbox 3375 4236 3500 4291; x_wconf 82' lang='lat' dir='ltr'><strong>apo.</strong></span> 
     </span>
    </p>
   </div>
   <div class='ocr_carea' id='block_1_90' title="bbox 1923 4316 3546 4386">
    <p class='ocr_par' dir='ltr' id='par_1_90' title="bbox 1923 4316 3546 4386">
     <span class='ocr_line' id='line_1_90' title="bbox 1923 4316 3546 4386; baseline 0.002 -16"><span class='ocrx_word' id='word_1_640' title='bbox 1923 4317 2095 4370; x_wconf 88' lang='lat' dir='ltr'><strong>stolns</strong></span> <span class='ocrx_word' id='word_1_641' title='bbox 2124 4317 2191 4372; x_wconf 90' lang='lat' dir='ltr'><strong>de</strong></span> <span class='ocrx_word' id='word_1_642' title='bbox 2219 4326 2560 4386; x_wconf 89' lang='lat' dir='ltr'><strong>persecutore</strong></span> <span class='ocrx_word' id='word_1_643' title='bbox 2582 4316 2876 4372; x_wconf 64' lang='lat' dir='ltr'><strong>ssevissimo</strong></span> <span class='ocrx_word' id='word_1_644' title='bbox 2895 4358 2908 4382; x_wconf 91' lang='lat'><strong>,</strong></span> <span class='ocrx_word' id='word_1_645' title='bbox 2937 4325 3054 4385; x_wconf 91' lang='lat' dir='ltr'><strong>post</strong></span> <span class='ocrx_word' id='word_1_646' title='bbox 3087 4316 3294 4372; x_wconf 88' lang='lat' dir='ltr'><strong>Domini</strong></span> <span class='ocrx_word' id='word_1_647' title='bbox 3326 4317 3501 4373; x_wconf 89' lang='lat' dir='ltr'><strong>incre-</strong></span> <span class='ocrx_word' id='word_1_648' title='bbox 3535 4372 3546 4380; x_wconf 84' lang='grc'>,</span> 
     </span>
    </p>
   </div>
   <div class='ocr_carea' id='block_1_91' title="bbox 1924 4411 3503 4482">
    <p class='ocr_par' dir='ltr' id='par_1_91' title="bbox 1924 4411 3503 4482">
     <span class='ocr_line' id='line_1_91' title="bbox 1924 4411 3503 4482; baseline 0.002 -17"><span class='ocrx_word' id='word_1_649' title='bbox 1924 4414 2192 4482; x_wconf 76' lang='lat' dir='ltr'><strong>potionem</strong></span> <span class='ocrx_word' id='word_1_650' title='bbox 2218 4411 2460 4481; x_wconf 88' lang='lat' dir='ltr'><strong>apparuit</strong></span> <span class='ocrx_word' id='word_1_651' title='bbox 2491 4421 2710 4482; x_wconf 81' lang='lat' dir='ltr'><strong>repente</strong></span> <span class='ocrx_word' id='word_1_652' title='bbox 2740 4411 3054 4482; x_wconf 86' lang='lat' dir='ltr'><strong>discipulus.</strong></span> <span class='ocrx_word' id='word_1_653' title='bbox 3085 4411 3392 4469; x_wconf 85' lang='lat' dir='ltr'><strong>Secundum</strong></span> <span class='ocrx_word' id='word_1_654' title='bbox 3421 4420 3503 4468; x_wconf 81' lang='lat' dir='ltr'><strong>est</strong></span> 
     </span>
    </p>
   </div>
   <div class='ocr_carea' id='block_1_92' title="bbox 1925 4503 3501 4573">
    <p class='ocr_par' dir='ltr' id='par_1_92' title="bbox 1925 4503 3501 4573">
     <span class='ocr_line' id='line_1_92' title="bbox 1925 4503 3501 4573; baseline 0.002 -20"><span class='ocrx_word' id='word_1_655' title='bbox 1925 4505 2069 4573; x_wconf 89' lang='lat' dir='ltr'><strong>quod</strong></span> <span class='ocrx_word' id='word_1_656' title='bbox 2094 4504 2320 4559; x_wconf 85' lang='lat' dir='ltr'><strong>odientcs</strong></span> <span class='ocrx_word' id='word_1_657' title='bbox 2345 4518 2403 4559; x_wconf 92' lang='lat' dir='ltr'><strong>se</strong></span> <span class='ocrx_word' id='word_1_658' title='bbox 2431 4504 2798 4573; x_wconf 86' lang='lat' dir='ltr'><strong>disperdendos</strong></span> <span class='ocrx_word' id='word_1_659' title='bbox 2840 4519 2960 4558; x_wconf 88' lang='lat' dir='ltr'><strong>esse</strong></span> <span class='ocrx_word' id='word_1_660' title='bbox 2990 4505 3300 4567; x_wconf 87' lang='lat' dir='ltr'><strong>denuntiat,</strong></span> <span class='ocrx_word' id='word_1_661' title='bbox 3332 4503 3420 4572; x_wconf 90' lang='lat' dir='ltr'><strong>qtti</strong></span> <span class='ocrx_word' id='word_1_662' title='bbox 3452 4504 3501 4556; x_wconf 91' lang='lat' dir='ltr'><strong>in</strong></span> 
     </span>
    </p>
   </div>
   <div class='ocr_carea' id='block_1_93' title="bbox 228 4592 3503 4668">
    <p class='ocr_par' dir='ltr' id='par_1_93' title="bbox 228 4592 3503 4668">
     <span class='ocr_line' id='line_1_93' title="bbox 228 4592 3503 4668; baseline -0.001 -18"><span class='ocrx_word' id='word_1_663' title='bbox 228 4595 464 4662; x_wconf 88' lang='lat' dir='ltr'><strong>ctionis,</strong></span> <span class='ocrx_word' id='word_1_664' title='bbox 514 4597 726 4666; x_wconf 88' lang='lat' dir='ltr'><strong>quando</strong></span> <span class='ocrx_word' id='word_1_665' title='bbox 774 4598 984 4653; x_wconf 86' lang='lat' dir='ltr'><strong>mortali</strong></span> <span class='ocrx_word' id='word_1_666' title='bbox 1029 4613 1190 4653; x_wconf 88' lang='lat' dir='ltr'><strong>carne</strong></span> <span class='ocrx_word' id='word_1_667' title='bbox 1234 4599 1474 4668; x_wconf 85' lang='lat' dir='ltr'><strong>deposita</strong></span> <span class='ocrx_word' id='word_1_668' title='bbox 1501 4641 1514 4666; x_wconf 89' lang='lat'><strong>,</strong></span> <span class='ocrx_word' id='word_1_669' title='bbox 1566 4601 1810 4654; x_wconf 85' lang='lat' dir='ltr'><strong>eamdem</strong></span> <span class='ocrx_word' id='word_1_670' title='bbox 1837 4593 1894 4654; x_wconf 83' lang='grc' dir='ltr'><strong>Ι)</strong></span> <span class='ocrx_word' id='word_1_671' title='bbox 1922 4597 2157 4666; x_wconf 78' lang='lat' dir='ltr'><strong>perﬁdia:</strong></span> <span class='ocrx_word' id='word_1_672' title='bbox 2187 4613 2296 4651; x_wconf 74' lang='lat' dir='ltr'><strong>sum</strong></span> <span class='ocrx_word' id='word_1_673' title='bbox 2341 4597 2698 4651; x_wconf 87' lang='lat' dir='ltr'><strong>obstinatione</strong></span> <span class='ocrx_word' id='word_1_674' title='bbox 2740 4603 3090 4661; x_wconf 89' lang='lat' dir='ltr'><strong>manserunt;</strong></span> <span class='ocrx_word' id='word_1_675' title='bbox 3131 4595 3267 4650; x_wconf 89' lang='lat' dir='ltr'><strong>sicut</strong></span> <span class='ocrx_word' id='word_1_676' title='bbox 3317 4593 3383 4647; x_wconf 91' lang='lat' dir='ltr'><strong>de</strong></span> <span class='ocrx_word' id='word_1_677' title='bbox 3409 4592 3503 4646; x_wconf 83' lang='lat' dir='ltr'><strong>Ju-</strong></span> 
     </span>
    </p>
   </div>
   <div class='ocr_carea' id='block_1_94' title="bbox 228 4686 1820 4761">
    <p class='ocr_par' dir='ltr' id='par_1_94' title="bbox 228 4686 1820 4761">
     <span class='ocr_line' id='line_1_94' title="bbox 228 4686 1820 4761; baseline 0.003 -21"><span class='ocrx_word' id='word_1_678' title='bbox 228 4686 698 4758; x_wconf 79' lang='lat' dir='ltr'><strong>incurrUptibilent</strong></span> <span class='ocrx_word' id='word_1_679' title='bbox 745 4699 800 4745; x_wconf 80' lang='lat' dir='ltr'><strong>et</strong></span> <span class='ocrx_word' id='word_1_680' title='bbox 843 4690 1193 4761; x_wconf 76' lang='lat' dir='ltr'><strong>gini-ilicatam</strong></span> <span class='ocrx_word' id='word_1_681' title='bbox 1239 4693 1548 4761; x_wconf 78' lang='lat' dir='ltr'><strong>resumpsit.</strong></span> <span class='ocrx_word' id='word_1_682' title='bbox 1595 4691 1820 4744; x_wconf 69' lang='lat' dir='ltr'><strong>Dextera</strong></span> 
     </span>
    </p>
   </div>
   <div class='ocr_carea' id='block_1_95' title="bbox 229 4779 1819 4853">
    <p class='ocr_par' dir='ltr' id='par_1_95' title="bbox 229 4779 1819 4853">
     <span class='ocr_line' id='line_1_95' title="bbox 229 4779 1819 4853; baseline 0.003 -21"><span class='ocrx_word' id='word_1_683' title='bbox 229 4779 474 4850; x_wconf 85' lang='lat' dir='ltr'><strong>potentia</strong></span> <span class='ocrx_word' id='word_1_684' title='bbox 507 4781 808 4836; x_wconf 85' lang='lat' dir='ltr'><strong>Divinitatis</strong></span> <span class='ocrx_word' id='word_1_685' title='bbox 857 4793 958 4847; x_wconf 89' lang='lat' dir='ltr'><strong>est,</strong></span> <span class='ocrx_word' id='word_1_686' title='bbox 986 4798 1104 4853; x_wconf 73' lang='lat' dir='ltr'><strong>qua:</strong></span> <span class='ocrx_word' id='word_1_687' title='bbox 1145 4793 1474 4853; x_wconf 68' lang='lat' dir='ltr'><strong>assumptum</strong></span> <span class='ocrx_word' id='word_1_688' title='bbox 1521 4783 1819 4837; x_wconf 85' lang='lat' dir='ltr'><strong>humanita-</strong></span> 
     </span>
    </p>
   </div>
   <div class='ocr_carea' id='block_1_96' title="bbox 229 4874 1819 4946">
    <p class='ocr_par' dir='ltr' id='par_1_96' title="bbox 229 4874 1819 4946">
     <span class='ocr_line' id='line_1_96' title="bbox 229 4874 1819 4946; baseline 0.003 -19"><span class='ocrx_word' id='word_1_689' title='bbox 229 4883 343 4927; x_wconf 88' lang='lat' dir='ltr'><strong>tem</strong></span> <span class='ocrx_word' id='word_1_690' title='bbox 374 4874 426 4928; x_wconf 88' lang='lat' dir='ltr'><strong>itt</strong></span> <span class='ocrx_word' id='word_1_691' title='bbox 453 4886 652 4930; x_wconf 82' lang='lat' dir='ltr'><strong>aeterna</strong></span> <span class='ocrx_word' id='word_1_692' title='bbox 687 4879 967 4946; x_wconf 86' lang='lat' dir='ltr'><strong>majestate</strong></span> <span class='ocrx_word' id='word_1_693' title='bbox 996 4877 1292 4932; x_wconf 83' lang='lat' dir='ltr'><strong>constituit.</strong></span> <span class='ocrx_word' id='word_1_694' title='bbox 1326 4875 1394 4930; x_wconf 88' lang='lat' dir='ltr'><strong>Et</strong></span> <span class='ocrx_word' id='word_1_695' title='bbox 1439 4876 1574 4930; x_wconf 88' lang='lat' dir='ltr'><strong>bene</strong></span> <span class='ocrx_word' id='word_1_696' title='bbox 1601 4892 1662 4931; x_wconf 91' lang='lat' dir='ltr'><strong>se</strong></span> <span class='ocrx_word' id='word_1_697' title='bbox 1689 4876 1819 4931; x_wconf 89' lang='lat' dir='ltr'><strong>dicit</strong></span> 
     </span>
    </p>
   </div>
   <div class='ocr_carea' id='block_1_97' title="bbox 230 4969 1821 5042">
    <p class='ocr_par' dir='ltr' id='par_1_97' title="bbox 230 4969 1821 5042">
     <span class='ocr_line' id='line_1_97' title="bbox 230 4969 1821 5042; baseline 0 -18"><span class='ocrx_word' id='word_1_698' title='bbox 230 4981 358 5024; x_wconf 83' lang='lat' dir='ltr'><strong>esse</strong></span> <span class='ocrx_word' id='word_1_699' title='bbox 403 4969 728 5041; x_wconf 88' lang='lat' dir='ltr'><strong>docendum,</strong></span> <span class='ocrx_word' id='word_1_700' title='bbox 761 4980 818 5026; x_wconf 90' lang='lat' dir='ltr'><strong>ut</strong></span> <span class='ocrx_word' id='word_1_701' title='bbox 845 4972 962 5027; x_wconf 86' lang='lat' dir='ltr'><strong>veri</strong></span> <span class='ocrx_word' id='word_1_702' title='bbox 1002 4971 1233 5027; x_wconf 87' lang='lat' dir='ltr'><strong>hominis</strong></span> <span class='ocrx_word' id='word_1_703' title='bbox 1273 4971 1596 5041; x_wconf 85' lang='lat' dir='ltr'><strong>exprimeret</strong></span> <span class='ocrx_word' id='word_1_704' title='bbox 1647 4971 1821 5042; x_wconf 91' lang='lat' dir='ltr'><strong>quali-</strong></span> 
     </span>
    </p>
   </div>
   <div class='ocr_carea' id='block_1_98' title="bbox 229 5070 424 5117">
    <p class='ocr_par' dir='ltr' id='par_1_98' title="bbox 229 5070 424 5117">
     <span class='ocr_line' id='line_1_98' title="bbox 229 5070 424 5117; baseline 0.005 -1"><span class='ocrx_word' id='word_1_705' title='bbox 229 5070 424 5117; x_wconf 88' lang='lat' dir='ltr'><strong>tatem.</strong></span> 
     </span>
    </p>
   </div>
   <div class='ocr_carea' id='block_1_99' title="bbox 305 5154 1823 5229">
    <p class='ocr_par' dir='ltr' id='par_1_99' title="bbox 305 5154 1823 5229">
     <span class='ocr_line' id='line_1_99' title="bbox 305 5154 1823 5229; baseline 0.001 -19"><span class='ocrx_word' id='word_1_706' title='bbox 305 5155 464 5210; x_wconf 76' lang='lat' dir='ltr'><strong>Vers.</strong></span> <span class='ocrx_word' id='word_1_707' title='bbox 505 5156 597 5213; x_wconf 77' lang='lat'><strong>58.</strong></span> <span class='ocrx_word' id='word_1_708' title='bbox 631 5154 878 5212; x_wconf 86' lang='lat' dir='ltr'><strong>Dilatasti</strong></span> <span class='ocrx_word' id='word_1_709' title='bbox 922 5174 1124 5229; x_wconf 85' lang='lat' dir='ltr'><strong>gressus</strong></span> <span class='ocrx_word' id='word_1_710' title='bbox 1151 5176 1284 5214; x_wconf 85' lang='lat' dir='ltr'><strong>meos</strong></span> <span class='ocrx_word' id='word_1_711' title='bbox 1313 5159 1490 5214; x_wconf 86' lang='lat' dir='ltr'><strong>subtus</strong></span> <span class='ocrx_word' id='word_1_712' title='bbox 1521 5174 1618 5224; x_wconf 86' lang='lat' dir='ltr'><strong>me,</strong></span> <span class='ocrx_word' id='word_1_713' title='bbox 1644 5167 1691 5212; x_wconf 86' lang='lat' dir='ltr'><strong>et</strong></span> <span class='ocrx_word' id='word_1_714' title='bbox 1717 5174 1823 5212; x_wconf 85' lang='lat' dir='ltr'><strong>non</strong></span> 
     </span>
    </p>
   </div>
   <div class='ocr_carea' id='block_1_100' title="bbox 227 5249 1824 5324">
    <p class='ocr_par' dir='ltr' id='par_1_100' title="bbox 227 5249 1824 5324">
     <span class='ocr_line' id='line_1_100' title="bbox 227 5249 1824 5324; baseline 0 -18"><span class='ocrx_word' id='word_1_715' title='bbox 227 5258 354 5306; x_wconf 84' lang='lat' dir='ltr'><strong>sunt</strong></span> <span class='ocrx_word' id='word_1_716' title='bbox 381 5249 642 5318; x_wconf 83' lang='lat' dir='ltr'><strong>inﬁrmata</strong></span> <span class='ocrx_word' id='word_1_717' title='bbox 671 5253 878 5322; x_wconf 82' lang='lat' dir='ltr'><strong>vestigia</strong></span> <span class='ocrx_word' id='word_1_718' title='bbox 917 5269 1051 5307; x_wconf 87' lang='lat' dir='ltr'><strong>mea.</strong></span> <span class='ocrx_word' id='word_1_719' title='bbox 1083 5252 1469 5308; x_wconf 67' lang='lat' dir='ltr'><strong>incarnationis</strong></span> <span class='ocrx_word' id='word_1_720' title='bbox 1490 5271 1600 5309; x_wconf 65' lang='lat' dir='ltr'><strong>suae</strong></span> <span class='ocrx_word' id='word_1_721' title='bbox 1623 5255 1824 5324; x_wconf 84' lang='lat' dir='ltr'><strong>glorio-</strong></span> 
     </span>
    </p>
   </div>
   <div class='ocr_carea' id='block_1_101' title="bbox 235 5343 1826 5416">
    <p class='ocr_par' dir='ltr' id='par_1_101' title="bbox 235 5343 1826 5416">
     <span class='ocr_line' id='line_1_101' title="bbox 235 5343 1826 5416; baseline 0.003 -18"><span class='ocrx_word' id='word_1_722' title='bbox 235 5343 489 5398; x_wconf 81' lang='lat' dir='ltr'><strong>sissimos</strong></span> <span class='ocrx_word' id='word_1_723' title='bbox 517 5354 690 5410; x_wconf 87' lang='lat' dir='ltr'><strong>actus,</strong></span> <span class='ocrx_word' id='word_1_724' title='bbox 716 5345 807 5416; x_wconf 89' lang='lat' dir='ltr'><strong>qui</strong></span> <span class='ocrx_word' id='word_1_725' title='bbox 839 5346 1172 5400; x_wconf 88' lang='lat' dir='ltr'><strong>monstraudi</strong></span> <span class='ocrx_word' id='word_1_726' title='bbox 1218 5357 1370 5401; x_wconf 90' lang='lat' dir='ltr'><strong>erant</strong></span> <span class='ocrx_word' id='word_1_727' title='bbox 1413 5347 1826 5402; x_wconf 54' lang='lat' dir='ltr'><strong>cenversatione</strong></span> 
     </span>
    </p>
   </div>
   <div class='ocr_carea' id='block_1_102' title="bbox 233 5424 1825 5510">
    <p class='ocr_par' dir='ltr' id='par_1_102' title="bbox 233 5424 1825 5510">
     <span class='ocr_line' id='line_1_102' title="bbox 233 5424 1825 5510; baseline -0.003 -14"><span class='ocrx_word' id='word_1_728' title='bbox 233 5437 597 5505; x_wconf 72' lang='lat' dir='ltr'><strong>sanctissima,</strong></span> <span class='ocrx_word' id='word_1_729' title='bbox 633 5438 760 5493; x_wconf 89' lang='lat' dir='ltr'><strong>dicit</strong></span> <span class='ocrx_word' id='word_1_730' title='bbox 793 5453 913 5494; x_wconf 90' lang='lat' dir='ltr'><strong>esse</strong></span> <span class='ocrx_word' id='word_1_731' title='bbox 948 5438 1218 5493; x_wconf 86' lang='lat' dir='ltr'><strong>dilatatos.</strong></span> <span class='ocrx_word' id='word_1_732' title='bbox 1275 5437 1500 5510; x_wconf 69' lang='lat' dir='ltr'><strong>Vestigla</strong></span> <span class='ocrx_word' id='word_1_733' title='bbox 1529 5424 1658 5494; x_wconf 7' lang='lat' dir='ltr'><strong>vero,</strong></span> <span class='ocrx_word' id='word_1_734' title='bbox 1684 5440 1825 5492; x_wconf 79' lang='lat' dir='ltr'><strong>viam</strong></span> 
     </span>
    </p>
   </div>
   <div class='ocr_carea' id='block_1_103' title="bbox 232 5528 1828 5603">
    <p class='ocr_par' dir='ltr' id='par_1_103' title="bbox 232 5528 1828 5603">
     <span class='ocr_line' id='line_1_103' title="bbox 232 5528 1828 5603; baseline 0 -19"><span class='ocrx_word' id='word_1_735' title='bbox 232 5528 633 5585; x_wconf 81' lang='lat' dir='ltr'><strong>informationis</strong></span> <span class='ocrx_word' id='word_1_736' title='bbox 683 5531 991 5598; x_wconf 88' lang='lat' dir='ltr'><strong>ostendunt,</strong></span> <span class='ocrx_word' id='word_1_737' title='bbox 1022 5548 1180 5603; x_wconf 86' lang='lat' dir='ltr'><strong>quam</strong></span> <span class='ocrx_word' id='word_1_738' title='bbox 1215 5531 1574 5585; x_wconf 86' lang='lat' dir='ltr'><strong>ﬁrmissimam</strong></span> <span class='ocrx_word' id='word_1_739' title='bbox 1613 5532 1828 5600; x_wconf 82' lang='lat' dir='ltr'><strong>reliquit</strong></span> 
     </span>
    </p>
   </div>
   <div class='ocr_carea' id='block_1_104' title="bbox 231 5616 1827 5695">
    <p class='ocr_par' dir='ltr' id='par_1_104' title="bbox 231 5616 1827 5695">
     <span class='ocr_line' id='line_1_104' title="bbox 231 5616 1827 5695; baseline 0 -19"><span class='ocrx_word' id='word_1_740' title='bbox 231 5621 520 5693; x_wconf 70' lang='lat' dir='ltr'><strong>apostolis,</strong></span> <span class='ocrx_word' id='word_1_741' title='bbox 543 5621 628 5678; x_wconf 91' lang='lat' dir='ltr'><strong>ubi</strong></span> <span class='ocrx_word' id='word_1_742' title='bbox 659 5624 771 5692; x_wconf 87' lang='lat' dir='ltr'><strong>ipse</strong></span> <span class='ocrx_word' id='word_1_743' title='bbox 798 5639 1017 5695; x_wconf 81' lang='lat' dir='ltr'><strong>gressus</strong></span> <span class='ocrx_word' id='word_1_744' title='bbox 1044 5625 1356 5694; x_wconf 84' lang='lat' dir='ltr'><strong>imprimens</strong></span> <span class='ocrx_word' id='word_1_745' title='bbox 1387 5616 1586 5677; x_wconf 83' lang='lat' dir='ltr'><strong>sanctis</strong></span> <span class='ocrx_word' id='word_1_746' title='bbox 1617 5624 1827 5676; x_wconf 89' lang='lat' dir='ltr'><strong>actibus</strong></span> 
     </span>
    </p>
   </div>
   <div class='ocr_carea' id='block_1_105' title="bbox 233 5715 1829 5788">
    <p class='ocr_par' dir='ltr' id='par_1_105' title="bbox 233 5715 1829 5788">
     <span class='ocr_line' id='line_1_105' title="bbox 233 5715 1829 5788; baseline -0.001 -18"><span class='ocrx_word' id='word_1_747' title='bbox 233 5715 556 5771; x_wconf 68' lang='lat' dir='ltr'><strong>ambulavit.</strong></span> <span class='ocrx_word' id='word_1_748' title='bbox 608 5716 734 5772; x_wconf 69' lang='lat' dir='ltr'><strong>llaec</strong></span> <span class='ocrx_word' id='word_1_749' title='bbox 761 5733 888 5788; x_wconf 88' lang='lat' dir='ltr'><strong>ergo</strong></span> <span class='ocrx_word' id='word_1_750' title='bbox 917 5719 1128 5788; x_wconf 82' lang='lat' dir='ltr'><strong>uestigia</strong></span> <span class='ocrx_word' id='word_1_751' title='bbox 1155 5718 1223 5773; x_wconf 89' lang='lat' dir='ltr'><strong>ab</strong></span> <span class='ocrx_word' id='word_1_752' title='bbox 1252 5716 1480 5773; x_wconf 86' lang='lat' dir='ltr'><strong>inimicis</strong></span> <span class='ocrx_word' id='word_1_753' title='bbox 1509 5715 1829 5769; x_wconf 82' lang='lat' dir='ltr'><strong>inﬁrmanda</strong></span> 
     </span>
    </p>
   </div>
   <div class='ocr_carea' id='block_1_106' title="bbox 224 5806 1832 5880">
    <p class='ocr_par' dir='ltr' id='par_1_106' title="bbox 224 5806 1832 5880">
     <span class='ocr_line' id='line_1_106' title="bbox 224 5806 1832 5880; baseline -0.01 -2"><span class='ocrx_word' id='word_1_754' title='bbox 224 5811 355 5878; x_wconf 76' lang='lat' dir='ltr'><strong>iure</strong></span> <span class='ocrx_word' id='word_1_755' title='bbox 385 5810 691 5879; x_wconf 73' lang='lat' dir='ltr'><strong>denegavit,</strong></span> <span class='ocrx_word' id='word_1_756' title='bbox 719 5811 841 5880; x_wconf 86' lang='lat' dir='ltr'><strong>quia</strong></span> <span class='ocrx_word' id='word_1_757' title='bbox 875 5813 997 5868; x_wconf 84' lang='lat' dir='ltr'><strong>licet</strong></span> <span class='ocrx_word' id='word_1_758' title='bbox 1025 5827 1084 5868; x_wconf 89' lang='lat' dir='ltr'><strong>se</strong></span> <span class='ocrx_word' id='word_1_759' title='bbox 1112 5821 1334 5867; x_wconf 87' lang='lat' dir='ltr'><strong>ventosa</strong></span> <span class='ocrx_word' id='word_1_760' title='bbox 1380 5808 1560 5866; x_wconf 86' lang='lat' dir='ltr'><strong>mundi</strong></span> <span class='ocrx_word' id='word_1_761' title='bbox 1590 5806 1832 5875; x_wconf 78' lang='lat' dir='ltr'><strong>procella</strong></span> 
     </span>
    </p>
   </div>
   <div class='ocr_carea' id='block_1_107' title="bbox 1927 4684 3498 4758">
    <p class='ocr_par' dir='ltr' id='par_1_107' title="bbox 1927 4684 3498 4758">
     <span class='ocr_line' id='line_1_107' title="bbox 1927 4684 3498 4758; baseline -0.005 -16"><span class='ocrx_word' id='word_1_762' title='bbox 1927 4688 2057 4742; x_wconf 72' lang='lat' dir='ltr'><strong>dteis</strong></span> <span class='ocrx_word' id='word_1_763' title='bbox 2079 4688 2609 4744; x_wconf 64' lang='lat' dir='ltr'><strong>at‘titnadvertendttm</strong></span> <span class='ocrx_word' id='word_1_764' title='bbox 2633 4699 2735 4754; x_wconf 72' lang='grc' dir='ltr'><strong>εει,</strong></span> <span class='ocrx_word' id='word_1_765' title='bbox 2768 4689 2854 4758; x_wconf 90' lang='lat' dir='ltr'><strong>qui</strong></span> <span class='ocrx_word' id='word_1_766' title='bbox 2881 4688 3041 4755; x_wconf 87' lang='lat' dir='ltr'><strong>impia</strong></span> <span class='ocrx_word' id='word_1_767' title='bbox 3066 4699 3196 4740; x_wconf 88' lang='lat' dir='ltr'><strong>voce</strong></span> <span class='ocrx_word' id='word_1_768' title='bbox 3218 4684 3498 4736; x_wconf 79' lang='lat' dir='ltr'><strong>dixerunt:</strong></span> 
     </span>
    </p>
   </div>
   <div class='ocr_carea' id='block_1_108' title="bbox 1928 4774 3493 4852">
    <p class='ocr_par' dir='ltr' id='par_1_108' title="bbox 1928 4774 3493 4852">
     <span class='ocr_line' id='line_1_108' title="bbox 1928 4774 3493 4852; baseline -0.006 -15"><span class='ocrx_word' id='word_1_769' title='bbox 1928 4781 2151 4850; x_wconf 82' lang='lat' dir='ltr'><strong>Sanguis</strong></span> <span class='ocrx_word' id='word_1_770' title='bbox 2173 4782 2285 4851; x_wconf 85' lang='lat' dir='ltr'><strong>ejus</strong></span> <span class='ocrx_word' id='word_1_771' title='bbox 2305 4797 2458 4852; x_wconf 87' lang='lat' dir='ltr'><strong>super</strong></span> <span class='ocrx_word' id='word_1_772' title='bbox 2499 4798 2614 4848; x_wconf 84' lang='lat' dir='ltr'><strong>nos,</strong></span> <span class='ocrx_word' id='word_1_773' title='bbox 2642 4790 2689 4835; x_wconf 85' lang='lat' dir='ltr'><strong>et</strong></span> <span class='ocrx_word' id='word_1_774' title='bbox 2715 4797 2871 4851; x_wconf 87' lang='lat' dir='ltr'><strong>super</strong></span> <span class='ocrx_word' id='word_1_775' title='bbox 2895 4779 3030 4848; x_wconf 75' lang='lat' dir='ltr'><strong>ﬁlios</strong></span> <span class='ocrx_word' id='word_1_776' title='bbox 3057 4787 3256 4832; x_wconf 84' lang='lat' dir='ltr'><strong>nostros</strong></span> <span class='ocrx_word' id='word_1_777' title='bbox 3282 4774 3493 4849; x_wconf 77' lang='lat' dir='ltr'><strong>(Matth.</strong></span> 
     </span>
    </p>
   </div>
   <div class='ocr_carea' id='block_1_109' title="bbox 1926 4870 2235 4943">
    <p class='ocr_par' dir='ltr' id='par_1_109' title="bbox 1926 4870 2235 4943">
     <span class='ocr_line' id='line_1_109' title="bbox 1926 4870 2235 4943; baseline -0.006 -15"><span class='ocrx_word' id='word_1_778' title='bbox 1926 4891 2089 4936; x_wconf 83' lang='lat' dir='ltr'><strong>xxvn,</strong></span> <span class='ocrx_word' id='word_1_779' title='bbox 2121 4870 2235 4943; x_wconf 63' lang='lat'><strong>$25).</strong></span> 
     </span>
    </p>
   </div>
   <div class='ocr_carea' id='block_1_110' title="bbox 2003 4963 3503 5035">
    <p class='ocr_par' dir='ltr' id='par_1_110' title="bbox 2003 4963 3503 5035">
     <span class='ocr_line' id='line_1_110' title="bbox 2003 4963 3503 5035; baseline -0.005 -14"><span class='ocrx_word' id='word_1_780' title='bbox 2003 4966 2157 5021; x_wconf 83' lang='lat' dir='ltr'><strong>Vers.</strong></span> <span class='ocrx_word' id='word_1_781' title='bbox 2188 4964 2278 5020; x_wconf 69' lang='grc'><strong>45.</strong></span> <span class='ocrx_word' id='word_1_782' title='bbox 2311 4963 2689 5032; x_wconf 82' lang='lat' dir='ltr'><strong>Clamaverunt,</strong></span> <span class='ocrx_word' id='word_1_783' title='bbox 2714 4980 2804 5019; x_wconf 85' lang='lat' dir='ltr'><strong>nec</strong></span> <span class='ocrx_word' id='word_1_784' title='bbox 2830 4973 2939 5017; x_wconf 86' lang='lat' dir='ltr'><strong>erat</strong></span> <span class='ocrx_word' id='word_1_785' title='bbox 2969 4963 3058 5032; x_wconf 85' lang='lat' dir='ltr'><strong>qui</strong></span> <span class='ocrx_word' id='word_1_786' title='bbox 3091 4965 3256 5017; x_wconf 78' lang='lat' dir='ltr'><strong>salvos</strong></span> <span class='ocrx_word' id='word_1_787' title='bbox 3291 4963 3503 5035; x_wconf 78' lang='lat' dir='ltr'><strong>faceret,</strong></span> 
     </span>
    </p>
   </div>
   <div class='ocr_carea' id='block_1_111' title="bbox 1927 5055 3504 5124">
    <p class='ocr_par' dir='ltr' id='par_1_111' title="bbox 1927 5055 3504 5124">
     <span class='ocr_line' id='line_1_111' title="bbox 1927 5055 3504 5124; baseline -0.001 -12"><span class='ocrx_word' id='word_1_788' title='bbox 1927 5059 1995 5113; x_wconf 78' lang='lat' dir='ltr'><strong>ad</strong></span> <span class='ocrx_word' id='word_1_789' title='bbox 2023 5057 2340 5124; x_wconf 87' lang='lat' dir='ltr'><strong>Dominum,</strong></span> <span class='ocrx_word' id='word_1_790' title='bbox 2371 5075 2461 5113; x_wconf 87' lang='lat' dir='ltr'><strong>nec</strong></span> <span class='ocrx_word' id='word_1_791' title='bbox 2496 5057 2753 5112; x_wconf 69' lang='lat' dir='ltr'><strong>exaudivit</strong></span> <span class='ocrx_word' id='word_1_792' title='bbox 2783 5071 2890 5108; x_wconf 86' lang='lat' dir='ltr'><strong>eos.</strong></span> <span class='ocrx_word' id='word_1_793' title='bbox 2921 5055 3195 5110; x_wconf 85' lang='lat' dir='ltr'><strong>Clamores</strong></span> <span class='ocrx_word' id='word_1_794' title='bbox 3222 5055 3349 5110; x_wconf 85' lang='lat' dir='ltr'><strong>dicit</strong></span> <span class='ocrx_word' id='word_1_795' title='bbox 3381 5058 3504 5111; x_wconf 89' lang='lat' dir='ltr'><strong>irri-</strong></span> 
     </span>
    </p>
   </div>
   <div class='ocr_carea' id='block_1_112' title="bbox 1929 5147 3506 5222">
    <p class='ocr_par' dir='ltr' id='par_1_112' title="bbox 1929 5147 3506 5222">
     <span class='ocr_line' id='line_1_112' title="bbox 1929 5147 3506 5222; baseline -0.004 -14"><span class='ocrx_word' id='word_1_796' title='bbox 1929 5163 2034 5217; x_wconf 91' lang='lat' dir='ltr'><strong>tos,</strong></span> <span class='ocrx_word' id='word_1_797' title='bbox 2066 5167 2199 5222; x_wconf 84' lang='lat' dir='ltr'><strong>quos</strong></span> <span class='ocrx_word' id='word_1_798' title='bbox 2230 5151 2382 5220; x_wconf 87' lang='lat' dir='ltr'><strong>impii</strong></span> <span class='ocrx_word' id='word_1_799' title='bbox 2411 5153 2462 5204; x_wconf 93' lang='lat' dir='ltr'><strong>in</strong></span> <span class='ocrx_word' id='word_1_800' title='bbox 2493 5151 2582 5203; x_wconf 89' lang='lat' dir='ltr'><strong>illa</strong></span> <span class='ocrx_word' id='word_1_801' title='bbox 2613 5148 2939 5217; x_wconf 88' lang='lat' dir='ltr'><strong>jndicatioue</strong></span> <span class='ocrx_word' id='word_1_802' title='bbox 2971 5149 3184 5202; x_wconf 87' lang='lat' dir='ltr'><strong>missuri</strong></span> <span class='ocrx_word' id='word_1_803' title='bbox 3208 5157 3368 5213; x_wconf 85' lang='lat' dir='ltr'><strong>sunt;</strong></span> <span class='ocrx_word' id='word_1_804' title='bbox 3402 5147 3506 5202; x_wconf 49' lang='lat' dir='ltr'><strong>siem</strong></span> 
     </span>
    </p>
   </div>
   <div class='ocr_carea' id='block_1_113' title="bbox 1931 5239 3506 5314">
    <p class='ocr_par' dir='ltr' id='par_1_113' title="bbox 1931 5239 3506 5314">
     <span class='ocr_line' id='line_1_113' title="bbox 1931 5239 3506 5314; baseline -0.006 -13"><span class='ocrx_word' id='word_1_805' title='bbox 1931 5259 1985 5301; x_wconf 91' lang='lat' dir='ltr'><strong>ut</strong></span> <span class='ocrx_word' id='word_1_806' title='bbox 2026 5246 2078 5300; x_wconf 91' lang='lat' dir='ltr'><strong>in</strong></span> <span class='ocrx_word' id='word_1_807' title='bbox 2113 5245 2406 5314; x_wconf 86' lang='lat' dir='ltr'><strong>Evangelio</strong></span> <span class='ocrx_word' id='word_1_808' title='bbox 2437 5243 2504 5298; x_wconf 92' lang='lat' dir='ltr'><strong>de</strong></span> <span class='ocrx_word' id='word_1_809' title='bbox 2546 5240 2862 5296; x_wconf 88' lang='lat' dir='ltr'><strong>damnandis</strong></span> <span class='ocrx_word' id='word_1_810' title='bbox 2891 5241 3001 5296; x_wconf 87' lang='lat' dir='ltr'><strong>ait:</strong></span> <span class='ocrx_word' id='word_1_811' title='bbox 3037 5239 3122 5294; x_wconf 87' lang='lat' dir='ltr'><strong>lbi</strong></span> <span class='ocrx_word' id='word_1_812' title='bbox 3151 5241 3240 5294; x_wconf 83' lang='lat' dir='ltr'><strong>erit</strong></span> <span class='ocrx_word' id='word_1_813' title='bbox 3270 5243 3418 5311; x_wconf 84' lang='lat' dir='ltr'><strong>ﬂetus</strong></span> <span class='ocrx_word' id='word_1_814' title='bbox 3459 5248 3506 5293; x_wconf 89' lang='lat' dir='ltr'><strong>et</strong></span> 
     </span>
    </p>
   </div>
   <div class='ocr_carea' id='block_1_114' title="bbox 1937 5333 3506 5408">
    <p class='ocr_par' dir='ltr' id='par_1_114' title="bbox 1937 5333 3506 5408">
     <span class='ocr_line' id='line_1_114' title="bbox 1937 5333 3506 5408; baseline -0.004 -14"><span class='ocrx_word' id='word_1_815' title='bbox 1937 5343 2126 5395; x_wconf 84' lang='lat' dir='ltr'><strong>stridor</strong></span> <span class='ocrx_word' id='word_1_816' title='bbox 2149 5342 2374 5394; x_wconf 88' lang='lat' dir='ltr'><strong>dentium</strong></span> <span class='ocrx_word' id='word_1_817' title='bbox 2404 5334 2618 5408; x_wconf 72' lang='lat' dir='ltr'><strong>(Matth.</strong></span> <span class='ocrx_word' id='word_1_818' title='bbox 2651 5351 2765 5400; x_wconf 71' lang='lat' dir='ltr'><strong>XIII,</strong></span> <span class='ocrx_word' id='word_1_819' title='bbox 2797 5333 2906 5406; x_wconf 71' lang='grc'><strong>42).</strong></span> <span class='ocrx_word' id='word_1_820' title='bbox 2943 5336 3218 5391; x_wconf 87' lang='lat' dir='ltr'><strong>Clamores</strong></span> <span class='ocrx_word' id='word_1_821' title='bbox 3246 5337 3386 5389; x_wconf 90' lang='lat' dir='ltr'><strong>enim</strong></span> <span class='ocrx_word' id='word_1_822' title='bbox 3419 5334 3506 5390; x_wconf 88' lang='lat' dir='ltr'><strong>isti</strong></span> 
     </span>
    </p>
   </div>
   <div class='ocr_carea' id='block_1_115' title="bbox 1932 5423 3508 5496">
    <p class='ocr_par' dir='ltr' id='par_1_115' title="bbox 1932 5423 3508 5496">
     <span class='ocr_line' id='line_1_115' title="bbox 1932 5423 3508 5496; baseline -0.003 -12"><span class='ocrx_word' id='word_1_823' title='bbox 1932 5431 2112 5486; x_wconf 89' lang='lat' dir='ltr'><strong>salvos</strong></span> <span class='ocrx_word' id='word_1_824' title='bbox 2159 5429 2336 5485; x_wconf 88' lang='lat' dir='ltr'><strong>facere</strong></span> <span class='ocrx_word' id='word_1_825' title='bbox 2379 5435 2678 5494; x_wconf 89' lang='lat' dir='ltr'><strong>nequeunt,</strong></span> <span class='ocrx_word' id='word_1_826' title='bbox 2731 5427 2818 5496; x_wconf 91' lang='lat' dir='ltr'><strong>qui</strong></span> <span class='ocrx_word' id='word_1_827' title='bbox 2870 5427 3054 5480; x_wconf 87' lang='lat' dir='ltr'><strong>salutis</strong></span> <span class='ocrx_word' id='word_1_828' title='bbox 3101 5435 3373 5480; x_wconf 90' lang='lat' dir='ltr'><strong>auctorem</strong></span> <span class='ocrx_word' id='word_1_829' title='bbox 3422 5423 3508 5479; x_wconf 86' lang='lat' dir='ltr'><strong>hic</strong></span> 
     </span>
    </p>
   </div>
   <div class='ocr_carea' id='block_1_116' title="bbox 1936 5517 3508 5588">
    <p class='ocr_par' dir='ltr' id='par_1_116' title="bbox 1936 5517 3508 5588">
     <span class='ocr_line' id='line_1_116' title="bbox 1936 5517 3508 5588; baseline -0.008 -8"><span class='ocrx_word' id='word_1_830' title='bbox 1936 5523 2278 5580; x_wconf 90' lang='lat' dir='ltr'><strong>temnendutn</strong></span> <span class='ocrx_word' id='word_1_831' title='bbox 2331 5535 2448 5575; x_wconf 84' lang='lat' dir='ltr'><strong>esse</strong></span> <span class='ocrx_word' id='word_1_832' title='bbox 2476 5520 2854 5576; x_wconf 86' lang='lat' dir='ltr'><strong>decreverunt.</strong></span> <span class='ocrx_word' id='word_1_833' title='bbox 2917 5518 3027 5574; x_wconf 87' lang='lat' dir='ltr'><strong>Nec</strong></span> <span class='ocrx_word' id='word_1_834' title='bbox 3067 5527 3176 5573; x_wconf 86' lang='lat' dir='ltr'><strong>erat</strong></span> <span class='ocrx_word' id='word_1_835' title='bbox 3206 5518 3293 5588; x_wconf 86' lang='lat' dir='ltr'><strong>qui</strong></span> <span class='ocrx_word' id='word_1_836' title='bbox 3340 5517 3508 5570; x_wconf 82' lang='lat' dir='ltr'><strong>salvos</strong></span> 
     </span>
    </p>
   </div>
   <div class='ocr_carea' id='block_1_117' title="bbox 1936 5607 3508 5688">
    <p class='ocr_par' dir='ltr' id='par_1_117' title="bbox 1936 5607 3508 5688">
     <span class='ocr_line' id='line_1_117' title="bbox 1936 5607 3508 5688; baseline -0.005 -19"><span class='ocrx_word' id='word_1_837' title='bbox 1936 5617 2122 5688; x_wconf 79' lang='lat' dir='ltr'><strong>faceret</strong></span> <span class='ocrx_word' id='word_1_838' title='bbox 2150 5623 2406 5683; x_wconf 88' lang='lat' dir='ltr'><strong>:propter</strong></span> <span class='ocrx_word' id='word_1_839' title='bbox 2436 5611 2704 5665; x_wconf 87' lang='lat' dir='ltr'><strong>diabolum</strong></span> <span class='ocrx_word' id='word_1_840' title='bbox 2738 5611 2895 5678; x_wconf 86' lang='lat' dir='ltr'><strong>dicit,</strong></span> <span class='ocrx_word' id='word_1_841' title='bbox 2927 5625 3029 5678; x_wconf 88' lang='lat' dir='ltr'><strong>quo</strong></span> <span class='ocrx_word' id='word_1_842' title='bbox 3068 5608 3385 5663; x_wconf 84' lang='lat' dir='ltr'><strong>imtttittente</strong></span> <span class='ocrx_word' id='word_1_843' title='bbox 3415 5607 3508 5661; x_wconf 87' lang='lat' dir='ltr'><strong>de-</strong></span> 
     </span>
    </p>
   </div>
   <div class='ocr_carea' id='block_1_118' title="bbox 1937 5700 3508 5779">
    <p class='ocr_par' dir='ltr' id='par_1_118' title="bbox 1937 5700 3508 5779">
     <span class='ocr_line' id='line_1_118' title="bbox 1937 5700 3508 5779; baseline -0.008 -15"><span class='ocrx_word' id='word_1_844' title='bbox 1937 5710 2226 5779; x_wconf 91' lang='lat' dir='ltr'><strong>liquerunt.</strong></span> <span class='ocrx_word' id='word_1_845' title='bbox 2261 5707 2388 5773; x_wconf 86' lang='lat' dir='ltr'><strong>Quis</strong></span> <span class='ocrx_word' id='word_1_846' title='bbox 2417 5711 2558 5760; x_wconf 89' lang='lat' dir='ltr'><strong>enim</strong></span> <span class='ocrx_word' id='word_1_847' title='bbox 2602 5705 2738 5759; x_wconf 84' lang='lat' dir='ltr'><strong>tales</strong></span> <span class='ocrx_word' id='word_1_848' title='bbox 2763 5704 2998 5759; x_wconf 87' lang='lat' dir='ltr'><strong>facturus</strong></span> <span class='ocrx_word' id='word_1_849' title='bbox 3025 5710 3108 5757; x_wconf 87' lang='lat' dir='ltr'><strong>est</strong></span> <span class='ocrx_word' id='word_1_850' title='bbox 3145 5700 3322 5757; x_wconf 78' lang='lat' dir='ltr'><strong>salvos</strong></span> <span class='ocrx_word' id='word_1_851' title='bbox 3342 5740 3358 5766; x_wconf 88' lang='lat'><strong>,</strong></span> <span class='ocrx_word' id='word_1_852' title='bbox 3387 5713 3508 5752; x_wconf 89' lang='lat' dir='ltr'><strong>cum</strong></span> 
     </span>
    </p>
   </div>
   <div class='ocr_carea' id='block_1_119' title="bbox 1939 5790 3510 5873">
    <p class='ocr_par' dir='ltr' id='par_1_119' title="bbox 1939 5790 3510 5873">
     <span class='ocr_line' id='line_1_119' title="bbox 1939 5790 3510 5873; baseline -0.01 -15"><span class='ocrx_word' id='word_1_853' title='bbox 1939 5802 2214 5873; x_wconf 86' lang='lat' dir='ltr'><strong>instigator</strong></span> <span class='ocrx_word' id='word_1_854' title='bbox 2247 5808 2301 5855; x_wconf 87' lang='lat' dir='ltr'><strong>et</strong></span> <span class='ocrx_word' id='word_1_855' title='bbox 2331 5799 2578 5870; x_wconf 88' lang='lat' dir='ltr'><strong>princeps</strong></span> <span class='ocrx_word' id='word_1_856' title='bbox 2623 5811 2810 5854; x_wconf 73' lang='lat' dir='ltr'><strong>eorum</strong></span> <span class='ocrx_word' id='word_1_857' title='bbox 2861 5796 2931 5850; x_wconf 89' lang='lat' dir='ltr'><strong>sit</strong></span> <span class='ocrx_word' id='word_1_858' title='bbox 2963 5795 3164 5864; x_wconf 85' lang='lat' dir='ltr'><strong>primus</strong></span> <span class='ocrx_word' id='word_1_859' title='bbox 3203 5794 3316 5864; x_wconf 89' lang='lat' dir='ltr'><strong>ipse</strong></span> <span class='ocrx_word' id='word_1_860' title='bbox 3358 5790 3510 5862; x_wconf 46' lang='lat' dir='ltr'><strong>damg</strong></span> 
     </span>
    </p>
   </div>
  </div>
