4016 6344
517 361 622 421 ηδ

1729 361 1801 420 Μ.
1839 361 2120 422 Δυκειιι
2151 360 2565 422 CASSIODORI

3664 359 3773 414 156

513 476 753 563 pandas?
777 477 885 537 Sed
911 478 968 536 hi
993 493 1116 536 cum
1143 477 1377 536 viderint
1407 491 1558 550 spem
1583 491 1737 534 suam
1774 477 1830 534 in
1857 478 2074 534 diabolo
2103 478 2166 546 Α
2188 495 2332 534 casse
2360 495 2380 535 :
2408 478 2536 550 quia
2575 476 2672 532 lilii
2713 473 2924 532 Domini
2969 474 3133 532 rectis
3181 473 3453 546 gressibus
3480 473 3769 533 ambulare

514 573 812 641 corruisse,
841 571 1132 630 clamabunt
1157 572 1372 644 quidem
1401 571 1470 626 ad
1509 570 1820 638 Dominum,
1852 572 1948 627 sed
1982 588 2086 626 non

515 665 752 720 exaudiet
792 681 878 722 eos
904 681 924 720 :
950 663 1202 736 quoniam
1251 663 1581 719 infructuosa
1626 663 1738 720 illic
1779 663 2086 734 agnoscitur

518 754 816 824 pmnitudo,
849 754 943 811 ubi
965 754 1076 825 jam
1102 761 1184 810 est
1205 753 1351 824 justa
1373 753 1666 810 damnatio.

589 845 741 904 Vers.
768 845 860 902 44.
884 844 953 900 Et
979 846 1318 900 comminuam
1348 861 1433 901 eos
1476 853 1532 900 ut
1571 845 1826 916 pulverem
1845 855 1964 900 ante
2005 849 2090 916 {a-

516 940 642 995 ciem
667 941 834 1006 venti;
878 947 933 994 ut
974 939 1142 995 lutum
1171 940 1459 1011 platearum
1500 938 1679 993 delebo
1721 955 1829 996 eos.
1876 937 1976 994 Ubi
2005 944 2091 994 est

521 1031 613 1088 illa
643 1032 821 1102 lingua
849 1031 1203 1102 grandiloqua
1247 1039 1302 1086 et
1329 1041 1548 1086 ventosa
1586 1030 1879 1100 superbia?
1909 1028 2090 1100 Usque

515 1123 582 1180 ad
612 1124 889 1195 pulverem
931 1140 994 1182 se
1022 1123 1463 1180 comminuendas
1489 1122 1826 1193 intelligant,
1857 1123 1949 1194 qui
1988 1122 2093 1177 Do-

515 1217 664 1274 mino
691 1219 868 1290 pravis
887 1219 1155 1274 mentibus
1183 1216 1555 1273 contradicere
1581 1217 1896 1272 moliuntur.
1929 1213 1999 1270 Et
2024 1229 2090 1271 ne

516 1319 705 1380 putent
732 1325 792 1366 se
813 1311 1056 1380 quamvis
1083 1310 1310 1365 detritos
1336 1323 1496 1379 posse
1517 1308 1817 1378 quiescere,
1845 1306 2088 1376 addidit,

517 1415 636 1460 ante
657 1405 841 1476 faciem
867 1405 1036 1470 venti;
1066 1410 1125 1457 ut
1148 1403 1432 1474 quiescere
1453 1415 1559 1456 non
1583 1400 1813 1470 possint,
1832 1414 1953 1456 cum
1974 1399 2092 1456 lue-

517 1498 624 1554 rint
653 1497 940 1552 imminuti.
970 1496 1114 1551 Bene
1153 1505 1332 1550 autem
1365 1494 1472 1549 luto
1501 1495 1789 1565 platearum
1813 1501 2090 1562 comparat

517 1598 858 1659 peccatores,
910 1585 1051 1656 quod
1096 1583 1425 1642 letidissimis
1465 1583 1716 1640 sordibus
1743 1581 2089 1654 inquinatur,

518 1695 620 1738 nec
645 1681 912 1750 excipitur
936 1695 966 1736 a
992 1679 1399 1734 conculcatione
1418 1675 1625 1747 populi,
1653 1683 1717 1730 ut
1735 1689 1954 1746 semper
1976 1675 2094 1744 ejus

519 1771 660 1829 fetor
688 1773 929 1828 iteretur.
967 1768 1154 1824 Delebo
1193 1783 1278 1822 eos
1302 1808 1318 1834 ,
1361 1766 1415 1821 id
1460 1775 1544 1821 est
1568 1765 1634 1821 de
1664 1765 1840 1821 medio
1870 1767 2089 1833 tollam,

2185 581 2500 628 noscuntur.
2535 571 2666 626 Nam
2719 570 3010 625 claudicare
3036 569 3251 640 proprie
3283 569 3510 627 dicimus
3535 585 3630 627 eos
3669 571 3770 641 qui

2187 678 2294 720 uno
2322 662 2458 733 pede
2505 669 2628 718 sunt
2657 661 2880 716 debiles.
2929 661 3077 727 Quod
3109 660 3312 717 ludatis
3355 662 3615 718 accidisse
3647 677 3768 718 ma-

2187 753 2436 809 nifestum
2465 764 2579 820 est,
2610 752 2700 824 qui
2736 753 2897 809 Vetus
2931 751 3330 808 Testamentum
3359 753 3648 810 carnaliter
3685 765 3775 810 te-

2187 854 2398 911 nentes,
2421 844 2551 899 btovi
2579 844 2804 915 gratiam
2821 853 3174 914 respuerunt:
3203 853 3258 901 et
3283 845 3408 900 hinc
3429 845 3626 901 factum
3659 856 3774 916 est,

2190 949 2248 995 ut
2275 956 2377 995 una
2406 951 2556 1009 parte
2585 939 2791 994 debiles
2819 939 3010 994 mentis
3035 954 3147 994 suae
3177 938 3452 1009 gressibus
3493 938 3776 996 claudica-

2189 1041 2328 1088 rent.
2355 1033 2465 1087 Hoc
2482 1033 2648 1088 etiam
2673 1036 2727 1087 in
2741 1032 2831 1086 illa
2852 1033 3092 1104 angelica
3113 1034 3515 1090 concertatione
3536 1038 3777 1106 patriar-

2189 1124 2306 1179 chae
2334 1123 2503 1181 .Iacob
2531 1123 2686 1193 (Gen.
2711 1139 2880 1191 xxxtt,
2903 1124 3017 1196 24),
3041 1125 3252 1195 quidam
3293 1135 3543 1180 asserunt
3572 1141 3776 1190 praesa-

2191 1226 2395 1289 gatum,
2417 1219 2631 1288 quando
2671 1225 2814 1274 tacto
2845 1233 3008 1273 nervo
3029 1259 3047 1284 ,
3091 1234 3197 1274 uno
3223 1217 3364 1290 pede
3386 1220 3608 1276 claudus
3641 1223 3780 1279 θίγε.-

2196 1321 2315 1364 ctus
2353 1318 2456 1366 est.
2499 1309 2606 1364 Nec
2663 1309 2791 1364 illud
2828 1320 2983 1365 vacat
3026 1310 3166 1380 quod
3211 1309 3418 1366 addidit
3469 1313 3604 1377 suis,
3643 1313 3776 1383 quia

2193 1399 2509 1457 deserentes
2539 1400 2866 1456 intellectum
2906 1401 3070 1471 legis,
3129 1401 3243 1458 suis
3293 1404 3770 1472 superstitionibus

2195 1493 2526 1561 agebantur;
2557 1502 2616 1549 ut
2648 1509 2757 1550 non
2786 1495 3105 1561 recipientes
3133 1495 3456 1564 promissum
3489 1495 3773 1554 Dominum

2194 1583 2564 1652 Salvatorem,
2601 1584 2670 1640 de
2712 1585 2951 1642 lavandis
2992 1585 3237 1641 manibus
3279 1595 3336 1643 et
3377 1587 3632 1643 calicibus
3661 1589 3777 1660 64

2195 1674 2408 1730 insanas
2431 1676 2723 1731 calumnias
2747 1687 3176 1744 commoverent;
3208 1691 3396 1734 revera
3416 1680 3642 1748 sordidi,
3672 1681 3772 1736 sed

2198 1781 2304 1822 non
2351 1768 2446 1823 tali
2499 1768 2877 1826 observatione
2925 1770 3239 1827 mundandi.
3290 1770 3581 1828 Potueraut
3623 1773 3772 1829 enim

520 1865 660 1937 quod
689 1865 920 1936 pertinet
943 1865 1011 1921 ad
1029 1865 1193 1920 lutum
1215 1865 1502 1935 platearum
1540 1862 1662 1920 Vim
1681 1873 1894 1935 quoque
1923 1863 2094 1930 ipsam
2125 1857 2174 1926 Β
2199 1860 2414 1933 propria
2443 1862 2574 1918 laece
2603 1863 2855 1934 purgari,
2885 1863 2932 1920 si
2955 1863 3224 1921 lavacrum
3255 1864 3394 1920 sacri
3431 1863 3776 1936 baptismatis

521 1958 929 2031 comparationis
953 1957 1192 2028 intellige
1207 1976 1220 2014 :
1237 1959 1312 2014 ait
1331 1959 1496 2026 enim,
1519 1967 1574 2012 ut
1595 1957 1764 2011 lutum
1785 1955 2095 2025 platearum,

519 2054 660 2126 quod
688 2054 848 2110 facile
875 2053 1104 2122 tollitur,
1130 2053 1254 2125 quia
1279 2052 1654 2109 mollissimum
1690 2047 2094 2119 comprobatur.

590 2146 748 2202 Vers.
777 2145 870 2204 45.
918 2146 1125 2218 Eripies
1173 2162 1252 2200 me
1295 2147 1359 2200 de
1389 2142 1873 2200 contradictionibus
1895 2138 2094 2213 populi,

523 2241 800 2295 constitues
837 2255 916 2294 me
941 2239 996 2294 in
1037 2249 1190 2311 caput
1231 2238 1455 2311 gentium
1485 2252 1506 2292 :
1544 2236 1768 2306 papulas
1804 2249 1952 2306 quem
1993 2247 2096 2286 non

522 2332 732 2403 cognovi
756 2331 959 2387 servivit
982 2330 1130 2387 mihi.
1170 2328 1395 2402 Ereptus
1439 2337 1514 2384 est
1542 2328 1703 2400 plane
1740 2327 1804 2381 de
1841 2321 2100 2380 contradi-

525 2424 780 2479 ctionibus
805 2423 985 2494 pepuli
1015 2439 1032 2477 :
1059 2422 1272 2494 quando
1297 2421 1530 2492 explosis
1557 2420 1776 2492 perﬁdis
1803 2417 2004 2474 ludatis
2030 2414 2097 2470 ad

525 2519 765 2590 gentium
795 2517 956 2574 ﬁdem
997 2516 1447 2585 devotionemque
1488 2513 1778 2569 translatus
1824 2519 1928 2568 est.
1960 2507 2100 2562 Con-

525 2609 857 2665 tradictiones
885 2623 1013 2664 vero
1040 2607 1160 2663 illas
1197 2607 1362 2674 dicit,
1391 2620 1523 2677 quas
1553 2607 1602 2662 ei
1650 2605 1916 2661 scelerata
1947 2602 2096 2658 turba

525 2699 892 2770 multipliciter
923 2700 1222 2778 ingerebat.
1253 2699 1386 2754 Nam
1413 2697 1554 2769 quod
1580 2698 1689 2762 ait,
1717 2697 1996 2752 constitues
2019 2709 2099 2748 me

525 2793 579 2848 in
600 2803 753 2865 caput
775 2794 1019 2864 gentium,
1044 2792 1253 2863 signum
1285 2792 1416 2847 dicit
1444 2792 1564 2846 ﬁdei
1591 2791 1913 2846 Christiana
1937 2805 1951 2842 :
1978 2787 2101 2857 quia

527 2885 585 2940 in
616 2887 790 2942 fronte
811 2885 1071 2956 gentium,
1109 2885 1289 2940 crucis
1317 2884 1620 2940 habuerunt
1645 2883 1842 2938 vexilla
1862 2880 2098 2937 radiare.

529 2972 790 3043 Populum
817 2990 966 3044 quem
989 2989 1091 3028 non
1117 2975 1350 3045 cognovi,
1374 2973 1428 3029 id
1452 2974 1619 3028 estad
1648 2987 1807 3041 quem
1834 2985 1939 3026 non
1957 2969 2099 3036 veni,

529 3082 750 3148 novum,
783 3067 1003 3133 rudem,
1037 3075 1197 3134 atque
1226 3077 1385 3121 antea
1421 3081 1527 3120 non
1556 3074 1853 3133 receptum.
1888 3061 2102 3117 Servivit

2198 1953 2566 2024 expetiissent.

2271 2047 2423 2103 Vers.
2451 2046 2542 2103 48.
2583 2047 2719 2116 Vivit
2741 2047 3014 2122 Dominus,
3037 2059 3090 2108 et
3127 2051 3410 2109 benedictus
3429 2050 3568 2110 Deus
3589 2069 3726 2110 meus
3747 2071 3771 2122 ;

2197 2149 2244 2194 et
2268 2140 2522 2195 excitetur
2562 2139 2702 2196 Deus
2731 2142 2914 2198 salutis
2938 2159 3081 2202 metu.
3109 2145 3297 2214 Quarti
3330 2147 3534 2204 ordinis
3571 2147 3732 2219 janua
3750 2193 3768 2219 ,

2199 2248 2318 2306 qum
2338 2242 2611 2307 superest,
2640 2236 2881 2307 aperitur
2911 2255 2924 2294 :
2959 2240 3051 2295 ubi
3079 2239 3274 2297 iterum
3301 2240 3542 2297 Ecclesia
3583 2241 3770 2297 catho-

2197 2327 2300 2382 lica
2343 2327 2579 2399 loquitur
2607 2338 2718 2384 toto
2755 2329 2888 2387 orbe
2914 2330 3172 2399 dilatata,
3218 2348 3338 2404 qua:
3364 2333 3670 2389 summatim
3709 2341 3772 2407 (et

2199 2419 2459 2476 beneﬁcia
2490 2419 2654 2477 refert
2690 2421 2934 2491 Domini,
2966 2431 3023 2479 et
3057 2423 3311 2498 hymnum
3340 2426 3491 2481 suavi
3530 2425 3772 2481 delecta-

2198 2512 2346 2568 tione
2370 2510 2662 2586 prolundit.
2686 2511 2850 2568 Recte
2869 2513 3078 2570 dicebat
3103 2532 3118 2569 :
3151 2514 3290 2572 Vivit
3311 2515 3580 2584 Dominus,
3607 2532 3774 2588 quem

2199 2603 2256 2659 in
2302 2618 2402 2660 suo
2463 2604 2627 2660 corde
2676 2602 2791 2676 jugi
2832 2605 3261 2663 consideratione
3307 2607 3580 2665 cernebat.
3633 2605 3776 2664 Vivit

2199 2698 2367 2768 enim,
2399 2697 2574 2764 dixit,
2605 2711 2844 2768 praesens
2875 2707 2958 2754 est
2992 2699 3145 2753 ﬁrma
3188 2697 3507 2755 credulitate
3549 2713 3775 2768 conspe.

2201 2799 2341 2845 ctus.
2370 2788 2677 2844 Benedictus
2697 2799 2876 2847 autem
2907 2790 3103 2847 dicitur
3129 2789 3290 2859 Deus,
3321 2807 3444 2849 cum
3470 2792 3521 2848 ei
3546 2793 3663 2847 laus
3687 2806 3776 2848 ce-

2203 2884 2490 2941 leberrima
2523 2884 2808 2941 devotione
2851 2885 3046 2941 mentis
3072 2884 3320 2954 odertur;
3367 2887 3504 2942 sicut
3552 2895 3606 2942 et
3644 2883 3779 2944 alibi

2205 2977 2397 3049 legitur
2419 2995 2434 3033 :
2454 2977 2752 3034 Benedictus
2780 2979 2869 3049 qui
2891 2980 3019 3034 venit
3039 2980 3092 3034 in
3113 2981 3313 3035 nomine
3335 2979 3561 3052 Domini,
3587 2979 3779 3034 ltosan-

2204 3086 2274 3124 na
2299 3071 2352 3124 in
2380 3072 2586 3126 excelsis
2608 3071 2822 3145 (Matth.
2851 3087 2966 3139 xxt,
2994 3073 3110 3144 10).
3133 3073 3449 3144 Intelligitur
3471 3075 3630 3130 etiam
3656 3089 3779 3145 pm-

531 3165 706 3211 autem
727 3194 745 3222 ,
770 3153 999 3210 credidit
1025 3153 1190 3220 dicit,
1223 3153 1473 3224 quoniam
1504 3153 1810 3224 quicunque
1851 3151 2022 3207 credit
2048 3157 2100 3206 et

2210 3163 2327 3231 prie
2365 3159 2660 3216 benedictus
2686 3203 2702 3230 ,
2742 3162 2881 3233 quod
2910 3162 3024 3233 ipse
3067 3163 3241 3218 omnia
3273 3163 3532 3234 propitius
3560 3164 3783 3220 benedi-

529 3247 733 3310 Bel'Vil;
763 3243 904 3316 (ιιιοά
927 3245 1123 3300 ramum
1145 3255 1230 3300 εει
1254 3259 1285 3298 ³
1315 3243 1586 3316 εθηιίδυεν
1611 3258 1731 3314 qua
1760 3258 1867 3298 ηοη
1892 3242 2102 3297 fueram
2129 3235 2177 3302 C
2208 3261 2294 3310 cat
2325 3271 2340 3308 :
2372 3254 2512 3309 sicut
2540 3262 2595 3309 et
2621 3253 2739 3309 vivit
2765 3254 3037 3323 Dominus,
3065 3255 3208 3326 quod
3230 3255 3347 3326 ipse
3371 3254 3620 3312 viviﬁcet.
3657 3256 3786 3313 llaec

533 3352 566 3395 a
589 3339 801 3395 Christo
839 3336 1126 3394 carnaliter
1155 3335 1440 3408 inquisitio.
1492 3333 1625 3390 Nam
1662 3332 1789 3404 quid
1835 3342 1920 3389 est
1964 3332 2107 3403 quod

531 3428 623 3488 ille
651 3446 756 3486 non
786 3439 1094 3502 cognoscat,
1124 3427 1217 3500 qui
1247 3442 1404 3484 renes
1434 3427 1714 3484 hominum
1742 3434 2109 3498 perscrutatur

533 3535 589 3585 et
611 3528 772 3583 corda
789 3528 813 3581 t

606 3620 762 3677 Vers.
792 3619 884 3678 46.
919 3621 1179 3677 Obauditu
1199 3621 1340 3678 auris
1361 3622 1624 3679 obaudivit
1647 3623 1774 3679 mihi
1789 3641 1807 3688 ;
1830 3624 1927 3694 filii
1951 3622 2110 3678 alieni

537 3713 730 3768 mentiti
750 3724 869 3769 sunt
895 3717 1040 3771 mihi.
1072 3717 1212 3773 Laus
1238 3718 1340 3772 ista
1367 3720 1630 3786 gentium,
1656 3717 2000 3789 exprobratio
2026 3725 2111 3774 est

537 3819 726 3873 magna
754 3804 1090 3873 Judazorum;
1123 3817 1178 3862 ut
1200 3809 1465 3862 servirent
1493 3811 1580 3878 qui
1606 3825 1712 3863 non
1741 3809 1988 3865 viderunt
2011 3827 2026 3875 ;
2049 3818 2109 3866 ut

534 3896 780 3953 audirent
817 3896 1008 3968 quibus
1060 3912 1128 3952 ex
1177 3883 1272 3954 ore
1320 3899 1436 3968 ejus
1479 3899 1844 3955 sacratissima
1889 3901 2108 3957 minime

535 3990 700 4044 verba
727 3997 1052 4056 sonuerunt;
1083 3990 1222 4046 sicut
1254 3990 1511 4061 scriptum
1541 4001 1624 4046 est
1653 4009 1667 4046 :
1700 3993 1894 4059 Quibus
1914 4009 2012 4047 non
2037 4001 2108 4049 est

535 4091 824 4136 nuntiatum
844 4081 909 4135 de
927 4097 986 4136 eo
1021 4081 1302 4149 videbunt;
1336 4091 1382 4138 et
1415 4083 1503 4153 qui
1533 4100 1633 4138 non
1673 4085 1944 4139 audierunt
1983 4101 2110 4140 con-

536 4175 915 4244 templabuntur
965 4172 1096 4246 (lsa.
1124 4175 1362 4244 ιι1,15).
1403 4174 1506 4232 Sed
1549 4176 1856 4232 intellectus
1901 4175 2102 4245 trahit,

535 4273 597 4321 ut
621 4267 956 4335 adjiciamus.
991 4265 1204 4320 Hebraei
1226 4274 1403 4321 autem
1439 4267 1531 4337 qui
1573 4268 1824 4323 viderunt
1851 4278 1906 4323 et
1925 4268 2115 4324 audieo

535 4366 679 4424 runt,
711 4359 848 4412 sicut
879 4357 1102 4412 inferius
1129 4358 1260 4413 dicit
1289 4400 1304 4424 ,
1333 4367 1500 4414 totum
1545 4361 1813 4416 contraria
1835 4363 2108 4419 voluntate

535 4445 798 4504 fecerunt.
840 4447 990 4515 Quod
1025 4446 1166 4504 idem
1203 4448 1445 4518 praedicit
1496 4450 1708 4507 Isaias:
1756 4450 1978 4508 Excteca
2018 4470 2108 4509 eor

2211 3352 2389 3400 autem
2418 3353 2472 3400 et
2500 3344 2583 3400 his
2599 3343 2813 3414 similia,
2843 3346 2979 3400 sicut
3005 3359 3146 3416 Sll"pe
3173 3345 3433 3414 diximus,
3458 3346 3679 3418 tropicis
3705 3347 3787 3401 al-

2209 3436 2506 3493 lusionibus
2527 3436 2819 3508 probantur
2837 3438 2994 3493 edici.
3020 3436 3292 3492 Exaltetur
3313 3453 3438 3494 vero
3458 3438 3654 3507 posuit,
3669 3445 3787 3494 toto

2209 3530 2343 3586 orbe
2390 3530 2660 3586 credatur.
2691 3529 2822 3585 Nam
2854 3529 3297 3600 quemadmodum
3351 3529 3508 3586 aliter
3550 3529 3786 3587 exaltari

2209 3630 2439 3693 poterat,
2470 3623 2559 3692 qui
2586 3622 2800 3692 proprie
2821 3632 3042 3678 vocatur
3071 3621 3416 3677 Altissimus?

2288 3714 2438 3770 Vers.
2464 3712 2555 3770 49.
2585 3712 2724 3769 Deus
2743 3714 2832 3785 qui
2859 3714 2953 3768 das
2974 3715 3246 3768 vindictam
3273 3712 3417 3781 mihi,
3436 3721 3484 3768 et
3511 3713 3787 3769 subdidisti

2211 3808 2367 3879 (mss.
2402 3811 2493 3874 A.,
2525 3808 2620 3875 B.,
2661 3808 2750 3879 F.,
2783 3815 2830 3864 et
2860 3806 3058 3879 subdis)
3100 3807 3316 3878 populos
3343 3807 3435 3862 sub
3455 3824 3556 3862 me.
3591 3807 3651 3863 In
3683 3811 3787 3864 isto

2209 3901 2410 3960 mundo
2462 3902 2855 3971 pracconialitcr
2910 3900 3210 3956 vindicatur
3245 3901 3516 3969 Ecclesia,
3565 3901 3787 3969 quando

2209 3993 2512 4063 blasphemi
2541 4000 2596 4048 et
2631 3993 2878 4049 inlideles
2905 3993 2971 4048 ad
3010 4009 3150 4048 verae
3179 3993 3458 4064 religionis
3489 3991 3786 4061 penetralia

2210 4084 2600 4154 perducuntur;
2639 4091 2696 4137 ut
2731 4084 2820 4153 qui
2861 4091 2986 4138 ante
3028 4087 3370 4137 contumaces
3413 4081 3782 4152 exstiterunt,

2209 4173 2438 4228 ﬁantilli
2468 4160 3030 4243 proﬁcuadevmioue
3064 4172 3309 4241 subjecti.
3342 4173 3480 4226 Ecce
3508 4185 3633 4226 vere
3669 4171 3786 4224 vin-

2209 4265 2349 4320 dicta
2387 4267 2474 4335 pia
2495 4308 2511 4334 ,
2535 4264 2783 4319 salutaris
2811 4278 2999 4334 paena,
3041 4262 3175 4318 ultio
3203 4262 3459 4332 gloriosa.
3494 4261 3597 4330 Ipsi
3633 4261 3781 4316 enim

2211 4355 2472 4410 Ecclesia:
2516 4354 2850 4424 subdantur,
2884 4355 2971 4424 qui
3004 4353 3158 4408 liberi
3196 4353 3484 4424 probantur
3523 4365 3556 4406 a
3590 4352 3778 4420 vitiis;

2210 4465 2330 4506 nam
2363 4448 2463 4530 .qui
2495 4447 2565 4502 ab
2595 4449 2710 4518 ipsa
2747 4447 2996 4516 deviant,
3037 4461 3159 4502 mox
3195 4447 3441 4518 laqueum
3470 4445 3647 4502 noxia:
3695 4460 3792 4501 ca-

535 4540 713 4618 populi
743 4541 932 4614 hujus,
958 4550 1006 4596 et
1045 4557 1196 4595 aures
1237 4543 1350 4613 ejus
1395 4559 1653 4614 aggrava,
1689 4553 1736 4600 et
1783 4546 1957 4601 oculos
1996 4549 2106 4619 ejus
2139 4614 2169 4619 _
2212 4543 2469 4612 pliVilaliS
2507 4540 2812 4597 ἱηειπΐυηι·

535 4616 715 4687 claude
743 4648 763 4687 :
793 4647 855 4686 ne
881 4632 1014 4704 forte
1042 4631 1247 4688 videant
1276 4632 1439 4687 oculis
1461 4634 1565 4687 suis
1584 4673 1600 4702 ,
1643 4644 1732 4689 aut
1765 4637 1976 4692 auribus
1999 4614 2104 4695 suis
2134 4614 2188 4677 D
2283 4635 2441 4691 Vers.
2464 4633 2556 4691 50.
2588 4635 2854 4690 Liberator
2873 4650 3012 4690 meus
3039 4633 3101 4690 de
3127 4633 3359 4706 gentibus
3385 4633 3648 4689 iracundis
3675 4648 3697 4689 :
3722 4634 3793 4688 ab

535 4725 772 4794 audiant,
802 4723 882 4778 vel
911 4723 1062 4778 corde
1101 4739 1193 4779 suo
1218 4723 1540 4796 intelligant,
1569 4735 1614 4781 et
1641 4739 2028 4799 convertantur,
2057 4743 2105 4787 et

535 4830 709 4871 canem
738 4831 822 4870 eos
863 4813 999 4888 (Isa.
1026 4830 1101 4884 vt,
1132 4815 1245 4887 10).
1289 4817 1418 4882 Quae
1446 4818 1613 4890 ﬁgura
1655 4819 1850 4877 dicitur
1889 4824 2105 4894 aposio-

540 4909 704 4982 pesis,
738 4909 792 4965 id
814 4919 896 4966 est
919 4909 1079 4966 dictio
1115 4909 1268 4980 cujus
1299 4909 1422 4966 ﬁnis
1448 4913 1735 4982 reticetur;
1772 4925 1950 4972 utaut
1991 4927 2103 4974 ter-

535 5008 740 5068 reatur,
764 5009 858 5056 aut
882 5000 949 5057 ad
994 5000 1318 5057 desiderium
1353 5014 1670 5073 provocetur
1709 5008 1942 5066 auditor.
1975 5009 2106 5067 Filii

535 5097 711 5166 alieni,
740 5097 836 5154 ﬁlii
877 5097 1092 5165 diaboli,
1123 5098 1316 5170 quibus
1356 5100 1471 5170 ipse
1507 5099 1562 5157 in
1604 5101 1892 5174 Evangelio
1930 5105 2103 5162 dicit:

539 5187 649 5246 Vos
681 5205 746 5246 ea:
774 5199 920 5259 patre
964 5189 1172 5245 diabolo
1200 5191 1318 5247 estis
1361 5191 1548 5264 (Joan.
1582 5208 1697 5261 vrtt,
1743 5194 1875 5265 44),
1908 5198 2107 5252 mentiti

534 5290 654 5336 sunt
677 5280 824 5347 mihi,
849 5280 1061 5352 quando
1087 5281 1336 5339 dicebant
1364 5299 1378 5338 :
1415 5283 1680 5356 Magister,
1711 5290 1900 5342 scimus
1922 5289 2043 5358 quia
2068 5305 2104 5345 a

534 5369 646 5429 Deo
675 5373 866 5437 venisti.
889 5383 936 5428 et
960 5375 1014 5429 in
1041 5375 1250 5431 veritate
1275 5378 1408 5431 viam
1433 5375 1532 5432 Dei
1554 5378 1703 5432 doces
1729 5376 1941 5450 (Matth.
1967 5395 2096 5450 xxtt,

537 5463 655 5536 16).
683 5463 895 5522 Μεηιίνὶ
919 5467 1062 5522 enim
1087 5477 1376 5530 estcontra
1405 5477 1640 5526 mentem
1671 5470 1855 5541 loqui,
1884 5480 1938 5527 et
1967 5472 2100 5529 illud

535 5553 713 5628 lingua
741 5573 984 5628 promere
1008 5560 1150 5632 quod
1180 5575 1611 5632 unumquemque
1643 5569 1855 5634 constat
1885 5562 1940 5619 in
1981 5561 2102 5619 ani-
2145 5578 2150 5583 ·

536 5664 629 5708 tuo
658 5664 764 5706 non
789 5649 1006 5708 habere.

606 5741 760 5802 Vere.
791 5743 881 5800 47.
911 5740 1040 5798 Filii
1065 5742 1224 5800 alieni
1261 5745 1682 5812 inveteraverunt,
1711 5751 1760 5800 et
1788 5741 2108 5799 claudicare-

535 5841 655 5892 runt
679 5852 712 5892 a
735 5835 925 5893 semitis
963 5832 1088 5892 suis.
1132 5835 1276 5895 Bene
1315 5831 1450 5893 dixit
1493 5833 1688 5892 alienos
1729 5833 1870 5906 ﬁlios
1903 5833 2107 5893 claudi-

2213 4728 2585 4801 iusurgentibus
2608 4728 2662 4781 in
2700 4742 2783 4782 me
2811 4728 3058 4783 exaltabis
3084 4744 3182 4792 me,
3209 4745 3244 4781 a
3270 4729 3377 4782 viro
3397 4728 3571 4798 iniquo
3601 4727 3792 4799 eripies

2210 4835 2312 4874 me.
2341 4818 2564 4876 Addidit
2590 4819 2862 4875 liberatori
2892 4819 3126 4886 laudem,
3157 4818 3283 4874 dum
3312 4819 3463 4886 dicit,
3494 4820 3790 4874 iracundis.

2211 4913 2386 4970 Minus
2414 4921 2498 4969 est
2517 4911 2660 4967 enim
2691 4909 3078 4980 periclitantem
3105 4911 3331 4966 liberare
3351 4912 3418 4966 ab
3439 4911 3672 4966 inimicis
3706 4922 3793 4966 te-

2215 5004 2364 5076 pidis,
2397 5003 2494 5060 sed
2523 5002 2691 5056 multo
2711 5001 2996 5071 gloriosius
3018 5019 3045 5056 a
3073 5003 3278 5058 fervida
3303 5004 3634 5074 malignitate
3659 5017 3792 5058 suc-

2211 5096 2410 5152 censis.
2432 5094 2684 5164 Sequitur
2712 5093 2911 5148 decora
2937 5093 3252 5158 diversitas,
3297 5103 3356 5150 ut
3391 5104 3591 5165 quanto
3619 5096 3792 5152 altius

2209 5190 2266 5246 in
2294 5190 2426 5244 iram
2463 5199 2814 5242 surrexerunt
2858 5188 3091 5253 inimici,
3127 5198 3276 5243 tanto
3304 5189 3537 5258 amplius
3562 5189 3788 5244 exalta-

2211 5291 2361 5340 retur
2381 5279 2625 5349 illa,qu.'e
2647 5280 2887 5349 pertulit.
2906 5277 3149 5348 Iniquum
3169 5280 3353 5348 virum,
3375 5279 3786 5336 schismaticum

2208 5373 2476 5443 designat,
2503 5371 2595 5442 qui
2629 5372 2867 5436 perversi
2891 5371 3152 5442 dogmatis
3179 5371 3456 5442 iniquitate
3481 5383 3786 5444 grassatur.

2281 5464 2434 5521 Vere.
2467 5465 2558 5521 51.
2585 5463 2866 5533 Propterea
2899 5465 3173 5535 conﬁtebor
3201 5467 3291 5520 tibi
3317 5467 3371 5520 in
3399 5465 3638 5539 populis,
3676 5466 3786 5522 Do-

2201 5559 2358 5626 mine,
2387 5567 2433 5612 et
2457 5558 2710 5627 psalmum
2739 5558 2908 5610 dicam
2949 5558 3038 5612 tibi
3072 5559 3205 5614 inter
3227 5569 3420 5632 gentes.
3453 5559 3738 5631 Propterea
3763 5601 3782 5626 ,

2205 5661 2424 5723 prepter
2451 5652 2536 5707 illa
2569 5667 2687 5721 qua:
2717 5653 2963 5722 superius
3001 5654 3140 5709 dicta
3163 5664 3306 5710 sunt.
3343 5652 3635 5725 Conﬁtcbor
3663 5655 3783 5718 tibi,

2204 5743 2258 5800 id
2287 5753 2372 5800 est
2407 5742 2618 5799 laudem
2667 5752 2720 5798 te
2766 5758 2860 5814 per
2895 5746 3116 5815 populos
3144 5745 3504 5815 Christianos,
3544 5759 3779 5816 quorum

2205 5835 2390 5906 utique
2411 5833 2590 5905 lingua
2623 5832 2877 5893 Ecclesiae
2899 5851 2998 5894 vox
3021 5847 3122 5896 est.
3147 5835 3390 5896 Psalmus
3407 5845 3612 5906 autem,
3631 5835 3782 5896 sicut
