4064 6360
288 419 373 477 I37
784 416 785 419 “
874 476 882 487 ,
1180 415 1539 475 EXPOSITIO
1577 415 1642 473 IN
1682 415 2136 476 PSALTERIUM.
2178 417 2372 478 I‘SAL.
2416 418 2595 475 XVIII.

3422 424 3524 478 158

287 536 463 593 dictum
490 539 602 600 est,
634 545 769 603 opus
794 529 1057 604 significat
1085 534 1292 589 actuale
1318 551 1332 587 :
1364 533 1507 589 unde
1538 550 1635 602 per
1674 548 1839 603 opera
1865 536 1921 596 Α
1946 531 2108 588 faciat
2137 549 2256 590 esse
2287 536 2638 605 psalmistam.
2692 536 2793 591 Per
2836 551 2955 608 qua:
3006 535 3351 606 intelligimus
3398 538 3525 598 illos

286 628 497 685 ﬁdelium
531 628 639 682 Deo
667 626 799 681 dicit
834 627 1035 697 gratias
1061 666 1076 691 ,
1123 642 1252 697 quas
1286 627 1405 695 plus
1443 626 1700 681 Divinitas
1747 639 1842 681 no-

285 725 434 777 scitur
466 717 722 775 exaudire
761 733 921 788 quam
971 733 1151 774 voces.
1195 716 1342 772 Inter
1390 728 1562 789 gentes
1603 718 1848 787 designat

285 810 701 878 universitatem,
726 812 979 882 quoniam
1028 818 1146 867 erat
1178 810 1415 866 Ecclesia
1459 810 1698 881 gentium
1744 821 1843 863 nu-

284 902 571 962 merositate
598 902 897 958 dilatanda.

344 996 490 1053 Vers.
517 997 609 1051 52.
650 994 998 1067 Hagni/icans
1034 993 1261 1050 salutare
1289 994 1421 1065 regis
1454 994 1617 1064 ipsius
1638 1032 1655 1061 ,
1688 1000 1738 1048 et
1765 992 1849 1061 {a-

282 1089 404 1143 ciens
429 1087 835 1142 misericordiam
860 1086 1063 1141 Christo
1094 1102 1185 1141 suo
1216 1085 1416 1156 David,
1456 1094 1504 1140 et
1527 1085 1708 1140 semini
1731 1086 1843 1156 ejus

284 1194 426 1250 usque
452 1180 506 1233 in
538 1180 803 1234 steculum.
828 1178 1061 1249 Exponit
1081 1180 1289 1249 qualem
1315 1177 1577 1248 psalmum
1598 1176 1847 1246 superius

282 1272 487 1337 dixerit,
516 1271 609 1340 qui
640 1270 947 1340 magnificet
981 1270 1145 1325 filium
1175 1270 1344 1339 ipsius
1380 1278 1492 1325 toto
1520 1269 1654 1325 orbe
1678 1278 1848 1324 terra-

281 1374 405 1418 rum.
438 1361 672 1416 Christus
700 1373 827 1417 ante
842 1361 1118 1417 dicebatur
1134 1362 1310 1417 omnis
1336 1373 1527 1416 unctus
1551 1362 1604 1415 in
1628 1375 1843 1431 regem;
1864 1412 1867 1415 .

280 1456 403 1511 sicut
430 1464 485 1510 et
509 1455 575 1510 de
603 1455 763 1510 Saule
789 1455 992 1510 dictum
1016 1466 1099 1510 est
1128 1473 1141 1509 :
1172 1453 1274 1509 Cur
1302 1471 1459 1509 ausus
1489 1453 1635 1527 fuisti
1656 1454 1848 1524 inferre

280 1562 473 1601 manum
501 1548 554 1600 in
594 1546 836 1601 christum
864 1546 1076 1601 Domini
1096 1545 1179 1619 (Il
1211 1545 1341 1617 Reg.
1360 1562 1399 1613 ι,
1429 1545 1560 1616 II)?
1590 1542 1648 1598 In
1678 1542 1847 1597 David

278 1653 395 1709 ergo
418 1640 545 1709 fecit
577 1639 998 1708 misericordiam,
1029 1639 1151 1708 quia
1179 1638 1599 1705 eum,uttitulus
1613 1636 1768 1703 dixit,
1783 1636 1851 1693 de

280 1733 708 1802 persequentium
753 1731 1030 1787 ferocitate
1062 1731 1325 1786 liberavit.
1374 1728 1443 1784 Et
1486 1730 1669 1784 semini
1702 1730 1848 1798 ejus,

282 1823 559 1881 Dominum
590 1826 856 1896 significat
888 1826 1249 1891 Salvatorem,
1287 1826 1375 1894 qui
1404 1823 1703 1879 Secundum
1730 1836 1851 1876 car-

280 1931 394 1973 nem
424 1918 497 1974 ab
528 1918 695 1989 ipsius
712 1919 1057 1990 generatione
1084 1918 1384 1973 descendit.
1414 1916 1549 1972 Dicit
1567 1931 1696 1986 ergo
1728 1924 1854 1970 tunc
1882 1913 1934 1978 Β

278 2012 683 2068 misericordiam
723 2015 910 2084 [actam
954 2013 1134 2069 semini
1163 2013 1270 2083 ejus
1293 2054 1310 2081 ,
1341 2011 1555 2084 quando
1584 2022 1704 2081 post
1748 2012 1851 2066 tri-

276 2099 433 2158 duum
462 2104 762 2159 resurrexit
786 2119 819 2159 a
847 2104 1097 2170 mortuis,
1126 2101 1366 2157 ascendit
1395 2102 1448 2157 in
1477 2103 1665 2167 caelos,
1695 2101 1851 2157 sedet

276 2189 336 2245 ad
366 2191 648 2248 dexteram
677 2192 869 2248 Patris.
908 2190 1078 2263 Usque
1123 2191 1177 2245 in
1215 2192 1459 2245 swculum
1505 2190 1765 2260 accipitur
1794 2190 1853 2247 in

275 2292 565 2353 internum;
614 2286 751 2344 sicut
795 2286 851 2342 in
900 2283 1179 2358 superiore
1224 2283 1431 2356 psalmo
1478 2282 1679 2341 dictum
1724 2290 1850 2352 est,

276 2394 430 2450 usque
458 2383 514 2435 in
541 2382 695 2451 ﬁnem
718 2396 738 2436 :
772 2379 884 2436 haec
911 2382 1056 2436 enim
1096 2379 1258 2435 verba
1279 2380 1506 2450 idipsum
1527 2379 1848 2450 significant,

275 2479 515 2547 quamvis
559 2485 775 2549 propter
817 2475 1040 2548 gratiam
1073 2475 1326 2532 novitatis
1366 2476 1567 2532 variata
1611 2487 1733 2530 esse
1771 2470 1853 2527 vi-

275 2568 519 2625 deantur.

809 2659 1081 2716 Conclusio
1110 2659 1318 2729 psalmi.

338 2777 522 2847 Quam
553 2774 787 2831 mirabili
816 2776 1158 2830 contextione
1184 2773 1473 2829 verborum
1512 2770 1672 2841 hujus
1702 2770 1850 2838 psal-

272 2879 339 2926 mi
365 2871 563 2926 drama
601 2869 887 2924 decursum
927 2877 1044 2935 est,
1087 2866 1232 2937 quod
1266 2865 1558 2921 variatione
1596 2876 1855 2932 persona-

272 2978 388 3020 rum
421 2976 648 3031 semper
675 2959 905 3015 efficitur
927 3004 942 3031 ,
979 2959 1105 3014 dum
1137 2957 1372 3013 vicarius
1412 2956 1515 3012 sibi
1562 2968 1743 3010 sermo
1771 2952 1855 3007 al~

273 3064 475 3112 terutra
544 3054 935 3125 permutatione
992 3050 1271 3107 succedit!
1320 3048 1429 3105 Sed
1492 3046 1858 3117 intelligamus

273 3155 474 3217 quanta
504 3145 579 3200 sit
606 3143 765 3215 hujus
794 3143 946 3198 chori
987 3142 1223 3213 gloriosa
1250 3140 1483 3197 societas
1510 3155 1525 3206 ;
1558 3146 1619 3193 ut
1644 3147 1697 3193 et
1736 3138 1854 3205 ipse

274 3255 486 3312 quoque
504 3239 764 3295 Dominus
789 3237 944 3293 simul
965 3234 1385 3307 dignatusfuerit
1409 3234 1665 3290 salutaria
1693 3231 1853 3287 verba

272 3334 551 3402 miscere,
585 3346 681 3403 pro
727 3331 920 3400 quibus
977 3345 1081 3385 non
1120 3336 1436 3398 aspernatus
1497 3334 1581 3383 est
1629 3325 1850 3380 humili-

272 3431 439 3481 tatem
466 3423 856 3480 incarnationis
883 3435 1177 3477 assumere.
1210 3419 1340 3474 Nam
1372 3426 1427 3473 et
1453 3432 1708 3473 numerus
1736 3418 1851 3486 ipse

275 3530 470 3588 magna
500 3517 637 3588 legis
656 3524 989 3572 sacramenta
1018 3513 1307 3570 concludit.
1331 3512 1591 3567 Denarius
1622 3511 1855 3581 pertinet

274 3610 340 3664 ad
374 3611 703 3679 Decalogum
740 3610 949 3665 Veteris
996 3606 1360 3672 Testameuti,
1408 3604 1742 3675 septenarius
1786 3603 1854 3659 ad

274 3703 645 3771 septiformem
674 3700 927 3770 Spiritum
961 3700 1091 3771 (ed.,
1122 3700 1352 3770 Spiritus
1378 3696 1650 3769 gratiam);
1680 3695 1773 3766 qui
1800 3696 1855 3751 in

276 3808 436 3848 unam
460 3793 770 3850 societatem
803 3792 1043 3857 deducti,
1075 3791 1315 3848 efﬁciunt
1339 3791 1523 3845 decem
1547 3798 1601 3845 et
1621 3798 1850 3858 septem.

276 3883 364 3940 Sic
390 3887 663 3955 praecipua
693 3883 945 3955 mysteria
973 3892 1171 3939 sanctae
1194 3883 1324 3955 legis
1358 3880 1546 3953 psalmi
1574 3881 1729 3939 istius
1750 3895 1854 3936 nu—

278 3990 425 4034 mero
457 3979 829 4035 continentur.

546 4088 911 4147 EXPOSITIO
948 4087 1015 4144 IN
1050 4086 1377 4144 PSALMUM
1415 4084 1603 4142 XVIII.

712 4181 780 4236 In
806 4182 960 4251 ﬁnem
984 4179 1213 4252 psalmus
1238 4178 1428 4235 David.

344 4296 636 4367 Inscriptio
674 4295 776 4351 ista
830 4295 1141 4365 frequenter
1186 4294 1430 4363 exposita
1482 4300 1604 4361 est,
1663 4289 1857 4361 psalmi

280 4386 415 4443 dicta
446 4388 697 4444 referens
722 4387 788 4442 ad
820 4387 1103 4443 Dominum
1127 4384 1398 4441 Christqu
1424 4402 1437 4439 :
1470 4385 1537 4441 de
1575 4383 1728 4454 cujus
1750 4383 1861 4454 pri-

279 4492 365 4535 mo
396 4481 635 4538 adventu
682 4480 942 4551 propheta
985 4479 1225 4536 dicturus
1279 4488 1393 4547 est,
1444 4478 1587 4535 unde
1622 4476 1859 4547 suscepit

278 4575 532 4633 inimicus
560 4590 835 4642 occasum,
867 4584 920 4631 et
942 4575 1227 4629 humanum
1245 4587 1413 4645 genus
1436 4572 1705 4643 singulare
1721 4585 1858 4641 pra:-

1947 626 2093 681 solos
2115 642 2301 682 revera
2328 627 2540 682 Domini
2575 627 2758 682 laudes
2779 642 2992 695 canere,
3041 628 3132 699 qui
3162 629 3229 683 ab
3281 628 3400 700 ejus
3427 644 3523 688 no-

1946 718 2123 774 sciuut
2151 720 2620 790 praedicationibus
2645 718 2975 789 discrepare.

2484 871 2751 940 Expositio
2779 876 2980 946 psalmi.

2021 1025 2177 1083 Vers.
2226 1027 2276 1081 l.
2308 1026 2433 1082 Caeli
2458 1037 2698 1080 enarrant
2726 1027 2942 1097 gloriam
2971 1029 3067 1083 Dei
3092 1071 3105 1093 ,
3136 1037 3186 1084 et
3228 1030 3383 1098 opera
3408 1045 3522 1084 nta-

1951 1133 2113 1173 nuum
2157 1118 2274 1189 ejus
2325 1118 2599 1171 annuntiat
2643 1117 3043 1185 ﬁrmamentum.
3073 1119 3324 1187 Quamvis
3371 1131 3425 1175 et
3455 1120 3526 1176 ad

1949 1208 2181 1265 litteram
2202 1210 2371 1278 possit
2398 1209 2643 1280 intelligi,
2667 1210 2834 1265 cmlos
2856 1224 3135 1265 enarrasse
3158 1212 3383 1282 gloriam
3410 1212 3526 1278 Dei,

1949 1316 2072 1356 cum
2103 1301 2281 1372 Magos
2320 1302 2387 1356 ad
2423 1302 2700 1357 Bethleem
2740 1301 3017 1357 venientes
3053 1302 3159 1356 dux
3195 1303 3352 1357 stella
3390 1318 3530 1372 pra:-

1952 1395 2212 1462 cesserit,
2242 1410 2361 1465 qum
2390 1403 2539 1449 stans
2579 1409 2738 1465 supra
2785 1394 3048 1449 cunabula
3088 1394 3205 1464 ejus
3231 1435 3246 1459 ,
3292 1395 3530 1451 ostendit

1952 1488 2167 1544 Domini
2193 1488 2487 1545 Salvatoris
2530 1488 2816 1543 adventum
2840 1485 3055 1558 (Matth.
3081 1502 3144 1551 ιι,
3172 1484 3304 1560 l0),
3351 1497 3529 1542 tamen
3624 1546 3629 1557 ,

1954 1578 2059 1636 hoc
2094 1581 2287 1636 melius
2308 1580 2375 1634 ad
2404 1581 2676 1648 apostolos
2707 1580 3070 1636 convertimus
3107 1588 3162 1635 et
3199 1579 3489 1650 prophetas
3512 1620 3530 1647 ,

1954 1674 2048 1745 qui
2073 1674 2142 1730 de
2181 1676 2413 1731 adventu
2459 1676 2626 1744 ipsius
2669 1676 3004 1743 disserendo,
3030 1676 3215 1732 orbem
3267 1684 3530 1733 terrarum

1956 1764 2155 1820 sanctis
2176 1764 2627 1821 admonitionibus
2656 1765 3029 1834 impleverunt.
3064 1766 3119 1821 In
3168 1766 3360 1837 quibus
3393 1768 3532 1822 Deus

1960 1865 2214 1928 tanquam
2243 1857 2299 1912 in
2324 1857 2478 1913 caelis
2507 1858 2784 1925 habitavit,
2810 1858 2901 1927 qui
2922 1867 3110 1913 cuncta
3138 1859 3245 1914 late
3293 1859 3531 1927 comple-

1957 1951 2141 2017 ctitur,
2158 1965 2264 2005 non
2292 1965 2356 2005 ex
2371 1950 2650 2020 parte,sed
2683 1959 2791 2005 tota
2818 1965 2911 2007 eos
2932 1951 3038 2022 65
3062 1950 3392 2020 plenitudine
3419 1966 3531 2006 suae

1954 2042 2251 2112 majestatis
2272 2040 2597 2112 ingrediens.
2622 2040 2753 2097 Pars
2775 2042 2917 2097 enim
2946 2042 3000 2096 in
3023 2042 3133 2097 Deo
3162 2057 3268 2098 non
3299 2051 3402 2107 est,
3435 2040 3533 2096 sed

1962 2134 2160 2205 ubique
2186 2143 2328 2190 totus
2348 2141 2404 2189 et
2424 2134 2613 2204 plenus
2643 2142 2746 2189 est.
2777 2132 2944 2201 lmpio
2967 2134 3164 2203 quippe
3189 2134 3382 2189 dicitur
3411 2149 3427 2188 :
3452 2131 3533 2187 Tu

1950 2229 2063 2299 quis
2089 2244 2163 2297 es,
2191 2229 2280 2299 qui
2300 2242 2512 2284 enarras
2548 2227 2765 2299 gloriam
2796 2241 2962 2282 meam
2984 2224 3260 2299 (Ps.xt.tx,
3286 2227 3404 2295 16)?
3436 2226 3533 2282 Se-

1952 2321 2156 2394 quitur,
2187 2331 2233 2377 et
2260 2339 2417 2392 opera
2440 2339 2689 2377 manuum
2713 2323 2845 2393 ejus,
2885 2322 2937 2376 id
2960 2330 3073 2389 est,
3107 2322 3222 2390 ipse
3258 2320 3419 2375 homo
3443 2319 3534 2388 qui

1952 2417 2202 2472 manibus
2229 2416 2550 2511 ejusJactus
2580 2426 2684 2472 est.
2708 2416 2815 2472 Sed
2854 2415 2956 2471 hoc
2984 2415 3051 2470 ad
3101 2414 3312 2470 laudem
3340 2412 3535 2467 dicitur

1953 2506 2385 2579 praphetarum,‘
2408 2518 2464 2564 ut
2514 2523 2637 2564 cum
2689 2507 2799 2562 sint
2840 2522 3001 2577 opera
3046 2506 3183 2575 ejus,
3215 2506 3536 2560 annuntiare

1953 2613 2267 2658 mereantur
2280 2600 2554 2658 Creatoris
2575 2602 2656 2658 sui
2679 2601 2972 2657 reverenda
2999 2601 3270 2670 mysteria.
3292 2599 3535 2665 Addidit,

1955 2695 2233 2747 annuntiat
2260 2694 2660 2761 firmamentum,
2693 2694 3101 2763 prsdicationes
3124 2693 3336 2747 scilicet
3363 2693 3535 2746 incar-

1956 2783 2190 2837 nationis
2216 2782 2352 2851 ejus.
2382 2798 2476 2851 per
2506 2797 2663 2851 quam
2698 2782 2824 2837 ﬁdei
2853 2791 3051 2836 nostra:
3080 2782 3323 2836 soliditas
3350 2782 3537 2835 incon-

1960 2888 2116 2929 cussa
2154 2874 2417 2942 provenit.
2454 2874 2522 2927 Et
2561 2882 2685 2928 nota
2714 2873 2836 2941 quia
2874 2874 2959 2927 hic
2989 2874 3212 2939 dicitur,
3245 2873 3407 2927 homo
3443 2872 3539 2929 Dei

1959 2967 2208 3022 manibus
2236 2965 2430 3021 factus.
2472 2966 2602 3021 Item
2628 2964 2819 3035 legitur
2846 2983 2858 3018 :
2891 2964 2957 3018 Et
2985 2967 3185 3019 aridum
3215 2982 3395 3019 manus
3424 2969 3537 3036 ejus

1958 3059 2221 3128 ﬁnxerunt
2247 3055 2421 3129 (Psal.
2452 3072 2595 3125 xcw,
2621 3055 2699 3127 5).
2740 3056 2848 3112 Sed
2868 3056 2969 3111 hoc
2994 3056 3239 3110 humanae
3275 3057 3537 3125 operatio-

1957 3149 2045 3203 nis
2076 3148 2270 3203 allusio
2297 3157 2404 3216 est,
2439 3163 2562 3218 quae
2590 3148 2709 3202 sine
2749 3148 2994 3201 manibus
3031 3148 3228 3217 aliquid
3276 3148 3539 3204 fabricare

1962 3256 2070 3295 non
2102 3242 2381 3311 prmvalet.
2413 3242 2682 3296 Caeterum
2713 3242 2894 3295 omnia
2926 3241 3065 3295 Deus
3110 3241 3402 3295 voluntatis
3424 3256 3537 3295 sua:

1959 3333 2163 3388 creavit
2216 3334 2476 3403 imperio,
2528 3337 2667 3389 sicut
2717 3334 2952 3403 legitur:
2999 3333 3122 3402 Ipse
3171 3334 3300 3388 dixit
3333 3343 3379 3387 et
3406 3336 3541 3404 facta

1957 3435 2095 3493 sunt,
2126 3427 2237 3496 ipse
2262 3428 2523 3482 mandavit
2550 3436 2595 3481 et
2622 3434 2795 3481 creata
2820 3436 2940 3480 sunt
2978 3427 2996 3495 (
3019 3425 3166 3481 Psal.
3196 3440 3411 3495 CXLVIII,
3438 3427 3471 3479 5
3495 3428 3538 3497 ).

2030 3537 2183 3593 Vers.
2211 3538 2267 3592 2,
2298 3537 2421 3592 Dies
2450 3539 2552 3591 diei
2580 3548 2772 3592 eructat
2798 3538 3027 3604 verbum,
3071 3548 3119 3592 et
3150 3555 3251 3592 nos:
3282 3540 3418 3592 nocti
3457 3541 3538 3593 in-

1958 3634 2097 3689 dicat
2118 3634 2401 3689 scientiam.
2447 3634 2565 3687 Dies
2610 3635 2713 3687 diei
2749 3633 3009 3689 eructabat
3049 3635 3273 3701 verbum,
3328 3636 3541 3704 quando

1960 3726 2217 3782 Dominus
2250 3727 2564 3796 loquebatur
2591 3728 2867 3797 apostolis.
2902 3727 3020 3796 Ipse
3049 3728 3192 3781 enim
3224 3729 3401 3782 divina
3424 3730 3539 3783 cla-

1959 3822 2118 3877 ritate
2147 3820 2433 3886 irradians,
2462 3820 2625 3875 corde
2655 3821 2953 3890 purissimis
2987 3821 3151 3875 verba
3182 3822 3417 3877 caelestis
3459 3825 3539 3873 lu-

1958 3914 2119 3970 minis
2166 3913 2463 3968 intitnabat.
2513 3912 2790 3967 Eructabat
2840 3913 2983 3969 enim
3038 3916 3263 3980 verbum,
3317 3931 3437 3968 cum
3471 3916 3537 3970 de

1962 4006 2086 4061 imis
2126 4006 2488 4074 penetralibus
2537 4020 2815 4060 sermones
2860 4005 2912 4059 in
2947 4017 3253 4059 sanctorum
3299 4007 3542 4059 notitiam

1960 4097 2307 4168 perducebat.
2356 4096 2480 4151 Non:
2526 4106 2703 4151 autem
2754 4098 2887 4149 nocti
2934 4097 3193 4149 indicabat
3241 4098 3539 4162 scientiam,

1962 4190 2176 4261 quando
2221 4189 2384 4244 Judas
2412 4188 2685 4243 Christum
2724 4187 2924 4243 Judmis
2958 4187 3189 4257 prodidit
3233 4204 3295 4243 ac
3327 4189 3544 4243 tradidit

1962 4284 2311 4342 occidendum
2349 4282 2561 4355 (Matth.
2600 4299 2755 4354 xxvi,
2792 4285 2901 4354 48).
2936 4282 3182 4339 Indicare
3206 4286 3346 4340 enim
3379 4288 3545 4355 perti-

1963 4386 2055 4435 net
2076 4377 2144 4433 ad
2174 4378 2551 4448 proditionem.
2579 4377 2708 4433 Tale
2738 4377 2881 4433 enim
2909 4378 3049 4433 inter
3071 4394 3130 4434 se
3159 4380 3397 4436 fecerant
3418 4398 3543 4437 con-

1962 4474 2239 4540 stitutum,
2269 4480 2329 4528 ut
2352 4472 2500 4528 illum
2531 4480 2798 4540 tenerent,
2831 4489 2988 4543 quem
3018 4473 3207 4528 fuisset
3235 4476 3544 4529 sceleratis-

1963 4569 2133 4624 simus
2171 4568 2465 4624 osculatus.
2514 4567 2559 4623 0
2606 4567 3045 4622 nefandissimum
3099 4568 3452 4636 proditorem,
3492 4576 3546 4622 et

279 4669 498 4727 sidium.
533 4671 638 4726 Per
677 4670 820 4723 hunc
845 4669 986 4724 enim
1018 4678 1274 4739 tyrannus
1303 4667 1393 4723 ille
1436 4667 1687 4734 religatus
1712 4666 1859 4735 inge-
1886 4668 1944 4731 1)
1964 4659 2106 4731 justo
2143 4675 2174 4715 a
2198 4659 2479 4716 beatorum
2524 4658 2779 4713 societate
2808 4658 3130 4713 discretum!
3158 4658 3259 4711 Per
3300 4659 3540 4711 osculum

280 4763 449 4831 muit,
483 4773 541 4820 et
582 4762 858 4818 absolutus
904 4771 986 4817 est
1025 4760 1185 4815 homo
1214 4762 1419 4829 potius,
1449 4760 1538 4828 qui
1568 4757 1861 4813 mortiferis

280 4854 513 4912 vinculis
544 4857 825 4912 tenebatur
860 4854 1142 4910 obnoxius.
1176 4854 1443 4909 Memento
1475 4866 1604 4906 vero
1634 4851 1759 4921 quia
1794 4850 1862 4906 de

278 4950 468 5004 eadem
503 4964 566 5004 re
592 4947 679 5002 hic
711 4948 912 5017 primus
937 4958 1018 5001 est
1042 4946 1306 5017 psalmus;
1343 4953 1639 5014 sequuntur
1678 4951 1859 4999 autem

278 5039 368 5094 alii
408 5053 678 5111 quatuor,
713 5040 765 5096 id
796 5050 910 5105 est,
942 5039 1365 5111 septuagesimus
1400 5053 1606 5107 nonus,
1638 5046 1860 5107 octoge-

280 5134 454 5190 simus
476 5146 704 5205 quartus
727 5174 745 5203 ,
775 5135 1149 5205 nonagesimus
1178 5142 1384 5200 sextus,
1407 5139 1463 5189 et
1481 5129 1862 5203 nonagesimus

277 5230 571 5300 septimus.

866 5320 1060 5378 Divisio
1085 5319 1292 5393 psalmi.

351 5434 457 5491 Per
485 5443 657 5490 totum
695 5436 956 5505 psalmum
984 5436 1260 5506 prophetae
1288 5432 1449 5488 verba
1479 5439 1623 5488 sunt.
1676 5432 1852 5488 Prima

274 5530 523 5584 narratio
553 5530 667 5597 eius
697 5530 877 5584 laudat
907 5529 1114 5583 Domini
1146 5529 1543 5597 praedicatores,
1576 5526 1691 5595 ipse
1735 5541 1867 5595 quo-

273 5634 381 5691 que
404 5622 478 5676 de
510 5621 630 5689 ejus
654 5620 1022 5676 incarnatione
1065 5618 1475 5688 speciosissimis
1504 5618 1862 5686 comparatio-

274 5716 441 5769 nibus
471 5715 644 5769 verba
684 5712 1031 5783 subjungens.
1081 5711 1331 5769 Secunda
1371 5711 1552 5767 laudat
1594 5720 1857 5781 praecepta

270 5808 412 5869 Navi
434 5798 498 5860 et
528 5804 734 5862 Veteris
760 5805 1110 5861 Testamenti.
1141 5805 1318 5861 Tertia
1365 5806 1430 5859 ab
1460 5802 1684 5858 occultis
1716 5801 1860 5855 vitiis

265 5897 506 5964 purgari
535 5913 592 5954 sc
619 5915 647 5954 a
671 5901 896 5955 Domino
922 5900 1263 5967 deprecatur;
1296 5908 1352 5956 ut
1374 5913 1500 5957 cum
1519 5898 1623 5956 sibi
1644 5896 1859 5969 dignum

583 5994 853 6059 Parnm“
898 5991 1096 6055 LXX.

1966 4769 2183 4812 causam
2208 4753 2338 4809 fecit
2364 4752 2549 4808 venire
2597 4751 2866 4817 interitus,
2903 4767 2999 4819 per
3027 4749 3166 4820 quod
3199 4749 3414 4804 humani
3446 4766 3545 4823 ge-

1966 4847 2112 4903 neris
2140 4845 2444 4900 declaratur
2471 4842 2714 4898 allectus.
2747 4842 2880 4896 Nam
2910 4841 3048 4910 quod
3078 4840 3212 4894 diem
3241 4842 3342 4894 diei
3368 4856 3411 4896 ει
3449 4859 3544 4897 ηο-

1965 4949 2094 4994 ctem
2115 4938 2251 4993 nocti
2279 4937 2632 5008 comparavit,
2665 4944 3039 5005 argumentum
3070 4946 3150 4989 est
3180 4936 3319 5005 quod
3348 4937 3546 4991 dicitur

1969 5028 2001 5085 a
2042 5032 2188 5101 pari;
2219 5029 2359 5086 sicut
2385 5039 2438 5085 et
2464 5031 2521 5084 in
2560 5026 2971 5098 quadragesimo
3011 5026 3182 5095 primo
3230 5028 3435 5096 psalmo
3467 5028 3547 5081 tli-

1969 5132 2152 5179 cturus
2167 5131 2249 5179 est
2277 5122 2539 5192 :Abyssus
2567 5121 2803 5190 abyssum
2841 5118 3055 5186 invocat,
3082 5120 3134 5172 in
3182 5135 3297 5177 voce
3343 5129 3548 5173 catara.

1970 5227 2166 5272 ctarum
2191 5226 2393 5272 tuarum
2422 5212 2593 5284 (Psal.
2621 5226 2709 5266 xm
2728 5252 2742 5276 ,
2780 5211 2860 5281 8).

2044 5330 2196 5387 Vers.
2228 5332 2282 5386 5.
2308 5328 2429 5384 Non
2449 5335 2564 5381 sunt
2592 5324 2807 5395 loquela:
2830 5341 2987 5395 neque
3017 5341 3297 5393 sermones,
3321 5342 3538 5394 quarunt

1974 5444 2078 5483 non
2106 5426 2380 5481 audiantur
2405 5438 2548 5477 voces
2570 5437 2763 5476 eorum.
2798 5419 3048 5490 Negando
3071 5422 3245 5475 nullos
3274 5435 3396 5475 esse
3444 5435 3549 5474 ser-

1974 5538 2146 5575 mones
2168 5535 2340 5589 neque
2368 5517 2592 5586 loquelas
2618 5531 2753 5586 quas
2785 5513 3014 5585 apOstoli
3038 5515 3395 5577 reticuissent,
3424 5512 3549 5565 illud

1976 5613 2185 5669 videtur
2224 5604 2511 5680 [Daedicare
2539 5608 2678 5676 quod
2720 5606 2913 5676 linguis
2950 5614 3103 5658 erant
3134 5604 3372 5660 omnium
3418 5619 3551 5671 geu-

1976 5707 2107 5762 tium
2148 5704 2329 5759 divina
2375 5701 2721 5769 inspiratione
2764 5698 3013 5754 locuturi.
3047 5697 3323 5753 Sermones
3353 5695 3551 5763 quippe

1976 5800 2213 5871 ipsorum
2240 5807 2295 5854 et
2322 5797 2536 5866 laqueluz
2567 5811 2661 5866 per
2688 5796 2870 5849 orbem
2921 5801 3181 5847 terrarum
3213 5785 3552 5859 praedicatio-

1977 5896 2060 5955 nis
2090 5894 2331 5950 libertate
2357 5897 2669 5945 souuerunt.
2705 5887 2980 5944 Sermones
3010 5885 3281 5953 pertinent
3313 5878 3380 5934 ad
3404 5888 3553 5933 com-

3106 5975 3145 6034 ὅ
