4016 6344
474 407 578 464 159

1693 387 1763 444 Μ.
1805 385 2082 446 Αυιιιειιι
2117 375 2516 442 CASSIODORI

3615 361 3718 426 140

473 530 662 576 munus
703 513 1054 578 narrationes,
1083 507 1292 582 loquela:
1319 505 1385 560 ad
1436 501 1674 574 publicas
1727 502 2038 587 suasiones;
2071 500 2126 563 Α
2147 494 2397 551 occurrit.
2433 492 2601 560 Usque
2626 489 2694 543 ad
2721 504 2978 544 summum
3019 475 3150 564 ejus,
3200 487 3394 541 iterum
3423 481 3718 542 secundum

475 611 618 684 quod
649 618 933 678 utrumque
961 603 1228 674 apostolos
1259 597 1448 654 fecisse
1476 593 1843 651 certissimum
1868 599 1974 646 est.

547 704 702 757 Vers.
731 703 788 758 4.
820 698 888 754 In
911 712 1110 753 omnem
1134 702 1321 747 terram
1352 689 1508 746 exivit
1529 703 1682 743 sonus
1701 701 1902 749 eorum,
1926 692 1974 738 et
1995 683 2049 736 iu

417 815 422 818 ·
479 797 606 864 ﬁnes
627 793 763 846 orbis
795 801 941 845 terrm
969 787 1117 843 verba
1140 799 1354 846 eorum;
1385 784 1438 834 in
1466 781 1573 834 sole
1603 778 1772 849 posuit
1806 777 2048 830 taberna-

479 889 650 940 culum
670 899 837 939 suum.
870 879 1078 933 Terram
1105 875 1192 938 hic
1213 874 1482 934 hominem
1504 871 1761 925 debemus
1781 867 2046 935 accipere,

480 977 571 1048 qui
604 983 658 1031 et
685 972 870 1029 audire
896 969 1066 1041 possit
1099 979 1151 1023 et
1182 966 1420 1021 credere.
1462 963 1634 1017 Sanus
1664 974 1796 1016 vero
1825 959 2052 1012 miracu-

483 1070 657 1124 lorum
689 1066 828 1120 fania
857 1071 961 1129 est,
994 1075 1116 1132 quae
1161 1073 1258 1128 pro
1307 1058 1420 1127 ipsa
1467 1053 1703 1109 novitate
1734 1066 1827 1120 per
1865 1058 2053 1120 gentes

484 1159 718 1232 singulas
745 1153 1036 1216 excellenti
1074 1150 1328 1223 opinione
1375 1145 1644 1202 currebat.
1686 1142 1843 1200 Fines
1873 1150 2052 1195 autem

483 1263 633 1307 ter-ras
661 1261 784 1306 sunt
817 1264 990 1319 reges,
1014 1245 1102 1314 qui
1131 1243 1284 1314 quasi
1304 1240 1517 1298 termini
1547 1251 1799 1310 agrorum
1829 1250 1924 1290 sua
1968 1247 2056 1288 rev

481 1362 586 1416 gna
624 1343 960 1403 custodiunt;
995 1350 1053 1395 ut
1081 1354 1186 1395 non
1236 1337 1407 1392 solum
1447 1335 1512 1390 ad
1563 1334 1813 1398 humiles,
1869 1343 2056 1385 verum

483 1440 644 1496 etiam
684 1437 750 1492 ad
782 1435 1047 1506 principes
1087 1431 1324 1502 gentium
1354 1427 1627 1496 Evangelii
1658 1425 1818 1481 verba
1861 1436 2054 1492 perve-

483 1535 632 1588 nisse
679 1527 1037 1583 declarentur.
1079 1523 1331 1592 Sequitur
1375 1519 1444 1575 de
1498 1516 1866 1573 incarnatione
1896 1510 2058 1568 Verbi

483 1620 763 1691 prophetae
792 1625 976 1674 sancta
1006 1613 1350 1685 prmdicatio;
1380 1619 1441 1666 ut
1469 1612 1569 1665 hoc
1599 1607 1741 1678 quod
1769 1605 1904 1659 alios
1938 1616 2060 1673 ges-

487 1715 626 1772 sisse
669 1710 922 1777 laudavit,
980 1709 1093 1778 ipse
1141 1720 1352 1776 quoque
1395 1701 1591 1758 fecisse
1633 1699 1926 1754 videretur.
1977 1693 2061 1748 Ab

490 1805 744 1878 apostolis
772 1805 968 1874 quippe
999 1799 1210 1855 transiit
1243 1799 1310 1854 ad
1349 1809 1632 1866 personam
1665 1792 1894 1848 Domini.
1931 1791 2059 1856 Quae

495 1901 658 1970 tigura
683 1897 878 1953 dicitur
907 1894 1165 1964 exallage,
1199 1891 1250 1948 id
1277 1899 1362 1946 est
1386 1887 1725 1958 permutatio.
1762 1884 1826 1937 In
1849 1884 1974 1950 sole,
2004 1882 2061 1936 in

496 1987 925 2048 manifestatione
948 1984 1130 2042 mundi
1160 1983 1310 2039 dicit.
1343 1977 1767 2042 Tabernaculum,
1795 1975 1850 2030 id
1880 1982 1961 2028 est
1984 1975 2063 2026 in-

491 2082 849 2140 habitaeulum
873 2079 1112 2150 corporis
1137 2077 1234 2132 sui.
1267 2075 1416 2144 Quod
1443 2073 1564 2129 ideo
1584 2073 1817 2127 arbitror
1840 2069 2059 2133 dictum,

491 2183 549 2235 in
585 2180 692 2236 sole
731 2179 972 2250 positum,
1002 2183 1059 2230 ut
1082 2173 1170 2244 qui
1202 2173 1414 2227 ocultsm
1437 2168 1616 2224 cordis
1649 2166 1809 2222 habet
1837 2164 2062 2235 purissi-

496 2287 664 2340 mum,
693 2268 1014 2326 sacramenti
1043 2267 1187 2322 illius
1213 2265 1508 2321 claritatem
1540 2269 1596 2318 et
1622 2260 1764 2316 ferre
1796 2258 1966 2328 possit
2010 2262 2066 2312 et

495 2381 754 2433 cernere;
784 2366 873 2436 qui
914 2378 1046 2420 vero
1091 2363 1339 2418 haeretica
1369 2362 1628 2430 pravitate
1676 2355 1931 2412 confusus
1961 2360 2064 2418 est,

494 2456 880 2514 incarnationis
917 2454 1033 2524 ejus
1057 2453 1262 2523 fulgore
1305 2463 1607 2522 percussus,
1627 2447 1835 2538 grroris
1859 2443 1940 2499 sui
1963 2443 2066 2512 lip-

497 2549 736 2621 pitudine
763 2556 1003 2606 sanetum
1046 2547 1226 2602 lumen
1257 2545 1469 2600 Domini
1511 2557 1614 2598 non
1640 2537 1948 2610 praevaleat
1987 2537 2066 2591 in.

503 2645 660 2700 tueri.

567 2734 720 2791 Vers.
745 2734 799 2792 5.
833 2733 900 2790 Et
921 2735 1030 2806 ipse
1052 2741 1295 2804 tanquam
1321 2746 1535 2801 sponsus
1565 2727 1846 2799 procedens
1875 2722 2068 2777 detha-

495 2832 632 2888 lattso
674 2848 789 2899 suo,
817 2831 1088 2887 exsultavit
1119 2842 1173 2886 ut
1200 2829 1343 2900 gigas
1387 2826 1454 2880 ad
1484 2823 1789 2880 currendum
1811 2821 1968 2875 viam.
2000 2815 2070 2870 Et

495 2926 626 2993 ipse,
646 2923 922 2980 Christum
961 2921 1248 2976 Dominum
1281 2919 1432 2986 dicit,
1463 2917 1554 2988 qui
1583 2925 1823 2984 tanquam
1851 2925 2070 2982 sponsus

499 3015 752 3070 Ecclesia
776 3029 909 3077 eum,
955 3016 1201 3086 processit
1243 3013 1313 3066 de
1353 3011 1575 3064 thalamo
1617 3025 1734 3072 suo,
1765 3006 1815 3061 id
1869 3013 1954 3060 est
2001 3004 2072 3059 de

497 3113 652 3160 utero
697 3103 963 3175 virginali.
1015 3102 1199 3171 Magna
1257 3101 1618 3157 similitudine
1671 3105 2072 3154 sacramentum

497 3197 614 3266 ejus
653 3195 1034 3251 incarnationis
1071 3196 1334 3264 exposuit.
1364 3193 1447 3248 0b
1473 3193 1574 3247 hoc
1602 3192 1744 3248 enim
1772 3191 1842 3246 de
1871 3191 2070 3245 intacto

2150 590 2426 652 deitatem,
2473 599 2577 653 qua
2606 581 2748 637 Patri
2777 581 2939 636 Filius
2966 595 3181 651 semper
3207 576 3427 648 aequalis
3455 583 3556 631 est.
3589 575 3722 630 Nam

2151 692 2274 734 cum
2303 675 2450 732 venit
2476 692 2510 730 a
2533 689 2750 742 summo,
2784 674 2838 728 in
2870 673 3014 728 nullo
3045 672 3218 726 minor
3250 669 3378 736 fuit;
3415 684 3534 723 cum
3566 667 3728 723 rediit

2152 769 2218 824 ad
2255 783 2542 831 summum.
2589 767 2732 822 Deus
2778 766 2938 821 homo
2983 763 3200 836 aequalis
3228 763 3373 818 Patri
3417 759 3471 818 in
3513 759 3731 815 deitatis

2154 861 2472 926 substantia,
2504 860 2646 914 sicut
2671 865 2917 924 venerat,
2970 867 3300 928 perseverat,
3350 857 3436 916 cui
3472 854 3604 912 nihil
3632 856 3732 910 hu-

2155 967 2312 1006 mana
2338 950 2569 1005 detraxit
2598 949 2890 1004 humilitas.
2920 948 3052 1020 Nam
3083 949 3222 1022 quod
3253 948 3328 1010 ait
3357 966 3370 1002 :
3404 945 3516 1002 Nec
3541 955 3614 1001 est
3641 947 3731 1017 qui

2155 1060 2208 1098 se
2236 1043 2512 1098 abscondat
2538 1058 2571 1095 α
2592 1043 2767 1096 calore
2793 1042 2926 1113 ejus,
2957 1040 3218 1110 Spiritum
3247 1049 3490 1096 sanctum
3519 1039 3732 1096 videtur

2157 1137 2478 1208 signiﬁcare,
2506 1151 2664 1206 quem
2703 1147 2822 1206 p05t
2857 1134 3226 1190 ascensionem
3263 1132 3538 1208 discipulis
3565 1132 3732 1189 misit.

2155 1204 2230 1286 in.
2267 1230 2488 1285 Actibus
2524 1204 2676 1283 enim
2707 1204 3095 1297 lapostolorum
3145 1204 3342 1298 legitur
3395 1204 3528 1297 (Act.
3580 1241 3642 1294 ιι,
3671 1227 3731 1296 ὅ)

2157 1321 2331 1392 ignem
2370 1319 2708 1391 apparuisse,
2753 1321 2840 1390 qui
2880 1333 3040 1388 supra
3079 1314 3510 1388 unumquemque
3545 1332 3734 1374 eorum

2129 1415 2422 1480 'insidens,
2462 1413 2698 1486 gentium
2741 1412 2903 1468 variis
2940 1412 3135 1484 linguis
3170 1425 3262 1468 eos
3301 1410 3526 1466 faciebat
3559 1409 3734 1466 eii‘ari.

2163 1508 2282 1578 ipse
2309 1520 2438 1578 ergo
2465 1507 2605 1560 calor
2631 1515 2730 1570 est,
2764 1519 2794 1559 a
2822 1518 2926 1574 quo
2957 1518 3112 1560 nemo
3140 1502 3311 1572 possit
3337 1500 3618 1566 abscondi,
3641 1501 3736 1572 qui

2161 1598 2375 1654 deitatis
2408 1613 2519 1652 sua:
2547 1597 2782 1668 potentia
2811 1596 3227 1666 uniuscujusque
3253 1594 3416 1650 corda
3442 1595 3734 1666 cognoscit.

2166 1695 2238 1750 ita
2266 1693 2369 1748 hoc
2410 1709 2517 1748 uno
2541 1693 2825 1760 versiculo,
2854 1701 3050 1746 sancta:
3079 1689 3358 1746 Trinitatis
3385 1689 3616 1762 ingentia
3647 1704 3737 1745 sa-

2165 1799 2436 1842 cramenta
2464 1786 2822 1842 declarantur.
2856 1788 2920 1841 Et
2957 1785 3164 1840 intuere
3191 1783 3642 1854 quemadmodum
3672 1783 3738 1844 Ιί-

2090 1878 2140 1952 Β
2164 1889 2251 1936 εει
2275 1878 2343 1933 de
2371 1878 2538 1933 tribus
2583 1877 2825 1946 personis
2871 1876 3097 1942 dicatur,
3126 1875 3632 1932 consubstantialem
3663 1885 3740 1932 ta-

2164 1986 2286 2024 men
2329 1968 2561 2025 servavit
2589 1971 2868 2026 unitatem.
2900 1969 2991 2022 Sic
3035 1968 3175 2023 enim
3225 1967 3460 2037 loquitur
3487 1967 3736 2036 dicendo,

2165 2065 2296 2134 ejus,
2329 2069 2578 2130 tanquam
2601 2059 2668 2114 de
2689 2074 2796 2114 uno
2826 2077 2840 2112 :
2869 2059 2992 2129 quia
3021 2070 3203 2113 sancta
3229 2057 3463 2113 Trinitas
3492 2073 3628 2114 unus
3658 2067 3742 2116 est

2167 2155 2346 2221 Deus,
2391 2156 2526 2208 sicut
2579 2153 2769 2223 legitur
2811 2171 2822 2204 :
2866 2153 3022 2220 Audi,
3069 2150 3256 2216 Israel,
3309 2150 3560 2206 Dominus
3606 2150 3744 2210 Deus

2168 2255 2303 2317 tuus,
2335 2245 2584 2300 Dominus
2612 2260 2743 2298 unus
2770 2254 2841 2298 est
2863 2243 3038 2318 (Deut.
3069 2237 3248 2314 vna).

2237 2339 2391 2395 Vers.
2433 2340 2486 2393 7.
2527 2337 2635 2391 Lex
2673 2337 2880 2390 Domini
2922 2334 3405 2403 irrcprehensibilis,
3455 2343 3745 2389 convertens

2169 2434 2389 2489 animas.
2421 2431 2648 2485 Ventum
2680 2436 2763 2484 est
2791 2428 2856 2481 ad
2888 2427 3174 2482 secundam
3204 2427 3564 2480 narrationem
3595 2442 3608 2481 ε
3655 2425 3745 2480 ubi

2171 2539 2265 2593 per
2293 2537 2386 2578 scx
2418 2535 2601 2576 versus
2625 2519 2844 2590 singulae
2873 2532 2957 2572 res
2980 2518 3189 2572 diversa
3218 2517 3374 2572 laude
3396 2516 3738 2572 definiuntur.

2172 2618 2296 2672 llaec
2324 2615 2551 2685 septima
2603 2621 2687 2669 est
2736 2612 2942 2681 species
2991 2610 3317 2665 definitionis
3369 2624 3526 2680 quam
3569 2607 3745 2662 Graeci

2173 2710 2300 2764 κατὰ
2319 2707 2623 2782 μεταφορὰν,
2651 2704 2819 2758 Latini
2851 2717 2942 2773 per
2966 2701 3364 2756 translationem
3393 2699 3593 2767 dicunt,
3622 2713 3746 2754 cum

2173 2817 2284 2856 rem
2307 2801 2538 2870 aliquam
2560 2799 2662 2853 sub
2682 2797 2827 2852 brevi
2855 2795 3124 2866 praeconio
3149 2810 3268 2865 qua:
3294 2795 3363 2849 sit
3389 2791 3741 2848 ostendimus.

2174 2895 2325 2950 Nunc
2351 2895 2416 2947 ad
2445 2892 2654 2961 singula
2682 2891 2791 2961 εδ
2819 2887 3115 2944 veniamus.
3148 2885 3258 2939 Lect-
3281 2885 3422 2940 enim
3452 2884 3560 2950 illa,
3585 2899 3746 2953 quam

2176 3003 2270 3058 per
2299 2987 2519 3056 Moysen
2550 2983 2717 3050 dedit,
2747 2980 3205 3054 irrepreltensibilis
3234 2987 3324 3046 est,
3359 2977 3480 3048 quia
3513 2975 3748 3046 perfecta

2175 3080 2398 3136 veritate
2423 3077 2688 3142 consistit,
2713 3091 2832 3146 qua:
2857 3090 2952 3144 per
2975 3075 3258 3129 Dominum
3280 3071 3610 3127 Salvatorem
3640 3085 3748 3121 non

2177 3172 2523 3243 reprehensa,
2573 3169 2667 3226 sed
2701 3169 2872 3238 potius
2926 3167 3180 3237 probatur
3206 3164 3458 3234 impleta;
3501 3163 3576 3216 ait
3603 3162 3748 3217 estita

499 3303 654 3348 utero
691 3291 952 3361 processit
1003 3289 1356 3359 dispositione
1392 3287 1650 3352 mirabili,
1707 3293 1764 3340 ut
1812 3283 2068 3339 mundum

2178 3268 2224 3321 in
2259 3265 2550 3335 Evangelio
2586 3282 2598 3316 :
2637 3261 2759 3316 Non
2787 3261 2898 3314 veni
2945 3262 3102 3330 legem
3149 3258 3360 3320 solvere,
3401 3255 3491 3309 sed
3539 3255 3754 3324 implere

500 3387 690 3444 Deitati
719 3385 1088 3453 reconcilians,
1141 3383 1430 3437 Ecclesiam
1461 3381 1562 3436 sibi
1592 3380 1772 3450 sponsi
1812 3378 2074 3434 charitate

501 3481 750 3538 sociaret.
792 3479 1148 3549 Quapropter
1179 3475 1374 3532 merito
1414 3475 1480 3529 de
1507 3473 1724 3543 Virgine
1753 3481 1908 3528 natus
1961 3482 2065 3542 est,

503 3575 592 3644 qui
618 3573 822 3644 Virgini
849 3581 965 3630 erat
998 3579 1183 3626 sancta
1209 3567 1549 3636 copulatione
1574 3565 1896 3634 iungendus.
1929 3565 2070 3620 Con-

503 3679 635 3737 grue
661 3676 888 3734 namque
923 3677 1139 3731 sponsus
1167 3674 1196 3714 a
1223 3657 1536 3729 spondendo
1581 3657 1777 3712 dicitur
1803 3655 2074 3724 Christus,

505 3755 594 3825 qui
619 3755 776 3811 toties
803 3752 1098 3824 promissus
1117 3760 1197 3810 est
1226 3765 1322 3820 per
1341 3749 1645 3819 prophetas.
1672 3747 1740 3802 Et
1765 3747 1900 3805 bene
1920 3745 2077 3800 Chri-

506 3857 620 3908 stus
645 3856 825 3902 noster
852 3859 993 3901 nunc
1017 3843 1212 3914 giganti
1236 3851 1603 3910 comparatur,
1627 3839 1750 3908 quia
1786 3837 2076 3896 humanam

510 3949 752 4000 naturam
779 3939 1026 4010 potentias
1056 3952 1166 3996 sua:
1196 3934 1560 4006 magnitudine
1590 3944 1873 4002 superans,
1893 3930 2076 3988 omnia

508 4033 828 4090 mundivitia
849 4044 970 4086 cum
995 4043 1094 4084 suo
1117 4027 1572 4084 truculentissime
1595 4033 1816 4080 auctore
1839 4031 2079 4092 prostra-

508 4125 601 4180 vit.
630 4122 865 4180 Dicendo
888 4122 1051 4184 enim,
1092 4120 1159 4174 ad
1185 4117 1485 4172 currendum
1504 4116 1660 4181 ciant,
1681 4114 1914 4170 servavit
1934 4110 2078 4183 quod

505 4222 560 4279 in
589 4217 761 4289 primo
790 4216 992 4290 psalmo
1021 4213 1175 4281 dixit,
1206 4221 1251 4268 et
1280 4213 1333 4266 in
1362 4213 1444 4266 uia
1462 4220 1786 4282 peccatorum
1807 4222 1910 4260 non
1936 4206 2084 4262 stetit.

508 4309 679 4384 (Psal.
721 4325 763 4376 ι,
795 4307 872 4378 1).
911 4307 1037 4362 llaec
1075 4306 1158 4358 via
1202 4317 1416 4360 cursum
1462 4302 1580 4370 ejus
1626 4300 1750 4358 vitae
1793 4296 2078 4366 signiﬁcat,

509 4416 667 4472 quam
695 4399 950 4454 Dominus
979 4394 1086 4465 egit
1117 4395 1277 4450 homo
1308 4402 1484 4456 natus,
1518 4393 1616 4452 hoc
1642 4398 1748 4456 est,
1777 4390 1900 4458 quia
1925 4397 2084 4448 natus

509 4501 611 4558 est,
633 4488 824 4555 crevit,
846 4487 1046 4552 docuit.
1075 4499 1261 4555 passus
1287 4493 1391 4549 est,
1425 4481 1743 4547 resurrexit,
1763 4479 2002 4540 ascendit
2023 4479 2082 4536 in

509 4585 698 4650 ccelos,
725 4582 874 4638 sedet
900 4578 967 4634 ad
993 4577 1268 4634 dexteram
1314 4573 1508 4630 Patris.
1537 4571 1725 4627 Merito
1766 4584 1894 4640 ergo
1921 4569 2078 4639 dixit,

2178 3359 2390 3431 (Matth.
2424 3373 2479 3426 v,
2509 3356 2623 3427 i7).
2655 3355 2721 3409 Et
2743 3369 2812 3409 ne
2836 3361 2981 3409 esset
3010 3351 3163 3406 nobis
3192 3349 3384 3420 rigoris
3419 3349 3533 3417 ejus
3569 3347 3754 3416 perni-

2176 3454 2323 3509 ciosa
2355 3449 2684 3521 desperatio,
2713 3447 2974 3517 adiunxit,
3015 3455 3310 3499 convertens
3337 3443 3556 3497 animas.
3599 3440 3750 3496 Illius

2177 3549 2319 3605 enim
2365 3543 2714 3601 districtionis
2764 3552 2933 3596 metus
2989 3548 3256 3594 errantem
3301 3535 3540 3606 corrigit,
3585 3543 3642 3590 et
3681 3533 3752 3588 ad

2177 3639 2374 3694 Christi
2405 3637 2627 3708 gratiam
2677 3634 2805 3689 facit
2850 3646 3148 3700 recurrere,
3195 3645 3317 3711 cum
3355 3643 3506 3700 spem
3533 3627 3590 3683 in
3636 3628 3756 3683 suis

2177 3732 2438 3801 coeperint
2461 3729 2664 3784 meritis
2693 3742 2797 3782 non
2827 3726 3024 3782 habere

2247 3847 2403 3902 Vers.
2445 3845 2497 3902 8.
2544 3843 2915 3898 Testimonium
2955 3842 3161 3896 Domini
3216 3823 3390 3911 ﬁdele,
3442 3840 3755 3909 sapientiam

2181 3948 2426 4011 praestans
2457 3937 2702 4005 parvulis.
2729 3935 2824 3990 llic
2843 3937 2909 3989 de
2936 3935 3091 3989 Patre
3111 3933 3276 3989 dicit:
3301 3931 3549 4003 quoniam
3573 3930 3758 3986 omnia

2184 4029 2470 4086 testimonia
2494 4043 2611 4097 qua:
2638 4027 2786 4082 dedit
2813 4026 3006 4096 populo
3029 4026 3338 4092 Israelitico,
3371 4024 3546 4094 ﬁdelia
3573 4023 3761 4094 utique

2185 4125 2418 4192 fuerunt,
2451 4122 2574 4191 quia
2615 4120 2922 4189 plenissima
2951 4121 3175 4175 veritate
3203 4119 3474 4188 recognita
3501 4127 3626 4172 sunt
3658 4136 3671 4172 :
3703 4125 3763 4172 et

2183 4217 2488 4286 sapientiam
2516 4215 2744 4282 parvulis
2782 4215 3152 4284 prwslilerunt,
3203 4227 3306 4268 non
3352 4212 3533 4280 utique
3564 4226 3760 4280 super-

2185 4311 2290 4378 bis,
2323 4323 2423 4366 nec
2448 4307 2654 4363 tumida
2685 4321 2746 4363 se
2774 4307 3006 4362 elatione
3021 4305 3366 4375 jactantibus,
3394 4303 3486 4357 sed
3511 4301 3761 4370 parvulis.

2189 4401 2401 4455 Parvuli
2453 4408 2630 4455 autem
2676 4407 2803 4454 sunt
2849 4397 3078 4452 humiles
3129 4408 3182 4450 et
3225 4395 3569 4458 innocentes,
3622 4392 3768 4447 sicut

2189 4493 2475 4566 Apostolus
2524 4501 2744 4547 monet:
2776 4489 2952 4543 Nolite
2999 4489 3148 4560 pueri
3193 4487 3317 4558 σῶά
3371 4485 3626 4546 sensibus,
3675 4482 3770 4536 sed

2189 4589 2387 4643 malitia
2431 4586 2630 4658 paruuli
2683 4596 2836 4640 estote
2882 4581 2936 4656 (1
2963 4583 3084 4637 Cor.
3114 4597 3222 4647 xrv,
3251 4579 3366 4649 20).
3396 4577 3772 4632 Testimonium

509 4679 640 4734 viam
669 4677 912 4739 cucurrit,
943 4673 1096 4742 cujus
1126 4671 1178 4725 in
1210 4670 1354 4726 nulla
1380 4667 1564 4724 mundi
1591 4665 1882 4724 ambitione
1911 4665 2084 4736 potuit
2109 4661 2166 4726 D
2193 4698 2404 4754 quoque
2434 4681 2524 4736 dm
2547 4680 2733 4747 Filius,
2768 4681 2906 4734 sicut
2949 4677 3014 4732 ad
3048 4676 3386 4731 Τίωοίὴουη,
3433 4678 3508 4729 an
3533 4674 3774 4742 Λροειο,

511 4782 660 4830 actus
682 4769 954 4832 hiusitare.
986 4767 1111 4821 llaec
1135 4779 1228 4834 per
1247 4761 1560 4832 allegoricos
1587 4761 1962 4818 similitudines
1989 4759 2084 4816 de-

509 4874 691 4922 center
720 4875 975 4932 expressa
1018 4867 1163 4925 sunt,
1192 4870 1312 4928 quae
1342 4853 1486 4909 aliud
1531 4853 1792 4920 dicentes,
1825 4853 1970 4912 aliud
2001 4855 2084 4910 in-

512 4958 678 5030 telligi
709 4955 1050 5027 persuadent.

582 5050 736 5110 Vers.
764 5047 818 5106 (ξ.
865 5045 911 5100 Α
938 5058 1136 5100 summa.
1164 5041 1289 5098 casio
1336 5043 1554 5112 egressio
1598 5043 1730 5113 ejus,
1758 5050 1806 5096 et
1841 5054 2084 5094 occursus

511 5147 622 5218 ejus
658 5159 816 5212 usque
841 5140 912 5200 ad
936 5155 1193 5198 sumntum
1217 5138 1360 5205 ejus;
1390 5151 1482 5191 nec
1509 5144 1582 5191 est
1611 5136 1699 5206 qui
1725 5151 1779 5190 se
1809 5135 2088 5192 abscondat

512 5258 544 5294 a
573 5236 742 5292 calore
783 5235 913 5306 ejus.
958 5231 1012 5287 Si
1057 5230 1366 5301 diligentius
1410 5229 1737 5294 intueamur,
1788 5227 1950 5286 totius
2000 5226 2088 5280 hic

514 5331 765 5396 majestas
793 5322 1067 5379 Trinitatis
1098 5323 1415 5378 ostenditur.
1446 5320 1493 5375 Α
1511 5335 1709 5375 summo
1737 5319 1885 5385 culo,
1929 5317 2088 5372 Pater

513 5419 872 5498 signiﬁcatur;
899 5417 1114 5492 egressio
1143 5418 1273 5491 ejus,
1307 5415 1599 5470 nativitatis
1628 5411 1770 5476 Filii,
1814 5424 1923 5464 non
1951 5418 2088 5464 tem-

516 5513 734 5586 poralis,
764 5513 858 5569 sed
880 5519 1142 5568 coaeterna
1173 5509 1339 5578 Patri,
1368 5523 1488 5579 quae
1517 5514 1599 5561 est
1617 5511 1741 5558 ante
1761 5517 1921 5558 omne
1944 5504 2090 5571 prin-

514 5608 734 5679 cipium,
758 5604 952 5682 quippe
979 5617 1098 5659 cum
1127 5603 1298 5672 ipsum
1331 5599 1523 5654 Filium
1548 5603 1759 5651 constet
1783 5607 1902 5670 φεε
1943 5594 2089 5662 prin-

515 5702 730 5774 cipium.
759 5701 1013 5754 Occursus
1052 5699 1161 5768 ejus
1207 5692 1499 5750 secundum
1548 5688 1818 5744 hominem
1871 5687 2086 5756 dicitur,

515 5800 634 5873 quia
667 5806 784 5870 post
829 5793 1249 5862 assumptionem
1280 5786 1489 5851 carnis,
1522 5785 1574 5840 in
1619 5794 1843 5853 utraque
1895 5793 2088 5836 natura

515 5890 758 5951 Christus
790 5897 1127 5957 permanens,
1177 5881 1241 5936 ad
1291 5878 1470 5936 sedem
1506 5886 1740 5950 paterna:
1789 5875 2082 5945 majestatis

2195 4780 2277 4832 lus
2309 4795 2322 4831 :
2359 4775 2612 4842 Principio
2641 4773 2728 4826 tibi
2774 4788 2944 4826 coram
2969 4770 3078 4824 Deo
3095 4813 3110 4838 ,
3139 4770 3226 4839 qui
3252 4768 3472 4836 uisiﬁcat
3498 4767 3693 4831 omnia,
3722 4773 3776 4818 et

2196 4867 2398 4924 Christo
2421 4865 2569 4932 Jesu,
2601 4864 2687 4935 qui
2714 4863 3057 4917 testimonium
3085 4860 3308 4914 reddidit
3328 4859 3420 4912 sub
3457 4855 3650 4911 Pontio
3679 4854 3779 4909 Pi-

2199 4959 2304 5014 lato
2333 4957 2384 5030 (ι
2419 4957 2549 5011 Tim.
2580 4972 2654 5021 v1,
2700 4954 2811 5023 il).
2851 4954 2995 5008 Idem
3050 4952 3119 5008 de
3162 4951 3362 5021 Spiritu
3407 4957 3596 5005 sancto
3641 4948 3782 5003 dicis

2197 5048 2482 5119 Apostolus
2512 5065 2526 5100 :
2563 5047 2702 5100 Nam
2729 5055 2778 5100 et
2822 5045 2928 5114 ipse
2958 5044 3184 5116 Spiritus
3227 5043 3574 5096 testimonium
3598 5039 3785 5110 periti-

2196 5147 2275 5198 bet
2301 5141 2508 5211 spiritui
2535 5149 2712 5196 nostro
2741 5137 2920 5209 (Rom.
2946 5153 3061 5205 vni,
3092 5136 3210 5207 16).
3237 5135 3400 5190 Vides
3427 5134 3484 5189 in
3531 5133 3624 5188 illa
3649 5147 3786 5187 san-

2196 5245 2280 5292 cta
2325 5233 2606 5298 Trinitate,
2640 5245 2796 5300 quam
2830 5230 2961 5286 nihil
2989 5229 3265 5298 Scriptura
3298 5225 3475 5282 divina
3514 5224 3652 5281 velit
3677 5225 3788 5280 mi-

2198 5343 2298 5382 nus
2322 5325 2563 5393 majusve
2586 5323 2796 5391 sentiri,
2827 5333 2886 5380 ut
2913 5337 3011 5380 nec
3031 5322 3144 5392 ipsa
3167 5319 3381 5378 nomina
3405 5316 3636 5389 patiatur
3657 5331 3790 5372 esse

2200 5419 2392 5476 divisa.

2274 5513 2432 5570 Vers.
2475 5512 2528 5568 9.
2559 5511 2786 5567 Justitite
2815 5510 3022 5566 Domini
3048 5518 3222 5575 rectm,
3250 5506 3570 5575 lati/icantes
3596 5501 3796 5560 corda.

2201 5603 2406 5660 Revera
2451 5613 2620 5670 rectte,
2676 5603 2806 5674 quia
2855 5617 2960 5656 non
3013 5601 3168 5655 aliter
3198 5598 3538 5670 cognoscitur
3585 5593 3798 5652 fecisse

2200 5711 2356 5767 quam
2410 5695 2590 5752 docuit
2625 5711 2637 5746 :
2672 5694 2796 5764 quia
2846 5693 3058 5752 illorum
3103 5693 3308 5762 justitia
3337 5699 3484 5748 recta
3532 5701 3644 5743 non
3671 5695 3794 5753 est,

2199 5787 2390 5857 quibus
2432 5786 2572 5841 aliud
2599 5796 2683 5841 εει
2713 5787 2762 5840 in
2793 5800 2904 5851 ore,
2939 5785 3076 5839 aliud
3119 5786 3171 5839 in
3214 5798 3396 5852 opere.
3427 5780 3796 5848 Lati/immeo

2200 5875 2374 5942 corda,
2406 5874 2626 5932 subaudi
2653 5874 2944 5946 justorum,
2992 5875 3081 5946 qui
3128 5875 3196 5932 dc
3240 5873 3442 5944 judicio
3477 5871 3568 5927 Dei
3599 5869 3796 5924 lmtili-

2009 6021 2028 6030 ,ι
2087 6003 2204 6042 “mf-due
