4016 6344
226 360 321 424 ΗΑ

1120 366 1479 425 EXPOSITIO
1515 364 1581 421 IN
1619 362 2069 420 PSAL'I'BRIUM.
2114 364 2305 421 PSAL.
2351 366 2530 423 XVIII.

3379 367 3484 424 149.

221 491 417 538 cantur
444 497 459 535 :
487 482 614 551 quia
642 488 839 536 norunt
864 493 925 535 se
943 478 1329 535 miserit-ordire
1350 478 1559 533 Domini
1585 478 1801 547 prta-mia
1831 478 1880 538 Α
1907 477 2196 547 margarita
2222 478 2507 549 plurimum
2562 478 2727 545 valet,
2778 489 2829 535 et
2878 481 3070 550 exiguo
3100 482 3301 538 metalli
3347 500 3469 552 pon-

223 582 647 641 ceusecuturos,
693 573 833 628 sicut
858 572 986 628 dlCIt
1018 574 1303 642 Apostolus
1337 590 1348 626 :
1384 570 1462 626 De
1487 572 1680 639 reliquo
1714 586 1803 624 re-

224 668 395 738 posiat
421 676 497 719 est
522 665 652 719 mihi
677 680 871 719 corona
890 666 1129 737 justitite,
1161 680 1316 735 quant
1340 662 1517 717 reddet
1537 661 1668 715 mihi
1698 660 1807 714 Do-

224 759 397 812 minus
422 759 480 812 its
504 757 598 811 illa
627 758 713 811 die
735 758 911 827 justus
931 756 1096 828 fudere
1126 753 1209 825 (II
1245 754 1379 809 Tim.
1408 770 1480 818 tv,
1513 754 1592 823 8).

304 849 455 903 Vere.
488 848 576 904 50.
611 846 930 915 Promptum
972 846 1178 902 Domini
1228 845 1480 911 lucidum,
1509 845 1809 912 illuminans

228 938 425 993 nubs.
456 940 660 994 Revera
693 939 941 1005 lucidum,
976 939 1095 1008 quia
1124 938 1333 993 sincere
1382 950 1574 1007 purum
1616 946 1671 991 et
1698 936 1797 991 im-

230 1030 577 1098 maculatum,
629 1030 793 1100 quale
818 1043 849 1083 s
880 1028 1035 1084 Patre
1081 1028 1343 1082 luminum
1370 1030 1586 1097 prodire
1627 1029 1805 1086 docet.

234 1122 352 1179 Hoc
377 1122 633 1178 ills-sinat
657 1121 858 1187 oculos,
890 1136 997 1176 non
1033 1120 1165 1175 istos
1194 1121 1442 1176 carnales
1469 1136 1603 1192 quos
1632 1131 1684 1177 et
1709 1139 1807 1193 pe-

240 1229 369 1269 cora
400 1215 683 1269 nobiscum
711 1220 936 1284 possunt
977 1212 1178 1268 habere
1203 1225 1538 1283 communes,
1571 1216 1664 1269 sed
1690 1215 1809 1271 illos

239 1308 419 1377 utique
444 1308 729 1362 interiores
749 1304 838 1376 qui
865 1305 1045 1361 divino
1072 1320 1293 1361 munere
1321 1306 1669 1377 spiritualiter
1695 1307 1804 1363 cla-

236 1398 532 1455 riﬁcantur.
784 1410 788 1414 ·

315 1491 467 1547 Vers.
497 1491 585 1546 ll.
613 1490 787 1545 Timas-
815 1490 1055 1558 Domini,
1087 1498 1289 1545 sanctus
1317 1506 1614 1561 permanens
1639 1492 1691 1546 in
1712 1507 1812 1547 sc-

240 1584 422 1639 culum
473 1584 670 1637 seculi.
698 1582 988 1639 Videamus
1035 1582 1161 1652 quid
1208 1581 1313 1637 sibi
1339 1582 1467 1638 velit
1495 1584 1596 1641 ista
1625 1583 1815 1639 deﬁni-

245 1675 351 1730 tio.
381 1675 548 1730 Deum
584 1675 763 1731 timere
790 1690 900 1733 non
949 1676 1154 1745 trepida
1195 1674 1461 1739 conlusio,
1493 1676 1588 1731 sed
1620 1677 1817 1745 impero

245 1770 457 1825 turbata
489 1771 785 1825 constantia
814 1779 921 1838 est,
961 1769 1115 1840 cujus
1142 1778 1312 1825 status
1355 1758 1499 1825 nulla
1540 1770 1819 1838 temporali

1910 567 2060 633 dere,
2102 569 2373 639 ingentem
2419 577 2639 638 superat
2682 573 2921 639 pecuniae
2958 573 3328 643 quantitatem.
3375 576 3481 632 Sed

1910 659 2163 727 quoniam
2195 660 2425 716 inveniri
2475 669 2721 729 poterant
2763 663 3120 727 continentes,
3155 667 3245 735 qui
3272 668 3480 738 cupidi»

1912 758 2073 804 tatem
2117 751 2331 806 noxiam
2360 750 2613 806 laudabili
2644 754 2903 823 parcitate
2931 756 3201 812 calcarent
3229 801 3244 826 ,
3276 760 3481 817 addidit

1909 844 2071 900 etiam
2115 858 2337 914 sapores
2367 847 2634 914 praecipua
2679 848 2941 905 suavitate
2984 849 3273 923 iucundos,
3305 857 3480 911 metet

1914 939 2106 1006 favum.
2132 934 2285 990 Unde
2328 934 2490 990 homo
2515 936 2692 991 nullus
2718 939 2997 1008 excipitur,
3029 944 3270 1009 quamvis
3312 947 3484 1000 conti-

1912 1044 2046 1087 nens
2089 1045 2209 1087 esse
2237 1030 2521 1087 videatur:
2548 1033 2669 1101 quia
2719 1044 2937 1102 propter
2961 1030 3130 1089 Vetus
3172 1034 3485 1092 Testamen-

1911 1128 2025 1175 tum
2054 1130 2265 1190 superat
2313 1123 2433 1189 mel,
2468 1132 2687 1192 propter
2716 1122 2921 1179 Novum
2951 1125 3113 1180 vincit
3144 1127 3336 1196 favum.
3379 1128 3483 1183 Ista

1915 1212 2058 1268 enim
2080 1211 2320 1269 faucibus
2342 1222 2546 1270 tantum
2576 1216 2810 1285 sapiunt,
2838 1219 2921 1272 illa
2953 1220 3218 1275 mentibus
3244 1221 3485 1278 absolute

1916 1303 2246 1361 dulcescunt.
2296 1306 2453 1373 Quod
2497 1308 2715 1363 schema
2770 1307 2958 1365 Graiae
3006 1309 3202 1365 dicitur
3249 1312 3482 1378 anxesis,

1916 1396 2106 1451 Latine
2126 1408 2501 1467 augmentum;
2534 1401 2784 1468 paulatim
2811 1401 2955 1457 enim
2986 1401 3053 1457 ad
3070 1403 3344 1472 superiora
3367 1418 3488 1460 con-

1918 1491 2131 1546 crescit.

1990 1579 2147 1636 Vers.
2188 1583 2278 1639 Η.
2312 1582 2451 1637 Nam
2478 1595 2525 1639 et
2562 1601 2733 1641 servus
2764 1595 2878 1641 tuus
2919 1586 3172 1642 custodiet
3200 1602 3289 1655 ea;
3318 1589 3371 1643 in
3399 1603 3493 1642 cu-

1920 1674 2189 1729 stodiendo
2218 1676 2309 1729 illa
2348 1678 2667 1731 retribulatio
2698 1681 2878 1733 multa.
2911 1677 3042 1735 Cum
3092 1679 3220 1733 dicit
3255 1698 3267 1732 :
3303 1679 3494 1735 Servus

1924 1773 2059 1831 tuus,
2086 1763 2287 1834 justum
2319 1767 2579 1836 signiﬁcat
2606 1779 2659 1824 et
2686 1771 2954 1825 devotum.
2983 1770 3248 1827 Custodiet
3272 1788 3353 1840 ea,
3377 1772 3496 1827 dul-

242 1861 607 1917 conversione
654 1868 911 1928 mutatur,
966 1863 1065 1917 sed
1120 1861 1175 1917 in
1228 1861 1459 1931 idipsum
1513 1860 1818 1916 sinceritate
1845 1855 2111 1924 ncedine
2138 1857 2344 1913 scilicet
2371 1859 2458 1911 illa
2501 1860 2776 1928 pellectus,
2810 1862 2932 1931 quia
2967 1864 3311 1932 aequissimis
3339 1879 3496 1919 men-

242 1953 400 2008 bOnae
426 1953 768 2011 consulendo:
798 1962 1123 2023 perseverat.
1154 1953 1287 2008 Nam
1317 1954 1549 2008 humana
1591 1951 1819 2008 formido

242 2058 368 2099 cum
417 2052 663 2114 tempore
690 2055 1073 2111 commutatur,
1117 2054 1171 2101 et
1218 2060 1321 2101 non
1352 2053 1437 2099 est
1462 2052 1667 2109 sancta,
1699 2044 1821 2114 quia

244 2150 353 2191 non
381 2144 557 2205 potest
582 2149 703 2191 esse
733 2136 1000 2206 proﬁcua;
1035 2137 1197 2191 timor
1225 2146 1400 2193 autem
1425 2135 1519 2191 Dei
1547 2136 1681 2191 nihil
1705 2150 1822 2205 per-

248 2228 562 2283 turbationis
592 2228 774 2284 habet.
824 2228 957 2283 Nam
1004 2228 1126 2284 licet
1154 2238 1301 2285 recte
1344 2242 1615 2284 auctorem
1668 2234 1821 2283 suum

249 2322 455 2382 timeat.
487 2323 581 2376 scit
610 2336 737 2378 vere
779 2322 1204 2392 supplicantibus
1238 2321 1638 2377 misericordem
1683 2334 1822 2387 esse,

251 2414 344 2482 qui
393 2412 612 2484 iudicat.
646 2414 703 2470 in
752 2415 899 2469 omni
948 2430 1076 2485 ergo
1122 2414 1406 2470 sanctitate
1445 2422 1692 2469 versatur
1737 2413 1827 2484 qui

250 2519 406 2559 suum
432 2503 666 2575 indicem
695 2514 751 2561 et
779 2507 970 2561 timere
990 2508 1331 2576 cognoscitur
1357 2512 1414 2562 et
1438 2520 1641 2561 amare.
1666 2505 1827 2560 Mixta

250 2598 400 2651 enim
425 2612 548 2651 cum
594 2612 794 2666 pavore
823 2598 1061 2664 dilectio,
1118 2600 1281 2654 timor
1332 2607 1414 2654 est
1443 2597 1676 2669 Domini,
1738 2600 1827 2669 qui

255 2700 365 2741 usu
386 2686 627 2740 smenlari
656 2690 952 2744 reverentia
981 2700 1337 2759 nuncupatur.

345 2776 499 2831 Vers.
535 2775 620 2831 1‘2.
642 2775 844 2833 Iudicia
869 2779 965 2835 Dei
990 2796 1126 2848 vera,
1150 2781 1437 2852 justi/iouia
1462 2782 1516 2835 in
1542 2781 1830 2850 semetipsa.

253 2868 483 2924 Iudicia
508 2867 609 2922 Dei
635 2868 780 2935 dicit,
813 2879 868 2925 ut
909 2868 1165 2941 arbitror,
1214 2872 1465 2927 mandata
1492 2887 1611 2942 quae
1653 2871 1706 2925 in
1735 2871 1836 2928 Ve-

252 2962 363 3017 teri
404 2969 460 3016 et
484 2958 633 3016 Novo
661 2961 1002 3021 Testamento
1048 2964 1350 3032 conscripta
1400 2973 1562 3019 sunt:
1588 2964 1709 3035 quia
1747 2979 1834 3020 re-

255 3071 391 3111 vera
420 3071 485 3111 ex
539 3055 737 3126 judicio
770 3068 893 3113 sunt
944 3058 1173 3127 prolata.
1204 3057 1338 3113 Illud
1395 3056 1535 3112 enim
1580 3057 1837 3128 judicium

257 3151 517 3221 singulari
548 3167 774 3208 numero
804 3152 1021 3221 dicitur,
1061 3153 1148 3208 ubi
1179 3152 1305 3208 boni
1334 3151 1566 3223 malique
1592 3150 1839 3205 dividuu-

1920 1948 2061 2004 tibus
2086 1949 2283 2019 judicia
2324 1951 2533 2007 Domini
2558 1969 2771 2023 semper
2799 1970 2981 2010 amara
3006 1964 3151 2012 sunt.
3191 1957 3259 2012 Et
3293 1957 3496 2029 inspice

1921 2042 2062 2112 quod
2085 2043 2285 2098 dictum
2310 2052 2413 2109 est,
2445 2048 2693 2099 custodiet
2716 2063 2807 2111 ea;
2836 2056 2893 2102 ut
2916 2062 3023 2103 non
3053 2049 3224 2103 solum
3257 2051 3322 2103 ad
3357 2059 3494 2104 tem-

1926 2147 2027 2203 pus
2054 2148 2239 2190 earum
2281 2150 2467 2189 rerum
2493 2138 2687 2206 suscipi
2716 2138 2958 2193 videatur
2983 2137 3232 2211 affectus,
3267 2125 3498 2197 sed'ns-

1924 2240 2029 2295 que
2054 2225 2109 2280 in
2128 2226 2373 2282 ultimum
2397 2228 2519 2282 vitae
2548 2231 2778 2297 spatium
2804 2229 2859 2283 in
2886 2230 2980 2285 tali
3006 2230 3291 2286 devotione
3319 2244 3497 2287 verse-

1928 2326 2032 2372 tur.
2064 2318 2191 2373 Post
2231 2318 2590 2376 obedientiam
2625 2322 2840 2391 praemia
2873 2323 3287 2392 subsequuntur,
3334 2323 3387 2376 id
3416 2331 3501 2378 est

1926 2410 2190 2464 retributio
2216 2411 2398 2465 multa.
2428 2412 2597 2468 Tanta
2626 2412 2769 2467 enim
2798 2412 2991 2466 divinae
3033 2411 3332 2468 clementia:
3363 2411 3500 2467 dona

1930 2511 2076 2568 sunt,
2117 2518 2235 2572 qua:
2278 2512 2551 2574 nequeunt
2582 2503 2984 2573 comprehendi.
3019 2504 3106 2559 Sic
3134 2505 3277 2559 enim
3325 2503 3394 2559 de
3422 2504 3505 2558 his

1931 2594 2222 2661 Apostolus
2257 2595 2387 2651 dicit
2432 2613 2446 2650 :
2496 2596 2648 2661 Quod
2688 2612 2780 2652 nec
2822 2597 2997 2651 oculus
3038 2597 3193 2664 cidit,
3241 2614 3332 2651 nec
3369 2598 3509 2651 auris

1933 2685 2147 2751 audivit,
2185 2701 2275 2739 nec
2309 2688 2364 2739 in
2398 2701 2488 2740 cor
2525 2688 2744 2741 hominis
2773 2689 3020 2754 ascendit,
3058 2704 3175 2759 qua:
3204 2693 3511 2759 prwparaoit

1935 2775 2075 2831 Deus
2103 2777 2427 2847 diligentibus
2454 2794 2513 2832 se
2539 2778 2591 2849 (ι
2626 2778 2744 2832 Cor.
2775 2795 2844 2844 ιι,
2884 2779 2963 2849 9).
2995 2780 3183 2835 Merito
3211 2795 3341 2850 ergo
3369 2782 3509 2835 dicta

1936 2878 2060 2923 sunt
2108 2868 2295 2935 multa,
2342 2870 2465 2938 quia
2508 2870 2891 2940 comprehendi
2940 2885 3047 2924 non
3098 2880 3345 2940 poterant
3394 2874 3511 2927 uni-

1937 2973 2095 3016 V8133

2013 3073 2167 3129 Vere.
2199 3073 2287 3128 I5.
2319 3072 2521 3128 Delicta
2560 3076 2672 3146 quis
2710 3075 2984 3148 intelligit?
3028 3077 3089 3131 ab
3130 3077 3340 3132 occultis
3390 3078 3512 3131 meis

1948 3163 2141 3217 nitendo
2165 3180 2264 3231 me,
2315 3163 2549 3219 Domine.
2595 3165 2732 3220 Ecce
2778 3165 2942 3236 ianua
2988 3169 3156 3223 tertia:
3200 3168 3519 3223 narrationis

262 3250 374 3296 tur.
404 3242 531 3297 Nam
558 3244 700 3314 quod
732 3242 972 3313 sequitur
1000 3261 1013 3296 :
1046 3241 1443 3311 Desiderabilia,
1476 3242 1723 3312 prohibet
1768 3241 1833 3297 ad
1867 3236 1917 3300 C
1943 3255 2201 3325 aperitur,
2227 3256 2281 3309 in
2303 3268 2407 3325 qua
2440 3256 2699 3327 propheta
2722 3257 3064 3327 deprecatur,
3100 3269 3156 3313 ut
3185 3260 3361 3314 omnia
3402 3259 3518 3327 ejus

263 3334 396 3391 illud
423 3346 627 3405 tempus
650 3334 844 3391 futurae
868 3335 1215 3406 judicationis
1239 3335 1432 3405 aptari,
1456 3334 1580 3406 quia
1609 3334 1836 3403 legitur:

270 3424 369 3480 Vit
390 3425 496 3482 illis
519 3429 606 3498 qui
633 3430 998 3499 concupiscunt
1036 3428 1169 3483 diem
1197 3428 1407 3482 Domini
1430 3427 1608 3499 (Amos
1638 3444 1688 3496 v,
1719 3425 1839 3498 18)!

272 3525 401 3578 Haec
427 3533 602 3579 autem
626 3524 830 3594 judicia
856 3525 1133 3596 utriusque
1158 3522 1512 3589 Testamenti,
1540 3536 1661 3594 quae
1702 3521 1846 3576 dicta

264 3624 423 3682 sunt,
453 3615 678 3671 veritate
705 3615 1021 3670 immutabili
1051 3621 1427 3683 perseverant;
1473 3622 1529 3669 et
1558 3620 1758 3667 tantum
1792 3611 1850 3667 in

269 3706 389 3762 illis
416 3715 495 3760 est
523 3707 745 3773 bonum,
773 3714 831 3759 ut
857 3720 975 3760 eum
1022 3721 1049 3759 a
1082 3706 1184 3776 piis
1207 3706 1472 3762 mentibus
1498 3704 1848 3774 recipiuntur,

269 3813 497 3854 veraces
523 3798 723 3854 faciant
750 3807 804 3852 et
832 3799 1040 3854 beatos.
1076 3798 1185 3853 Hoc
1227 3798 1366 3853 enim
1398 3799 1546 3861 dant,
1578 3796 1718 3867 quod
1757 3798 1853 3850 ha-

266 3893 445 3949 bent:
477 3892 598 3962 quia
648 3905 874 3947 neccsse
899 3899 985 3947 est
1024 3900 1080 3947 ut
1106 3890 1490 3963 jttstificatione
1517 3891 1731 3961 plenum
1760 3892 1849 3956 sit,

266 3985 419 4058 quod
449 3986 624 4054 iustos
649 3983 796 4040 facit.
825 3985 1046 4041 Peracta
1074 3994 1156 4041 est
1181 3986 1465 4056 propositae
1499 3985 1669 4039 laudis
1699 3998 1854 4040 sena-

264 4080 352 4134 ria
384 4077 692 4133 diversitate
714 4076 1009 4137 conclusio,
1045 4074 1388 4146 praedicando
1415 4075 1584 4146 legem
1616 4073 1855 4143 Domini,

265 4169 639 4227 tostimonium
671 4168 908 4235 Domini,
953 4167 1153 4239 judicia
1183 4168 1313 4229 Dei;
1361 4167 1452 4238 qui
1503 4180 1759 4221 numerus
1800 4166 1855 4222 in

264 4261 613 4317 arithmetica
661 4259 943 4330 disciplina
977 4260 1218 4315 noscitur
1268 4271 1389 4314 esse
1419 4257 1708 4328 perfectus.
1743 4256 1861 4313 Sin-

264 4356 416 4426 gulis
446 4342 589 4411 enim
627 4354 894 4419 versibus,
922 4354 1073 4425 quasi
1102 4352 1423 4425 quibusdam
1465 4350 1685 4407 calamis
1713 4365 1861 4406 com-

266 4447 470 4520 pactis,
503 4461 672 4518 opera
717 4447 930 4503 Domini
977 4446 1150 4501 laudis
1197 4446 1374 4502 studio
1409 4445 1701 4516 probantur
1739 4458 1861 4500 esse

265 4548 522 4605 cantata;
555 4548 616 4593 ut
642 4537 859 4593 doceret
905 4535 1284 4607 perfectionem
1334 4544 1495 4603 atque
1532 4533 1857 4590 convenien-

1946 3357 2163 3419 peccata
2214 3348 2559 3416 mandentur,
2610 3360 2875 3420 quatenus
2914 3353 3127 3423 eloquia
3180 3354 3289 3409 oris
3337 3354 3418 3409 sui
3463 3352 3521 3409 in

1946 3447 2237 3509 conspectu
2266 3440 2477 3495 Domini
2515 3440 2807 3497 reddantur
2852 3450 3094 3515 accepta.
3130 3443 3236 3499 Sed
3268 3458 3388 3498 cum
3427 3444 3522 3501 tri-

1947 3534 2047 3589 bus
2067 3533 2241 3589 modis
2270 3534 2515 3590 humanis
2536 3537 2808 3593 erroribus
2825 3537 3139 3603 excedatur,
3168 3537 3512 3605 cogitatione,

1949 3625 2115 3691 dicto,
2162 3634 2218 3683 et
2251 3626 2392 3682 facto
2416 3666 2431 3691 ,
2471 3628 2789 3684 immensum
2844 3628 2974 3683 illud
3023 3628 3335 3685 delictorum
3375 3643 3524 3683 mare

1951 3720 2053 3775 sub
2083 3719 2345 3775 brevitate
2373 3720 2745 3786 constrictum,
2777 3720 2983 3775 duobus
3013 3721 3242 3775 fontibus
3273 3734 3525 3775 emanare

1953 3820 2201 3866 testatur.
2234 3811 2506 3866 Occultum
2527 3822 2607 3867 est
2636 3812 2778 3883 quod
2810 3813 3068 3882 originale
3088 3812 3305 3878 dicitur,
3340 3813 3391 3867 in
3425 3828 3528 3881 quo

1954 3904 2061 3975 67
2089 3905 2440 3973 concipimur,
2466 3905 2758 3973 nascimur,
2788 3914 2842 3961 et
2871 3914 3075 3960 secreta
3105 3906 3377 3960 voluntate
3408 3920 3531 3975 pec-

1958 4009 2174 4065 camus,
2224 3998 2277 4053 id
2319 4007 2423 4063 est,
2466 4013 2591 4053 cum
2638 4014 2751 4053 rem
2800 4000 3025 4068 proximi
3074 4002 3529 4068 cencupiscimus;

1961 4104 2081 4145 cum
2112 4104 2213 4145 nos
2257 4090 2325 4144 de
2358 4089 2678 4144 adversariis
2723 4090 3092 4144 desideramus
3142 4091 3358 4155 ulcisci;
3410 4106 3531 4145 cum

1964 4180 2176 4237 caeteris
2207 4180 2605 4249 prmstantiores
2637 4179 2775 4235 effici
2805 4165 3079 4247 volumus;
3111 4196 3232 4235 cum
3260 4181 3409 4237 cibos
3436 4196 3534 4252 ap-

1966 4271 2197 4342 petimus
2237 4270 2537 4337 dulciores;
2577 4278 2632 4326 et
2662 4269 2743 4325 his
2770 4271 2989 4339 similia,
3018 4287 3137 4341 quae
3168 4272 3239 4325 ita
3274 4273 3538 4343 pullulant

1968 4372 2129 4433 atque
2158 4362 2472 4431 surripiunt,
2505 4372 2561 4416 ut
2604 4372 2726 4417 ante
2755 4360 3003 4418 ellcctum
3035 4364 3113 4418 rei
3158 4365 3339 4419 multis
3369 4365 3537 4420 celata

1968 4452 2268 4509 videantur.
2302 4454 2453 4520 Quod
2495 4453 2539 4507 si
2578 4453 2692 4507 haec
2716 4453 2874 4507 alicui
2904 4452 3182 4508 manifesta
3225 4456 3541 4518 reddantur,

1972 4555 2226 4600 monente
2273 4544 2606 4600 Salomone:
2654 4543 2776 4599 Non
2825 4562 2911 4599 eas
2960 4555 3070 4611 post
3109 4546 3540 4614 concupiscentias

267 4635 411 4688 tiam
440 4645 626 4685 eorum
674 4644 794 4698 qua:
845 4628 963 4683 sub'
996 4628 1089 4681 tali
1142 4627 1346 4682 calculo
1394 4633 1687 4697 noscuntur
1737 4638 1839 4680 ess¢

1971 4646 2081 4691 tuas
2110 4635 2306 4708 (Eccle.
2342 4652 2488 4702 svnt,
2522 4636 2637 4706 30),
2674 4636 2803 4690 illud
2854 4608 3028 4691 tamen
3061 4608 3317 4689 debemus
3343 4635 3538 4688 adver-

272 4723 593 4793 pradicata.
617 4720 661 4776 Ο
684 4722 977 4792 ingentium
1002 4734 1179 4775 rerum
1209 4720 1472 4791 stupenda
1493 4718 1853 4789 profunditas!

267 4818 419 4885 Quis
445 4825 537 4870 aut
564 4815 891 4872 sufﬁcienter
922 4814 1248 4884 distinguere
1286 4822 1379 4867 aut
1426 4813 1716 4884 praedicare
1766 4827 1855 4882 po-

269 4909 478 4963 tuisset
506 4922 668 4977 Opera
695 4906 936 4973 Domini,
968 4907 1067 4961 nisi
1100 4906 1165 4961 de
1209 4906 1411 4976 Spiritu
1454 4916 1640 4962 sancto
1668 4905 1859 4976 proba-

272 5008 478 5054 rentur
496 5000 667 5054 edici?
693 5000 850 5054 Solus
872 5000 1014 5054 enim
1039 4998 1292 5069 praevalet
1311 4999 1468 5071 digne
1488 4999 1554 5054 de
1581 5013 1641 5055 se
1659 4997 1862 5066 dicere,

275 5092 375 5163 qui
407 5091 569 5145 etiam
595 5105 657 5147 se
685 5099 860 5162 potest
883 5105 1042 5146 nosse
1074 5091 1403 5161 plenissime.

356 5182 519 5237 Vers.
561 5184 647 5238 15.
702 5181 1073 5243 Desiderabilia
1119 5197 1271 5254 super
1314 5198 1499 5237 aurum
1539 5192 1586 5237 et
1642 5184 1866 5254 lapidem

276 5275 567 5350 pretiosum
602 5276 845 5340 multum,
892 5284 938 5328 et
975 5276 1212 5330 dulciora
1251 5291 1404 5345 super
1444 5276 1543 5330 mel
1595 5285 1642 5331 et
1671 5276 1862 5348 favum.

277 5369 667 5425 Desiderabilia
695 5375 818 5423 sunt
845 5367 1049 5437 judicia
1074 5368 1312 5433 Domini,
1353 5369 1491 5424 sicut
1518 5369 1715 5425 dictum
1762 5360 1870 5437 est,

274 5462 542 5523 matidata
567 5463 704 5517 Novi
747 5471 801 5517 et
829 5460 1043 5518 Veteris
1084 5461 1433 5523 Testamenti,
1479 5477 1633 5530 super
1658 5477 1869 5529 aurum,

272 5556 437 5630 quod
466 5556 692 5609 humana
737 5553 1002 5625 cupiditas
1031 5551 1242 5608 affectat
1284 5551 1661 5607 ardentissime
1691 5553 1866 5621 possi-

275 5650 446 5715 dere,
489 5655 710 5718 propter
736 5646 876 5716 quod
904 5646 1210 5717 frequenter
1234 5644 1460 5715 despicit
1483 5643 1644 5698 etiam
1668 5643 1867 5699 salutes

274 5743 617 5805 animarum.
648 5738 751 5794 Sed
781 5740 904 5807 quia
933 5738 1035 5792 hoc
1072 5747 1229 5792 tanta:
1251 5736 1330 5791 rei
1361 5750 1548 5806 parum
1578 5743 1681 5802 est,
1707 5735 1861 5791 addi-

276 5840 365 5893 dtt
398 5855 413 5887 :
452 5814 1017 5906 LopidemIpretiosum
1064 5832 1299 5898 multum,
1346 5831 1433 5901 qui
1465 5830 1516 5885 in
1544 5829 1863 5901 parvissimo

1970 4737 2107 4795 tere,
2137 4728 2386 4799 quoniam
2436 4729 2602 4782 multa
2636 4738 2851 4796 peccata
2900 4736 3171 4797 suntquis
3222 4726 3573 4780 omnimodis

1970 4820 2300 4889 ignoramus,
2329 4834 2555 4889 quorum
2582 4835 2679 4874 nec
2708 4820 2942 4889 origines
2974 4833 3269 4885 possumus,
3292 4832 3388 4872 nec
3418 4819 3547 4872 sub-

1971 4909 2245 4977 reptiones
2278 4924 2587 4979 agmscere.
2621 4910 2773 4965 Unde
2820 4908 3241 4964 subaudiendum
3270 4918 3371 4974 est,
3416 4909 3547 4964 deli-

1973 5007 2056 5053 cta
2096 4998 2275 5053 omnia
2316 5000 2429 5069 quis
2454 4998 2731 5069 intelligit?
2756 4998 2887 5051 Nam
2920 5012 3038 5052 eum
3091 4997 3328 5053 dicturus
3373 4999 3444 5053 sit
3491 4999 3547 5055 in

1973 5089 2409 5159 quinquagesimo
2436 5090 2681 5160 psalmo:
2710 5088 2963 5142 Delictum
2984 5104 3151 5142 meum
3172 5099 3350 5143 contra
3379 5106 3456 5141 me
3474 5099 3550 5143 est

1972 5195 2170 5251 semper
2199 5178 2372 5247 (Pal.
2420 5197 2472 5248 ι,
2512 5180 2605 5249 5);
2655 5189 2710 5233 et
2749 5178 2917 5234 alibi:
2949 5178 3209 5235 Delictum
3252 5196 3415 5234 meum
3463 5196 3551 5234 co-

1974 5273 2174 5343 gnitum
2198 5273 2284 5325 tibi
2311 5272 2409 5341 feci
2435 5268 2606 5341 (Ptol.
2632 5286 2777 5337 sui,
2809 5273 2888 5342 5),
2933 5272 3200 5341 quomodo
3240 5287 3348 5327 non
3380 5282 3554 5341 potest

1978 5364 2228 5432 intelligi,
2269 5364 2411 5435 quod
2455 5378 2683 5433 peccans
2712 5364 2919 5434 cogitur
2946 5365 3229 5420 conliteri?
3247 5364 3353 5418 Sed
3382 5364 3428 5418 si
3457 5364 3553 5418 ad-

1968 5456 2165 5526 ieceris
2196 5456 2404 5520 ouinia,
2438 5464 2563 5509 tunc
2607 5456 2721 5510 tunc
2766 5457 2996 5526 quaestio
3027 5456 3280 5525 probatur
3310 5454 3550 5510 exclusa.

2044 5546 2197 5603 Vers.
2228 5548 2310 5601 l6.
2344 5546 2409 5600 Et
2450 5547 2511 5599 ab
2537 5548 2719 5601 alienis
2747 5563 2897 5618 parce
2923 5563 3065 5601 servo
3091 5558 3196 5600 tuo.
3232 5547 3292 5601 Si
3319 5546 3417 5601 mei
3446 5562 3552 5600 non

1974 5643 2164 5711 fuerint
2192 5641 2460 5705 dominati,
2490 5649 2606 5695 tunc
2634 5644 2992 5696 immamtlutus
3026 5658 3131 5707 ero,
3160 5653 3208 5695 et
3235 5639 3556 5693 entundabor

1973 5749 2006 5787 α
2033 5734 2214 5788 delicto
2258 5734 2501 5787 maxime.
2548 5733 2787 5788 Positum
2821 5742 2903 5788 est
2932 5734 3207 5801 superiore
3242 5746 3397 5785 versu
3423 5770 3437 5792 ,
3469 5744 3555 5781 oc-

1974 5830 2187 5895 cultum,
2220 5828 2357 5897 quod
2389 5828 2645 5898 originale
2682 5827 2945 5894 dicimus;
2991 5842 3129 5881 nunc
3160 5821 3443 5880 dicendum
3476 5832 3560 5881 est
