4064 6360
499 390 603 449 M3

1657 384 1730 441 Μ.
1752 376 2030 439 AURELH
2065 369 2471 434 CASSIODORI

3648 360 3757 416 ιιι

497 506 622 580 quid
653 504 722 560 sit
745 506 989 558 alienum.
1012 500 1249 557 Alienum
1274 506 1375 564 est,
1398 496 1540 567 quod
1567 496 1722 552 malis
1744 491 2072 557 hominibus,
2100 493 2157 553 Α
2180 480 2381 580 aliquid
2411 479 2736 580 disseramus
2757 480 2855 580 :Jut
2885 468 3085 580 gratius
3114 467 3292 580 possit
3303 467 3502 580 accipi,
3516 470 3740 580 quando

499 600 611 654 sive
637 596 850 653 diabolo
875 594 1132 649 suadente
1160 588 1530 656 committitur,
1554 586 1651 642 sed
1690 587 1748 640 ﬁt
1776 584 2077 655 proprium,

502 692 623 763 quia
672 702 963 745 consensus
1004 684 1280 757 plectibilis
1324 680 1628 736 adhibetur.
1677 677 1755 731 Ex
1799 677 1888 730 illa
1936 675 2078 730 enim

504 786 725 841 traduce
755 783 1060 840 mortalium
1101 792 1276 834 massa
1317 783 1597 844 corrupta,
1626 772 1694 826 ab
1734 771 1886 825 hoste
1923 767 2082 838 spiri-

508 879 637 933 tuali
665 878 783 933 sine
821 875 1000 930 divina
1048 871 1221 941 gratia
1264 866 1520 922 velociter
1555 863 1907 927 subvertitur,
1958 859 2084 929 quia

510 972 562 1026 in
592 971 764 1040 primo
793 964 1005 1020 homine
1035 978 1130 1033 per
1156 958 1570 1015 inobedientiam
1606 955 1789 1008 vitiata
1816 960 2082 1006 monstra-

511 1071 615 1117 tur.
650 1060 779 1115 Nam
806 1071 965 1127 quam
996 1054 1153 1109 facile
1182 1062 1266 1109 est
1293 1052 1513 1120 antiquo
1542 1046 1836 1103 insidiatori
1877 1040 2086 1098 infectis

512 1154 675 1209 vetita
704 1149 930 1205 suadere
948 1190 965 1216 ,
995 1146 1084 1217 qui
1114 1146 1287 1215 potuit
1323 1143 1519 1197 liberos
1546 1149 1706 1209 atque
1752 1138 2088 1203 incorruptos

513 1259 604 1300 sua
664 1241 954 1298 calliditate
1013 1237 1297 1309 deciperet
1346 1236 1677 1305 Quapropter
1727 1232 1794 1288 ab
1847 1228 2090 1299 originali

517 1349 756 1411 peccato,
790 1337 934 1394 unde
960 1348 1130 1405 usque
1163 1332 1231 1388 ad
1273 1329 1457 1388 saeculi
1486 1330 1645 1385 ﬁnem
1684 1326 1871 1381 vivens
1917 1322 2091 1378 nullus

516 1435 800 1504 excipitur,
844 1432 1104 1503 propheta
1145 1425 1389 1482 mundari
1418 1438 1477 1478 se
1506 1422 1677 1492 petit,
1722 1417 1875 1489 quasi
1922 1415 2094 1471 adhuc

518 1526 819 1583 carnalibus
846 1524 988 1579 vitiis
1017 1536 1122 1577 non
1165 1519 1384 1575 omnino
1420 1526 1693 1587 purgatus.
1727 1512 1835 1568 Sed
1863 1526 1985 1568 cum
2014 1510 2095 1566 di-

520 1621 612 1687 cit,
635 1634 780 1675 servo
815 1627 920 1682 tuo,
946 1616 1056 1687 jam
1084 1630 1143 1670 se
1172 1609 1407 1667 ostendit
1432 1608 1538 1678 legi
1566 1606 1845 1661 dominicae
1870 1603 1991 1674 jure
2019 1601 2097 1658 fa-

520 1711 736 1768 mulari.
770 1708 1121 1763 Dominantur
1142 1713 1319 1759 autem
1341 1712 1573 1764 errores,
1596 1713 1718 1753 cum
1744 1697 1797 1751 in
1821 1694 1901 1751 eis
1926 1693 2096 1749 fallaci

522 1804 797 1859 voluntate
825 1797 1201 1871 presumitur:
1232 1804 1354 1849 tunc
1384 1806 1510 1847 vero
1536 1789 1816 1859 imperium
1846 1784 2096 1857 perdunt,

2182 575 2417 630 breviter
2456 570 2575 640 ejus
2617 564 2841 622 intentio
2882 563 3136 633 probatur
3162 560 3399 631 agnosci.
3433 559 3762 618 Futurorum

2181 668 2348 738 igitur
2376 661 2776 720 illuminatione
2821 658 3077 727 pr0pheta
3104 655 3420 723 completus,
3468 669 3563 724 per
3600 665 3765 725 opu-

2181 759 2349 816 tivum
2381 755 2595 810 modum
2640 750 2861 807 evenire
2905 762 3159 817 prospera
3199 755 3398 801 sancta:
3439 745 3773 815 deprecatur

2184 848 2465 913 Ecclesiae,
2495 860 2616 916 quae
2651 844 2727 899 illi
2772 857 2867 912 per
2898 841 3180 896 adventum
3211 838 3420 895 Domini
3463 840 3775 897 certissime

2184 949 2407 998 noverat
2436 953 2557 995 esse
2585 943 2849 1000 ventura;
2877 942 2932 989 et
2960 933 3119 987 nimia
3147 932 3410 987 cliaritate
3445 932 3773 999 completus,

2188 1035 2263 1091 illi
2294 1030 2727 1103 Optat‘prospera
2752 1069 2769 1094 ,
2807 1027 2962 1095 cujus
3005 1041 3067 1080 se
3095 1024 3390 1080 membrum
3420 1038 3543 1082 esse
3584 1039 3777 1082 nosce<

2190 1126 2298 1181 bat.
2331 1124 2481 1179 Talia
2510 1121 2776 1192 siquidem
2802 1117 3067 1175 desideria
3090 1117 3231 1173 beati
3257 1132 3469 1188 semper
3489 1126 3775 1188 appetunt,

2191 1226 2251 1273 ut
2276 1216 2413 1271 bona
2440 1229 2536 1269 sua
2566 1213 2636 1267 ibi
2668 1210 2841 1282 posita
2878 1206 3132 1276 indicent,
3167 1207 3261 1265 ubi
3291 1208 3430 1265 bene
3459 1208 3777 1263 meritorum

2193 1318 2318 1366 vota
2349 1307 2706 1379 congaudent.

2771 1395 2967 1450 Divisio
2995 1394 3202 1465 psalmi.

2269 1517 2450 1574 Primo
2474 1515 2714 1585 ingressu
2746 1514 3002 1584 propheta
3030 1513 3348 1583 deprecatur
3366 1519 3565 1566 sanctae
3592 1510 3780 1566 Eccleo

2197 1614 2293 1669 sia:
2322 1614 2461 1669 bona
2498 1611 2787 1666 succedere
2811 1650 2826 1675 ,
2871 1620 2929 1664 ut
2959 1608 3168 1663 diversa
3205 1605 3387 1661 mundi
3438 1606 3783 1659 tribulatione

2200 1708 2437 1778 fatigata,
2467 1704 2742 1760 Christum
2775 1702 3058 1758 Dominum
3086 1700 3341 1757 exaudita
3379 1700 3656 1767 suscipiat.
3685 1698 3779 1754 Se

2202 1798 2377 1854 cundo
2406 1797 2723 1866 deprecatur
2753 1802 2810 1849 ut
2839 1809 2998 1849 omne
3022 1792 3301 1849 consilium
3331 1790 3449 1860 ejus
3473 1802 3784 1860 rectaman

524 1895 737 1967 quando
765 1894 832 1949 ab
858 1893 986 1963 ipsis
1008 1890 1252 1944 homines
1276 1902 1369 1957 per
1401 1885 1493 1940 Dei
1523 1882 1749 1954 gratiam
1779 1880 2098 1937 subtrahnn-
2127 1881 2177 1943 B
2203 1888 2359 1943 ﬁdem
2390 1886 2646 1941 Dominus
2675 1883 3077 1954 οωηῑροιεηιίεε
3116 1897 3226 1937 sum
3254 1883 3453 1952 ρίειλιο
3478 1881 3785 1947 conﬁrmet,

524 1997 633 2044 tur.
683 1986 810 2042 Jure
855 1997 981 2053 ergo
1028 1979 1287 2051 propheta
1334 1975 1733 2031 immaculatum
1774 1985 1834 2027 se
1876 1968 2100 2025 conﬁdit

522 2079 662 2146 ﬁeri,
694 2092 815 2134 cum
841 2090 962 2131 eum
988 2072 1099 2143 jam
1121 2070 1403 2141 contigerit
1421 2068 1487 2123 ab
1523 2081 1710 2123 eorum
1739 2063 2102 2120 dominatione

524 2170 761 2228 liberari.
792 2168 1077 2223 Maximum
1119 2178 1247 2219 vero
1299 2162 1552 2218 delictum
1571 2169 1654 2215 est
1694 2157 1964 2228 superbia,
1997 2170 2101 2225 qua

526 2272 583 2320 et
608 2262 849 2318 diabolus
863 2258 1075 2324 cecidit,
1099 2267 1153 2312 et
1178 2255 1448 2311 hominem
1476 2251 1772 2323 traxit[ms.
1798 2253 1886 2318 A.,
1904 2250 1990 2317 B.,
2006 2247 2101 2318 F.,

527 2352 766 2423 stravit].
799 2354 1061 2421 Quantum
1093 2350 1235 2405 enim
1267 2349 1318 2402 in
1347 2347 1489 2402 malo
1518 2360 1709 2415 magna
1736 2344 1830 2411 sit,
1862 2344 1984 2399 hinc
2011 2344 2105 2399 da-

528 2456 615 2502 tur
654 2444 917 2515 intelligi,
967 2458 1085 2513 qua:
1126 2456 1195 2496 ex
1240 2440 1428 2509 angelo
1477 2436 1747 2492 diabolum
1794 2434 1939 2503 fecit,
1987 2449 2105 2504 qum

530 2536 737 2591 homini
762 2543 988 2590 mortem
1021 2533 1220 2596 intulit,
1260 2540 1314 2587 et
1343 2544 1595 2586 concessa
1639 2527 1971 2585 beatitudine
2014 2542 2105 2582 va-

529 2626 727 2683 cuavit.
781 2623 1028 2678 Omnium
1084 2623 1343 2676 malorum
1390 2630 1599 2685 mater,
1643 2618 1906 2674 scelerum
1944 2617 2103 2686 fons,

528 2733 663 2776 vena
695 2716 976 2786 nequitia;
1016 2716 1276 2784 scriptum
1313 2721 1398 2769 est
1437 2714 1581 2772 enim
1608 2729 1623 2766 :
1652 2709 1869 2765 Initium
1912 2713 2107 2783 peccati

529 2809 696 2865 omnis
720 2807 957 2879 superbia
986 2806 1182 2879 (Eccle.
1212 2822 1269 2873 x,
1297 2806 1408 2877 i5),
1447 2820 1608 2877 quam
1647 2814 1823 2863 tamen
1851 2806 2108 2863 Dominus

528 2906 751 2963 veniens
778 2918 873 2960 sua
902 2894 1201 2960 humilitate
1229 2904 1442 2974 dejecit.

598 2997 755 3054 νει-ε.
786 3000 874 3053 17.
901 2998 967 3051 Et
994 3006 1140 3052 erunt
1167 3006 1220 3050 ut
1244 2998 1591 3068 complaceant
1616 2997 1820 3067 eloquia
1846 2998 1949 3051 oris
1972 2997 2106 3051 mei:

530 3099 579 3147 et
606 3090 869 3146 meditatio
898 3091 1067 3144 cordis
1114 3092 1211 3144 mei
1239 3091 1293 3143 in
1330 3099 1600 3161 conspectu
1630 3099 1716 3144 tuo
1745 3106 1960 3161 semper.
2001 3087 2110 3142 Do-

532 3184 687 3251 mine,
714 3183 918 3253 adjutor
950 3197 1091 3236 meus
1130 3189 1177 3236 et
1200 3182 1487 3252 redemptor
1512 3198 1672 3237 meus.
1720 3180 1855 3236 Dicit
1898 3180 2110 3248 quando

533 3275 731 3343 eloquia
766 3273 869 3328 oris
912 3273 1028 3342 ejus
1058 3273 1285 3329 Domino
1324 3273 1537 3342 placere
1583 3273 1931 3344 praevaleant;
1964 3272 2110 3327 vide-
2134 3256 2181 3321 C

532 3372 676 3436 licet,
703 3367 750 3426 si
780 3380 809 3419 a
837 3365 978 3420 vitiis
1001 3379 1123 3435 quae
1148 3365 1390 3435 superius
1411 3365 1562 3431 dixit,
1590 3364 1844 3420 reddatur
1870 3365 2111 3429 alienus;

532 3472 749 3535 propter
770 3458 901 3519 illud
922 3459 1062 3528 quod
1091 3459 1282 3514 dicitur
1308 3459 1605 3529 peccatori:
1633 3458 1805 3525 Quare
1826 3467 1885 3512 tu
1906 3474 2114 3513 enarras

534 3558 757 3629 iustitiae
768 3572 905 3612 meas
926 3550 1102 3625 (Paul.
1126 3550 1541 3621 thx,16)?Qutc
1561 3560 1643 3606 est
1657 3560 1835 3605 autem
1857 3551 2117 3605 meditatio

534 3650 729 3715 cordis,
759 3663 877 3718 qua:
919 3653 1094 3717 potest
1138 3642 1208 3700 ad
1256 3642 1535 3697 Dominum
1582 3642 1898 3712 pervenire?
1938 3641 2075 3710 Spes
2101 3680 2118 3709 ,

536 3742 771 3799 charitas
794 3782 810 3810 ,
841 3749 895 3797 et
938 3740 1101 3807 ﬁdes,
1153 3754 1268 3809 qua:
1316 3736 1499 3817 utique
1527 3735 1684 3806 digna
1711 3743 1835 3789 sunt
1861 3733 1991 3790 Deo.
2021 3734 2120 3788 illa

537 3837 681 3893 enim
723 3842 995 3890 merentur
1035 3833 1087 3887 in
1134 3842 1422 3901 conspectu
1466 3830 1585 3901 ejus
1632 3831 1924 3887 ascendere
1948 3871 1963 3895 ,
2000 3844 2119 3899 quae

535 3928 654 3997 ipse
700 3927 1037 3998 cognoscitur
1079 3927 1395 3996 approbare.
1440 3927 1739 3998 Adjulorem
1787 3939 1913 3980 vero
1963 3938 2119 3979 suum

537 4019 665 4074 dicit
692 4020 748 4074 in
777 4018 969 4085 bonis,
1008 4018 1378 4087 redemptorem
1416 4032 1446 4071 a
1475 4018 1665 4081 malis,
1715 4024 1769 4071 ut
1808 4030 1969 4070 nemo
2008 4016 2120 4071 suis

539 4114 745 4171 meritis
773 4113 1002 4184 applicet
1029 4111 1171 4183 quod
1199 4111 1403 4167 caelesti
1452 4111 1699 4180 largitate
1728 4108 2047 4179 susceperit.

1078 4201 1348 4256 Conclusio
1379 4199 1585 4268 psalmi.

613 4292 781 4360 Quam
810 4286 1040 4347 mirabili
1068 4291 1257 4346 ordine
1283 4299 1451 4346 totum
1493 4291 1754 4361 psalmum
1799 4288 2124 4360 gloriosissi-

546 4397 665 4437 mus
702 4382 962 4451 propheta
1004 4385 1274 4437 cantavit!
1304 4383 1562 4439 Landavit
1611 4385 1823 4440 Domini
1866 4383 2125 4453 praedica-

547 4483 730 4540 tores;
762 4474 879 4544 ipse
902 4480 1112 4545 quoque
1139 4475 1424 4530 adventum
1455 4476 1835 4532 sacratissima;
1874 4477 2121 4530 incarna-

547 4568 709 4624 tionis
759 4566 1020 4633 edocuit,
1074 4568 1336 4637 magnalia
1382 4568 1497 4637 ejus
1552 4569 1697 4623 varia
1752 4567 2121 4623 deﬁnitionum

548 4660 802 4731 qualitate
842 4658 1247 4715 commendans.
1296 4659 1667 4729 Reversusque
1710 4660 1765 4713 in
1809 4661 2121 4718 memoriam

550 4751 851 4822 fragilitatis
879 4767 1012 4817 sum,
1039 4767 1068 4805 a
1097 4751 1304 4806 delictis
1340 4752 1491 4820 petiit
1532 4753 1729 4808 debere
1757 4768 1815 4809 se
1846 4756 2119 4825 mundari;

550 4849 613 4897 ut
640 4852 904 4898 tantorum
937 4834 1388 4897 sacramentorum
1414 4843 1612 4899 relator
1635 4846 1824 4916 dignus
1844 4850 2121 4918 existeret,

553 4937 643 5007 qui
667 4936 848 4991 docuit
868 4936 1174 5006 Scripturas
1197 4936 1403 4991 Domini
1430 4952 1462 4991 a
1489 4938 1769 5007 purissima
1797 4942 2127 4999 conscientia

551 5027 747 5083 debere
787 5031 1013 5082 narrari.
1044 5028 1306 5084 Numerus
1349 5044 1559 5099 quoque
1594 5045 1852 5099 prmsens,
1875 5035 2125 5091 virtutem

550 5119 742 5190 psalmi
790 5118 1062 5173 declarare
1092 5120 1335 5174 sentitur.
1369 5120 1500 5176 Nam
1529 5124 1668 5177 sicut
1710 5125 1766 5178 in
1795 5125 2082 5197 Evangelio
2106 5173 2123 5201 ,

553 5212 763 5268 decimo
786 5218 974 5265 octavo
997 5226 1136 5265 anno
1162 5221 1375 5268 curvata
1400 5214 1608 5282 mulier,
1630 5215 1854 5286 jubente
1882 5218 2123 5291 Christo,

550 5318 582 5357 a
611 5318 706 5358 sua
733 5301 1039 5357 inﬁrmitate
1061 5303 1261 5358 salvata
1286 5313 1366 5361 est
1394 5306 1544 5375 (Luc.
1572 5324 1687 5379 xm,
1721 5311 1811 5382 ii)
1835 5327 1849 5366 :
1882 5313 1955 5367 ita
1983 5329 2043 5371 se
2070 5316 2125 5372 in

554 5394 657 5449 hoc
682 5392 888 5463 psalmo
914 5393 1066 5462 petiit
1094 5395 1323 5463 peccatis
1341 5399 1571 5468 propriis
1597 5403 1854 5471 propheta
1883 5404 2120 5475 liberari,

554 5501 649 5554 per
678 5483 821 5538 hunc
850 5484 1111 5540 calculum
1137 5487 1439 5555 signiﬁcans
1463 5497 1674 5561 tempus
1699 5494 2035 5564 aptissimum
2066 5496 2125 5553 in

553 5590 658 5647 quo
682 5586 736 5632 et
761 5576 861 5631 iste
887 5576 1095 5630 Domini
1121 5578 1394 5637 salutifera
1422 5582 1683 5640 beneﬁcia
1709 5597 2029 5644 mereretur.

845 5666 1205 5727 EXPOSITIO
1234 5672 1300 5728 IN
1330 5675 1659 5734 PSALMUM
1686 5678 1821 5736 XIX.

978 5759 1044 5815 In
1070 5763 1222 5831 finem
1260 5765 1487 5835 psalmus
1518 5767 1706 5826 David.

625 5850 743 5909 iam
767 5849 891 5923 quia
927 5850 1065 5908 tituli
1096 5855 1257 5912 verba
1303 5868 1424 5916 nota
1459 5870 1616 5930 sunt,
1654 5863 1720 5921 de
1748 5872 1890 5927 textu
1936 5858 2128 5939 psalmi

2200 1981 2518 2051 promittens
2548 1977 2756 2033 ﬁdelem
2786 1978 3037 2047 populum
3070 1991 3177 2031 non
3207 1975 3656 2046 magniﬁcandum
3688 1990 3785 2045 po-

2200 2079 2394 2130 testate
2422 2071 2716 2138 mundana,
2745 2070 2841 2127 sed
2870 2070 3050 2126 divina
3080 2070 3351 2155 potentia.-

2741 2184 3011 2255 Expositio
3037 2183 3245 2257 psalmi.

2279 2299 2427 2356 Vcrs.
2459 2298 2509 2353 1.
2544 2298 2802 2354 Exaudiat
2831 2308 2879 2354 te
2907 2298 3155 2353 Dominus
3192 2298 3247 2351 in
3275 2296 3361 2351 die
3402 2296 3746 2351 tribulationis
3776 2312 3791 2350 :

2205 2402 2433 2464 protegat
2459 2401 2505 2447 te
2536 2408 2717 2447 nomen
2752 2390 2850 2447 Dei
2875 2390 3058 2446 Iacob.
3094 2389 3197 2444 Per
3224 2387 3447 2458 ﬁguram
3472 2387 3750 2459 prolepsin
3778 2427 3793 2452 ,

2206 2500 2325 2556 quae
2366 2483 2556 2539 Latine
2603 2483 2798 2539 dicitur
2844 2481 3277 2552 praeoccupatio,
3324 2482 3582 2550 propheta
3619 2479 3794 2535 studio

2206 2591 2412 2647 magnae
2442 2576 2722 2632 charitatis
2749 2589 3029 2643 accensus,
3057 2582 3205 2643 Optat
3236 2572 3490 2628 Ecclesia:
3512 2570 3794 2628 catholica

2208 2668 2513 2738 provenire,
2545 2682 2663 2737 qua:
2690 2667 2846 2737 longo
2886 2675 3006 2736 post
3040 2674 3282 2734 tempore
3322 2664 3439 2719 ﬁeri
3480 2677 3637 2732 posse
3664 2678 3795 2719 cer-

2212 2757 2393 2812 nebat.
2428 2756 2615 2811 Audiri
2653 2757 3022 2825 cognoscimur
3045 2795 3060 2821 ,
3099 2755 3314 2826 quando
3345 2753 3667 2811 omnimodis
3694 2753 3797 2810 ali.

2206 2850 2333 2921 quid
2361 2851 2687 2907 obtinemus.
2738 2850 2977 2906 Dicendo
3020 2864 3180 2920 vero,
3208 2850 3263 2903 in
3300 2849 3383 2903 die
3412 2847 3757 2902 tribulationis
3783 2888 3802 2914 ,

2208 2952 2417 3013 tempus
2458 2941 2787 3014 gravissimae
2832 2940 3136 2996 afﬁictionis
3163 2939 3415 3007 ostendit,
3459 2953 3565 3009 quo
3603 2953 3803 3010 magno

2212 3034 2482 3089 desiderio
2508 3024 2792 3088 Dominum
2820 3033 3192 3102 deprecamur.
3225 3032 3339 3086 Non
3370 3031 3514 3087 enim
3539 3032 3805 3087 extemis

2212 3127 2393 3195 labiis,
2428 3127 2523 3182 sed
2550 3125 2751 3182 mundo
2778 3129 2942 3181 corde
2964 3136 3089 3181 tunc
3118 3126 3346 3195 petimus
3373 3138 3493 3196 quae
3523 3124 3678 3179 nobis
3702 3125 3806 3201 tri-

2212 3218 2302 3274 bui
2351 3219 2706 3289 postulamus.
2757 3219 3204 3276 Perscrutandum
3254 3227 3337 3274 est
3379 3233 3593 3289 quoque
3630 3231 3808 3287 quare

2217 3312 2533 3382 patriarchas
2578 3312 2744 3368 Jacob
2819 3328 3015 3368 nomen
3069 3312 3283 3368 videtur
3342 3314 3653 3368 annexum?
3702 3312 3809 3367 lic

2215 3403 2360 3459 enim
2412 3405 2600 3474 majori
2653 3403 2805 3460 fratri
2861 3404 3202 3474 subripiens,
3262 3404 3424 3460 totius
3470 3403 3809 3460 benedictio-

2217 3497 2301 3552 nis
2331 3496 2555 3567 gratiam
2601 3496 2961 3566 conquisivit,
2995 3506 3053 3551 ut
3080 3506 3135 3552 et
3160 3498 3274 3567 ipse
3315 3496 3391 3551 illi
3420 3511 3544 3551 cum
3592 3498 3808 3566 reliquo

2219 3590 2414 3660 populo
2436 3590 2770 3646 subderetur.
2795 3589 2926 3657 Quae
2949 3591 3058 3661 68
3078 3590 3373 3647 similitudo
3388 3589 3805 3655 benedictionis,

2219 3681 2524 3737 Christiano
2551 3682 2745 3752 populo
2782 3691 3141 3751 congruenter
3172 3690 3403 3749 aptatur,
3450 3682 3539 3749 qui
3587 3690 3805 3750 gentem

2221 3772 2557 3841 subsequens
2585 3771 2916 3837 Judmorum,
2948 3786 3066 3825 eam
3091 3771 3294 3826 devotae
3318 3772 3513 3826 mentis
3545 3773 3807 3840 religione

2222 3864 2513 3933 superavit,
2546 3873 2600 3916 ut
2622 3864 2805 3932 gratia:
2829 3876 3049 3917 munere
3078 3864 3279 3931 primus
3310 3862 3543 3918 donante
3571 3862 3807 3916 Domino

2220 3957 2553 4012 redderetur.
2584 3955 2713 4009 Nam
2761 3970 2880 4010 cum
2917 3956 3086 4021 dicit,
3130 3963 3363 4027 protegat
3402 3964 3450 4009 te
3488 3971 3669 4008 nomen
3708 3954 3808 4007 Dei

2221 4046 2403 4111 Iacob,
2437 4048 2740 4116 huiusmodi
2770 4048 3170 4103 similitudinem
3196 4064 3227 4103 a
3252 4050 3479 4103 Domino
3509 4047 3622 4101 vult
3648 4046 3811 4101 intel-

2221 4140 2335 4210 ligi,
2367 4150 2422 4195 et
2450 4156 2587 4195 novo
2617 4140 2811 4210 populo
2842 4141 3258 4207 concedendam,
3285 4155 3444 4211 quam
3472 4140 3562 4196 ille
3583 4140 3638 4196 in
3667 4155 3810 4211 prac-

2227 4231 2543 4302 ﬁguratione
2570 4241 2787 4286 sanctus
2815 4231 3115 4301 patriarcha
3155 4233 3411 4302 percepit.

2299 4320 2452 4377 Vers.
2484 4322 2537 4375 2.
2573 4314 2748 4375 Mittat
2793 4323 2884 4376 tibi
2912 4323 3162 4377 auxilium
3186 4324 3248 4377 de
3282 4331 3480 4390 sancto,
3509 4324 3649 4379 corde
3678 4320 3810 4381 Sion

2226 4421 2426 4467 tueatur
2455 4422 2520 4467 te.
2552 4413 2797 4483 Optando
2827 4415 2901 4468 ait
2950 4416 3139 4480 mittat,
3193 4423 3251 4469 ut
3295 4415 3544 4471 ostendat
3581 4432 3611 4470 a
3652 4416 3812 4471 Patre

2227 4503 2423 4560 Filium
2450 4507 2692 4563 missum.
2726 4506 2834 4561 Sed
2864 4506 2965 4561 hoc
2994 4508 3216 4561 verbum
3243 4506 3520 4564 charitatis
3563 4517 3670 4575 est,
3700 4523 3810 4564 non

2229 4595 2610 4666 subiectionis;
2653 4598 2791 4652 sicut
2826 4606 2878 4652 et
2919 4597 3031 4666 ipse
3079 4597 3135 4651 in
3163 4597 3452 4665 Evangelia
3494 4598 3563 4654 de
3608 4599 3811 4667 Spiritu

2226 4697 2413 4743 sancto
2442 4688 2603 4742 dicit:
2634 4686 2858 4755 Expedit
2877 4687 3014 4742 vobis
3038 4697 3092 4741 ut
3119 4704 3208 4758 ego
3234 4690 3455 4755 vadum;
3480 4689 3525 4743 si
3553 4691 3686 4743 enim
3717 4705 3810 4758 ego

2227 4796 2329 4834 non
2371 4779 2568 4847 abiero,
2603 4778 2896 4834 Paraclitus
2936 4796 3036 4833 non
3080 4780 3240 4834 veniet
3283 4782 3350 4834 ad
3392 4798 3505 4845 vos;
3548 4783 3592 4835 si
3639 4791 3815 4837 autem

2228 4873 2421 4940 abiero,
2450 4874 2645 4926 mittam
2671 4888 2786 4925 eum
2816 4871 2885 4924 ad
2910 4888 2993 4926 vos
3019 4872 3203 4942 (Joan.
3230 4888 3339 4938 xvr,
3370 4872 3447 4943 7).
3478 4872 3609 4929 Sion
3643 4874 3811 4939 enim,

2232 4964 2371 5019 sicut
2400 4979 2543 5031 saepe
2564 4964 2817 5031 diximus,
2845 4978 2999 5018 mons
3022 4973 3125 5031 est,
3154 4965 3457 5034 signiﬁcans
3482 4965 3803 5035 speculatio.

2220 5038 2377 5123 'nem,
2421 5072 2540 5126 quae
2586 5056 2833 5111 convenit
2880 5055 3179 5133 Divinitati:
3209 5056 3458 5126 quoniam
3487 5057 3564 5113 illi
3608 5059 3813 5125 omnia,

2234 5162 2340 5202 non
2372 5156 2429 5201 ut
2458 5146 2612 5201 nobis
2656 5162 2722 5201 ex
2747 5157 2941 5202 eventu
2985 5157 3112 5203 nota
3154 5158 3309 5215 sunt,
3337 5150 3432 5207 sed
3475 5165 3543 5208 ex
3577 5150 3817 5221 glorioso

2233 5252 2344 5293 suae
2373 5237 2737 5305 diSpositionis
2765 5252 2980 5293 arcano.

2304 5327 2460 5382 Vers.
2487 5329 2541 5383 5.
2573 5326 2771 5382 Memor
2804 5330 2871 5383 sit
2898 5330 3062 5384 omnis
3084 5331 3328 5401 sacriﬁcii
3350 5334 3427 5385 tui
3447 5371 3463 5397 ,
3493 5341 3541 5386 et
3568 5331 3820 5386 holocau-

2231 5428 2366 5475 stum
2404 5427 2547 5472 tuum
2585 5421 2770 5489 pingue
2807 5422 2919 5491 ﬁat.
2950 5420 3281 5491 Sacri/icium
3309 5431 3504 5478 sancta:
3535 5422 3819 5491 Ecclesiae,

2235 5526 2343 5567 non
2373 5510 2544 5566 hostia
2576 5512 2862 5581 pecudum,
2899 5514 2993 5568 sed
3038 5513 3139 5569 iste
3170 5517 3303 5570 ritus
3332 5513 3675 5585 accipiendas
3702 5526 3815 5589 est,

2156 5635 2169 5648 -
2233 5604 2321 5674 qui
2353 5619 2494 5660 nunc
2536 5606 2711 5675 agitur
2757 5606 2998 5675 corporis
3027 5613 3080 5660 et
3126 5610 3397 5678 sanguinis
3444 5609 3817 5667 immolatione

2233 5693 2500 5760 solemni,
2552 5709 2710 5763 quem
2763 5701 3043 5749 venturum
3090 5698 3463 5767 prmvidebat,
3504 5716 3609 5756 non
3651 5716 3818 5773 quem

2237 5786 2749 5856 praetermittendum
2796 5801 2917 5845 esse
2951 5800 3293 5859 cognoverat.
3334 5793 3609 5862 Sequitur,
3640 5802 3688 5848 et
3718 5794 3819 5850 lio-

2239 5879 2529 5937 locaustum
2578 5887 2720 5935 tuum
2765 5881 2957 5951 pingue
2993 5882 3104 5950 ﬁat.
3151 5883 3452 5943 Holocausti
3495 5887 3712 5944 nomine
3756 5888 3815 5947 in
