4064 6360
268 431 366 492 Hb

1202 371 1572 478 EXPOSITIO—
1594 420 1663 479 IN
1703 414 2159 479 PSALTERIUM.
2204 410 2391 468 l’SAL.
2433 410 2574 469 XIX.

3411 416 3513 473 μϐ

266 544 347 602 ilia
375 539 559 615 prioris
602 536 854 595 sacriﬁcii
896 536 1243 595 similitudine
1289 546 1614 607 perseverat.
1658 536 1825 611 Holo-
1853 540 1910 599 Α
1942 537 2073 605 ejus.
2102 531 2260 588 Salus
2287 532 2466 603 igitur,
2492 546 2650 602 quam
2676 529 2789 600 ipse
2815 530 3073 600 condidit,
3105 538 3395 621 potentatus
3418 550 3517 594 no-

263 640 482 693 caustum
510 631 653 687 enim
683 637 854 686 totum
887 630 1163 685 dicebatur
1187 632 1501 696 incensum;
1533 644 1653 700 qua:
1687 642 1829 684 nunc

263 724 522 788 referenda
544 732 667 779 sunt
690 723 757 779 ad
789 724 1183 779 communionis
1211 733 1409 778 nostra:
1438 723 1827 777 sanctissimam

261 822 550 897 puritatem.
595 817 977 874 Holocaustum
1014 816 1156 873 enim
1194 831 1291 886 per
1315 830 1374 871 se
1401 817 1740 871 combustum
1770 822 1827 870 et

261 917 450 975 aridum
474 923 593 970 est:
622 912 719 969 sed
756 912 953 983 pingue
979 911 1040 966 ﬁt
1069 919 1229 981 atque
1266 910 1581 979 jucundum,
1613 908 1829 979 quando

258 1027 281 1065 a
326 1009 492 1083 gratia
523 1007 822 1064 Divinitatis
864 1006 1157 1063 assumitur
1204 1002 1349 1076 [mss.
1381 1002 1469 1072 A.,
1495 1001 1585 1072 B.,
1620 999 1713 1068 ἢ,
1735 1000 1831 1057 ab-

259 1098 529 1172 sumitur].

320 1194 462 1248 Vers.
495 1192 553 1252 ι.
584 1190 797 1247 Tribuat
830 1190 919 1245 tibi
944 1189 1200 1245 Dominus
1235 1186 1516 1244 secundum
1545 1201 1633 1240 cor
1660 1191 1823 1252 tuum,

256 1294 296 1339 el
319 1301 459 1339 omne
481 1284 755 1338 consilium
778 1293 925 1338 tuum
949 1283 1239 1353 conﬁrmet.
1264 1281 1393 1337 Post
1418 1277 1709 1348 diapsalma
1735 1291 1832 1348 po-

255 1379 417 1445 situm,
446 1376 597 1432 venit
633 1375 702 1431 ad
728 1360 1026 1447 ingressum
1070 1373 1386 1440 secundum,
1418 1372 1597 1428 adhuc
1635 1380 1831 1440 optans

253 1472 499 1529 Ecclesiae
525 1473 686 1539 bona,
706 1486 868 1542 quam
891 1471 1097 1526 sciebat
1120 1476 1437 1526 constanter
1452 1466 1503 1521 in
1532 1464 1830 1521 orthodoxa

252 1566 497 1636 religione
541 1580 869 1621 mansuram.
902 1565 1041 1619 Dicit
1076 1564 1259 1618 enim:
1291 1561 1500 1616 Tribuat
1529 1560 1620 1615 tibi
1647 1559 1830 1613 Domi-

252 1675 334 1712 nus
355 1659 641 1712 secundant
667 1673 755 1711 cor
785 1668 948 1722 tuum,
974 1656 1029 1711 id
1054 1663 1138 1711 est
1161 1654 1457 1710 secundum
1497 1652 1829 1708 intellectum

251 1765 394 1820 quem
439 1749 610 1804 habes
650 1749 718 1803 de
765 1748 990 1803 Domino
1037 1747 1355 1811 Salvatore;
1394 1754 1452 1800 ut
1482 1759 1604 1800 eutn
1641 1743 1831 1799 credas

249 1858 398 1896 unum
429 1857 505 1897 ex
532 1841 795 1896 Trinitate
842 1854 1059 1909 passum
1102 1852 1297 1903 carne,
1327 1844 1383 1892 et
1421 1850 1517 1906 pro
1548 1834 1730 1889 mundi
1760 1832 1826 1887 li-

1939 637 2051 681 ster
2081 640 2201 680 esse
2230 624 2594 694 dignoscitur:
2636 625 2850 695 quando
2872 625 2961 680 illa
2984 628 3128 682 salus
3171 642 3271 682 nec
3310 627 3517 686 morbis

1932 720 2185 787 afﬁcitur,
2226 734 2324 773 nec
2355 718 2629 774 doloribus
2663 719 2956 784 sauciatur,
2984 720 3077 774 sed
3127 728 3373 790 potentes
3415 738 3517 780 nos

1936 812 2124 878 efﬁcit,
2158 826 2280 866 cum
2316 812 2367 865 in
2396 826 2490 865 sua
2518 813 2850 880 perennitate
2872 813 3126 870 custodit.
3158 812 3360 870 Sensus
3385 832 3517 889 ergo

1933 902 2054 956 talis
2083 911 2196 957 est:
2231 900 2491 955 Exaudiet
2531 900 2723 958 Filium
2759 902 2917 958 Pater
2944 904 3005 957 de
3030 904 3154 959 coelo
3181 918 3355 961 sancto
3381 924 3474 965 suo
3496 924 3518 965 :

1932 994 2057 1061 quia
2090 994 2142 1047 in
2173 992 2397 1049 dextera
2442 992 2557 1063 ejus
2598 1000 2683 1049 est
2730 995 2913 1061 salus,
2957 995 3160 1053 habens
3186 1012 3256 1053 ex
3295 1000 3514 1071 propria

1932 1088 2151 1155 deitate,
2183 1088 2325 1159 quod
2356 1096 2540 1159 petere
2566 1088 2778 1145 videtur
2799 1105 2867 1145 ex
2890 1106 3069 1148 carne.

2008 1182 2162 1236 Vers.
2188 1182 2243 1236 8.
2272 1181 2349 1235 Hi
2388 1182 2445 1237 in
2468 1182 2727 1249 curribus,
2765 1194 2811 1238 et
2849 1184 2903 1238 bi
2928 1186 2982 1238 in
3015 1186 3191 1256 equis:
3232 1203 3322 1242 nos
3350 1195 3522 1243 autem

1930 1276 1984 1329 in
2014 1275 2216 1329 nomine
2244 1272 2454 1328 Domini
2502 1273 2601 1330 Dei
2648 1277 2808 1330 nostri
2852 1278 3321 1349 magniﬁcabimur.
3370 1280 3520 1338 Fidei

1934 1382 2044 1422 suae
2072 1367 2381 1422 sinceritate
2413 1366 2713 1435 conﬁdens,
2753 1384 2872 1439 quae
2913 1370 3223 1427 muneribus
3261 1380 3377 1427 erat
3413 1373 3557 1453 Do-f

1934 1460 2068 1515 mini
2094 1460 2432 1526 contributa,
2476 1461 2736 1530 propheta
2784 1462 3018 1531 laetatur,
3061 1464 3364 1533 despiciens
3402 1466 3523 1523 illos

1934 1552 2024 1622 qui
2051 1551 2325 1621 pomposis
2347 1552 2592 1606 curribus
2614 1554 2809 1619 evecti,
2834 1555 2888 1608 in
2913 1557 3197 1625 temporali
3223 1557 3402 1628 potius
3442 1558 3523 1615 di-
3598 1608 3599 1611 η

1935 1647 2142 1719 gnitate
2175 1656 2529 1717 praesumunt.
2570 1649 2685 1704 Duo
2721 1649 2863 1704 enim
2904 1650 3042 1719 apud
3084 1651 3332 1721 antiquos
3370 1661 3525 1709 erant

1934 1756 2139 1811 genera
2166 1741 2557 1810 triumphorum
2579 1758 2595 1797 :
2623 1757 2783 1796 unum
2808 1742 2979 1813 majus
3001 1743 3054 1797 in
3089 1744 3358 1813 curribus,
3382 1747 3524 1817 quod

1936 1833 2236 1888 laureatum
2267 1833 2566 1899 dicebatur;
2589 1834 2732 1889 aliud
2761 1836 2937 1891 minus
2959 1836 3010 1890 in
3033 1838 3207 1904 equis,
3237 1837 3376 1907 quod
3399 1853 3527 1893 ova-

248 1932 521 1987 beratione
550 1933 601 1986 in
633 1931 809 1986 crucis
840 1930 1077 2000 patibulo
1120 1928 1444 1999 pependisse
1467 1967 1482 1992 ,
1522 1927 1697 1997 ipsum
1742 1938 1827 1980 re-
1857 1928 1907 1989 B
1936 1926 2009 1981 tio
2042 1928 2469 1995 nuncupabatur.
2503 1926 2611 1984 Sed
2654 1926 2755 1982 ista
2795 1929 3138 1985 saecularibus
3170 1930 3483 1999 relinquens
3506 1972 3524 2000 ,

246 2028 563 2091 surrexisse,
595 2025 772 2095 ipsum
802 2025 993 2080 sedere
1022 2024 1089 2079 ad
1122 2023 1396 2079 dexteram
1427 2021 1625 2086 Patris,
1659 2020 1833 2090 ipsum

247 2116 305 2170 ad
328 2117 681 2191 judiqandum
723 2131 844 2172 esse
877 2125 1187 2171 venturum.
1233 2112 1456 2170 Addidit
1490 2126 1735 2182 quoque:
1767 2110 1837 2168 Et

245 2224 384 2262 omne
428 2210 705 2264 consilium
758 2217 904 2261 tuum
949 2208 1251 2277 conﬁrmet,
1303 2204 1511 2259 scilicet
1552 2212 1609 2258 ut
1653 2202 1837 2257 mundi

245 2301 390 2357 istius
441 2301 757 2368 illecebras,
810 2299 1168 2369 contemplata
1217 2296 1430 2353 Domini
1477 2294 1838 2367 promissione

246 2392 531 2463 despicias,
556 2402 610 2449 et
634 2393 871 2463 pericula
903 2390 1185 2463 praesentis
1212 2387 1395 2445 saeculi
1419 2401 1525 2442 non
1554 2400 1833 2457 pavescas,

245 2483 365 2538 dum
399 2485 599 2540 futura:
651 2483 1063 2540 resurrectionis
1092 2482 1312 2551 praemia
1352 2480 1474 2535 laeta
1501 2493 1717 2547 semper
1746 2492 1840 2532 cx-

243 2586 478 2646 spectas.
517 2578 629 2631 Hoc
660 2586 743 2631 est
770 2578 914 2632 enim
956 2575 1228 2629 consilium
1271 2581 1469 2627 sanctce
1500 2570 1687 2625 matris
1733 2569 1839 2625 Ec-

243 2667 445 2735 clesiae,
492 2669 706 2723 Patrem
730 2712 746 2737 ,
777 2677 831 2722 et
872 2667 1061 2723 Filium
1089 2708 1103 2732 ,
1139 2674 1195 2720 et
1238 2664 1500 2734 Spiritum
1547 2669 1792 2717 sanctum
1820 2703 1836 2730 ,

243 2774 406 2814 unum
451 2760 682 2814 credere
724 2759 890 2814 Deum
918 2800 933 2825 ,
979 2774 1009 2813 a
1038 2772 1146 2828 quo
1174 2767 1355 2813 creata
1389 2764 1513 2811 sunt
1538 2756 1751 2822 omnia,
1784 2764 1841 2811 et

242 2848 610 2918 diSponuntur
630 2848 901 2902 universa.
928 2845 1055 2902 Haec
1080 2847 1218 2901 bene
1240 2844 1548 2900 conﬁrmari
1576 2846 1840 2915 propheta

242 2940 569 3011 deprecatur
596 2940 653 2994 in
684 2939 880 3009 populo
932 2938 1072 2994 ﬁdeli
1098 2978 1115 3006 ,
1143 2952 1239 3009 per
1266 2952 1385 3007 qua:
1434 2937 1584 2992 novit
1617 2951 1739 2993 eum
1772 2935 1840 2994 ad

242 3043 443 3088 aeterna
478 3030 701 3103 prmmia
732 3047 852 3089 esse
879 3042 1185 3087 venturum.

312 3123 471 3180 Vers.
498 3124 557 3179 5.
587 3122 898 3177 Lwtabimur
936 3122 991 3175 in
1030 3121 1251 3175 salutari
1300 3130 1420 3189 tuo,
1453 3128 1503 3177 et
1539 3122 1594 3177 in
1632 3123 1838 3177 nomine

243 3211 339 3267 Dei
380 3215 554 3270 nostri
593 3214 1062 3285 magniﬁcabimur.
1107 3212 1331 3285 Impleat
1366 3212 1618 3269 Dominus
1665 3231 1841 3270 omnes

1941 2027 1997 2078 in
2038 2027 2244 2079 nomine
2288 2025 2497 2080 Domini
2542 2042 2596 2080 se
2628 2026 3014 2096 magniﬁcatum
3050 2037 3173 2079 esse
3218 2023 3524 2078 conﬁrmat.

1940 2115 2056 2171 Non
2082 2117 2225 2170 enim
2253 2131 2444 2172 currus
2471 2125 2563 2171 aut
2602 2132 2773 2187 equus
2806 2116 3170 2187 magniﬁcam,
3196 2115 3438 2185 quamvis
3470 2116 3524 2170 in

1941 2206 2046 2261 hoc
2087 2207 2284 2261 mundo
2322 2208 2583 2263 extollere
2608 2206 2889 2263 videantur
2921 2207 3257 2273 honoribus;
3294 2206 3387 2261 sed
3432 2221 3528 2260 no-

1942 2315 2057 2353 men
2081 2298 2310 2368 Domini,
2340 2302 2479 2369 quod
2508 2302 2572 2355 ad
2601 2302 2819 2372 praemia
2843 2311 3045 2356 teterna
3090 2302 3352 2371 perducit.
3392 2302 3526 2370 Quae

1943 2393 2113 2465 ﬁgura
2141 2395 2328 2451 Graece
2368 2396 2562 2451 dicitur
2608 2396 2885 2467 syncrisis,
2928 2396 3113 2450 [.atine
3157 2396 3513 2465 comparatio,

1942 2484 2071 2541 dum
2120 2490 2522 2557 comparatione
2560 2489 2787 2558 quadam
2828 2486 3113 2559 justiorem
3164 2501 3381 2543 causam
3427 2502 3528 2544 no-

1944 2589 2134 2647 stram,
2166 2595 2325 2650 quam
2356 2583 2645 2637 adversarii
2670 2583 3122 2637 demonstremus.

2014 2671 2168 2726 Vers.
2192 2672 2246 2728 9.
2271 2672 2382 2744 Ipsi
2416 2673 2626 2743 obligati
2650 2682 2769 2728 sunt
2808 2682 2854 2727 et
2877 2673 3199 2740 ceciderunt;
3228 2690 3322 2728 nos
3360 2682 3530 2729 autem

1942 2764 2278 2831 surreximus,
2312 2775 2358 2817 et
2384 2767 2537 2819 erecti
2558 2782 2755 2820 sumus.
2782 2765 3034 2820 Potenter
3057 2766 3264 2835 aperuit
3294 2767 3528 2822 fructum

1944 2854 2361 2924 praecedentium
2390 2870 2593 2909 rerum.
2627 2856 2759 2910 Nam
2792 2858 3040 2911 humanis
3069 2858 3359 2912 honoribus
3390 2872 3527 2925 prte-

1946 2956 2248 3014 sumentes,
2279 2949 2510 3019 laqueati
2550 2951 2726 3019 pravis
2768 2949 3050 3005 desideriis
3093 2950 3203 3002 suis
3240 2949 3290 3003 in
3340 2949 3530 3005 mortis

1943 3040 2153 3095 foveam
2183 3050 2526 3099 corruerunt.
2552 3042 2619 3097 Et
2639 3042 2764 3112 quia
2789 3042 3028 3096 dicturus
3056 3050 3191 3104 erat,
3214 3041 3527 3111 ceciderunt,

1944 3134 2226 3204 praemisit,
2259 3134 2490 3206 obligati,
2524 3133 2664 3203 quod
2699 3148 2917 3189 necesse
2940 3144 3021 3188 est
3054 3133 3160 3187 illis
3187 3134 3529 3204 contingere,

1945 3223 2033 3294 qui
2060 3239 2119 3279 se
2147 3223 2394 3279 videntur
2437 3223 2688 3278 nexuosis
2730 3223 3005 3278 erroribus
3032 3223 3290 3293 obligare.
3322 3223 3527 3279 Resur-

244 3308 516 3377 petitiones
552 3316 685 3362 tuas.
711 3307 842 3361 Cum
870 3306 950 3361 vir
977 3305 1350 3362 sanctissimus
1376 3306 1672 3376 spiritualia
1699 3307 1838 3363 bona

1947 3331 2075 3388 gere
2105 3318 2248 3372 enim
2274 3316 2482 3371 duobus
2505 3314 2679 3371 modis
2706 3316 2901 3372 dicitur
2922 3315 3288 3371 Christianus:
3312 3318 3528 3387 quando

245 3410 456 3467 Optaret
487 3399 756 3455 Ecclesiae
776 3441 793 3467 ,
823 3408 877 3455 ut
908 3414 968 3455 se
1014 3413 1176 3456 unum
1220 3413 1285 3453 ex
1315 3396 1432 3469 ejus
1460 3412 1685 3469 corpore
1721 3414 1845 3457 esse

246 3506 622 3564 monstraret,
650 3511 800 3552 suam
833 3494 1047 3567 quoque
1078 3509 1361 3566 personam
1392 3494 1643 3551 decenter
1666 3495 1843 3551 admi-

244 3590 406 3644 scuit.
458 3590 601 3645 Nam
650 3590 705 3643 in
748 3589 965 3643 salutari
995 3587 1269 3653 Ecclesiae,
1302 3588 1441 3657 quod
1472 3595 1557 3643 est
1587 3588 1844 3644 Dominus

244 3681 493 3737 Christus
520 3724 539 3750 ,
574 3682 870 3737 (Moturum
899 3697 959 3737 se
988 3696 1108 3738 esse
1150 3680 1462 3745 declaravit,
1493 3689 1549 3736 et
1594 3681 1645 3735 in
1675 3680 1844 3750 ipsius

247 3773 469 3827 nomine
519 3786 584 3828 se
631 3772 1069 3844 magniﬁcandum
1132 3766 1561 3839 esse‘testatur,
1611 3774 1733 3842 quia
1779 3788 1846 3830 ex

246 3863 464 3921 Christo
492 3866 805 3921 Christiani
842 3866 1051 3921 inerant
1102 3863 1461 3934 nuncupandi.
1515 3862 1849 3936 Magnificari

246 3969 327 4013 est
357 3962 504 4016 enim
541 3974 793 4030 magnum
823 3958 960 4029 ﬁeri,
983 3959 1181 4029 quippe
1206 3971 1325 4012 cum
1353 3971 1424 4010 ex
1452 3957 1712 4011 vocabulo
1734 3971 1847 4013 cur-

248 4051 398 4107 lestis
423 4053 597 4123 Regis
618 4066 814 4106 nomen
836 4060 919 4105 est
940 4052 1248 4119 impositum
1272 4047 1543 4103 servienti.
1569 4047 1845 4119 Sequitur,

246 4145 460 4214 impleat
495 4145 755 4199 Dominus
789 4160 961 4199 omnes
988 4143 1251 4213 petitiones
1277 4152 1411 4195 tuas.
1442 4141 1527 4195 Fit
1554 4142 1745 4196 iterum
1780 4141 1847 4198 ad

248 4235 559 4295 Ecclesiam
590 4247 739 4308 grata
768 4238 1073 4302 conversio,
1100 4245 1157 4289 ut.
1185 4249 1249 4289 ex
1286 4243 1391 4288 tam
1420 4233 1690 4303 frequenti
1721 4243 1848 4291 voto

248 4322 584 4401 ρτοικπῶιι·
614 4332 795 4407 nimite
822 4330 1210 4389 benevolentia:
1235 4329 1560 4397 magnitudo.

318 4425 477 4482 Vers.
504 4427 571 4483 6.
611 4426 764 4480 Nunc
790 4426 1001 4497 cognovi
1023 4423 1269 4495 quoniam
1299 4422 1497 4477 salvum
1524 4422 1641 4492 fecit
1667 4420 1850 4477 Domi-

247 4534 341 4573 nus
369 4520 633 4575 christum
663 4535 836 4574 suum.
873 4518 996 4572 llrec
1018 4516 1129 4587 jam
1162 4530 1329 4586 usque
1355 4516 1422 4569 ad
1465 4515 1626 4571 ﬁnem
1657 4513 1849 4585 psalmi

250 4626 312 4666 ex
343 4627 588 4682 persona
620 4611 854 4681 loquitur
874 4626 995 4673 sua.
1027 4610 1156 4677 Quae
1182 4610 1351 4681 ﬁgura
1380 4610 1576 4665 dicitur
1603 4620 1848 4679 apostro-

1948 3423 1979 3463 a
2007 3409 2260 3463 vitiorum
2292 3417 2462 3463 morte
2494 3408 2547 3461 in
2572 3407 2673 3463 hoc
2706 3407 2905 3461 mundo
2938 3422 3031 3476 per
3069 3410 3294 3477 gratiam
3334 3408 3529 3464 libera-

1947 3508 2055 3569 tus,
2088 3502 2140 3556 in
2176 3502 2368 3557 divinis
2391 3502 2864 3571 justiﬁcationibus
2900 3509 3227 3572 perseverat,
3261 3503 3399 3558 sicut
3443 3518 3532 3558 sa-

1947 3593 2313 3663 pientissimus
2343 3592 2598 3649 Salomon
2641 3592 2804 3647 dicit:
2850 3591 3050 3660 Septies
3088 3592 3225 3647 cadit
3244 3594 3423 3662 justus
3444 3634 3461 3660 ,
3491 3599 3535 3649 ct

1947 3689 2164 3759 resurgit
2212 3684 2413 3761 (Prov.
2461 3701 2614 3755 xxxv,
2660 3684 2791 3758 16).
2832 3686 3036 3741 Dicitur
3063 3694 3119 3740 et
3142 3686 3411 3756 generalis
3442 3686 3535 3743 illa

1949 3780 2295 3847 resurrectio,
2328 3780 2379 3834 in
2404 3795 2506 3849 qua
2531 3778 2660 3849 justi
2693 3778 2910 3849 praemia
2953 3786 3151 3832 reterns
3196 3792 3536 3849 consequen-

1951 3881 2060 3927 tur.
2102 3870 2208 3927 Sed
2244 3871 2330 3925 hic
2363 3879 2647 3941 utramque
2688 3868 2978 3925 convenire
3023 3866 3363 3923 manifestum
3408 3876 3532 3935 est;

1951 3962 2043 4019 ubi
2070 3962 2193 4018 ideo
2219 3963 2417 4032 posuit,
2448 3963 2598 4015 erecti
2624 3977 2821 4023 sumus,
2850 3962 2972 4031 quia
2998 3961 3051 4015 in
3086 3960 3327 4030 qualibet
3358 3977 3537 4018 resur-

1950 4056 2212 4120 rectione,
2255 4046 2436 4109 ﬁdeles
2464 4053 2532 4106 ab
2562 4054 2864 4108 humilitate
2892 4065 3218 4125 consurgunt
3242 4095 3258 4119 ,
3287 4063 3340 4110 et
3365 4055 3432 4110 ad
3462 4055 3537 4109 di-

1949 4147 2074 4200 vina
2106 4146 2322 4211 praemia
2354 4144 2728 4199 sublevantur.
2763 4146 2913 4213 Quod
2955 4156 3329 4215 argumentum
3372 4147 3427 4201 in
3455 4154 3537 4204 to-

1951 4234 2087 4306 picis
2131 4233 2327 4289 dicitur
2352 4249 2381 4289 a
2410 4234 2570 4291 rebus
2619 4235 2747 4305 ipsis
2773 4276 2788 4302 ,
2841 4236 3049 4307 quando
3096 4246 3153 4295 et
3196 4238 3539 4297 adversarios

1951 4329 2219 4385 corruisse
2248 4329 2496 4393 dicimus,
2521 4338 2575 4384 et
2606 4344 2703 4385 nos
2734 4339 2942 4386 erectos
2980 4344 3101 4388 esse
3136 4340 3411 4389 testamur.

2023 4422 2177 4477 Vers.
2230 4421 2316 4477 l0.
2365 4420 2613 4488 Domine,
2654 4422 2850 4479 salvum
2893 4427 2975 4496 fac
3011 4441 3223 4495 regem;
3261 4436 3308 4480 et
3350 4426 3539 4481 exaudi

1951 4517 2061 4589 69
2086 4533 2177 4571 nos
2200 4516 2254 4570 in
2274 4517 2359 4570 die
2380 4533 2479 4587 qua
2503 4517 2907 4574 invocaverimus
2937 4527 3005 4574 te.
3034 4519 3357 4575 Futurorum
3388 4521 3534 4576 desi-

1952 4606 2103 4663 derio
2136 4607 2391 4677 propheta
2428 4608 2705 4677 pellectus,
2752 4611 2840 4666 illa
2870 4613 3004 4681 petit
3030 4612 3225 4667 iterum
3259 4611 3375 4667 ﬁeri
3413 4628 3535 4683 qute

248 4705 372 4772 phe,
408 4705 463 4761 id
487 4715 579 4761 est
601 4704 917 4771 conversio,
969 4702 1181 4773 quoties
1213 4701 1279 4756 ad
1306 4702 1545 4757 diversas
1591 4715 1848 4770 personas
1875 4700 1931 4761 D
1956 4709 2179 4756 noverat
2202 4715 2321 4755 esse
2353 4709 2595 4755 ventura.
2628 4702 2833 4758 Dicitur
2865 4704 3040 4758 Patri:
3075 4702 3291 4759 Salvum
3334 4705 3421 4773 fac
3449 4723 3538 4760 re-

211 4855 217 4865 ,
249 4799 443 4855 crebro
473 4799 645 4856 verba
674 4798 1059 4855 convertimus.
1097 4795 1334 4852 Dicendo
1355 4837 1371 4863 ,
1417 4811 1551 4850 nunc
1595 4797 1847 4867 cognovi,

245 4905 501 4961 magnam
528 4892 786 4946 virtutem
813 4880 1235 4961 pro'pbetationis
1264 4887 1529 4954 ostendit;
1555 4894 1613 4942 ut
1637 4887 1686 4941 in
1714 4901 1853 4956 prte-

213 4986 385 5041 'senti
408 5000 473 5042 se
498 4984 713 5040 diceret
730 4982 1066 5054 cognovisse,
1104 4980 1245 5052 quod
1284 4989 1406 5051 post
1441 4978 1607 5034 multa
1648 4978 1849 5032 srecula

246 5078 422 5146 potuit
452 5076 771 5148 approbari.
807 5074 1018 5132 Salvum
1046 5073 1166 5147 fecit
1193 5073 1350 5128 Pater
1378 5070 1635 5127 Christum
1656 5069 1849 5124 Filium

246 5171 663 5227 resurrectione
712 5168 985 5241 gloriosa,
1043 5164 1255 5236 quando
1290 5164 1451 5220 etiam
1493 5161 1755 5234 ascendit.
1794 5161 1847 5216 in

243 5262 438 5320 ccelos.
1333 5254 1341 5265 ’

316 5353 485 5408 Vers.
514 5353 573 5411 7.
607 5351 865 5408 Ezaudiet
890 5351 1039 5407 illum
1066 5350 1130 5406 de
1156 5348 1284 5405 cwlo
1312 5355 1490 5402 sancto
1520 5363 1615 5401 suo
1639 5364 1658 5413 ;
1682 5347 1737 5401 in
1766 5361 1850 5415 po-

245 5445 541 5501 tentatibus
587 5446 729 5501 salus
755 5445 977 5501 dexteris
1001 5446 1133 5518 ejus.
1165 5439 1444 5495 Exaudivit
1474 5437 1663 5493 Filium
1692 5438 1852 5493 Pater

244 5538 314 5592 ab
340 5540 730 5595 incarnatione
757 5518 1006 5608 suscepta
1025 5579 1039 5605 ,
1070 5524 1191 5606 post
1217 5530 1669 5589 resurrectionem
1701 5528 1851 5585 vide-

245 5627 397 5695 licet,
432 5631 661 5701 quando
702 5631 958 5701 Spiritum
996 5636 1238 5684 sanctum
1268 5623 1335 5680 de
1368 5623 1508 5679 crelo
1535 5621 1681 5677 misit
1718 5636 1849 5691 apo-

245 5722 432 5787 stolis,
462 5735 630 5791 quem
659 5723 712 5777 in
744 5722 904 5778 terris
927 5718 1245 5776 mittendum
1278 5730 1398 5772 esse
1422 5713 1760 5785 promiserat.
1784 5711 1853 5767 Et

246 5820 308 5870 ut
338 5813 538 5886 ipsum
569 5829 779 5886 quoque
807 5814 862 5870 in
895 5814 1095 5870 deitate
1127 5825 1222 5867 sua
1270 5807 1691 5878 omnipotentem
1732 5819 1852 5861 esse

246 5913 636 5979 monstraret,
665 5908 940 5980 sequitur,
980 5907 1039 5983 in
1072 5901 1423 5976 potentatibus,
1447 5900 1590 5956 salus
1636 5897 1856 5955 dexteris

1956 4810 2089 4865 gem,
2122 4793 2173 4849 id
2201 4803 2283 4850 est
2325 4791 2565 4850 Christus
2616 4795 2878 4853 Dominus
2921 4806 3163 4866 resurgat
3190 4812 3218 4851 a
3263 4802 3492 4856 mortuis
3519 4841 3535 4868 ,

1960 4883 2214 4940 ascendat
2240 4884 2292 4939 in
2323 4886 2490 4941 caelos
2511 4926 2527 4952 ,
2558 4885 2866 4958 interpellet
2893 4902 2990 4957 pro
3019 4887 3208 4957 nobis,
3239 4903 3309 4961 ne
3332 4890 3538 4946 diutius

1959 4985 2142 5033 nostra
2167 4976 2379 5034 vacillet
2414 4980 2607 5047 oratio,
2648 4982 2743 5035 sed
2790 4981 2906 5049 ipso
2942 4979 3218 5037 Advocato
3251 4997 3540 5053 praesuma-

1962 5084 2081 5125 mus
2109 5085 2266 5126 orare
2288 5110 2305 5138 ,
2335 5071 2426 5142 qui
2456 5086 2555 5127 nos
2575 5072 2721 5127 Patri
2749 5071 2932 5127 docuit
2971 5075 3273 5145 supplicare
3298 5118 3311 5142 ,
3345 5092 3412 5132 ne
3438 5091 3537 5132 nos

1962 5162 2152 5218 mortis
2186 5162 2410 5234 laqueus
2453 5163 2620 5232 possit
2654 5164 2970 5235 astringere.
3018 5165 3258 5239 Denique
3299 5168 3400 5226 hoc
3444 5181 3536 5224 se-

1959 5256 2162 5324 quitur,
2192 5256 2379 5311 exaudi
2404 5272 2495 5309 nos
2520 5255 2575 5309 in
2597 5255 2681 5309 die
2701 5273 2801 5327 qua
2827 5258 3229 5315 invocaverimus
3275 5269 3346 5329 te;
3392 5259 3538 5332 quod

1958 5356 2085 5404 tunc
2129 5347 2363 5403 humano
2404 5346 2587 5417 generi
2632 5349 2895 5417 provenit,
2926 5350 3138 5420 quando
3181 5352 3535 5409 resurrectio-

1957 5456 2082 5500 nem
2114 5440 2327 5497 Domini
2366 5439 2520 5496 ﬁrme
2545 5439 2775 5497 credidit
2801 5449 2856 5497 et
2883 5441 3130 5501 iactanter
3157 5445 3388 5516 aspexit.

2493 5571 2767 5630 Conclusio
2795 5574 3002 5645 psalmi.

2034 5704 2226 5762 Docuit
2270 5718 2367 5761 nos
2415 5706 2674 5778 propheta
2721 5708 3099 5765 sanctissimus
3143 5709 3288 5782 quali
3342 5711 3542 5781 pietate

1959 5801 2252 5858 debeamus
2279 5797 2493 5854 Christo
2542 5798 2771 5855 Domino
2815 5801 3059 5858 servire:
3087 5808 3236 5870 optat
3277 5799 3355 5855 illi
3399 5798 3541 5853 bona

1965 5910 2087 5967 quae
2130 5900 2356 5951 noverat
2394 5905 2516 5949 esse
2556 5899 2815 5958 ventura,
2857 5894 2981 5961 quia
3026 5891 3163 5949 bene
3205 5886 3541 5947 credentium
