4016 6344
527 489 629 550 137

1729 487 1800 544 Μ.
1854 486 2132 545 AURELII
2169 481 2576 542 ‘CASSIODON

3673 489 3772 544 MS

526 625 644 666 mos
685 617 763 662 est
793 607 897 674 .illa
942 621 1095 662 orare
1144 619 1260 675 quae
1303 602 1610 659 desiderant
1657 617 1953 673 emergere.
1999 601 2090 656 Sic
2121 605 2176 664 Α
2268 597 2403 654 Vers
2427 596 2480 651 2.
2519 595 2838 652 Desiderium
2877 597 3062 652 anima:
3105 601 3215 668 ejus
3255 597 3475 652 tribuisti
3513 600 3588 666 ei,
3615 610 3660 652 et
3686 617 3772 653 υοο

525 710 581 756 et
627 701 678 755 in
729 697 990 754 dominica
1045 697 1284 752 oratione
1335 707 1728 764 prtemonemur
1775 710 1789 748 :
1838 693 2089 747 Adveniat

525 811 738 866 regnum
779 804 922 850 tuum
965 791 1188 865 (Matth.
1216 806 1298 856 Vl,
1340 789 1478 859 l0);
1531 785 1678 859 quod
1725 789 1932 843 etiamsi
1982 802 2088 841 non

527 903 739 945 oremus
784 887 1044 943 adveniet.
1075 885 1182 941 Sed
1224 884 1444 940 devotus
1471 882 1589 958 [ms.
1619 881 1686 936 G.
1714 891 1760 936 et
1789 883 1898 948 ed.,
1931 881 2092 935 devo-

529 979 662 1050 tum]
693 995 795 1036 non
825 978 937 1034 vult
975 977 1247 1042 desinere,
1280 991 1397 1045 qua:
1428 983 1649 1029 ventura
1679 973 1849 1028 credit
1880 981 2088 1042 Optare.

523 1074 856 1141 Quapropter
895 1070 1194 1142 alﬂigamur
1220 1069 1275 1123 in
1301 1066 1416 1138 ejus
1460 1069 1730 1136 passione,
1761 1067 2087 1138 gaudeamus

531 1165 583 1220 in
629 1164 742 1234 ejus
790 1164 1201 1218 resurrectione.
1249 1159 1338 1217 Sic
1392 1163 1538 1216 enim
1587 1161 1753 1232 ipsius
1807 1175 2092 1231 possumus

521 1255 661 1321 "diei,
711 1254 759 1309 si
815 1253 930 1324 ejus
988 1253 1474 1322 dispensationibus
1533 1267 1838 1308 mereamur
1894 1254 2085 1324 aptari.

525 1346 808 1402 Prasentis
836 1354 1013 1400 autem
1039 1343 1247 1400 numeri
1275 1353 1605 1400 sacramenta
1635 1345 1734 1401 sub
1757 1359 1859 1399 una
1882 1359 2090 1401 summa

523 1453 853 1511 nequaquam
899 1441 1168 1508 potuimus
1196 1438 1457 1503 invenire,
1493 1438 1587 1492 sed
1635 1435 1771 1492 forte
1801 1437 1958 1492 nobis
1991 1453 2088 1507 po-

523 1540 701 1587 terunt
737 1532 904 1586 divisa
948 1541 1213 1587 constare.
1247 1529 1619 1586 Duodenarius
1646 1529 1826 1599 itaque
1853 1529 2089 1586 calculus

517 1627 587 1681 ad
617 1625 884 1695 apostolos
925 1634 1006 1681 est
1053 1623 1302 1680 videlicet
1329 1623 1698 1696 applicandus.
1741 1621 2088 1692 Septetiarius

521 1729 649 1770 vero
678 1715 937 1785 signiﬁcat
972 1715 1392 1781 hebdomadam,
1425 1730 1542 1786 quae
1581 1713 1646 1770 ad
1690 1713 1913 1784 primam
1942 1713 2086 1769 illam

521 1807 750 1876 pertinet
777 1808 893 1862 sine
936 1806 1267 1862 dubitatione
1314 1807 1598 1862 culturam.
1649 1803 1778 1862 Haec
1824 1807 1876 1860 in
1924 1821 2087 1862 unum

521 1901 751 1967 sociata,
779 1901 1058 1969 utriusque
1089 1900 1219 1969 legis
1259 1912 1597 1956 sat-ramenta
1625 1898 1970 1954 concludunt.
1999 1899 2087 1956 Sic

2198 691 2392 745 luntate
2433 691 2682 744 labiorum
2723 691 2835 760 ejus
2875 706 2978 744 non
3019 691 3277 763 fraudasti
3319 708 3450 746 eum.
3486 690 3774 748 Enumerat

2197 782 2454 854 propheta
2482 783 2694 838 Christo
2721 782 2944 836 Domino
2987 783 3280 837 secundum
3323 798 3541 838 carnem
3564 827 3578 850 ,
3609 800 3772 854 quam

2199 876 2458 944 ingentia,
2490 892 2646 947 quam
2681 877 2911 945 gloriosa
2940 876 3132 930 collata
3159 878 3284 930 sint.
3320 875 3636 930 Desiderium
3662 879 3775 949 ejus

2199 971 2382 1024 enimat
2408 970 2505 1038 fuit
2523 1011 2538 1036 ,
2579 969 2715 1023 sicut
2743 970 2794 1022 in
2823 967 3112 1038 Evangelio
3139 967 3269 1023 dicit
3297 986 3311 1022 :
3345 965 3611 1024 Desiderio
3641 969 3774 1024 desi-

2201 1061 2370 1115 deravi
2415 1060 2722 1115 manducare
2764 1061 3018 1114 vobiscum
3061 1060 3156 1115 hoc
3205 1059 3394 1131 pascha
3438 1059 3596 1133 (Luc.
3623 1077 3771 1130 xm,

2201 1155 2315 1226 15).
2348 1155 2498 1220 Quod
2530 1155 2745 1210 schema
2777 1156 2970 1210 dicitur
3002 1157 3314 1229 tautologia,
3344 1156 3393 1212 id
3423 1165 3505 1214 est
3529 1155 3773 1228 ejusdem

2197 1252 2460 1306 sermonis
2505 1251 2748 1316 iteratio;
2796 1251 2934 1306 sicut
2981 1260 3094 1319 est,
3125 1249 3436 1306 Benedicens
3477 1253 3774 1309 benedicam

2197 1354 2274 1407 te;
2296 1352 2369 1412 et,
2399 1343 2740 1414 multiplicans
2761 1343 3106 1416 multiplicabo
3134 1361 3297 1399 semen
3320 1353 3460 1398 tuum
3483 1345 3636 1416 (Gen.
3659 1362 3770 1414 xv't,

2195 1435 2315 1509 10).
2365 1435 2468 1494 Sed
2519 1438 2610 1492 ille
2658 1439 2804 1494 solus
2851 1447 2934 1494 est
2983 1438 3073 1509 qui
3119 1437 3386 1493 desiderio
3438 1439 3773 1496 desideravit

2195 1529 2330 1584 mori
2349 1574 2362 1598 ,
2395 1527 2606 1599 quando
2631 1544 2688 1584 se
2711 1543 2808 1600 pro
2831 1529 3066 1585 omnium
3090 1529 3263 1584 salute
3287 1528 3542 1585 otl‘erehat
3567 1531 3767 1596 occidi;

2195 1632 2253 1678 ut
2299 1623 2562 1693 pretiosus
2607 1615 2820 1692 sang'uis
2869 1622 2984 1692 ejus
3034 1623 3288 1677 mundum
3336 1622 3656 1691 redimeret,
3706 1639 3772 1680 ne

2195 1711 2436 1770 diabolus
2464 1731 2584 1772 eum
2615 1715 2789 1771 adhuc
2833 1715 3012 1786 iniqua
3058 1715 3475 1786 praesumptione
3507 1723 3766 1771 vastaret.

2195 1805 2448 1863 Voluntas
2473 1825 2600 1865 vero
2648 1810 2899 1864 labiorum
2928 1809 3044 1879 ejus
3092 1809 3217 1875 fuit,
3250 1809 3461 1880 quando
3489 1809 3770 1878 spiritibus

2191 1901 2486 1972 imperabat
2533 1901 2840 1969 immundis,
2885 1901 3167 1971 languores
3213 1901 3452 1956 diversos
3502 1900 3770 1955 sermonis

519 2001 570 2048 et
594 1992 744 2048 istius
789 1994 976 2063 psalmi
1009 1993 1074 2048 ad
1115 1993 1324 2048 Patrem
1370 1992 1510 2050 dicta
1555 1993 1815 2063 precatio,
1859 1992 1992 2048 Novi
2037 2001 2091 2050 et
2123 1975 2170 2036 Β
2195 1993 2278 2048 sui
2307 1994 2530 2049 sanabat
2561 1994 2801 2063 imperio,
2837 1992 3243 2062 praedicationes
3269 2007 3480 2062 quoque
3519 2005 3645 2046 suas
3675 1991 3770 2046 de-

520 2083 725 2141 Veteris
746 2086 1070 2142 Testameuti
1097 2085 1334 2141 continet
1353 2084 1644 2140 reverenda
1671 2085 1947 2155 mysteria.

819 2197 1175 2254 EXPOSITIO
1213 2197 1279 2253 IN
1319 2195 1645 2254 PSALMUM
1680 2195 1802 2252 XX.

942 2287 1008 2344 1η
1037 2290 1186 2358 ﬁnem
1216 2290 1439 2359 psalmus
1472 2289 1658 2343 David.

586 2402 708 2456 ideo
739 2402 920 2456 titulus
951 2402 1035 2458 hic
1063 2402 1272 2458 decimo
1299 2416 1440 2457 nono
1461 2400 1666 2470 psalmo
1693 2415 1788 2471 par
1812 2407 1926 2466 est,
1954 2414 2087 2470 quo-

516 2493 654 2546 niam
685 2499 738 2547 et
769 2492 868 2546 iste
896 2492 1110 2562 quidem
1155 2491 1222 2547 de
1263 2491 1488 2547 Domino
1518 2490 1817 2558 Salvatore,
1844 2489 1939 2546 sed
1984 2490 2085 2546 sub

515 2587 688 2656 aliqua
737 2587 1048 2641 diversitate
1099 2585 1336 2641 dicturus
1389 2595 1492 2642 est.
1545 2585 1802 2654 Superior
1854 2599 2083 2654 namque

514 2679 750 2734 continet
795 2679 1087 2735 orationem
1135 2681 1434 2749 prophetze,
1477 2690 1532 2735 et
1574 2678 1950 2734 conlidetitiam
1979 2695 2083 2749 qua

513 2769 818 2830 liberandus
844 2782 927 2826 est
954 2788 982 2825 a
1010 2773 1251 2828 cladibus
1278 2773 1434 2843 hujus
1463 2772 1643 2828 saeculi
1677 2772 1902 2842 populus
1929 2772 2086 2828 Chri-

513 2863 738 2920 stianus.
767 2864 917 2918 Nunc
961 2865 1176 2935 quidam
1221 2865 1573 2938 panegyricus
1601 2864 1669 2919 de
1715 2865 2085 2920 incarnatione

514 2954 678 3024 ipsius
699 2955 920 3022 dicitur,
946 2966 998 3009 et
1024 2966 1207 3024 postea
1233 2955 1446 3010 deitatis
1467 2955 1580 3026 ejus
1606 2953 1746 3010 facta
1771 2965 2087 3020 narrantur;

515 3055 572 3100 ut
615 3060 799 3100 omnes
847 3045 1147 3116 intelligant
1187 3048 1434 3102 eumdem
1483 3060 1601 3100 esse
1652 3046 1832 3101 Mariae
1875 3060 2088 3114 semper

517 3133 749 3206 Virginis
779 3131 1001 3204 Filium,
1049 3136 1190 3205 quod
1239 3135 1410 3191 Patris
1451 3135 1709 3191 Verbum.
1757 3136 1901 3191 Duas
1944 3137 2084 3190 enim

517 3237 732 3283 naturas
775 3227 826 3281 iu
876 3227 1094 3281 Christo
1146 3226 1372 3282 Domino
1422 3227 1727 3284 salutariter
1781 3228 2082 3296 credimus,

516 3318 734 3375 Deitatis
765 3330 818 3375 et
847 3319 1214 3387 humanitatis,
1240 3337 1358 3391 quae
1399 3321 1454 3376 in
1486 3336 1642 3376 unam
1677 3336 1959 3392 personam
1990 3337 2086 3392 per
2114 3319 2160 3383 C
2190 3318 2960 3392 Ϊξξξξζξξῗῖί,ΪΪῘΪΨΪῘῨῘῘ
2982 3318 3274 3392 Tum?“
3303 3318 3325 3339 ³
3347 3318 3636 3392 ⁰“¹ῗ¹“ῗ¹¹“ῗ,
3667 3318 3761 3392 ut”;

2057 3372 2159 3468 8"
2193 3373 2463 3442 proprium
2511 3372 2744 3428 hominis
2790 3374 2990 3442 dicere,
3023 3376 3162 3446 quod
3203 3375 3544 3432 immaculata
3601 3377 3764 3433 Verbi

517 3410 720 3465 inﬁnita
751 3410 946 3464 saecula
991 3411 1494 3466 incommutabilitcr
1543 3423 1907 3482 perseverant.
1939 3415 2054 3480 Quo

515 3499 636 3559 ideo
683 3500 990 3572 frequenter
1039 3501 1387 3576 repetendum
1432 3514 1547 3573 est,
1577 3504 1700 3577 quia
1755 3505 1988 3562 vitaliter
2032 3514 2088 3562 et

515 3597 725 3652 auditur
751 3611 963 3668 semper
990 3607 1043 3654 et
1070 3598 1322 3654 creditur.

1089 3713 1282 3772 Divisio
1311 3719 1510 3785 psalmi.

585 3803 644 3860 In
673 3805 843 3876 prima
869 3809 1176 3864 narratione
1205 3809 1392 3878 psalmi
1417 3807 1595 3879 hujus,
1622 3810 1783 3866 verba
1809 3808 2082 3880 prophetae

513 3906 638 3954 sunt
681 3897 746 3954 ad
792 3898 959 3956 Deum
1005 3899 1217 3958 Patrem
1265 3901 1334 3958 de
1381 3903 1746 3959 incarnatione
1790 3902 2082 3958 dominica.

513 3987 754 4046 Secunda
779 3988 1020 4048 diversas
1045 3992 1269 4048 virtutes
1293 3991 1410 4062 ejus
1435 3993 1766 4064 gloriamque
1789 3993 2076 4062 describit,

512 4080 788 4137 declarans
826 4097 857 4138 a
905 4091 1056 4153 parte
1094 4099 1196 4154 qua
1246 4099 1452 4155 passus,
1500 4086 1565 4142 ad
1611 4100 1767 4157 quam
1817 4100 2080 4142 summam

511 4189 688 4232 rerum
732 4177 1048 4249 apicemque
1101 4179 1219 4248 ipso
1247 4179 1506 4250 largiente
1545 4182 1869 4250 pervenerit.
1900 4183 2078 4238 Tertia

509 4270 648 4328 idem
681 4271 937 4341 prapheta
965 4275 1292 4330 convertitur
1335 4275 1400 4329 ad
1434 4276 1715 4332 Dominum
1763 4274 2035 4332 Christum
2057 4317 2074 4344 ,

510 4360 596 4414 ubi
621 4375 768 4418 more
787 4361 1205 4418 desiderantium
1227 4375 1376 4434 optat
1403 4368 1488 4421 illa
1517 4370 1565 4422 in
1593 4369 1791 4436 judicio
1819 4369 1935 4438 ejus
1963 4369 2078 4423 ﬁeri

509 4466 624 4522 qua:
651 4453 798 4510 novit
820 4467 940 4510 esse
975 4464 1219 4509 ventura.

1037 4564 1303 4638 Expositio
1331 4570 1537 4638 psalmi.

2196 2085 2334 2140 votis
2387 2085 2655 2140 mentibus
2709 2083 2999 2140 inserebat.
3048 2083 3274 2139 Constat
3322 2084 3464 2139 enim
3511 2082 3564 2138 in
3614 2083 3764 2138 nullo

2196 2175 2503 2230 voluntatem
2531 2178 2638 2248 ejus
2664 2177 2818 2247 fuisse
2848 2175 3144 2246 fraudatam
3166 2191 3186 2230 :
3210 2173 3422 2245 quando
3447 2173 3622 2230 omnia
3650 2190 3768 2244 qua:

2193 2268 2306 2324 fieri
2334 2267 2493 2338 jussit
2526 2269 2736 2338 impleta
2767 2273 2921 2332 sunt;
2952 2269 3088 2322 sicut
3133 2268 3389 2336 scriptum
3417 2273 3538 2322 est:
3575 2265 3766 2320 Omnia

2189 2377 2496 2432 quacunque
2536 2359 2726 2429 voluit,
2769 2353 3014 2414 Dominus
3057 2359 3174 2431 fecit
3210 2361 3264 2413 in
3296 2359 3420 2414 caelo
3455 2367 3506 2413 et
3543 2357 3599 2414 in
3631 2365 3768 2414 terra

2188 2451 2360 2524 (Psal.
2394 2467 2609 2521 exuiv,
2637 2450 2712 2522 6).

2272 2545 2426 2600 Vers.
2458 2545 2511 2600 ’5.
2544 2543 2795 2611 Quoniam
2842 2543 3125 2614 pravenisti
3170 2559 3284 2599 eum
3325 2543 3378 2598 in
3420 2542 3766 2600 benedictione

2187 2635 2509 2700 dulcedinis;
2539 2633 2750 2706 posuisti
2787 2637 2838 2689 in
2866 2635 3030 2706 capite
3061 2636 3169 2707 ejus
3210 2653 3452 2692 coronam
3491 2636 3551 2691 de
3591 2633 3766 2705 (apice

2113 2771 2118 2776 .
2193 2728 2431 2797 pretioso.
2465 2727 2593 2782 Post
2639 2727 3000 2798 diapsalmatis
3046 2729 3348 2794 silentium,
3390 2729 3532 2784 venit
3565 2728 3632 2783 ad
3677 2745 3765 2783 se-

2190 2821 2420 2875 cundum
2455 2821 2673 2876 modum
2705 2840 2717 2874 :
2753 2822 2841 2876 ubi
2886 2822 3264 2878 incarnationis
3310 2823 3424 2894 ejus
3475 2824 3764 2892 potentiam

2192 2913 2420 2969 mirabili
2466 2915 2672 2984 fulgore
2712 2915 2983 2971 describit.
3027 2915 3258 2972 Dicendo
3288 2921 3430 2974 enim
3461 2934 3476 2972 :
3509 2918 3764 2983 Quoniam

2193 3005 2506 3073 prwvrnisti,
2549 3007 2810 3076 signiﬁcat
2841 3009 3224 3066 humanitatem
3253 3011 3580 3081 anticipante
3628 3013 3764 3067 divi-

2190 3097 2370 3150 nitatis
2397 3097 2563 3167 gratia
2594 3112 2808 3167 semper
2856 3099 3031 3154 ornari
3058 3115 3070 3153 :
3100 3102 3224 3170 quia
3255 3101 3435 3156 nullus
3483 3101 3560 3157 illi
3605 3101 3766 3173 quid-

2189 3203 2347 3257 quam
2381 3187 2583 3260 primus
2613 3187 2799 3256 olTert,
2835 3190 2973 3261 quod
3007 3194 3200 3248 bonum
3232 3203 3340 3261 est,
3373 3194 3475 3249 nisi
3509 3195 3612 3249 hoc
3659 3210 3768 3251 eo.»

2190 3279 2307 3334 lesti
2341 3293 2561 3337 munere
2604 3283 2942 3338 concedatur.
2979 3283 3274 3340 Erubescat
3303 3283 3618 3356 Pelagianos
3667 3289 3767 3342 hoc

2191 3464 2486 3519 incarnatio
2534 3463 2808 3520 evidenter
2869 3461 3058 3536 legitur
3118 3467 3408 3536 accepisse.
3466 3465 3768 3525 Benedictio

2193 3555 2478 3612 dulcedinis
2517 3555 2648 3625 fuit,
2694 3555 2907 3629 quando
2950 3559 3149 3614 dictum
3196 3567 3313 3614 est:
3350 3559 3449 3615 Hic
3488 3569 3559 3615 est
3592 3559 3768 3617 Filius

2193 3665 2332 3703 meus
2361 3649 2592 3717 dilectus,
2621 3651 2670 3705 in
2704 3667 2802 3723 quo
2828 3651 2952 3706 milii
2975 3653 3096 3707 bene
3120 3652 3403 3724 eomplacui
3439 3651 3653 3724 (Matth.
3681 3672 3769 3724 nt,

2194 3739 2305 3812 l7).
2356 3741 2578 3797 Posuisti
2619 3744 2982 3814 metaphorice
3029 3745 3218 3800 dicitur
3264 3745 3331 3799 ab
3375 3743 3459 3802 his
3500 3745 3592 3817 qui
3647 3758 3768 3818 post

2185 3833 2396 3889 labores
2439 3835 2701 3890 maximos
2748 3836 2970 3906 prtemio
3011 3837 3172 3908 digno
3216 3847 3559 3893 coronantur.
3603 3837 3764 3908 Quod

2188 3935 2355 3981 totum
2383 3927 2448 3981 ad
2479 3936 2724 3981 naturam
2755 3929 2982 3997 pertinet
3005 3927 3370 3995 humanitatis,
3405 3944 3522 4000 quze
3551 3945 3584 3985 a
3627 3931 3767 3986 divi-

2185 4018 2350 4074 nitate
2372 4017 2511 4090 quud
2539 4033 2643 4072 non
2675 4016 2903 4074 habebat
2932 4019 3155 4089 accepit.
3182 4017 3248 4073 In
3274 4022 3439 4090 capite
3465 4036 3592 4077 vero
3617 4021 3765 4078 idem

2184 4111 2382 4166 dictum
2410 4111 2664 4167 debemus
2689 4111 2986 4178 advertere,
3015 4121 3270 4180 quantum
3302 4112 3366 4168 ad
3396 4111 3763 4170 substantiam

2185 4207 2375 4262 attinet
2404 4207 2757 4278 corporalem.
2779 4204 3042 4261 Cancrum
3077 4203 3249 4261 deitas
3273 4223 3377 4261 non
3402 4204 3562 4263 habet
3592 4224 3765 4263 mein-

2182 4298 2305 4361 bra,
2345 4311 2461 4365 qum
2513 4296 2713 4366 ubique
2755 4303 2864 4350 tota
2911 4305 3070 4364 atque
3120 4295 3352 4364 perlecta
3400 4307 3500 4351 est.
3527 4296 3766 4384 ‘Jorona

2179 4391 2320 4442 enim
2361 4404 2468 4442 non
2497 4387 2738 4458 improbe
2777 4389 3219 4442 circumeuntium
3249 4387 3634 4458 discipulorum
3676 4391 3765 4444 vi-

2179 4479 2332 4534 detur
2365 4479 2660 4548 signiﬁcare
2704 4490 3056 4545 conventum,
3087 4481 3212 4549 quia
3259 4481 3432 4550 ipsum
3461 4465 3759 4537 docentem

2183 4569 2597 4627 desiderantium
2628 4571 2990 4641 apostolorum
3017 4567 3273 4629 circuitui
3303 4571 3594 4628 ambiebat.
3631 4571 3767 4630 llaec

577 4655 732 4714 Vera.
761 4658 813 4714 l.
857 4656 1097 4725 Domine,
1139 4660 1192 4714 in
1232 4661 1414 4715 virtute
1457 4670 1547 4717 tua
1586 4663 1836 4719 lambitur
1873 4681 1991 4730 rex,
2027 4677 2072 4722 et
2097 4662 2151 4722 D
2175 4671 2292 4720 erat
2325 4677 2521 4719 corona
2551 4665 2762 4734 capitis,
2795 4664 2895 4719 hoc
2943 4665 3122 4735 regale
3166 4663 3445 4732 diadema,
3475 4663 3618 4734 quod
3655 4681 3766 4720 uou

505 4762 658 4814 super
699 4749 925 4804 salutare
969 4757 1108 4803 tuum
1152 4750 1428 4805 exsultabit
1470 4753 1804 4823 uehementer,
1839 4755 2075 4823 Domine,

506 4837 760 4907 propheta
785 4839 853 4894 ad
900 4839 1112 4897 Patrem
1163 4841 1322 4909 dicit,
1348 4846 1404 4899 in
1444 4847 1628 4901 uirtute
1671 4857 1786 4916 tua,
1829 4850 1881 4905 id
1913 4852 2076 4908 estin

505 4932 886 5001 omnipotentia
935 4937 1232 5005 majestatis
1276 4945 1400 5006 tuas,
1442 4939 1496 4995 in
1539 4955 1645 5011 qua
1685 4949 1740 4998 et
1783 4943 1946 5000 Filius
1985 4961 2072 5002 re-

505 5032 658 5092 gnat.
705 5024 844 5080 sicut
887 5025 1001 5095 ipse
1040 5027 1211 5084 dicit:
1243 5029 1432 5084 Omnia
1480 5030 1656 5088 Patris
1693 5049 1804 5090 mea
1835 5048 1982 5104 sunt,
2026 5049 2074 5091 et

509 5117 680 5171 omnia
719 5132 830 5172 mea
875 5115 1048 5174 Patris
1085 5130 1207 5175 sunt
1253 5119 1438 5194 (Joan.
1471 5137 1607 5193 xm,
1644 5125 1757 5194 l0).
1800 5127 2078 5182 Laetabitur

503 5225 623 5272 res,
658 5209 709 5266 id
733 5220 819 5266 est
843 5211 1096 5282 gaudebit
1132 5213 1291 5269 Jesus
1319 5213 1562 5271 Christus
1589 5235 1603 5274 :
1635 5219 1702 5274 de
1731 5235 1835 5289 quo
1875 5221 1925 5275 in
1969 5224 2075 5277 alio

502 5301 710 5370 psalmo
739 5303 963 5374 legitur:
991 5304 1150 5371 Deus,
1183 5308 1442 5378 judicium
1473 5319 1615 5364 tuum
1642 5313 1709 5365 da
1748 5316 1886 5384 regi,
1913 5323 1960 5367 et
1979 5317 2076 5385 ju-

501 5396 689 5452 stitiam
723 5405 865 5451 tuam
901 5397 1011 5467 [ilio
1041 5400 1175 5471 regis
1218 5399 1390 5467 (Psal.
1415 5417 1570 5468 uxr,
1600 5403 1693 5473 2);
1735 5413 1788 5460 et
1837 5405 1890 5460 in
1919 5405 2074 5460 titulo

471 5537 478 5552 ,
505 5489 764 5556 passionis
781 5489 1038 5558 scriptum
1060 5501 1140 5547 est
1165 5509 1178 5546 :
1207 5493 1316 5548 Rex
1333 5493 1631 5550 Judaorum
1654 5497 1869 5568 (Matth.
1893 5513 2040 5554 xxvu
2057 5539 2073 5566 ,

501 5578 615 5647 57).
649 5578 920 5662 sequitur,
952 5593 996 5634 et
1034 5599 1188 5654 super
1234 5585 1456 5640 salutare
1499 5598 1639 5642 tuum
1685 5589 1949 5642 exsultabit
1992 5605 2072 5642 re-

501 5672 776 5736 hementer,
807 5671 858 5726 id
886 5682 968 5728 est
997 5674 1048 5728 in
1081 5690 1148 5729 eo
1178 5677 1314 5744 quod
1351 5694 1443 5746 per
1469 5694 1587 5732 eum
1633 5681 1846 5733 salvasti
1895 5681 2068 5733 homi-

502 5781 619 5831 nes,
647 5766 809 5821 Filius
831 5776 972 5833 tuus,
1003 5771 1089 5838 qui
1119 5771 1360 5826 Salvator
1385 5779 1492 5830 est.
1524 5771 1813 5824 exsultabit.
1843 5771 2065 5825 Addidit

499 5879 710 5934 quoqe
736 5865 1071 5931 uenemerner,
1095 5857 1160 5920 ut
1178 5871 1382 5937 quanta
1413 5873 1495 5920 est
1521 5866 1670 5933 copia
1699 5863 1753 5919 in
1787 5861 2071 5930 beneﬁcio,

506 5965 646 6008 tanta
673 5957 744 6010 sit
772 5967 823 6011 et
851 5956 1036 6026 gaudii.
1056 5957 1388 6027 magnitudo.

2180 4769 2397 4812 ornaret
2435 4759 2771 4829 impositum,
2805 4758 2899 4814 sed
2941 4758 3008 4815 de
3049 4758 3263 4814 Christo
3309 4757 3532 4813 Domino
3581 4760 3768 4826 pniius

2181 4861 2483 4908 ornaretur.
2531 4851 2584 4908 lit
2625 4853 2726 4908 hac
2755 4853 2896 4908 enim
2929 4866 3126 4907 corona
3156 4859 3211 4906 et
3243 4849 3402 4906 totius
3431 4841 3542 4922 70
3572 4853 3768 4907 mundi

2180 4944 2433 4999 circulum
2461 4945 2654 5000 merito
2683 4945 2974 5014 poterimus
3016 4945 3327 5009 advertere;
3362 4946 3414 4997 iu
3453 4958 3562 5012 quo
3592 4959 3769 5014 gene-

2181 5035 2310 5089 ralis
2335 5033 2666 5105 significatur
2695 5034 2956 5089 Ecclesia.
2982 5033 3132 5101 Quod
3157 5035 3370 5088 schema
3402 5031 3603 5088 dicitur
3632 5033 3769 5089 cha-

2184 5127 2542 5190 racterismos,
2572 5125 2626 5180 id
2671 5135 2752 5179 est
2801 5125 3107 5179 informatio
3153 5125 3238 5180 vel
3280 5123 3596 5194 descriptio,
3640 5139 3772 5196 qua:

2180 5216 2296 5270 sive
2312 5230 2436 5269 .rem
2467 5215 2768 5279 absentem,
2800 5215 2915 5270 sive
2957 5225 3273 5284 praesentem
3305 5227 3592 5284 personam
3642 5219 3771 5286 Spi-

2180 5308 2460 5364 ritualibus
2488 5309 2656 5362 oculis
2684 5307 3073 5364 subministrat.
3104 5309 3212 5363 lloc
3238 5309 3370 5364 etin
3402 5307 3581 5375 laude,
3616 5317 3676 5364 et
3709 5311 3765 5366 in

2179 5400 2568 5469 vituperatione
2595 5400 2707 5454 ﬁeri
2736 5402 2891 5455 solet.

2249 5495 2404 5551 Vers.
2439 5495 2490 5549 4.
2538 5493 2703 5548 Vitam
2741 5495 2912 5564 petiit,
2954 5501 3001 5548 et
3039 5491 3258 5548 tribuisti
3297 5495 3344 5547 ei
3381 5492 3769 5563 longitudinem

2177 5588 2370 5641 dierum
2412 5591 2464 5641 in
2507 5586 2749 5642 steculum
2793 5585 2988 5639 saeculi.
3017 5584 3243 5653 'Vitam,
3297 5585 3766 5641 resurrectionem

2175 5680 2466 5748 significat,
2497 5693 2654 5748 quam
2703 5678 2790 5732 ille
2834 5677 3015 5745 petivit
3061 5677 3330 5732 dicendo:
3374 5676 3550 5742 Pater,
3595 5678 3771 5732 clari-

2176 5771 2273 5837 ﬁra
2302 5767 2496 5822 Filium
2530 5777 2674 5821 tuum
2718 5765 2900 5834 (Joan.
2925 5783 3064 5833 xvn,
3101 5767 3176 5836 i).
3215 5765 3612 5837 Longitudinem
3643 5769 3770 5823 die.

2177 5879 2293 5917 rum
2314 5865 2366 5916 in
2406 5864 2647 5917 siccatum
2683 5859 2890 5928 siccati,
2918 5859 2967 5914 id
3008 5869 3090 5915 est
3129 5861 3446 5915 indelectam
3494 5861 3768 5928 perenni-

2180 5961 2373 6021 tatem,
2421 5969 2535 6025 qua:
2583 5951 2729 6009 nullo
2777 5953 2881 6010 [lue
2923 5953 3276 6009 concluditur.
3321 5952 3428 6009 Sed
3477 5963 3769 6011 memento
