4016 6344
289 398 396 468 'tts

1273 414 1633 473 EXPOSITIO
1671 414 1737 471 IN
1777 406 2233 471 PSALTERlUM.
2280 410 2469 471 PSAL.
2510 416 2629 472 XX.

3448 394 3550 474 iso

300 528 439 602 quod
470 535 529 584 et
554 528 669 583 btec
699 540 752 585 et
780 527 864 583 his
889 526 1081 583 similia
1113 528 1178 584 ab
1204 514 1293 583 illa
1319 528 1564 586 dicantur
1595 538 1745 601 parte
1771 543 1872 601 qua
1899 532 1951 593 Α
1979 528 2446 600 praedicationibus
2494 506 2637 585 enim
2684 532 2849 587 sacris
2906 541 3273 605 argumentum
3329 532 3544 605 quidem

300 635 485 692 passus
514 629 619 676 est.

368 712 524 769 Vera.
554 713 612 768 5.
642 709 835 783 Magna
861 719 932 765 est
959 712 1121 781 gloria
1150 713 1260 778 eius
1280 714 1334 766 in
1363 713 1578 767 salutari
1610 722 1730 777 tuo;
1761 712 1872 784 glo«

299 808 423 862 riam
453 815 498 860 et
524 816 768 876 magnum
803 805 1033 857 decorem
1076 805 1303 873 imponas
1342 818 1493 875 super
1532 820 1666 859 eum.
1698 802 1752 858 lu
1784 810 1872 858 ca-

300 901 402 970 pite
426 913 621 954 versus
647 898 965 953 sententiam
998 899 1201 966 posuit,
1230 912 1387 968 quam
1420 898 1602 955 subter
1632 903 1869 968 exponit.

301 992 509 1048 Sancta!
559 991 822 1061 siquidem
870 990 1201 1044 lncarnstion
1270 1007 1458 1061 magna
1499 1002 1570 1045 est
1610 991 1776 1063 gloria
1817 992 1869 1045 in

304 1084 546 1150 salutari,
582 1083 634 1138 id
665 1093 749 1138 est
787 1083 839 1138 in
872 1082 1043 1138 Verbo
1089 1082 1281 1137 Patris.
1312 1083 1416 1139 Sed
1464 1084 1618 1138 istam
1649 1085 1871 1154 gloriam

310 1192 406 1231 non
435 1187 641 1246 paterat
690 1179 949 1231 humanus
979 1190 1166 1231 sensus
1196 1178 1477 1247 attingere,
1509 1178 1610 1233 nisi
1656 1192 1774 1233 eam
1820 1179 1873 1233 in

310 1270 746 1337 subsequentibus
778 1268 1002 1323 mirabili
1035 1270 1376 1339 expositione
1408 1271 1726 1326 declararet.
1762 1266 1875 1326 Hoc

306 1362 514 1416 schema
558 1362 754 1416 dicitur
781 1364 1116 1431 epexegesis,
1148 1362 1335 1417 Latine
1381 1363 1706 1433 explanatio.
1740 1362 1869 1417 Nam

307 1456 464 1523 gloria
492 1463 539 1509 et
578 1470 820 1525 magnum
856 1457 1029 1520 decus,
1069 1465 1276 1526 tempus
1316 1455 1525 1511 videtur
1573 1456 1870 1527 signiﬁcare

308 1545 487 1615 iudicii
512 1564 528 1598 :
559 1546 646 1600 ubi
677 1547 728 1600 in
757 1546 957 1601 deitate
988 1560 1083 1602 sua
1112 1546 1389 1617 apparebit
1417 1549 1742 1617 Altissimus,
1780 1548 1871 1601 ha-

314 1639 441 1694 bens
466 1640 675 1709 gloriam
703 1640 765 1693 de
788 1638 1009 1708 judicio,
1040 1639 1273 1694 decorem
1297 1638 1364 1695 de
1392 1640 1693 1711 majestate.

384 1732 527 1786 Vere.
560 1732 611 1785 6.
642 1730 894 1799 Quoniam
919 1733 1063 1787 dabis
1090 1749 1204 1787 eum
1242 1735 1294 1787 in
1333 1732 1673 1789 benedictione
1701 1735 1753 1789 in
1778 1752 1873 1790 ste-

308 1824 475 1877 cullttt
495 1824 705 1889 seculi;
733 1824 1013 1892 lattiﬁcabis
1036 1840 1146 1879 eum
1172 1827 1223 1879 in
1245 1827 1433 1897 gaudio
1455 1843 1567 1881 cum
1594 1824 1735 1881 vultu
1762 1838 1870 1883 tuo.

311 1913 575 1969 Gradatim
620 1914 896 1969 descendit
944 1916 1010 1969 ad
1041 1916 1183 1970 illam
1230 1917 1869 1985 gloriam'tleclarandam

306 2022 455 2076 quam
484 2005 733 2062 Cbrlstus
781 2008 1037 2062 Dominus
1066 2007 1356 2063 secundum
1397 2022 1611 2065 carnem
1642 2025 1667 2064 :t
1716 2011 1875 2067 Patre

307 2098 619 2153 clariﬁcatus
644 2099 873 2165 accepit.
906 2099 1040 2153 Dicit
1068 2116 1181 2153 eum
1216 2101 1445 2153 dandum
1486 2117 1593 2155 esse
1635 2102 1685 2154 in
1729 2102 1874 2157 bene-

306 2191 541 2259 dictione,
571 2205 691 2260 que:
719 2190 867 2245 nullo
906 2191 1073 2260 possit
1102 2190 1207 2245 ﬁne
1234 2192 1500 2248 concludi.
1534 2192 1729 2248 Verum
1761 2193 1873 2249 hzec

310 2285 459 2339 verba
490 2286 574 2355 pia
606 2284 1009 2341 examinatione
1037 2286 1304 2354 pensanda
1332 2297 1483 2352 sunt,
1517 2296 1573 2341 ut
1606 2296 1765 2341 tanta:
1794 2288 1872 2343 rei

314 2375 467 2431 nobis
482 2378 697 2433 elucere
728 2378 897 2447 possit
922 2393 1201 2436 arcanum.
1234 2379 1413 2435 Multis
1442 2381 1573 2435 locis
1597 2381 1706 2449 jam
1735 2381 1875 2437 dixi-

312 2483 423 2523 mus
450 2469 849 2539 suscipicndum
874 2485 993 2525 esse
1018 2486 1113 2540 pro
1140 2481 1287 2540 parte
1313 2473 1670 2528 membrorum
1688 2514 1703 2538 ,
1733 2474 1873 2543 quod

309 2560 406 2630 ipsi
445 2561 673 2618 Domino
702 2563 1113 2618 Salvatori‘unn
1164 2572 1341 2633 potest
1386 2566 1705 2629 convenire;
1737 2567 1873 2621 sicut

314 2662 366 2706 et
391 2653 572 2707 Patres
602 2655 769 2709 nostri
798 2654 990 2709 similia
1033 2654 1148 2709 loca
1175 2656 1486 2725 exposuisse
1516 2657 1873 2712 declarantur.

320 2741 641 2811 Quapropter
678 2745 948 2813 latiﬁcabia
973 2762 1088 2799 eum
1116 2747 1167 2800 in
1211 2749 1397 2817 gaudio
1437 2763 1551 2800 cum
1592 2748 1737 2801 vultu
1768 2757 1875 2815 tuo,

321 2834 706 2904 suscipiendum
734 2848 807 2892 est
832 2838 898 2892 de
940 2852 1257 2909 unoquoque
1289 2840 1520 2895 lideliutn
1542 2882 1556 2905 ,
1585 2841 1652 2896 de
1684 2841 1879 2911 quibus

315 2935 363 2981 et
404 2926 540 2981 alter
579 2930 807 2997 psalmus
853 2930 1094 2985 dicturus
1138 2942 1257 2987 est:
1294 2930 1359 2984 Et
1406 2933 1709 2987 habitabunt
1756 2936 1882 2987 recti

312 3036 417 3074 rum
448 3023 586 3075 vultu
615 3032 699 3079 tuo
730 3023 905 3096 (Paul.
930 3041 1128 3080 cxxmx
1148 3062 1163 3091 ,
1196 3027 1307 3096 Η).
1339 3025 1615 3095 Lwtiﬁcari
1641 3028 1783 3082 enim
1813 3028 1878 3084 de

310 3114 451 3168 vultu
494 3115 733 3181 Domini,
779 3119 1001 3173 alterius
1043 3119 1381 3185 cognoscitur
1426 3133 1548 3174 esse
1595 3134 1874 3188 personas;

1979 624 2156 691 ipsum
2206 623 2437 691 ponitur,
2469 621 2560 677 sed
2601 622 2699 678 sub
2746 622 2995 681 libertate
3044 624 3354 681 verborum.
3389 621 3545 679 Modo

1973 712 2177 783 reliqua
2198 712 2489 769 videamus.

2045 802 2201 858 Vers.
2237 804 2289 860 8.
2338 802 2636 858 Inveniatur
2678 822 2858 860 manus
2907 814 2995 860 tua
3044 806 3273 862 omnibus
3324 807 3543 863 inimicis

1974 896 2108 962 tuis‘;
2140 897 2346 951 dextera
2379 904 2467 948 tua
2494 896 2710 950 inveniat
2740 913 2910 953 omnes
2936 899 3023 969 qui
3047 907 3096 954 te
3120 901 3352 956 oderunt.
3389 900 3544 955 Venit

1975 993 2043 1048 ad
2074 990 2279 1047 tertiam
2304 990 2655 1059 divisionem,
2683 990 2735 1045 in
2767 1006 2867 1061 qua
2898 1000 3047 1061 optat
3078 994 3357 1048 Dominum
3389 994 3546 1049 Chri-

1975 1093 2115 1138 stum
2149 1083 2323 1137 laccre
2350 1080 2490 1152 quod
2519 1096 2640 1135 eum
2672 1092 2891 1136 noverat
2919 1098 3035 1137 esse
3066 1092 3361 1151 gesturum.
3407 1084 3542 1139 Dicit

1975 1176 2117 1231 enim
2146 1192 2158 1228 :
2191 1172 2489 1227 Inveniatur
2517 1190 2697 1226 manus
2721 1182 2838 1237 tua,
2870 1174 2923 1229 id
2952 1184 3031 1229 est
3061 1176 3299 1244 operatio
3341 1183 3429 1230 tua
3462 1191 3545 1233 rc-

1978 1267 2258 1337 perialur:
2300 1264 2525 1319 afﬂictos
2571 1273 2852 1319 convertas
2902 1265 3176 1331 inimicos,
3223 1267 3310 1336 qui
3356 1281 3387 1322 a
3436 1267 3541 1321 tuis

1977 1357 2173 1429 regulis
2221 1355 2399 1410 mundi
2446 1355 2804 1411 delectatione
2848 1350 3206 1412 dissentiunt:
3240 1358 3307 1413 de
3350 1359 3541 1429 quibus

1976 1452 2050 1503 ait
2080 1450 2362 1519 Apostolus
2398 1465 2410 1500 :
2449 1448 2699 1515 Quoniam
2729 1449 2771 1502 si
2810 1465 2924 1501 cum
2967 1448 3136 1502 adhuc
3178 1448 3373 1502 inimici
3412 1465 3543 1504 essc—

1976 1559 2110 1609 mus,
2143 1540 2449 1594 reconciliati
2480 1556 2653 1593 sumus
2704 1539 2808 1594 Deo
2851 1555 2939 1610 per
2981 1546 3195 1595 mortem
3242 1537 3373 1594 Filii
3415 1543 3548 1612 ejus,

1976 1633 2137 1687 multo
2176 1633 2337 1703 ntagis
2381 1630 2723 1694 reconciliati,
2753 1631 2880 1684 salvi
2908 1628 3095 1685 erimus
3140 1631 3314 1701 (Rom.
3342 1647 3396 1697 v,
3431 1633 3545 1701 ill),

1978 1726 2086 1782 Sed
2113 1725 2197 1779 isti
2231 1724 2407 1778 tandiu
2438 1723 2684 1779 dicuntur
2716 1720 2953 1791 inimici,
2985 1723 3155 1780 donec
3182 1724 3379 1780 diaboli
3421 1738 3544 1779 sua-

1981 1821 2223 1877 sionibus
2261 1820 2610 1887 inducuntur;
2643 1828 2895 1875 caeterum
2923 1819 3137 1889 quando
3180 1820 3244 1874 ad
3276 1819 3547 1875 Christum

1980 1914 2261 1969 Dominum
2295 1912 2548 1977 redeunt,
2574 1921 2629 1967 et
2650 1912 2788 1966 servi
2818 1920 2871 1967 et
2894 1912 2984 1965 lilii
3013 1921 3270 1967 vocantur
3294 1921 3346 1966 et
3367 1910 3548 1968 amici.

1975 2006 2248 2075 Sequitur,
2283 2004 2490 2058 dextera
2539 2013 2625 2056 tua
2666 2004 2888 2058 inveniat
2917 2019 3088 2058 omnes
3116 2005 3203 2073 qui
3236 2012 3282 2057 te
3311 2005 3549 2057 oderunt.

1976 2101 2075 2155 Hic
2105 2099 2230 2153 illud
2255 2098 2438 2168 judicii
2473 2105 2681 2165 tempus
2707 2096 3019 2161 advertitur,
3065 2095 3277 2165 quando
3319 2095 3547 2152 dextera

1976 2190 2171 2253 Patris,
2210 2190 2260 2244 id
2287 2199 2367 2245 est
2394 2187 2648 2243 Dominus
2673 2189 2918 2244 Salvator
2937 2188 3272 2259 judicaturus
3294 2198 3377 2245 est
3397 2204 3551 2244 mun-

1975 2282 2133 2346 dum;
2166 2291 2220 2339 et
2248 2282 2336 2353 qui
2365 2297 2489 2338 eum
2522 2282 2748 2338 oderunt
2790 2296 2960 2353 plenas
3004 2283 3360 2354 perpetuitate
3399 2282 3549 2339 dam-

1978 2376 2139 2433 nandi
2166 2385 2305 2432 sunt.

2055 2492 2204 2548 Vers.
2237 2491 2287 2547 9.
2327 2489 2497 2546 Panes
2532 2506 2616 2546 eos
2656 2498 2711 2545 ut
2757 2490 3009 2546 clibanum
3051 2492 3184 2563 ignis
3230 2491 3283 2545 in
3326 2501 3552 2561 tempore

1980 2587 2150 2643 vultus
2180 2586 2272 2639 tui.
2306 2583 2546 2638 Clibanus
2576 2594 2656 2640 est
2691 2585 2983 2657 coquendis
3012 2586 3235 2656 panibus
3264 2585 3400 2641 aanei
3428 2600 3551 2641 vas-

1983 2678 2087 2731 culi
2114 2678 2337 2732 deducta
2366 2677 2687 2742 rotunditas,
2728 2692 2847 2746 qua:
2876 2678 2975 2733 sub
3020 2678 3293 2735 urentibus
3322 2678 3553 2734 ﬂammis

1984 2771 2137 2826 ardet
2163 2768 2502 2822 intrinsecus.
2537 2768 2594 2821 In
2620 2782 2720 2837 qua
2752 2768 3101 2824 similitudine
3128 2771 3320 2825 merito
3365 2782 3553 2838 pecca-

1986 2872 2128 2916 tores
2178 2868 2464 2931 ponuntur,
2509 2861 2598 2929 qui
2641 2860 2695 2914 in
2742 2858 2922 2914 futuro
2964 2859 3182 2929 judicio,
3220 2867 3275 2915 et
3322 2874 3552 2916 mmrore

1982 2953 2180 3022 animi,
2212 2962 2267 3007 et
2294 2952 2486 3021 pmnali
2512 2950 2903 3006 excruciatione
2930 2950 3203 3020 torquendi
3238 2962 3394 3018 sunt,
3424 2953 3549 3021 quin

1983 3056 2169 3101 contra
2220 3045 2430 3115 regulas
2481 3044 2690 3099 Domini
2742 3043 3005 3099 obstinata
3056 3052 3235 3100 mente
3281 3045 3549 3100 vixerunt.

1985 3138 2204 3208 Tempus
2236 3151 2362 3192 vero
2390 3137 2556 3190 vultus
2597 3135 2809 3190 Domini
2838 3134 2956 3190 dies
2989 3143 3070 3191 est
3090 3133 3308 3204 iudicii,
3337 3135 3550 3204 quando

312 3208 441 3274 quod
472 3208 536 3262 de
565 3207 779 3265 Christo
808 3211 1031 3281 intelligi
1060 3211 1319 3266 catholica
1347 3224 1452 3280 non
1486 3213 1742 3280 permittit
1771 3212 1869 3267 Ec-

1985 3207 2150 3285 Filius
2184 3227 2416 3283 hominis
2441 3226 2706 3282 videbitur
2747 3226 2816 3281 ab
2844 3228 3116 3292 omnibus;
3159 3228 3254 3282 sed
3285 3228 3383 3283 soli
3426 3242 3547 3284 eum

313 3298 463 3353 clesia
481 3340 496 3365 ,
524 3316 643 3371 quae
673 3304 753 3356 sic
782 3304 927 3356 unita
964 3303 1133 3357 Verbo
1161 3304 1520 3374 cognoscitur,
1544 3312 1603 3358 ιιι
1629 3319 1730 3358 una
1756 3305 1873 3358 sine

1985 3323 2099 3392 iusti
2122 3322 2279 3376 etiam
2311 3320 2601 3375 divinitatis
2626 3334 2736 3374 suae
2757 3318 3206 3388 contemplatione
3235 3319 3552 3385 respicient.

310 3392 462 3448 dubio
495 3394 818 3464 intelligatur
840 3410 959 3451 esse
990 3410 1234 3465 persona.

381 3486 532 3541 Vers.
572 3488 624 3542 7.
660 3488 911 3555 Quoniam
958 3504 1052 3543 rea:
1094 3491 1315 3559 speravit
1352 3490 1407 3543 in
1450 3489 1693 3555 Domino,
1737 3500 1785 3544 et
1825 3491 1879 3543 in

309 3579 651 3633 misericordia
693 3580 938 3634 Altissimi
983 3597 1083 3634 non
1125 3581 1536 3637 commovebitur.
1583 3583 1718 3637 Dicit
1756 3597 1882 3636 cau-

307 3685 417 3724 sam
461 3686 629 3740 quare
667 3680 869 3726 tantum
915 3688 1107 3729 munus
1150 3675 1453 3743 acceperit:
1483 3676 1603 3744 quia
1652 3691 1741 3729 rea:
1784 3674 1883 3730 iste

311 3761 469 3830 quiin
502 3762 748 3830 passione
769 3778 863 3818 sua
888 3763 1052 3819 tribus
1079 3763 1272 3834 linguis
1301 3766 1572 3834 legebatur
1596 3769 1879 3835 ascriptus,

311 3857 600 3912 secundum
646 3857 914 3915 hominem
960 3863 1180 3926 speravit
1221 3862 1275 3913 in
1326 3862 1571 3926 Domino,
1616 3872 1676 3916 ut
1719 3876 1881 3933 agno-

308 3962 542 4015 scamus,
596 3950 697 4004 nisi
738 3952 1048 4020 suppliciter
1099 3954 1448 4022 postulando,
1499 3953 1565 4007 ad
1611 3954 1728 4023 ejus
1777 3966 1883 4009 non

307 4055 468 4111 posse
498 4058 599 4098 nos
637 4044 1056 4100 misericordiam
1101 4048 1399 4115 pervenire.
1431 4047 1687 4117 Sequitur
1722 4050 1882 4105 etiam

307 4135 627 4190 aeternitatis
654 4136 812 4205 hujus
838 4153 996 4194 causa
1026 4138 1310 4207 probabilis
1338 4156 1349 4191 :
1381 4141 1500 4209 quia
1532 4141 1699 4195 nescit
1729 4155 1757 4194 a
1790 4141 1884 4193 Pa-

308 4226 408 4280 tris
459 4223 826 4282 misericordia
881 4230 1218 4298 submoveri,
1266 4231 1353 4299 qui
1396 4244 1614 4299 sperare
1668 4232 1717 4285 in
1770 4231 1886 4300 ejus

308 4318 481 4386 gloria
512 4331 852 4386 perseverat,
883 4321 1018 4376 sicut
1045 4321 1297 4377 Salomon
1329 4322 1463 4377 dicit
1492 4340 1504 4375 ι
1541 4324 1666 4389 Quis
1713 4339 1886 4393 spera-

307 4411 373 4463 vit
403 4410 461 4463 in
493 4409 735 4473 Domino,
766 4421 813 4465 et
840 4413 1085 4479 confusus
1113 4424 1184 4467 est
1231 4412 1431 4484 (Ecclc.
1462 4430 1527 4478 tt,
1564 4415 1696 4481 il)?
1728 4417 1791 4469 Et
1836 4418 1887 4469 in

1978 3414 2248 3470 Memento
2303 3422 2479 3468 autem
2532 3412 2674 3482 quod
2729 3413 2973 3481 superius
3027 3412 3080 3466 in
3134 3411 3290 3489 laude
3338 3411 3551 3468 Domini

1981 3507 2181 3563 Christi
2229 3507 2682 3561 characterismon
2722 3506 2939 3561 schema
2988 3505 3261 3574 posuerit,
3293 3521 3387 3576 per
3414 3507 3555 3578 quod

1983 3603 2241 3657 honorem
2270 3598 2384 3668 ejus
2406 3608 2461 3653 et
2490 3599 2713 3667 gloriam
2742 3597 2953 3652 diversa
2978 3597 3235 3666 qualitate
3262 3600 3551 3668 gratiarum

1987 3691 2288 3760 descripsit.
2311 3688 2460 3744 Nunc
2490 3703 2582 3758 per
2604 3687 2846 3743 eamdem
2879 3688 3099 3757 ﬁguram
3127 3690 3372 3745 inimicos
3394 3691 3560 3762 ipsius

1988 3784 2117 3837 dicit
2162 3782 2324 3837 variis
2364 3780 2639 3851 suppliciis
2688 3779 3021 3849 aflligendos,
3068 3790 3123 3835 ut
3168 3788 3423 3852 quantum
3469 3782 3559 3838 ille

1991 3876 2267 3941 inritabilis,
2296 3883 2496 3930 tantum
2523 3874 2609 3929 isti
2633 3873 2983 3929 redderentur
3008 3873 3308 3931 horribiles.

2064 3970 2216 4025 Vers.
2254 3968 2337 4024 10.
2370 3965 2617 4020 Dominus
2660 3966 2709 4019 in
2749 3965 2829 4019 ira
2864 3983 2957 4019 sua
3007 3967 3329 4022 conturbabit
3371 3982 3475 4035 eos,
3517 3976 3563 4022 et

1990 4060 2243 4115 devorabit
2285 4075 2368 4112 eos
2400 4059 2549 4129 ignis.
2580 4056 2721 4111 Ordo
2750 4055 2937 4124 judicii
2981 4057 3335 4124 pulcherrima
3378 4073 3561 4112 narra-

1992 4154 2137 4207 tione
2173 4150 2509 4205 describitur.
2541 4149 2666 4202 lllos
2696 4149 2837 4201 enim
2877 4158 3187 4216 peccatores
3228 4149 3315 4217 qui
3358 4162 3417 4204 se
3462 4164 3561 4218 pro

1993 4252 2204 4298 aetrnum
2233 4256 2447 4296 suorum
2480 4237 2810 4310 malignitate
2839 4236 3197 4306 discruciant,
3228 4238 3305 4294 ira
3352 4239 3561 4295 Domini

1991 4336 2118 4391 dicit
2151 4349 2271 4389 esse
2299 4331 2606 4395 turbandus,
2640 4330 2851 4401 quando
2891 4329 3110 4385 audient
3138 4348 3153 4384 ε
3186 4329 3268 4385 Ite
3308 4332 3360 4385 in
3392 4332 3560 4401 ignem

1991 4437 2235 4482 «sternam
2280 4424 2494 4495 (Matth.
2520 4440 2643 4490 xxv,
2669 4422 2795 4495 bi);
2826 4431 2880 4479 et
2910 4424 3064 4478 istam
3092 4426 3410 4480 sententiam
3438 4440 3564 4481 cons

305 4505 419 4559 alio
462 4507 666 4575 psalmo
703 4505 869 4560 dicit:
904 4505 1170 4562 Protector
1196 4518 1269 4561 est
1306 4508 1527 4562 omnium
1570 4510 1889 4577 operantium
1917 4528 2307 4599 wéequcntm,
2356 4527 2411 4573 ut
2467 4526 2719 4587 perpetua
2772 4515 2988 4571 ﬂamma
3043 4515 3387 4574 devci-antur.
3434 4518 3564 4573 Nam

307 4598 359 4651 in
392 4615 451 4653 se
482 4597 653 4671 (Psal.
682 4615 819 4666 xvn,
844 4599 960 4669 5i).
990 4600 1169 4656 Posito
1197 4600 1357 4669 igitur
1381 4600 1433 4654 in
1459 4605 1631 4670 primo
1664 4603 1881 4668 psalmo,

1985 4586 2282 4682 jus-sionem
2314 4609 2520 4664 Domini
2568 4609 2712 4663 nulla
2742 4622 2889 4663 mora
2915 4607 3276 4677 subsequitur,
3311 4608 3406 4664 sed
3437 4625 3565 4663 mox

305 4691 622 4759 categorico
666 4691 997 4761 syllogismo,
1040 4699 1096 4747 et
1140 4693 1193 4745 in
1228 4692 1475 4761 septimo,
1524 4692 1889 4763 hypothetico,

309 4789 485 4835 restat
527 4796 668 4835 nunc
711 4791 768 4835 ut
796 4782 1132 4852 enthymema
1176 4781 1543 4837 demonstrare
1578 4784 1888 4838 debeamus.

310 4872 693 4943 Enthymema,
724 4873 862 4941 quod
906 4874 1091 4927 Latine
1122 4872 1506 4943 interpretatur
1534 4876 1727 4931 tuentis
1758 4891 1889 4931 con-

310 4964 515 5032 ceptio,
545 4962 882 5034 syllogismus
907 4973 988 5017 est
1012 4974 1264 5019 constans
1292 4980 1356 5019 ex
1387 4982 1489 5020 una
1528 4967 1892 5036 propositione

310 5064 367 5111 et
390 5052 761 5122 conclusione,
788 5072 942 5127 quem
972 5056 1229 5112 dialectici
1248 5058 1430 5114 dicunt
1447 5060 1769 5115 rhetoricum
1786 5062 1893 5132 syl-

314 5150 637 5222 logismum,
669 5151 788 5219 quia
816 5164 881 5205 eo
912 5154 1217 5220 frequenter
1256 5161 1478 5207 utuntur
1513 5160 1753 5209 oratores
1798 5169 1895 5224 pro

313 5245 645 5315 compendio
676 5260 795 5299 suo.
829 5245 932 5300 Iste
964 5245 1138 5300 taliter
1178 5248 1509 5315 explicatur:
1542 5247 1729 5303 Omnis
1770 5262 1893 5315 spe-

314 5354 447 5394 rans
475 5341 532 5391 in
560 5337 786 5391 Domino
814 5339 1103 5393 exsultabit
1128 5348 1182 5393 et
1212 5340 1475 5395 laetabitur
1504 5340 1557 5395 in
1585 5340 1895 5396 misericor-

317 5430 404 5484 dia
434 5430 579 5499 ejus;
623 5442 725 5497 ego
756 5429 915 5497 igitur
946 5428 1222 5484 exsultabo
1248 5438 1302 5485 et
1331 5430 1553 5485 ltetabor
1592 5433 1644 5486 in
1689 5433 1895 5488 miseri-

317 5525 501 5580 cordia
544 5523 678 5592 ejus.
728 5521 827 5576 Ista
870 5529 951 5576 est
999 5523 1152 5576 tertia
1203 5524 1411 5594 species
1455 5524 1887 5595 syllogismorum

318 5631 418 5687 per
445 5630 580 5685 quos
621 5614 881 5668 dialectici
910 5613 1270 5668 subtilissimis
1299 5612 1746 5681 disputationibus
1779 5631 1897 5683 quin

324 5709 552 5775 probare
572 5707 814 5761 nituntur
837 5706 1145 5759 ostendunt.
1174 5702 1280 5761 Nec
1304 5716 1511 5760 moveat
1536 5706 1673 5775 quod
1702 5709 1752 5760 in
1782 5708 1900 5762 istis

326 5800 565 5871 partibus
591 5815 695 5854 non
722 5809 843 5853 sunt
875 5800 1061 5854 eadem
1088 5799 1248 5853 verba
1290 5814 1407 5867 quae
1435 5798 1696 5853 dialectici
1726 5801 1788 5853 ad
1822 5801 1903 5855 in-

325 5891 611 5948 struendae
633 5890 793 5946 rudes
813 5890 973 5963 longo
1002 5900 1123 5963 post
1151 5899 1393 5961 tempore
1425 5892 1818 5958 formaverunt;
1849 5893 1902 5949 in

1994 4712 2052 4757 ut
2089 4702 2375 4768 discernit,
2403 4702 2675 4770 impletum
2717 4708 2820 4755 est.
2850 4698 2952 4755 Iste
2983 4708 3157 4755 tamen
3189 4700 3325 4769 ignis
3366 4700 3443 4755 sic
3473 4702 3567 4757 ab-

1996 4792 2189 4860 sumit,
2220 4802 2275 4847 ut
2306 4803 2514 4858 servet;
2544 4794 2621 4848 sic
2650 4802 2856 4859 servat,
2889 4803 2946 4847 ut
2972 4793 3207 4857 cruciet;
3251 4791 3567 4866 dabiturque

1996 4890 2207 4942 miseris
2230 4888 2337 4941 vita
2364 4888 2628 4952 mortalis,
2656 4898 2709 4943 et
2740 4901 2895 4955 pmna
2923 4884 3207 4942 servatrix.

2068 4978 2222 5034 Vers.
2256 4979 2341 5033 il.
2374 4976 2622 5034 Fructum
2652 4994 2827 5033 eorum
2850 4979 2911 5031 de
2940 4987 3074 5032 terra
3101 4978 3301 5047 perdes,
3327 4989 3377 5035 ct
3402 4995 3570 5036 amen

1998 5089 2169 5129 eorum
2195 5090 2227 5126 a
2257 5073 2375 5141 ﬁliis
2401 5072 2679 5125 hominum.
2711 5068 2930 5124 Fructus
2956 5086 3127 5126 eorum
3157 5071 3325 5129 luerat
3349 5072 3400 5128 in
3428 5081 3570 5129 terra

2001 5164 2290 5218 viventium
2312 5204 2325 5227 ,
2358 5162 2401 5216 si
2435 5161 2568 5216 Filio
2596 5160 2685 5214 Dei
2726 5159 3111 5225 credidissent;
3141 5161 3235 5217 sed
3263 5162 3385 5231 quia
3417 5177 3568 5217 man-

1999 5253 2138 5309 datis
2169 5253 2285 5324 ejus
2307 5251 2603 5307 contumaci
2644 5250 2830 5318 Spiritu
2862 5254 3201 5319 restiterunt,
3233 5254 3423 5309 merito
3454 5259 3566 5324 ft‘lto

2000 5358 2136 5399 ctum
2176 5344 2319 5398 illum
2372 5341 2711 5396 beatitudinis
2762 5343 3114 5412 perdiderunt.
3148 5342 3330 5400 Semen
3362 5361 3567 5414 eorum,

1999 5434 2051 5489 id
2077 5443 2160 5489 est
2188 5442 2308 5487 vota
2337 5432 2420 5486 vel
2452 5431 2587 5487 facta
2616 5434 2967 5501 peccantium.
3001 5435 3142 5489 Bene
3168 5442 3345 5489 autem
3377 5435 3565 5491 dicun-

2001 5535 2084 5581 tur
2112 5528 2332 5589 semina,
2365 5524 2503 5578 unde
2533 5525 2767 5580 nascitur
2792 5526 3072 5596 unicuique
3104 5526 3383 5582 retributio
3412 5526 3569 5599 digna

2000 5627 2289 5686 gestorum.
2321 5615 2362 5667 A
2409 5615 2527 5683 [iliis
2556 5617 2816 5671 hominum
2846 5617 3046 5674 elllcies
3084 5618 3306 5689 alienos,
3340 5620 3389 5675 id
3421 5629 3503 5675 est
3543 5636 3572 5674 a

2003 5709 2220 5772 sanctis,
2255 5705 2357 5778 71
2390 5723 2521 5777 quos
2552 5710 2605 5763 in
2631 5708 2995 5765 haereditatem
3024 5720 3280 5767 aeternam
3325 5720 3427 5766 tute
3473 5712 3577 5765 mi-

2006 5799 2311 5856 sericordiae
2339 5800 2579 5869 largitate
2608 5802 2866 5855 missurus
2888 5816 2966 5856 es.

2079 5892 2228 5947 Vcrs.
2263 5891 2347 5946 η.
2382 5891 2631 5955 Quoniam
2653 5893 3028 5948 declinaverunt
3062 5910 3114 5947 ιιι
3143 5904 3189 5947 te
3225 5893 3378 5959 mala,
3406 5895 3571 5963 cogita
