4064 6360
455 307 549 362 151

1644 304 1714 360 Μ.
1744 297 2022 360 Αυιιωι
2057 295 2454 356 CASSIODORI

3596 290 3722 349 151

447 429 626 479 verunt
659 420 879 477 consilia
915 436 1028 492 qua:
1055 437 1155 478 non
1178 378 1448 492 potuerunt
1471 419 1715 476 stabilire.
1748 418 2021 473 Declinare
2049 418 2102 480 Α
2127 414 2269 470 ﬁteri
2291 429 2387 470 vos
2411 413 2535 486 quia
2559 415 2793 473 Verbum
2841 413 2984 472 Patri
3023 419 3198 484 potest
3228 423 3348 468 esse
3382 407 3715 478 subiectum,

450 515 678 571 dicimus
706 515 842 570 mala
866 530 1023 585 supra
1049 515 1182 570 alios
1209 513 1507 583 pendentia,
1539 514 1591 568 in
1624 513 1730 566 alio
1760 511 1880 566 loco
1906 512 2024 564 sine

455 605 748 676 iniquitatis
775 619 933 660 causa
975 605 1222 670 relidere,
1268 603 1409 672 quod
1446 604 1498 658 in
1542 601 1787 672 passione
1813 597 2023 656 Domini

453 697 944 754 constateﬂ'ectum.
971 696 1100 751 Nam
1128 711 1246 750 cum
1272 703 1517 764 putarent
1543 695 1711 749 Judzei
1743 693 2023 762 imperium

455 787 816 844 Romanorum
846 787 945 842 sibi
985 786 1098 842 fore
1125 787 1501 856 perniciosum,
1536 787 1578 840 si
1619 785 1817 854 Regem
1842 784 2026 840 Salva-

453 887 625 935 torem
676 880 950 934 Dominum
1003 879 1386 946 suscepissent,
1448 877 1500 930 in
1545 877 1716 943 ipsum
1767 875 1865 930 visi
1901 882 2025 930 sunt

454 973 592 1026 mala
619 971 894 1036 declinare,
918 986 1035 1039 quae
1059 970 1157 1023 sibi
1179 969 1466 1025 credebant
1490 967 1744 1022 Romanis
1765 967 2028 1022 ulciscen-

455 1061 595 1115 tibus
621 1061 852 1115 evenire.
883 1058 1244 1129 flagitaverunt
1277 1060 1418 1113 enim
1447 1057 1718 1110 consilium
1745 1055 1974 1111 dicendo
2007 1071 2023 1110 :

454 1152 676 1222 Expedit
703 1169 860 1206 unum
883 1168 974 1223 pro
997 1153 1230 1205 omnibus
1258 1151 1387 1204 mori
1411 1149 1592 1220 (Joan.
1621 1165 1696 1216 ιι,
1730 1148 1844 1221 50).
1877 1147 2028 1214 Quod

453 1261 554 1298 non
577 1255 844 1314 potuerunt
868 1243 1116 1311 stabilire,
1142 1242 1192 1295 id
1223 1252 1300 1296 est
1327 1241 1394 1296 ad
1433 1250 1613 1296 votum
1641 1256 1794 1296 suum
1831 1240 2028 1309 perdu-

455 1353 598 1394 cere.
631 1338 763 1392 Nam
787 1339 1087 1392 nescientes
1129 1352 1252 1392 vera
1277 1337 1546 1400 dixerunt,
1592 1334 1827 1404 Oportuit
1864 1348 2030 1388 unum

456 1447 554 1501 pro
586 1433 832 1487 omnibus
854 1432 1017 1486 mori.
1048 1430 1245 1485 Verum
1273 1430 1487 1499 quidem
1518 1430 1737 1495 dictum,
1769 1427 1864 1483 sed
1891 1427 2032 1482 malo

457 1531 581 1579 voto
612 1523 876 1592 prolatum
909 1533 1018 1590 est;
1046 1531 1101 1577 et
1130 1521 1248 1576 ideo
1279 1522 1346 1576 de
1377 1522 1468 1576 tali
1494 1522 1631 1576 facto
1659 1519 1886 1575 subituri
1908 1526 2035 1574 sunt

458 1630 692 1684 pmnam,
723 1615 845 1684 quia
867 1631 972 1670 non
1013 1613 1311 1668 habuerunt
1338 1614 1600 1668 sinceram
1629 1612 2030 1668 conscientiam.

459 1709 610 1776 Quod
638 1709 854 1764 schema
885 1709 1077 1763 dicitur
1097 1708 1514 1778 amphibologia,
1549 1707 1599 1763 id
1626 1719 1707 1763 est
1733 1708 1898 1764 dictio
1920 1724 2034 1762 am-

2128 509 2376 578 quamvis
2405 508 2567 579 aliqul
2590 509 2777 566 Patres
2797 507 2994 564 Christi
3017 506 3272 563 membris
3293 505 3395 561 hoc
3413 504 3720 574 sptandum

2128 615 2251 658 esse
2292 605 2616 674 putaverint.
2647 604 2908 671 Quocirca
2943 617 3126 673 parum
3157 600 3250 655 tibi
3281 600 3510 655 fortasse
3532 598 3721 654 visum

2128 704 2212 750 est
2233 694 2374 764 quod
2406 695 2663 766 Eutychis
2689 709 2874 752 errore
2915 693 3181 750 tenebaris
3207 692 3490 759 obnoxius,
3521 689 3622 745 nisi
3657 697 3722 745 te

2131 792 2185 840 et
2214 786 2406 840 Ariana
2433 787 2708 842 calamitas
2728 785 2917 856 juncto
2945 785 3089 842 fasce
3117 784 3476 854 deprimeret?
3504 783 3721 839 Aucto-

2134 890 2223 931 res
2251 889 2375 930 suos
2415 892 2628 934 errores
2665 878 2857 948 singuli
2888 877 3276 933 damnaverunt
3306 892 3320 928 :
3353 873 3419 930 de
3445 883 3500 931 te
3529 883 3721 930 autem

2134 969 2260 1040 quid
2287 971 2504 1036 faciant,
2535 985 2693 1041 quem
2717 969 2914 1039 duplex
2935 970 3088 1040 culpa
3118 968 3474 1025 condemnat?
3503 967 3624 1022 Mox
3649 975 3724 1023 us

2135 1062 2200 1117 ad
2227 1063 2532 1119 conﬂictum
2557 1063 2787 1129 veneris,
2817 1063 2996 1118 statim
3039 1061 3413 1118 Nestorianum
3441 1075 3599 1116 vocas
3617 1074 3724 1116 or-

2137 1154 2449 1212 thodoxum.
2483 1155 2748 1210 Habemus
2775 1163 2961 1210 contra
2986 1163 3039 1210 te
3059 1153 3264 1225 judicia
3301 1161 3428 1218 tua;
3462 1153 3564 1208 hoc
3591 1150 3724 1206 aliis

2137 1260 2236 1315 pro
2259 1246 2483 1301 crimine
2507 1245 2664 1313 dicis,
2688 1244 2831 1316 quod
2855 1252 2910 1300 tu
2941 1245 3033 1299 tibi
3062 1244 3395 1315 persuasisse
3416 1256 3723 1314 cognosce-

2141 1337 2235 1391 ris.
2269 1335 2456 1391 Exstat
2484 1336 2571 1393 hic
2595 1336 2800 1391 denarii
2825 1336 3032 1392 numeri
3057 1336 3328 1406 duplicata
3357 1336 3624 1399 societas;
3653 1341 3723 1391 ut

2137 1425 2275 1481 sicut
2298 1426 2414 1482 haic
2442 1427 2682 1496 parilitas
2710 1442 2869 1481 unam
2891 1441 3152 1481 summam
3183 1426 3446 1496 designat,
3475 1424 3546 1479 ita
3571 1423 3722 1494 psal-

2137 1533 2257 1574 mus
2279 1523 2378 1574 iste
2403 1520 2681 1590 utriusque
2737 1519 2870 1590 legis
2898 1535 3074 1574 unum
3090 1519 3374 1574 Dominum
3422 1517 3722 1588 proclamet

2137 1619 2431 1666 auctorem.
2466 1613 2557 1666 Est
2577 1611 2721 1666 enim
2763 1611 2816 1665 in
2845 1611 2960 1666 istis
2987 1609 3275 1665 decadibus
3295 1610 3465 1664 virtus
3485 1609 3720 1674 eximia;

2137 1712 2193 1758 et
2236 1703 2442 1774 quoties
2473 1718 2532 1758 se
2559 1703 2850 1773 geminant,
2890 1701 3052 1757 toties
3083 1701 3377 1773 ingentium
3420 1714 3600 1756 rerum
3629 1713 3720 1755 ειη

460 1802 634 1872 bigua,
667 1801 876 1856 dubiam
907 1802 1103 1855 faciens
1128 1800 1363 1869 pendere
1391 1801 1729 1855 sententiam.
1748 1797 2035 1853 Consilium
2063 1788 2112 1848 Β
2138 1807 2412 1854 cramenta
2441 1796 2738 1852 declarant.

423 1902 542 1948 "est
586 1891 727 1946 enim
755 1891 950 1962 aliquid
979 1898 1068 1946 aut
1096 1891 1352 1958 faciendi,
1387 1903 1479 1946 aut
1504 1907 1608 1946 non
1641 1890 1869 1946 faciendi
1897 1890 2033 1946 ratio

460 1982 772 2039 deliberata.
1123 2040 1130 2048 ,

532 2076 686 2130 Vers.
718 2075 805 2130 15.
853 2074 1106 2141 Quoniam
1133 2091 1289 2146 pones
1329 2090 1412 2128 eos
1439 2074 1696 2141 deorsum,
1725 2073 1776 2126 in
1805 2070 2034 2138 reliquiis

463 2171 558 2224 tuis
609 2169 920 2238 prwparabis
966 2170 1156 2222 uultum
1205 2185 1398 2221 eorum.
1437 2167 1599 2221 Positi
1646 2175 1769 2220 sunt
1796 2166 2035 2220 deorsum

465 2260 655 2326 Judaei,
688 2260 897 2330 quando
922 2261 1052 2314 vitio
1103 2275 1198 2314 suo
1227 2268 1434 2314 terrena
1465 2259 1756 2326 sapientes,
1789 2272 1890 2311 non
1923 2269 2037 2310 me-

467 2359 689 2406 ruerunt
729 2351 963 2406 caelestia
996 2351 1258 2405 contueri.
1287 2349 1390 2405 Sed
1433 2351 1599 2402 vultus
1648 2363 1843 2411 eorum,
1875 2348 1925 2401 id
1954 2353 2040 2402 est

469 2443 606 2497 mala
631 2443 856 2498 intentio
883 2445 1140 2514 ipsorum,
1173 2443 1236 2499 ad
1276 2443 1519 2514 reliquias
1556 2441 1786 2506 Domini,
1821 2440 1920 2494 hoc
1958 2449 2042 2496 est

471 2533 534 2587 ad
567 2533 866 2602 passionem
897 2543 1070 2603 aptata
1112 2545 1224 2600 est;
1260 2544 1316 2588 ut
1345 2550 1464 2588 cum
1499 2533 1574 2587 illi
1606 2547 1666 2588 se
1697 2531 1894 2586 inferre
1922 2546 2040 2587 crc-

473 2624 662 2679 tlerent
697 2623 1036 2695 dispendium
1069 2625 1274 2694 mortis,
1308 2626 1452 2680 salus
1481 2622 1637 2680 ﬁeret
1664 2622 1905 2679 absolute
1943 2637 2040 2694 ge-

473 2715 689 2772 neralis.

543 2805 697 2861 Vers.
730 2804 818 2860 M.
850 2805 1112 2872 Exaltare,
1145 2805 1384 2874 Domine,
1414 2807 1465 2861 in
1499 2807 1685 2862 virtute
1713 2815 1842 2872 tua;
1867 2813 2045 2860 canta-

474 2900 637 2956 bimus
665 2909 713 2955 et
745 2902 1016 2970 psallemus
1048 2902 1253 2956 virtutes
1283 2912 1416 2957 tuas.
1448 2900 1698 2956 Exaltare
1738 2899 1952 2965 dicitur,
1990 2899 2044 2956 id

475 3001 557 3050 est
580 2994 973 3049 resurrectione
1014 2995 1370 3063 magniﬁcare.
1405 2994 1555 3049 Tunc
1581 2995 1723 3049 enim
1759 2993 1827 3048 ab
1866 2993 2043 3047 humi-

477 3087 628 3143 litate
658 3096 900 3156 suscepta
931 3087 1195 3141 exaltatus
1217 3088 1576 3157 cognoscitur,
1607 3087 1818 3156 quando
1850 3087 1900 3140 in
1931 3086 2044 3156 glo-

478 3181 554 3236 ria
599 3193 692 3234 sua
741 3180 1098 3234 resurrexisse
1130 3179 1380 3248 probatus
1407 3187 1509 3233 est.
1552 3175 1618 3232 In
1648 3178 1828 3232 virtute
1859 3186 1965 3244 tua,
1993 3177 2046 3232 id

479 3280 560 3328 est
603 3271 655 3326 in
704 3269 910 3326 Deitato
949 3268 1134 3336 Verbi,
1167 3284 1264 3339 per
1292 3283 1448 3339 quam
1482 3267 1660 3323 dixisti
1694 3286 1706 3320 ε
1738 3265 2049 3322 Potestatem

480 3363 636 3416 habeo
666 3362 886 3434 ponendi
911 3362 1136 3415 animam
1166 3377 1348 3424 meam,
1372 3370 1418 3416 et
1440 3368 1733 3429 potestatem
1771 3359 1931 3414 habeo
1958 3362 2050 3415 ite-

478 3456 593 3506 rum
621 3451 852 3506 sumendi
898 3468 1010 3506 eam
1060 3450 1239 3524 (Joan.
1283 3467 1336 3519 ι,
1373 3451 1484 3521 18).
1538 3450 1756 3506 Cantare
1799 3467 1928 3507 vero
1967 3462 2050 3508 est

479 3544 640 3600 verba
670 3537 882 3599 Domini
912 3560 1006 3598 ore
1032 3543 1293 3614 proferre.
1318 3542 1547 3597 Psallere
1569 3553 1766 3609 autem,
1800 3543 2048 3598 mandata

480 3638 656 3694 divina
696 3639 850 3692 bouis
878 3638 1274 3707 operationibus
1300 3645 1606 3692 constanter
1646 3637 1890 3707 implere.
1921 3638 2045 3693 Haec

479 3731 621 3784 enim
643 3728 748 3784 duo
772 3738 894 3782 sunt
923 3743 1040 3796 quae
1069 3745 1097 3783 a
1125 3729 1279 3784 nobis
1298 3727 1620 3784 omnimodis
1636 3739 1972 3798 expetuntur,
1990 3739 2051 3786 ut

480 3818 664 3874 laudes
690 3818 895 3872 Domini
919 3818 1145 3874 fideliter
1171 3834 1265 3875 ore
1283 3829 1579 3886 cantemus,
1606 3829 1660 3876 et
1680 3834 1841 3891 opere
1863 3831 2049 3879 nostro

481 3911 647 3983 ipsius
677 3910 922 3967 mandata
957 3910 1229 3966 faciamus.

1003 4002 1274 4058 Conclusio
1314 4004 1516 4074 psalmi.

547 4101 770 4160 Ostensa
802 4103 956 4160 nobis
1000 4112 1082 4160 est
1130 4105 1303 4176 imago
1345 4104 1581 4160 caelestis
1610 4102 1773 4175 Regis
1817 4101 2048 4160 mirabili

481 4198 837 4269 descriptione
863 4201 1122 4266 veritatis,
1148 4211 1205 4255 ut
1225 4217 1380 4270 quem
1411 4201 1585 4257 Judaei
1611 4216 1715 4256 non
1739 4209 2050 4258 meruerunt

480 4302 796 4358 praesentem
847 4306 1195 4360 cognoscere,
1233 4291 1414 4345 auditu
1467 4292 1612 4348 auris
1651 4293 1882 4348 mundus
1927 4309 2048 4349 eum

479 4379 724 4434 crederet
752 4379 1052 4435 advenisse.
1085 4381 1479 4436 Meminerimus
1524 4393 1701 4436 autem
1728 4383 1870 4452 quod
1902 4384 2047 4451 psal-

479 4483 596 4524 mus
627 4470 728 4525 iste
773 4471 960 4526 tertius
991 4480 1071 4525 est
1101 4485 1168 4525 ex
1212 4471 1295 4525 his
1324 4486 1459 4540 quos
1506 4472 1574 4526 de
1601 4471 1806 4527 duabus
1844 4471 2128 4534 naturim

479 4559 780 4616 evidentius
818 4561 1023 4617 locutos
1050 4576 1170 4616 esse
1197 4561 1524 4631 collegimus.
1579 4561 1728 4618 Hanc
1755 4572 1932 4620 tamen
1963 4581 2046 4622 re-

477 4654 650 4722 gulam
684 4656 898 4711 noveris
929 4655 983 4710 in
1011 4654 1256 4710 omnibus
1275 4655 1627 4722 custoditam;
1657 4665 1716 4710 ut
1737 4657 1788 4711 in
1809 4656 1887 4713 eis
1915 4659 2052 4728 psal-

478 4745 604 4808 mis,
638 4757 691 4802 et
718 4748 837 4804 dua:
869 4757 1073 4803 naturai
1100 4757 1154 4802 et
1177 4762 1279 4802 una
1305 4763 1534 4818 persona
1564 4763 1685 4805 esse
1709 4750 2046 4820 declaretur;

479 4847 745 4910 quatenus
794 4841 1014 4895 salutari
1045 4841 1464 4910 brevissimoque
1493 4841 1834 4911 compendio,
1869 4852 1925 4900 et
1969 4844 2049 4901 illi

480 4933 826 4988 destruantur
869 4936 956 5004 qui
999 4934 1133 4990 duos
1175 4934 1312 4989 filios
1343 4951 1462 4991 esse
1505 4936 1853 5004 mentiuntur,
1884 4947 1938 4992 et
1972 4937 2050 4994 illi

479 5024 569 5095 qui
603 5039 757 5078 unam
786 5035 1026 5080 naturam
1050 5027 1101 5080 in
1129 5023 1344 5082 Christo
1368 5028 1592 5084 Domino
1613 5031 1805 5086 callida
1837 5046 2054 5101 perver-

483 5119 643 5173 sitate
673 5119 998 5189 contingunt.
1033 5119 1224 5183 Dicite,
1257 5121 1344 5190 qui
1372 5136 1468 5178 vos
1501 5123 1692 5191 putatis
1719 5124 2055 5194 sapientissi-

479 5227 598 5267 mos
626 5213 791 5277 viros,
815 5213 938 5282 quid
969 5223 1049 5267 est
1072 5213 1200 5268 illttd
1230 5215 1367 5284 quod
1390 5216 1454 5270 ad
1484 5215 1786 5273 Corinthios
1814 5218 2054 5273 scribens

480 5307 554 5357 ait
591 5303 878 5372 Apostolus
912 5320 925 5355 :
959 5301 1102 5357 Tunc
1132 5313 1177 5358 et
1216 5306 1326 5374 ipse
1355 5305 1524 5360 Filius
1565 5307 1819 5373 subiectus
1859 5309 1953 5361 erit
1983 5308 2050 5376 ei,

476 5399 563 5468 qui
593 5397 688 5452 sibi
713 5399 924 5468 subjecit
955 5398 1143 5462 omnia,
1177 5408 1232 5452 ut
1260 5399 1325 5452 sit
1368 5400 1504 5454 Deus
1545 5401 1714 5454 omnia
1742 5401 1791 5454 in
1820 5401 2052 5454 omnibus

479 5488 538 5563 (Ι
568 5491 688 5543 Cor.
722 5506 810 5556 xv,
837 5489 968 5558 28)?
991 5489 1118 5545 Nam
1148 5491 1190 5544 si
1219 5505 1284 5546 ex
1311 5490 1504 5546 deitate
1521 5501 1576 5546 et
1596 5491 1926 5546 humanitate
1948 5505 2050 5545 una

481 5597 668 5641 natura
693 5585 828 5639 facta
856 5593 1020 5650 esset,
1043 5594 1100 5640 ut
1129 5585 1372 5650 creditis,
1403 5585 1595 5657 qualis,
1627 5601 1777 5656 rogo,
1808 5585 2054 5640 substan-

478 5678 551 5732 tia
584 5678 638 5731 in
667 5685 923 5731 aeternum
957 5677 1097 5733 Patri
1136 5689 1311 5749 potest
1338 5693 1458 5733 esse
1489 5677 1766 5746 subjecta?
1792 5677 1976 5731 Restat
2000 5685 2057 5732 ut

482 5782 580 5826 vos
605 5769 836 5826 Arianus
859 5783 1011 5825 error
1036 5768 1340 5827 absorbeat.
1373 5768 1604 5824 Necesse
1648 5775 1731 5824 est
1753 5767 1896 5824 enim
1923 5781 2056 5823 con-

2429 1907 2791 1966 EXPOSITIO
2817 1906 2885 1964 IN
2915 1906 3239 1964 PSALMUM
3268 1904 3417 1962 XXI.

2191 1999 2258 2056 In
2287 2001 2438 2071 linem
2465 2017 2557 2071 pro
2586 2003 2910 2073 susceptione
2931 2001 3182 2055 matutina
3210 1999 3439 2070 psalmus
3468 1997 3655 2054 David.

2207 2112 2332 2170 Sive
2364 2116 2420 2168 in
2448 2114 2621 2183 ﬁnem,
2644 2115 2758 2169 sive
2787 2113 3036 2186 psalmus,
3067 2115 3182 2169 sive
3208 2112 3373 2167 Dauid
3399 2109 3527 2183 quid
3555 2111 3718 2182 signi.

2140 2205 2284 2275 licet,
2318 2207 2625 2277 frequenter
2667 2207 2966 2279 expositum
2998 2217 3097 2263 est.
3128 2205 3315 2262 Restat
3340 2215 3396 2260 ut
3419 2221 3516 2277 pro
3542 2221 3725 2260 susce-

2141 2302 2312 2370 ptione
2338 2301 2603 2364 matutina,
2629 2299 2770 2370 quod
2797 2299 2968 2354 adhuc
2997 2313 3193 2353 novum
3209 2311 3331 2352 esse
3352 2297 3718 2366 cognoscitur,

2145 2391 2432 2460 explanare
2459 2391 2768 2447 debeamus.
2815 2391 3081 2462 Susceptio
3121 2390 3374 2444 matutina
3401 2399 3482 2442 est
3510 2396 3723 2456 tempus

2144 2485 2572 2553 resurrectionis,
2606 2485 2743 2540 sicut
2771 2483 2966 2538 dicitur
3004 2472 3058 2538 in
3089 2482 3374 2553 Evangelio
3407 2499 3421 2534 :
3459 2481 3575 2537 Una
3599 2482 3726 2535 sab-

2145 2578 2380 2632 batorum
2407 2579 2556 2634 valde
2596 2579 2846 2645 diluculo,
2877 2579 3007 2633 venit
3051 2575 3222 2631 Maria
3247 2576 3318 2630 ad
3345 2583 3726 2631 monumentum

2151 2665 2334 2738 (Joan.
2365 2684 2460 2734 xx,
2490 2669 2567 2740 i),
2611 2677 2716 2725 etc.
2751 2668 3017 2739 Susceptio
3046 2669 3188 2723 enim
3232 2665 3348 2732 iuit,
3377 2665 3591 2737 quando
3621 2665 3725 2720 Do-

2153 2759 2328 2814 minus
2363 2759 2606 2814 Christus
2631 2759 2858 2814 mortale
2887 2773 3080 2829 corpus
3108 2758 3302 2814 veteris
3339 2756 3573 2811 hominis
3597 2770 3726 2812 eon-

2152 2850 2354 2906 ditione
2379 2852 2642 2920 deposita,
2685 2851 2737 2906 in
2765 2867 3010 2920 magnam
3037 2852 3259 2922 gloriam
3286 2848 3615 2906 clariﬁcatus
3641 2862 3727 2902 as-

2152 2943 2378 3012 sumpsit
2399 2946 2510 2998 :cui
2527 2959 2674 2998 omne
2691 2961 2824 3015 genu
2838 2945 3060 3013 ﬂectitur
3077 2944 3372 3009 cmlestium,
3392 2942 3727 3012 terrestrium,

2153 3046 2200 3091 et
2230 3036 2550 3106 infernarum
2580 3036 2802 3108 (Philip.
2834 3053 2872 3093 ll
2892 3076 2906 3101 ,
2938 3037 3054 3106 f0).
3089 3035 3398 3090 Matutinum
3425 3045 3605 3091 autem
3640 3035 3727 3091 di-

2073 3131 2120 3196 c
2151 3135 2295 3184 ctum
2325 3138 2426 3195 est,
2473 3130 2622 3198 quasi
2656 3144 2810 3183 mane
2838 3130 3184 3198 primitivum,
3216 3128 3356 3200 quod
3396 3136 3605 3198 tempus
3647 3127 3728 3183 in.

2153 3221 2387 3276 numeris
2409 3220 2540 3277 locis
2563 3221 2626 3276 ad
2650 3223 3094 3278 resurrectionem
3119 3222 3329 3279 Domini
3349 3231 3558 3278 constat
3577 3229 3728 3294 apta~

2152 3321 2286 3368 tum.
2318 3313 2422 3369 Sed
2445 3330 2564 3370 cum
2593 3314 2646 3370 in
2679 3315 2782 3370 hoc
2811 3317 3018 3386 psalmo
3059 3317 3224 3372 multa
3269 3317 3336 3374 de
3360 3332 3453 3373 sua
3476 3317 3730 3388 passione

2150 3411 2361 3459 constet
2406 3419 2527 3461 esse
2557 3405 2872 3474 locuturum,
2919 3407 3196 3463 videamus
3239 3423 3335 3464 cur
3375 3409 3492 3480 ejus
3540 3411 3730 3466 titulus

2151 3497 2318 3552 solam
2367 3499 2812 3554 resurrectionem
2844 3513 3266 3556 commemorare
3295 3500 3540 3556 voluerit.
3573 3501 3732 3574 Sapo

2153 3589 2295 3642 enim
2327 3588 2654 3658 signiﬁcatur
2685 3604 2778 3657 per
2806 3589 2856 3644 id
2884 3590 3023 3660 quod
3050 3591 3311 3662 sequitur,
3345 3591 3476 3646 illud
3523 3593 3730 3650 scilicet

2151 3681 2290 3751 quod
2317 3682 2632 3751 prmccssit;
2665 3690 2722 3736 ut
2747 3697 2866 3736 cum
2895 3683 3121 3738 dicimus
3146 3698 3300 3739 mane
3322 3683 3542 3750 factum,
3571 3685 3731 3740 intel-

2149 3771 2374 3844 ligamus
2403 3784 2612 3828 noctem
2656 3787 2864 3844 quoque
2913 3775 3288 3844 praecessisse;
3331 3775 3577 3832 similiter
3603 3791 3729 3833 cum

2151 3860 2376 3917 dicimus
2412 3863 2820 3930 manumissum,
2871 3863 3230 3931 intelligamus
3259 3878 3476 3920 servum
3521 3864 3727 3933 fuisse;

2151 3962 2205 4009 et
2226 3953 2310 4008 his
2338 3956 2556 4011 similia.
2590 3956 2720 4022 Qua:
2767 3955 2932 4025 ﬁgura
2963 3955 3160 4010 dicitur
3189 3956 3548 4028 synecdoche,
3599 3972 3728 4014 cum

2158 4058 2254 4114 per
2281 4044 2333 4100 id
2363 4046 2503 4116 quod
2525 4047 2766 4117 sequitur
2793 4060 3076 4116 possumus
3098 4046 3397 4118 intelligere
3422 4048 3563 4118 quod
3589 4064 3730 4120 pra:-

2155 4135 2318 4191 cedit.
2381 4135 2533 4192 Unde
2587 4136 2809 4192 dubium
2862 4150 2970 4191 non
3022 4147 3106 4192 est
3155 4139 3726 4196 commemorationem

2156 4227 2349 4283 factam
2381 4228 2783 4284 resurrectionis
2812 4227 3048 4284 indicare
3075 4227 3423 4284 nihilominus
3446 4240 3499 4284 et
3526 4231 3730 4288 beatis-

2157 4318 2346 4374 simam
2376 4320 2700 4387 passionem.
2731 4319 2862 4374 Hinc
2901 4327 3078 4374 autem
3106 4334 3224 4390 qute
3250 4320 3318 4377 sit
3341 4321 3513 4377 virtus
3537 4329 3591 4377 et
3613 4321 3730 4377 cla-

2156 4412 2284 4468 ritas
2307 4413 2517 4482 psalmi,
2544 4413 2785 4468 absolute
2814 4411 2973 4467 datur
2997 4413 3244 4484 intelligi,
3276 4415 3416 4486 quod
3446 4429 3570 4470 eum
3614 4430 3732 4471 ina-

2157 4507 2338 4562 tntinae
2366 4509 2498 4564 lucis
2525 4509 2742 4564 nomine
2769 4509 3085 4578 praenotavit
3113 4527 3125 4564 :
3152 4510 3402 4581 quoniam
3425 4511 3729 4581 passionem

2159 4599 2369 4656 Domini
2390 4599 2610 4668 Christi,
2640 4614 2797 4670 quam
2826 4610 3030 4672 narrat,
3057 4603 3216 4658 saluti
3257 4602 3468 4672 generis
3508 4601 3730 4660 humaul

2155 4700 2362 4750 constat
2387 4706 2508 4749 esse
2532 4706 2863 4748 concessam.

2724 4813 2920 4872 Diuisio
2964 4815 3164 4889 psalmi.

2163 4918 2166 4920 ⁷
2227 4930 2330 4986 Per
2383 4938 2549 4985 totum
2607 4927 2820 4996 quidem
2873 4931 3137 5000 psalmum
3181 4929 3416 4999 loquitur
3470 4927 3730 4986 Dominus

2155 5024 2438 5094 Christus;
2471 5025 2562 5080 sed
2598 5027 2771 5095 primo
2818 5027 2991 5098 capite
3044 5027 3355 5083 derelictum
3396 5040 3453 5082 se
3478 5025 3730 5084 clamata

2157 5115 2335 5182 Patre,
2368 5126 2424 5170 ut
2457 5116 2816 5186 dispensatam
2848 5119 3054 5175 scilicet
3082 5118 3376 5189 susceperit
3403 5117 3729 5189 passionem,

2158 5213 2580 5298 potentissimam
2604 5212 2955 5270 humilitatem
2975 5231 3124 5270 suain
3155 5214 3384 5270 hominis
3401 5213 3730 5284 subjeCtiouc

2161 5303 2276 5375 [ms.
2303 5303 2368 5358 G.
2405 5316 2452 5358 et
2483 5305 2588 5371 ed.,
2636 5305 2911 5362 hominum
2956 5305 3278 5380 abjectione]
3325 5305 3726 5362 commendans.

2154 5398 2400 5451 Secundo
2450 5397 2566 5454 loco
2597 5400 2898 5468 passionem
2928 5415 3136 5456 sacrant
3187 5400 3413 5456 diversis
3450 5413 3729 5468 compara-

2157 5487 2391 5541 tionibus
2415 5490 2768 5558 prophctavit,
2801 5492 3096 5561 deprecans
3123 5503 3176 5546 ut
3207 5507 3235 5546 a
3265 5489 3606 5546 saevientibus
3633 5491 3728 5546 ini-

2157 5582 2308 5636 micis
2337 5583 2466 5650 suis,
2501 5583 2679 5639 divina
2722 5585 3049 5654 protectione
3078 5585 3351 5640 liberetur.
3382 5582 3562 5638 Tertio
3585 5595 3726 5638 com-

2158 5682 2338 5729 monet
2392 5675 2671 5732 Dominum
2702 5677 2920 5733 laudare
2967 5677 3320 5742 Christianos,
3364 5677 3470 5748 72
3511 5675 3634 5747 quia
3675 5674 3726 5730 in

2162 5769 2556 5828 resurrectione
2584 5786 2683 5829 sua
2709 5770 3025 5828 catholicam
3058 5772 3293 5860 respexit
3311 5771 3643 5839 Ecclesiam;
3672 5776 3726 5828 ut
