4064 6360
1157 393 1514 453 EXPOSI'I'IO
1548 392 1615 452 IN
1652 389 2100 451 PSAL'I‘ERIUM.
2142 390 2339 449 PSAL.
2369 388 2509 447 XXI.

3370 388 3467 451 151

226 524 393 581 audito
417 530 566 579 tanto
594 519 853 578 miraculo
881 519 938 576 in
963 517 1465 585 saluberrimaiidei
1492 516 1788 573 constantia
1811 520 1867 578 Α
1889 513 2051 584 longe
2090 528 2119 567 a
2147 527 2207 569 se
2237 512 2351 570 ﬁeri
2398 511 2560 569 verba
2588 524 2707 584 quae
2735 510 2929 569 delicta
2958 512 3277 585 parturiunt.
3310 512 3469 573 Salus

225 623 586 689 permanerent
614 630 629 669 :
662 628 731 669 ne
759 612 1006 684 passione
1032 620 1234 666 tantum
1260 576 1593 680 pgophetata,
1621 604 1791 662 imbe-

227 708 337 765 cilla
377 722 435 763 se
464 706 741 761 hominum
792 704 954 759 corda
997 701 1291 758 turbarent.
1325 699 1493 768 Quem
1525 697 1787 768 psalmum

226 802 372 873 paulo
393 800 669 855 sollicitius
695 798 995 866 audiamus,
1020 805 1103 852 est
1123 796 1265 852 enim
1289 793 1583 865 ingentium
1607 806 1787 848 rerum

224 891 564 949 admiratione
594 890 971 962 plenissimus;
1003 898 1060 943 ut
1080 888 1205 958 quid
1228 885 1284 941 in
1307 886 1405 940 hac
1426 886 1534 941 vita
1558 893 1792 940 contem-

223 985 467 1049 nendum,
521 993 578 1039 et
622 983 748 1053 quid
798 982 851 1037 in
883 980 983 1036 alia
1013 989 1158 1037 esset
1208 977 1551 1049 sperandum,
1600 974 1791 1045 capitis

224 1080 379 1151 ipsius
399 1075 909 1133 commonitionibus
936 1088 1302 1130 nosceremus.
1330 1072 1463 1127 Nam
1489 1085 1609 1126 cum
1637 1068 1791 1125 multi

223 1172 540 1244 psalmorum
573 1170 807 1225 breviter
832 1168 899 1224 de
921 1167 1130 1223 Domini
1155 1166 1401 1237 passione
1426 1162 1789 1227 meminerint,

222 1280 369 1321 nemo
400 1273 583 1319 tamen
608 1277 725 1319 eam
751 1270 896 1316 tanta
918 1246 1240 1331 proprietate
1268 1256 1570 1327 descripsit,
1598 1264 1656 1311 ut
1683 1269 1789 1310 non

222 1366 321 1413 tam
349 1356 633 1427 prophetia
661 1367 819 1425 quam
849 1351 1069 1408 historia
1100 1364 1224 1407 esse
1250 1348 1513 1405 videatur.

745 1484 1014 1552 Expositio
1039 1481 1243 1555 psalmi.

285 1620 431 1677 νει-ε.
464 1622 518 1676 1.
555 1620 718 1687 Deus,
750 1618 891 1675 Deus
918 1633 1079 1685 meus,
1104 1616 1296 1685 respice
1316 1614 1370 1668 in
1398 1624 1683 1680 me:quare
1710 1623 1790 1663 me

220 1713 519 1781 dereliquisti
546 1715 572 1769 ?
599 1711 747 1785 longe
775 1727 806 1765 a
835 1711 997 1765 salute
1020 1725 1131 1763 mea
1155 1709 1301 1763 verba
1331 1706 1629 1760 delictorum
1654 1717 1791 1757 meo-

219 1825 339 1861 rum.
371 1807 636 1863 Dominus
670 1803 915 1861 Christus
952 1802 1129 1858 omnia
1162 1801 1463 1871 praevidens
1490 1807 1648 1868 atque
1676 1795 1789 1850 dis-

1892 608 2037 663 enim
2067 617 2181 662 erat
2204 616 2403 662 sancta:
2428 607 2640 673 animae,
2672 607 2719 662 si
2749 621 3023 664 sermones
3046 608 3467 678 delinquentium

1892 715 1999 757 non
2030 700 2283 767 haberet;
2317 701 2410 756 sed
2439 702 2631 757 virtute
2654 704 2925 772 patientia:
2945 702 3133 759 lubens
3152 703 3465 773 sustineret,

1893 798 2035 870 quod
2082 798 2259 853 divina
2304 798 2700 867 dispensatione
2736 807 3042 869 pateretur;
3076 797 3212 853 sicut
3257 797 3373 867 ipse
3413 796 3468 852 in

1895 891 2183 961 Evangelio
2210 891 2335 946 dicit
2367 908 2380 945 :
2410 888 2583 955 Pater,
2616 891 2660 943 si
2696 891 2810 959 ﬁeri
2839 900 3022 960 potest,
3062 897 3286 944 transeat
3321 904 3355 942 a
3389 902 3469 943 me

1895 982 2034 1037 calix
2059 984 2152 1038 iste
2184 980 2396 1052 (Matth.
2430 996 2576 1044 xxvr.
2600 979 2691 1052 39)
2722 997 2737 1046 ;
2767 991 2821 1037 et
2844 981 3115 1052 subjunxit
3146 999 3160 1035 :
3200 979 3469 1036 Verumta-

1895 1091 2011 1128 men
2039 1091 2140 1128 non
2172 1075 2300 1129 sicut
2352 1090 2442 1145 ego
2490 1074 2624 1136 volo,
2655 1073 2745 1127 sed
2769 1073 2896 1127 sicut
2942 1083 3015 1128 tu.
3069 1073 3206 1127 Dicit
3242 1072 3400 1128 etiam
3435 1084 3471 1132 a

1896 1167 2153 1223 membris
2201 1167 2351 1222 suis:
2392 1164 2560 1221 Verba
2588 1165 2887 1220 delictorum
2934 1181 3182 1220 meorum.
3221 1164 3314 1220 llle
3340 1178 3470 1234 ergo

1896 1261 1987 1334 qui
2018 1269 2293 1332 peccatum
2324 1275 2430 1316 non
2479 1259 2684 1326 habuit,
2736 1267 2918 1313 noStra
2962 1258 3154 1313 delicta
3200 1272 3294 1312 sua
3340 1255 3469 1313 dicit

1895 1367 2016 1409 esse
2052 1360 2310 1421 peccata;
2344 1351 2481 1405 sicut
2520 1359 2573 1405 et
2612 1351 2663 1404 in
2695 1349 2801 1405 alio
2853 1348 3059 1419 psalmo
3089 1349 3204 1419 ipse
3231 1347 3469 1404 dicturus

1893 1454 1979 1501 est
2010 1462 2023 1497 :
2053 1441 2215 1510 Deus,
2247 1452 2302 1496 tu
2324 1441 2423 1497 scis
2442 1441 2782 1513 insipientiam
2808 1456 2992 1506 meam,
3019 1447 3069 1496 et
3088 1437 3274 1494 delicta
3293 1454 3405 1493 mea
3437 1452 3470 1494 α

1891 1544 1941 1591 te
1985 1550 2087 1589 non
2132 1540 2251 1587 sunt
2280 1532 2577 1586 abscondita
2617 1530 2790 1603 (Psal.
2837 1546 3023 1598 vattt,
3069 1529 3148 1600 6).
3178 1528 3470 1585 Audiamus

1892 1640 2022 1695 ergo
2048 1639 2234 1679 vocem
2268 1625 2624 1678 membrorum
2657 1637 2722 1677 ex
2745 1637 2841 1677 ore
2865 1618 3076 1689 capitis,
3107 1627 3162 1675 et
3189 1619 3469 1692 intelliga-

1893 1731 2014 1773 mus
2034 1730 2100 1771 ex
2130 1724 2311 1770 nostra
2343 1727 2568 1783 persona
2608 1713 2799 1767 merito
2823 1711 2985 1767 fuisse
3011 1710 3266 1776 locutum,
3296 1709 3384 1781 qui
3412 1724 3470 1767 se

1894 1809 2124 1864 hostiam
2149 1808 2341 1862 obtulit
2370 1822 2467 1876 pro
2489 1806 2657 1861 salute
2686 1814 2998 1861 cunctorum
3025 1823 3038 1859 :
3074 1805 3215 1860 unde
3237 1806 3468 1874 Aposto-

218 1915 456 1971 pensans,
485 1900 574 1956 cui
606 1899 779 1955 futura
808 1906 994 1953 cuncta
1020 1895 1303 1965 praesentia
1332 1899 1479 1957 sunt,
1511 1889 1657 1961 quasi
1676 1887 1788 1959 jam

1900 1902 1980 1956 lus
2018 1900 2186 1955 dicit:
2219 1898 2354 1953 Eum
2383 1901 2468 1967 qui
2510 1914 2614 1953 non
2639 1906 2844 1952 noverat
2885 1907 3165 1968 peccatum,
3193 1914 3285 1968 pro
3326 1898 3470 1953 nobis

219 1997 379 2051 vicina
408 1995 665 2066 passione
680 1998 954 2064 permotus
976 1990 1236 2045 exclamat
1252 2004 1266 2041 :
1282 1985 1445 2052 Deus,
1466 1983 1602 2038 Deus
1629 1997 1786 2035 meus.

218 2086 331 2142 Haec
378 2096 560 2141 tamen
602 2084 766 2140 verba
814 2081 1123 2152 accipienda
1179 2088 1301 2135 sunt
1330 2077 1397 2132 ab
1445 2072 1791 2131 humanitatis

220 2180 377 2249 ipsius
405 2187 621 2233 natura.
654 2177 906 2231 Naturam
937 2183 1113 2229 autem
1142 2171 1263 2227 dico
1288 2184 1409 2226 esse
1438 2169 1685 2224 virtutem
1713 2166 1792 2221 vi-

220 2289 498 2345 goremque
536 2270 868 2327 substantias.
891 2268 1023 2324 Nam
1053 2276 1108 2324 et
1134 2265 1382 2337 repetitio
1412 2264 1523 2333 ipsa
1544 2262 1792 2318 all‘ectum

221 2369 529 2424 necessaria:
560 2365 818 2420 orationis
844 2362 1107 2426 ostendit;
1133 2370 1190 2415 ut
1219 2360 1364 2414 illum
1389 2358 1661 2429 geminato
1691 2371 1793 2411 no-

221 2460 352 2514 mine
390 2458 742 2515 cbarissimus
777 2455 943 2512 Filius
990 2454 1285 2517 invocaret,
1335 2466 1490 2520 quem
1537 2448 1636 2505 sibi
1684 2462 1792 2503 non

222 2552 535 2606 mundanam
563 2550 810 2615 salutem,
828 2548 921 2603 sed
942 2548 1235 2601 claritatem
1259 2552 1473 2599 aeternas
1501 2541 1795 2612 majestatis

223 2652 436 2697 noverat
467 2641 652 2711 utique
683 2648 1075 2708 praestaturum.
1103 2639 1219 2697 Δέος
1240 2650 1416 2690 sermo
1446 2634 1664 2689 Graecus
1689 2640 1791 2699 est,

223 2734 295 2803 qui
341 2734 537 2788 Latine
566 2734 940 2799 interpretatur
966 2729 1139 2782 timor.
1175 2726 1277 2780 Pro
1319 2739 1421 2794 qua
1450 2740 1529 2786 re,
1564 2731 1623 2777 ut
1648 2721 1795 2776 arbi-

225 2836 341 2892 lrnr,
375 2824 617 2892 majores
638 2820 806 2876 nostri
828 2819 991 2875 Deum
1012 2834 1042 2873 a
1067 2819 1258 2874 timore
1279 2814 1653 2886 appellandum
1676 2827 1797 2870 esse

226 2918 498 2973 voluerunt
532 2934 547 2969 :
581 2914 721 2969 unde
768 2913 979 2981 quidam
1025 2914 1101 2967 ait
1144 2910 1420 2982 gentilium
1476 2916 1797 2978 poetarum:

227 3011 424 3065 Primus
464 3012 521 3063 in
543 3008 661 3063 orbe
689 3007 807 3061 deos
836 3007 955 3078 fecit
982 3006 1151 3060 timor.
1184 3003 1313 3058 Nam
1344 3016 1465 3057 cum
1498 2999 1623 3056 dicit
1649 3017 1663 3055 :
1697 2998 1800 3054 Re-

229 3108 352 3177 spice
373 3109 424 3159 in
452 3122 555 3174 me,
590 3104 928 3159 celerrimum
957 3100 1056 3155 sibi
1087 3096 1494 3155 resurrectionis
1517 3094 1802 3165 provenire

228 3200 531 3269 deprecatur
557 3195 839 3250 auxilium.
869 3194 1137 3262 Sequitur,
1163 3206 1319 3260 quare
1339 3206 1418 3243 me
1444 3186 1756 3256 dereliquisti
1776 3186 1802 3239 ξ)

225 3289 354 3345 lsmd
396 3305 582 3361 quare,
616 3286 922 3341 nonnullam
954 3284 1145 3339 allerre
1175 3281 1515 3351 cognoscitur
1545 3280 1796 3350 qua-stio-

226 3400 370 3450 nem;
398 3393 456 3437 ut
474 3383 577 3437 ille
597 3380 872 3449 sapientia;
901 3378 1149 3449 Magister
1178 3373 1647 3429 consubstantialis
1677 3371 1796 3444 (ms.

226 3472 802 3542 G.,consubstantialis
830 3468 996 3541 Patri]
1023 3477 1078 3524 et
1102 3478 1380 3523 enarrator
1417 3466 1609 3532 Patris,
1638 3465 1708 3519 ita
1730 3463 1802 3519 sit

226 3569 387 3623 vicina
415 3566 603 3624 carnis
647 3580 759 3620 sua:
805 3574 976 3619 morte
1003 3563 1265 3626 turbatus,
1320 3568 1376 3614 ut
1403 3559 1553 3627 quasi
1588 3558 1798 3612 nescius

226 3662 513 3730 interroget
542 3658 776 3722 Patrem,
804 3669 967 3726 quare
985 3654 1053 3709 ab
1079 3668 1143 3707 eo
1167 3652 1321 3707 fuerit
1344 3648 1667 3705 derelictus?
1689 3646 1799 3703 Sed

228 3752 336 3806 haec
362 3760 414 3806 et
438 3753 528 3807 his
556 3749 748 3805 similia
775 3748 838 3802 ad
868 3746 1250 3801 humanitatem
1294 3742 1583 3811 respiciunt
1613 3740 1796 3810 expri-

228 3843 480 3898 mendam.
522 3842 786 3897 Cteterum
816 3853 915 3895 nec
962 3839 1016 3893 in
1057 3837 1171 3909 ipsa
1216 3836 1463 3906 passione
1490 3834 1686 3889 absens
1718 3831 1799 3887 illi

228 3938 475 3992 credenda
514 3946 597 3991 est
624 3932 791 3990 luisse
818 3932 1087 3997 divinitas,
1128 3945 1250 3985 cum
1288 3929 1433 3983 dicat
1459 3924 1748 3996 Apostolus
1780 3941 1795 3978 :

230 4026 284 4083 Si
305 4026 679 4099 cognovissent,
710 4039 970 4096 nunquam
995 4021 1272 4075 Dominum
1298 4018 1478 4090 gloria
1507 4015 1797 4084 cruciﬁxi}-

230 4119 395 4191 sent(l
440 4118 570 4175 Cor.
618 4133 678 4185 ιι,
708 4118 788 4188 8).
839 4111 942 4173 Sed
974 4128 1161 4185 passus
1190 4121 1272 4168 est
1315 4109 1655 4180 impassibilis
1705 4121 1801 4177 per

231 4212 530 4280 passibilem
561 4225 718 4281 quam
741 4210 976 4278 suscepit
1001 4205 1380 4260 humanitatem
1404 4219 1417 4267 ;
1446 4210 1500 4255 et
1523 4202 1800 4254 immorta-

231 4304 289 4361 lis
327 4315 570 4362 mortuus
598 4315 703 4370 est,
730 4314 781 4359 et
810 4303 899 4375 qui
926 4315 1196 4372 nunquam
1224 4299 1452 4354 moritur
1479 4296 1793 4353 resurrexit.

232 4396 301 4452 De
337 4415 438 4470 quo
486 4400 610 4454 loco
647 4398 807 4452 Pater
852 4397 1081 4467 Cyrillus
1111 4397 1180 4450 ita
1217 4391 1438 4463 pulchre
1466 4391 1676 4448 locutus
1714 4398 1797 4447 est

232 4485 356 4559 (Lib.
374 4506 430 4563 iv
456 4490 579 4545 adv.
611 4489 843 4553 Nestor.,
874 4505 991 4557 pag.
1020 4487 1144 4554 107)
1169 4502 1184 4542 :
1213 4485 1394 4542 Gratia
1423 4498 1552 4541 vero
1576 4482 1668 4539 Dei
1697 4496 1795 4552 pro

1894 2001 2156 2065 peccatum
2202 1991 2318 2059 fecit
2347 1987 2437 2062 (II
2480 1990 2599 2045 Cor.
2644 2006 2697 2057 v,
2729 1989 2846 2061 21).
2876 1988 3008 2045 Nam
3044 1999 3098 2045 et
3130 1991 3180 2045 in
3212 1991 3322 2059 ipsa
3353 1991 3472 2062 lege

1895 2099 2111 2159 peccata
2140 2087 2546 2158 appellabantur
2567 2102 2685 2157 quae
2716 2101 2812 2157 pro
2835 2086 3069 2156 peccatis
3089 2085 3468 2141 oderehantur.

1974 2183 2126 2236 \‘ers.
2149 2182 2201 2233 2.
2220 2179 2359 2233 Deus
2381 2196 2537 2241 meus,
2565 2178 2796 2233 clamabo
2819 2195 2907 2249 per
2925 2179 3079 2244 diem,
3094 2194 3182 2232 nec
3208 2177 3470 2243 exaudies;

1893 2284 1943 2331 et
1964 2283 2127 2337 nocte,
2158 2282 2204 2326 et
2233 2288 2332 2327 non
2361 2272 2426 2326 ad
2453 2271 2796 2341 insipientiam
2823 2270 2969 2325 mihi.
2995 2268 3097 2324 Per
3123 2270 3256 2323 diem
3283 2270 3472 2323 clama-

1895 2368 1979 2422 bat
2008 2366 2310 2421 humanitas
2339 2364 2523 2431 Verbi,
2556 2379 2713 2435 quam
2748 2378 2850 2418 non
2878 2362 3280 2418 circumdabant
3323 2370 3473 2417 tene-

1897 2461 2011 2517 brae
2042 2468 2423 2532 peccatorum;
2473 2473 2571 2513 nec
2621 2465 2801 2512 tamen
2831 2465 3040 2513 constat
3084 2455 3341 2522 auditam,
3385 2453 3472 2510 cui

1897 2555 2043 2612 nulla
2073 2551 2372 2623 praepedire
2413 2551 2690 2607 videbatur
2714 2550 2957 2607 oli'ensio.
2992 2549 3186 2604 Audiat
3212 2550 3311 2604 hoc
3345 2562 3473 2618 que«

1896 2648 2075 2703 rulum
2100 2658 2267 2715 genus
2288 2641 2602 2710 humanum,
2628 2641 2771 2711 quod
2804 2640 3087 2708 petitiones
3114 2654 3235 2693 suas
3257 2637 3472 2693 deside-

1898 2748 1983 2796 rat
2026 2738 2145 2792 sine
2172 2735 2429 2790 dilatione
2457 2734 2740 2804 compleri.
2774 2734 2933 2800 Petit,
2962 2734 3100 2787 sicut
3141 2732 3339 2787 dictum
3369 2739 3472 2797 est,

1900 2830 2204 2885 humanitas
2227 2825 2408 2891 Verbi,
2431 2841 2549 2897 qua:
2572 2824 2877 2880 merebatur
2894 2824 3095 2888 audiri;
3120 2838 3275 2893 quam
3299 2831 3475 2880 tamen

1903 2920 2026 2977 ideo
2077 2934 2183 2973 non
2215 2924 2426 2972 constat
2473 2915 2728 2982 auditam,
2770 2924 2829 2969 ut
2879 2915 2995 2986 ejus
3041 2929 3195 2969 sacro
3221 2907 3477 2984 sanguine

1902 3010 2159 3083 probrosa
2212 3006 2394 3063 mundi
2440 3008 2669 3063 crimina
2696 3006 3018 3063 lavarentur.
3068 3005 3180 3060 Hoc
3218 3006 3375 3061 etiam
3426 3013 3478 3060 et

1900 3102 2020 3157 aliis
2042 3102 2261 3156 docetur
2280 3099 2566 3170 exemplis.
2596 3098 2792 3154 Paulus
2815 3100 2945 3167 petit
2969 3095 3059 3169 (11
3074 3096 3194 3153 Cor.
3229 3112 3321 3163 xu,
3353 3098 3407 3164 7,
3423 3096 3479 3168 8)

1903 3203 1961 3250 ut
1987 3194 2055 3249 ab
2087 3209 2151 3248 eo
2179 3194 2358 3248 carnis
2384 3191 2629 3246 stimulus
2670 3176 2969 3257 tolleretur,
3006 3205 3105 3247 nec
3133 3198 3308 3245 tamen
3335 3190 3480 3245 audi-

1905 3296 1993 3343 tur
2029 3300 2059 3340 a
2107 3284 2354 3339 Domino.
2402 3283 2657 3338 Diabolus
2686 3292 2931 3354 precatur
2958 3280 3081 3348 (Job
3130 3297 3188 3346 ll,
3213 3283 3269 3350 5)
3298 3290 3355 3336 ιιι
3385 3281 3481 3337 Job

1901 3387 2146 3435 sanctum
2179 3378 2352 3433 virum
2379 3376 2669 3432 saevissima
2714 3374 3017 3447 calamitate
3065 3371 3405 3444 percelleret,
3431 3382 3483 3429 et

1901 3478 2113 3528 constat
2132 3471 2178 3526 ei
2203 3484 2329 3525 mox
2350 3467 2511 3524 fuisse
2530 3481 2867 3523 concessum.
2891 3464 2998 3522 Sed
3019 3464 3276 3535 Apostolo
3298 3472 3482 3519 votum

1900 3578 2056 3621 suum
2088 3563 2312 3632 implere
2350 3561 2644 3633 negabatur
2686 3558 2754 3613 ad
2795 3557 3042 3629 gloriam,
3096 3554 3309 3612 diabolo
3356 3569 3484 3611 vero

1902 3658 2131 3715 dabatur
2149 3656 2214 3711 ad
2232 3669 2463 3727 pinnam.
2477 3652 2567 3709 Sic
2587 3667 2693 3707 non
2706 3650 2892 3706 audire
2912 3649 3218 3720 frequenter
3238 3646 3483 3718 expedit,

1900 3752 2144 3826 quamvis
2171 3766 2269 3807 nos
2290 3749 2553 3805 desideria
2576 3747 2737 3803 dilata
2764 3741 3336 3801 contristent.Addidit
3354 3756 3485 3813 quo-

1900 3866 2005 3923 que
2044 3852 2289 3905 clamasse
2325 3861 2385 3902 se
2435 3853 2600 3910 nocte,
2648 3842 2698 3897 id
2738 3849 2823 3898 est
2861 3841 2914 3896 in
2953 3838 3317 3903 tribulatione,
3363 3851 3483 3892 cum

1903 3944 2063 4001 etiam
2085 3950 2391 4013 peccatores
2402 3939 2611 3994 soleant
2631 3936 2937 4005 frequenter
2957 3931 3150 3987 audiri.
3168 3930 3480 4000 Subjunxit:

1910 4035 1973 4089 Et
2000 4051 2101 4089 non
2122 4034 2189 4087 ad
2216 4030 2560 4100 insipientiam
2572 4026 2719 4091 mihi,
2742 4022 3166 4081 subaudiendum
3190 4021 3482 4093 reputabis.

1906 4127 2024 4183 Duo
2051 4134 2177 4180 sunt
2203 4123 2345 4178 enim
2375 4132 2575 4192 genera
2613 4115 2966 4185 petitionum:
2998 4112 3211 4184 quando
3253 4112 3484 4179 petimus

1908 4218 2159 4283 honores,
2193 4212 2427 4277 divitias,
2478 4206 2817 4263 inimicorum
2847 4201 3162 4267 vindictam,
3206 4208 3261 4257 et
3290 4209 3485 4257 ctetera

1908 4308 2235 4383 huiusmodi,
2269 4304 2585 4376 insipienter
2614 4299 2866 4371 petimus,
2892 4295 3013 4368 quia
3044 4294 3309 4351 mundana
3345 4293 3486 4349 desi-

1906 4403 2190 4466 deramus;
2240 4395 2451 4469 quando
2489 4402 2665 4449 autem
2703 4388 3033 4461 postulamus
3071 4395 3130 4441 ut
3166 4402 3197 4441 a
3236 4385 3486 4457 periculis

1902 4496 2213 4559 liberemur,
2238 4501 2293 4547 ut
2315 4489 2469 4546 nobis
2490 4487 2597 4542 vita
2616 4483 2944 4543 concedatur
2963 4491 3183 4547 aeterna,
3202 4495 3306 4535 non
3326 4482 3487 4535 stulte

234 4583 464 4638 munibus
491 4584 725 4653 Βυειθνη
756 4591 1004 4646 mone").
1038 4578 1252 4633 "ﬁdens
1279 4577 1329 4633 εί
1356 4576 1625 4647 Proprium
1671 4590 1793 4631 ευτ’
1830 4593 1879 4655 D
1904 4573 2157 4661 pe‘timus,
2184 4585 2276 4641 sed
2305 4580 2688 4639 convenienter
2709 4591 2948 4632 oramus.
2978 4574 3201 4631 Petebat
3229 4588 3356 4642 ergo
3381 4573 3488 4629 Me-

234 4689 342 4744 pus,
385 4677 630 4747 quamvis
660 4673 974 4729 naturaliter
1002 4673 1117 4741 ipse
1147 4672 1254 4725 vita
1297 4672 1367 4725 sit
1395 4680 1447 4723 et
1478 4669 1798 4724 resurrectio

235 4780 578 4824 mortuorum.
612 4767 867 4823 Similiter
896 4775 949 4821 et
980 4766 1164 4820 beatus
1200 4762 1514 4816 Ambrosius
1550 4759 1687 4831 (Lib.
1736 4760 1799 4814 de

236 4856 429 4912 lucum.
462 4856 645 4922 Dom.,
669 4873 783 4921 cap.
801 4855 859 4926 5)
888 4872 901 4909 :
928 4855 1068 4909 Idem
1096 4854 1413 4925 patiebatur,
1433 4861 1487 4908 et
1513 4867 1615 4906 non
1633 4850 1799 4920 patie-

235 4948 415 5019 batur;
446 4950 797 5015 moriebatur,
821 4958 875 5005 et
896 4964 999 5003 non
1026 4948 1386 5012 moriebatur;
1418 4943 1797 5013 sepeliebatur,

237 5054 287 5100 et
325 5063 425 5103 non
456 5048 845 5118 sepeliebatur;
889 5043 1203 5107 resurrexit,
1248 5049 1304 5096 et
1351 5055 1454 5095 non
1488 5038 1797 5093 resurrexit.

237 5138 319 5195 Sic
340 5153 389 5197 et
409 5143 678 5198 hominem
703 5140 927 5196 dicimus
948 5137 1209 5205 hodieque
1229 5135 1356 5204 pati,
1382 5133 1536 5201 mori,
1562 5131 1800 5201 sepeliri,

237 5249 347 5291 cum
372 5246 544 5293 tamen
575 5238 751 5292 anima
782 5237 895 5305 ejus
926 5235 1072 5289 nullo
1098 5234 1205 5287 line
1235 5231 1529 5286 (laudatur.
1561 5231 1803 5299 Quapro-

238 5334 347 5394 pter
374 5327 681 5383 derelictum
710 5343 768 5383 se
812 5326 913 5381 sub
938 5323 1352 5391 interrogatione
1401 5330 1645 5389 testatur,
1679 5320 1801 5391 quia

239 5431 416 5474 revera
467 5419 712 5475 manibus
761 5416 1045 5487 impiorum
1100 5413 1235 5469 tradi
1284 5428 1388 5466 non
1434 5422 1661 5482 poterat,
1700 5410 1801 5467 nisi

241 5508 522 5577 tnajestatis
550 5509 668 5579 ejus
698 5509 929 5576 potentia
959 5506 1084 5560 talia
1115 5503 1230 5559 ﬁeri
1262 5503 1589 5571 permisisset
1614 5520 1628 5569 ;
1661 5504 1801 5559 sicut

243 5598 291 5652 in
319 5600 602 5673 Evangelia
629 5600 827 5655 dictum
851 5608 931 5654 est
958 5616 969 5653 :
1003 5597 1125 5652 Non
1150 5596 1359 5651 haberes
1384 5595 1438 5650 in
1461 5611 1539 5649 me
1577 5604 1804 5665 potesta-

242 5698 351 5758 tem,
375 5695 472 5749 nisi
494 5694 579 5749 tibi
599 5695 719 5748 data
742 5694 921 5765 fuisset
942 5692 1155 5763 desuper
1184 5689 1366 5760 (Joan.
1400 5704 1507 5754 six,
1541 5686 1650 5757 ll).
1677 5689 1801 5743 Cla—

246 5795 347 5840 mat
369 5788 524 5843 etiam
538 5803 656 5859 qua:
688 5785 1125 5858 patiturbumana
1152 5782 1440 5853 susceptio,
1464 5781 1802 5854 blasphemas

245 5891 418 5947 voces,
440 5888 492 5937 et
511 5880 701 5953 impias
720 5878 1168 5937 murmurationes
1197 5876 1483 5947 abjiciens;
1508 5875 1637 5932 dicit
1658 5874 1801 5931 enim

1908 4682 2082 4737 diator
2112 4679 2205 4734 Dei
2234 4687 2287 4732 et
2314 4675 2592 4731 hominum
2618 4668 2864 4726 Christus
2890 4680 2997 4721 non
3025 4663 3362 4733 insipienter.
3392 4663 3487 4718 sed

1907 4772 2230 4844 prudenter;
2264 4777 2317 4823 et
2352 4775 2529 4822 tamen
2557 4756 2661 4818 non
2688 4767 2900 4819 constat
2927 4771 3048 4812 eum
3081 4755 3340 4820 auditutn,
3365 4756 3488 4823 quia

1907 4864 2092 4922 mundi
2140 4861 2439 4932 redemptio
2468 4859 2546 4915 sic
2582 4866 2697 4914 erat
2728 4852 2954 4909 Domino
2982 4849 3324 4920 dispensante
3355 4862 3487 4906 vcn-

1908 4966 2136 5104 lu'il)ers.
2174 5046 2227 5101 5.
2269 5042 2347 5098 Tu
2383 5049 2553 5096 autem
2587 5038 2640 5092 in
2678 5042 2851 5091 sancto
2889 5031 3111 5102 habitas,
3151 5031 3264 5087 laus
3300 5030 3487 5089 Israel.

1907 5140 2193 5209 Postquam
2251 5150 2310 5191 se
2347 5135 2554 5189 dixerat
2584 5128 2821 5183 auditum
2869 5140 2975 5180 non
3022 5124 3185 5181 luisse
3216 5142 3229 5179 :
3263 5140 3330 5181 ne
3370 5126 3491 5196 quis

1904 5240 2117 5304 putaret
2145 5231 2311 5286 Deum
2341 5227 2553 5281 Patrem
2582 5221 2858 5292 proprium
2912 5218 3104 5275 Filium
3133 5233 3237 5275 non
3282 5233 3487 5285 amare,

1905 5326 2030 5397 quia
2079 5338 2199 5380 eum
2249 5316 2608 5375 dissimulavit
2653 5313 2858 5381 audire,
2890 5311 2958 5368 de
2983 5328 3091 5383 quo
3117 5314 3235 5381 ipse
3261 5318 3489 5369 testatus

1906 5426 2015 5475 est:
2034 5416 2138 5473 Hic
2156 5423 2228 5470 est
2254 5412 2422 5467 Filius
2444 5425 2582 5465 meus
2605 5409 2841 5474 dilectus,
2858 5408 2912 5461 in
2939 5421 3037 5475 quo
3059 5405 3184 5459 mihi
3212 5405 3334 5460 bene
3354 5421 3493 5459 com-

1906 5510 2077 5582 placui
2104 5505 2314 5578 (Matth.
2350 5518 2429 5573 ιιι,
2464 5503 2551 5573 l7)
2578 5518 2594 5569 ;
2620 5500 2817 5572 adjecit
2844 5511 3052 5567 magnae
3082 5494 3384 5551 dilectionis
3405 5494 3492 5550 in-

1905 5604 2122 5665 dicium,
2154 5597 2381 5653 dicendo
2407 5614 2419 5650 :
2453 5594 2531 5649 Tu
2555 5602 2726 5648 autem
2753 5592 2806 5645 in
2832 5597 3009 5644 sancto
3031 5586 3249 5655 habitas,
3274 5588 3388 5643 laus
3410 5586 3495 5642 ls-

1905 5694 2034 5750 rael.
2062 5692 2130 5747 ln
2158 5700 2332 5747 sancto
2364 5688 2586 5755 habitas,
2618 5683 3038 5741 incarnationem
3068 5696 3219 5737 suam
3251 5681 3493 5737 declara-

1905 5787 2017 5851 vit;
2049 5785 2186 5840 sicut
2211 5791 2263 5838 et
2293 5784 2345 5838 in
2377 5780 2481 5835 alio
2508 5780 2625 5836 loco
2653 5776 2810 5834 dicit:
2832 5774 3043 5830 Custodi
3064 5773 3285 5826 animam
3306 5785 3491 5837 meam,

1902 5880 2150 5950 quoniam
2177 5886 2381 5933 sanctus
2410 5893 2523 5934 sum
2551 5874 2725 5949 (Psal.
2757 5889 2954 5941 Lxxxv,
2994 5871 3074 5943 2).
3121 5869 3257 5923 Laus
3304 5865 3492 5937 Israel,
