4016 6344
527 379 630 476 tas

1735 411 1802 472 lii.
1845 409 2124 472 AURELII
2161 403 2576 468 CASSIODORI.

3685 397 3794 462 150

527 555 623 612 per
653 533 869 594 modum
899 533 1230 594 deﬁnitivum
1261 535 1455 590 dicitur
1485 533 1612 604 quid
1635 533 1704 588 sit
1730 533 1907 596 Pater,
1951 531 2002 586 id
2030 539 2111 586 est
2135 531 2190 592 Α
2219 527 2488 596 humiliat,
2523 531 2668 580 tanto
2709 523 2937 596 amplius
2966 517 3232 580 eraltetur
3277 521 3344 576 ad
3383 517 3628 592 gloriam.
3663 521 3788 579 Non

527 635 636 688 laus
665 631 850 686 Israel.
885 631 1048 686 Deum
1079 633 1270 702 quippe
1313 627 1602 684 videntium
1633 630 1744 698 ipse
1769 639 1952 682 revera
1985 623 2098 678 laus

525 733 626 793 est,
657 723 748 794 qui
773 725 970 778 sanctis
995 723 1170 776 omnia
1201 721 1430 792 gloriosa
1457 721 1724 775 concedit.
1743 721 1806 772 iit
1829 727 1912 772 est
1939 715 2096 772 tertia

528 813 854 870 deﬁnitionis
881 815 1103 882 Species,
1139 827 1256 881 quae
1285 807 1470 866 Gruter.
1495 813 1726 876 πῡιὸτης,
1761 809 1949 864 Latine
1973 821 2102 876 qua-

527 901 734 960 litativa
784 899 993 958 dicitur.
1053 901 1176 956 llaec
1219 901 1446 956 dicendo
1479 901 1624 970 quid,
1669 901 1824 968 quale
1863 899 1951 966 sit,
2001 895 2102 952 hoc

527 995 666 1053 nnde
695 995 888 1067 agitur,
917 995 1041 1066 quid
1065 997 1134 1050 sit
1161 995 1440 1048 evidenter
1469 993 1720 1048 ostendit.

595 1087 750 1144 Ἶρι-ε.
851 1085 915 1142 In
937 1099 984 1142 te
1003 1097 1332 1160 speraverant
1362 1097 1528 1158 patres
1553 1089 1736 1150 nostri;
1749 1093 2099 1153 speraverant,

525 1189 570 1234 et
597 1179 820 1236 liberastt
863 1195 968 1234 eos.
1023 1179 1098 1232 Ne
1139 1179 1384 1234 duritiam
1431 1177 1702 1248 quisquam
1751 1185 1958 1246 putaret
1995 1173 2100 1246 73

523 1273 718 1340 Patris,
750 1271 886 1328 sicut
907 1271 1104 1326 dictum
1133 1285 1232 1340 εει,
1253 1271 1392 1340 quod
1413 1285 1468 1324 se
1493 1271 1659 1324 Films
1683 1285 1788 1324 non
1821 1269 2102 1338 proﬁtetur

523 1367 786 1432 auditum,
823 1375 1108 1436 tanguntur
1139 1367 1204 1420 ab
1243 1365 1356 1430 ipso
1392 1365 1620 1418 breviter
1659 1365 1747 1417 illa
1787 1377 1906 1432 qua:
1951 1369 2100 1430 gesta

527 1451 670 1513 Sunt.
703 1457 912 1528 Eripuit
932 1457 1070 1512 enim
1103 1457 1356 1526 populum
1389 1453 1550 1510 Israel
1577 1453 1644 1508 de
1671 1459 1812 1506 terra
1843 1445 2098 1520 JEgypti;

527 1549 668 1606 eruit
715 1561 822 1604 tres
855 1563 1046 1618 pueros
1075 1549 1142 1604 de
1167 1549 1410 1612 camino;
1445 1547 1690 1601 liberavit
1719 1543 1992 1598 Danielcm
2035 1539 2104 1599 de

525 1639 643 1699 lacu
681 1643 926 1710 leonum;
959 1651 1014 1700 et
1044 1643 1144 1697 alia
1175 1657 1266 1696 seu
1299 1657 1416 1712 quae
1449 1639 1598 1706 fiunt,
1633 1653 1728 1694 seu
1773 1651 1892 1708 qua:
1921 1637 2104 1705 legun-

526 1741 616 1788 tur
669 1729 968 1788 innumera.
1005 1727 1110 1798 Sed
1161 1745 1282 1784 cum
1337 1725 1451 1782 haec
1483 1737 1626 1782 tanta
1683 1725 2104 1796 supplicantibus

526 1825 638 1880 sive
677 1825 1004 1894 praeStiterit,
1055 1823 1172 1876 sive
1219 1829 1455 1890 praestet,
1515 1827 1693 1872 tamen
1727 1813 1866 1871 Filio
1895 1819 2102 1888 proprio

2205 619 2354 674 homo
2379 662 2392 686 ,
2415 619 2468 674 id
2499 629 2583 676 est
2627 633 2732 674 non
2779 627 3063 690 peccator,
3119 615 3262 688 quod
3299 617 3352 671 in
3407 613 3502 670 illo
3531 629 3652 672 esse
3681 631 3796 674 non

2203 711 2394 782 potuit.
2421 711 2592 766 Homo
2616 727 2744 784 ergo
2773 711 2990 778 dicitur,
3025 719 3284 781 quantum
3317 709 3548 780 pertinet
3587 709 3652 764 ad
3677 707 3792 766 ltu-

2205 819 2414 860 manam
2449 815 2712 862 naturam.
2763 803 2906 862 Idem
2955 819 3056 860 non
3095 803 3246 858 homo
3288 805 3590 876 appellatur
3623 821 3636 858 :
3665 805 3794 876 quia

2204 897 2344 968 quod
2373 907 2455 954 est
2483 899 2756 970 proprimn
2779 899 3034 966 hominis,
3069 909 3280 970 peccata
3312 915 3416 954 non
3439 895 3796 956 habuit.Nam

2204 997 2258 1044 et
2311 989 2558 1046 diabolus
2601 993 2652 1048 in
2699 991 2990 1063 Evangelio
3031 991 3208 1048 dictus
3259 1001 3340 1050 est
3395 993 3576 1060 homo,
3614 1003 3668 1048 ιιι
3711 1005 3796 1049 est

2207 1077 2338 1136 illud
2365 1099 2379 1136 :
2415 1081 2660 1137 Inimicus
2709 1081 2862 1138 homo
2891 1083 3309 1156 superscminavit
3339 1083 3538 1138 zizania
3569 1081 3792 1156 (Matth.

2205 1171 2454 1244 innati).
2489 1171 2638 1232 Unde
2665 1173 2768 1232 hoc
2797 1191 2991 1230 nomen
3013 1191 3130 1232 esse
3152 1183 3364 1232 constat
3385 1171 3792 1248 homonymum.

2211 1263 2556 1334 Opprobrium
2585 1275 2760 1321 autem
2791 1267 3050 1322 hominum
3107 1269 3202 1322 fuit
3233 1267 3446 1338 quando
3475 1283 3594 1324 eum
3621 1267 3796 1339 Sputis

2211 1357 2502 1412 innumeris
2535 1359 2934 1429 compluebant,
2957 1369 3012 1416 et
3035 1361 3200 1430 alapis
3225 1361 3503 1430 sacrilegis
3531 1361 3790 1417 verbera-

2210 1448 2354 1502 bant.
2391 1449 2618 1522 Abjectio
2671 1453 2828 1522 plebis
2871 1451 3002 1520 fuit,
3053 1453 3270 1523 quando
3315 1453 3536 1508 Pontius
3587 1453 3798 1510 Pilatus

2209 1539 2422 1612 (Matth.
2457 1559 2638 1612 rava,
2681 1541 2774 1616 27)
2813 1544 2968 1602 dedit
3021 1545 3188 1600 turbis
3227 1555 3577 1616 potestatem,
3630 1563 3796 1616 quem

2207 1631 2407 1686 vellent
2445 1633 2544 1688 sibi
2585 1633 2778 1688 dimitti
2809 1652 2823 1690 :
2857 1635 2934 1690 illi
2973 1633 3262 1692 Barabbam
3292 1637 3574 1708 eligentes,
3629 1637 3792 1696 Chri-

2207 1733 2348 1778 stum
2375 1723 2660 1780 Dominum
2695 1727 2868 1796 potius
2893 1727 3226 1796 abjecerunt.

2285 1837 2438 1892 Vers.
2470 1839 2522 1891 7.
2553 1838 2738 1894 Omnes
2769 1841 2854 1910 qui
2881 1841 3112 1896 ridebant
3145 1857 3224 1896 me
3253 1841 3660 1908 aspernabantur
3679 1857 3798 1908 me;

527 1927 632 1970 non
677 1915 920 1986 pepercit,
962 1913 1050 1970 sed
1095 1929 1187 1984 pro
1229 1907 1374 1966 nobis
1419 1909 1648 1964 erunibus
1695 1909 1910 1962 tradidit
1961 1911 2106 1964 illum

2215 1929 2368 1984 locuti
2397 1941 2512 1984 sunt
2533 1931 2700 1996 labiis,
2733 1907 3066 1988 et-moverunt
3089 1941 3264 2004 caput.
3297 1907 3508 1998 Omnes,
3541 1933 3608 1988 de
3639 1907 3798 1990 malis

526 2005 703 2080 (Rern.
733 2023 848 2074 vm,
881 2007 992 2078 59.),
1035 2017 1090 2062 ut,
1119 2007 1467 2076 implerentur
1507 2003 1752 2058 videlicet
1793 2003 2102 2071 Scriptum,

526 2111 580 2154 et
603 2101 747 2154 salus
773 2099 954 2154 mundi
987 2099 1152 2168 ipsius
1181 2097 1426 2168 passione
1449 2095 1774 2166 proveniret.
1815 2095 1996 2148 Patres
2019 2107 2108 2148 au-

527 2199 636 2248 tem
667 2207 792 2247 suos
817 2189 956 2262 quod
989 2191 1228 2246 Christus
1259 2187 1514 2244 Dominus
1543 2189 1696 2256 dicit,
1726 2203 1792 2244 ex
1837 2189 1926 2244 illa
1961 2199 2108 2258 parte

527 2285 686 2340 debet
707 2283 954 2354 intelligi,
983 2299 1082 2354 qua
1111 2293 1164 2338 et
1195 2279 1384 2338 fratres
1408 2297 1532 2336 suos
1555 2281 1827 2350 aposmlos
1855 2281 2066 2336 vaeavit
2093 2295 2106 2345 ;

425 2407 432 2412 -
527 2379 666 2436 sicut
699 2381 752 2434 in
787 2377 1074 2449 Evangelio
1103 2387 1222 2448 post
1250 2377 1694 2434 resurrectionem
1731 2389 1880 2428 suam
1927 2375 2060 2428 dixit
2091 2389 2104 2427 :

533 2467 680 2524 Vade
725 2469 792 2522 ad
821 2469 1004 2538 fratres
1049 2483 1202 2532 meos,
1247 2475 1292 2522 et
1337 2467 1470 2520 dices
1505 2469 1572 2520 ad
1623 2481 1704 2524 eos
1737 2481 1754 2518 :
1783 2465 2014 2518 Ascendo
2041 2463 2108 2518 ad

529 2559 734 2616 Patrem
764 2577 952 2628 meum,
983 2571 1028 2616 et
1053 2559 1260 2615 Patrem
1283 2569 1502 2615 uestrum
1529 2555 1704 2630 (Joan.
1735 2571 1826 2626 xx,
1859 2557 1970 2626 ΓΙ).

597 2651 750 2709 Vers.
787 2655 838 2709 5.
865 2653 940 2706 Ad
973 2663 1020 2708 te
1053 2653 1416 2718 clamauerunt,
1451 2661 1496 2705 et
1541 2651 1664 2704 salvi
1691 2649 1813 2720 facti
1845 2657 1995 2714 sunt;
2035 2647 2090 2702 in

527 2751 576 2796 te
603 2753 948 2813 speraverant,
992 2751 1040 2796 et
1085 2757 1184 2796 non
1219 2749 1338 2796 sunt
1390 2741 1610 2810 confusi.
1663 2739 1972 2794 Certissima
2021 2745 2107 2792 est

529 2835 794 2890 sententia
823 2849 944 2904 quae
973 2833 1590 2888 demonstratell‘ectum.
1608 2831 1838 2886 Necesse
1855 2839 1938 2886 est
1957 2829 2102 2884 enim

529 2933 590 2980 ut
619 2925 684 2980 ad
715 2925 996 2982 utilitatem
1027 2939 1176 2980 suam
1210 2925 1454 2980 audiatur
1483 2927 1574 2995 qui
1605 2925 1798 2978 clamat
1827 2923 1892 2978 ad
1925 2921 2106 2978 Domi.

531 3031 682 3070 num.
713 3017 904 3084 Quanti
943 3019 1086 3072 enim
1129 3027 1394 3088 martyres
1431 3017 1498 3072 ab
1527 3018 1826 3072 inlidelibus
1853 3031 1958 3070 non
1987 3031 2108 3071 cre-

533 3107 796 3162 debentur
822 3109 1014 3166 audiri.
1046 3107 1172 3162 dum
1201 3123 1294 3164 eos
1325 3109 1616 3178 corporalis
1649 3123 1800 3174 praua
1819 3123 2105 3164 consume-

531 3207 640 3266 ret;
665 3199 758 3254 sed
789 3201 868 3255 illi
893 3201 1162 3270 potentius
1189 3199 1354 3254 auditi
1386 3209 1530 3266 sunt,
1562 3201 1650 3270 qui
1681 3215 1934 3256 coronam
1967 3213 2108 3256 mar-

531 3294 652 3364 tyrii
683 3295 954 3364 percipere
985 3301 1312 3350 meruerunt.
1339 3293 1592 3348 Dominus
1623 3311 1751 3366 ergo
1775 3293 1946 3364 iustos
1975 3307 2100 3348 suos
2129 3307 2174 3370 ο

529 3399 744 3454 semper
795 3385 1032 3450 exaudit,
1063 3383 1156 3440 sed
1203 3383 1648 3454 quemadmodum
1697 3385 1803 3440 illis
1843 3387 2102 3455 expedire

529 3475 823 3550 cognoscit.
873 3479 980 3534 Nec
1027 3485 1184 3534 vacat
1239 3477 1378 3549 quod
1425 3489 1750 3548 speraverant
1797 3479 2103 3550 frequenter

529 3571 736 3628 iteravit
761 3587 776 3636 ;
801 3573 968 3640 figura
991 3581 1074 3627 est
1097 3573 1239 3628 enim
1271 3587 1388 3640 quae
1415 3571 1601 3628 Graece
1623 3573 1820 3628 dicitur
1845 3573 2102 3642 epemha-

529 3665 625 3726 sis,
651 3663 834 3718 Latine
857 3665 1098 3730 iteratio,
1133 3665 1342 3735 quoties
1381 3681 1478 3737 per
1503 3666 1712 3738 singula
1743 3677 2006 3722 commata
2037 3665 2102 3720 ad

523 3755 776 3812 ~decorem
800 3759 1086 3814 maximum
1113 3757 1272 3814 verba
1305 3761 1662 3831 geminantur.
1697 3759 1816 3814 Non
1841 3771 1958 3814 sunt
1983 3777 2108 3815 con-

525 3847 652 3918 fusi,
679 3861 812 3918 quos
833 3847 1014 3916 utique
1039 3857 1296 3904 venturos
1325 3859 1530 3904 constat
1557 3849 1622 3904 ad
1655 3851 1958 3920 prmmium.
1987 3853 2098 3908 Non

533 3941 672 3996 enim
703 3941 1072 4008 contunditur,
1103 3945 1192 4014 qui
1225 3943 1422 4000 bonum
1453 3943 1780 4000 desiderium
1811 3961 1964 4000 suum
1995 3943 2108 4000 adi-

531 4033 664 4104 pisci
695 4047 852 4104 posse
883 4043 1232 4090 monstratur.

605 4125 756 4184 Vers.
789 4129 842 4182 6.
877 4127 984 4200 Ego
1013 4139 1178 4184 autem
1197 4145 1310 4184 sum
1337 4131 1539 4200 vermis,
1573 4137 1622 4184 ct
1661 4145 1762 4184 non
1785 4129 1936 4184 horno
1961 4145 1980 4194 ;
2009 4145 2104 4194 op-

533 4217 790 4288 probrium
825 4219 1088 4274 hominum
1141 4229 1186 4276 et
1225 4223 1440 4292 abjrctio
1471 4221 1648 4290 plebis.
1689 4221 1798 4275 lloc
1845 4237 1938 4292 per
1981 4221 2114 4292 liga.

533 4323 644 4364 ram
686 4309 884 4364 dicitur
913 4311 1196 4380 tapinosin,
1231 4329 1348 4381 quae
1387 4313 1573 4367 Latine
1615 4311 1914 4368 ltumiliatio
1965 4327 2108 4367 nun-

535 4407 780 4466 cupatur,
811 4401 1020 4468 quoties
1055 4403 1362 4470 magnitudo
1391 4405 1650 4458 mirabilis
1683 4405 1842 4458 rebus
1873 4405 2110 4458 humilli-

535 4489 636 4544 mis
665 4501 1037 4560 comparatur;
1071 4491 1208 4546 sicut
1239 4491 1524 4560 Apostolus
1553 4493 1626 4547 ait
1651 4511 1664 4548 :
1691 4493 1910 4562 Infirma
1933 4493 2112 4570 ιιι.ᾱί

535 4581 688 4654 hujus
713 4581 884 4654 elegit,
909 4593 961 4636 ut
987 4585 1266 4656 confundat
1287 4585 1444 4652 fortia
1467 4583 1518 4656 (1
1543 4585 1662 4640 Cor.
1685 4601 1720 4652 ι,
1745 4585 1860 4650 ‘27).
1883 4585 2104 4656 Vermis,

535 4675 700 4730 nimia
751 4675 963 4746 quidem
1015 4677 1225 4732 videtur
1275 4675 1574 4746 abjectione
1623 4679 1954 4744 temuihilis,
2013 4681 2104 4736 sed

537 4773 718 4842 magni
745 4771 986 4826 continet
1007 4779 1334 4826 sacramenta
1355 4771 1594 4841 mysterii
1617 4789 1628 4824 ε
1649 4773 1886 4827 nascitur
1907 4771 2110 4844 absque

537 4845 844 4930 concubitu,
879 4867 1018 4932 repit
1048 4863 1286 4930 humilis,
1323 4873 1568 4919 movetur
1606 4866 1722 4920 sine
1753 4869 1952 4922 sonitu.
1981 4867 2112 4934 Quae

539 4955 582 5010 si
605 4957 936 5020 consideres,
967 4973 1072 5010 non
1101 4955 1370 5010 immerito
1393 4955 1676 5012 Dominum
1699 4959 1968 5014 Christum
1993 4977 2112 5017 vcr-

537 5063 680 5102 mem
711 5051 1031 5118 appellatum
1071 5065 1190 5104 esse
1235 5065 1548 5122 cognosces.
1587 5051 1788 5108 Vermis
1815 5069 1940 5124 ergo
1989 5057 2108 5124 quia

539 5149 806 5218 mortalis,
841 5151 963 5220 quia
991 5151 1056 5206 de
1085 5167 1247 5206 carne
1267 5153 1382 5206 sine
1409 5153 1764 5222 permixtione
1791 5153 2004 5208 humani
2027 5171 2112 5208 sc-

539 5241 694 5296 minis
719 5249 874 5296 natus
899 5249 1004 5308 est,
1033 5245 1154 5312 quia
1191 5245 1292 5298 viae
1337 5243 1504 5314 ipsius
1531 5245 1824 5300 silentiosae
1855 5253 1908 5300 et
1935 5245 2112 5300 humi-

539 5333 616 5387 les
663 5333 1000 5388 exstiterunt.
1043 5335 1330 5406 Comparat
1361 5337 1500 5390 enim
1533 5353 1593 5392 se.
1623 5337 1843 5391 Creator
1867 5337 2108 5390 humilli-

539 5423 640 5480 mis
666 5427 926 5480 crcaturis
948 5427 1078 5492 suis,
1107 5429 1314 5498 nequid
1339 5431 1536 5485 :rstima
1549 5447 1632 5485 res
1657 5429 1942 5500 abiectum,
1967 5431 2106 5498 quod

539 5519 654 5586 ipso
681 5533 792 5572 nos:
813 5519 918 5573 itur
943 5531 1162 5575 auctore
1191 5519 1512 5585 formatum,
1537 5527 1674 5576 s'scut
1703 5525 1961 5590 scriptum
1988 5531 2070 5574 cst
2095 5537 2106 5574 ε

541 5607 686 5664 Fr"?!
715 5609 844 5664 Dens
868 5613 1036 5666 omnia
1069 5615 1213 5668 ralde
1241 5613 1372 5668 bona
1401 5613 1550 5680 (Gen.
1587 5631 1622 5678 ι,
1651 5613 1762 5684 51).
1797 5613 1885 5668 Sic
1913 5623 1964 5666 et
1999 5613 2112 5680 ipse

542 5705 702 5760 David
733 5717 1008 5760 uectorem
1043 5715 1280 5770 secutus,
1319 5707 1676 5760 tuiuutissitnu
1723 5721 1780 5758 se
1827 5704 1982 5772 puliti
2023 5719 2112 5758 ρο-

537 5797 764 5868 aequavit
786 5797 834 5868 (Ι
867 5797 1151 5870 Reg.xxvr,
1169 5799 1286 5864 ΞΟ).
1311 5799 1422 5866 ipsa
1449 5799 1588 5852 enim
1609 5797 1774 5851 virtus
1797 5805 1876 5850 est
1899 5797 2086 5863 religio

517 5891 642 5958 'uis,
669 5903 724 5948 ut
749 5901 946 5968 quanto
967 5909 1026 5948 se
1051 5891 1165 5963 plus
1185 5889 1552 5961 unusquisque
1575 5889 1822 5958 exemplo
1843 5885 2110 5942 Creatoris

2213 2031 2416 2078 tantum
2449 2025 2852 2094 suscipiendum
2903 2035 3017 2092 est;
3067 2043 3189 2080 nam
3237 2027 3284 2080 si
3331 2027 3558 2082 misceas
3589 2027 3796 2094 ﬁdeles,

2213 2131 2316 2171 non
2353 2125 2526 2185 potest
2553 2123 2696 2170 stare
2727 2117 3014 2174 sententia.
3041 2117 3170 2184 Qua:
3191 2119 3354 2186 ligura
3377 2117 3560 2173 Griece
3592 2117 3796 2172 dicitur

2211 2207 2574 2278 synecdoche,
2609 2207 2798 2262 Latine
2827 2223 2856 2262 a
2892 2217 3004 2264 toto
3043 2225 3184 2278 pars.
3217 2209 3631 2278 Aspernabantnr
3661 2225 3796 2278 ergo

2210 2297 2382 2354 Judaei
2406 2297 2688 2353 Dominum
2719 2299 3072 2370 Salvatorem,
3099 2301 3310 2372 quando
3333 2301 3580 2356 dicebant
3607 2319 3620 2354 :
3651 2299 3798 2355 Alios

2209 2391 2378 2446 salvos
2409 2391 2550 2462 fecit,
2581 2393 2804 2462 scipsum
2831 2409 2932 2446 non
2961 2403 3124 2462 potest
3145 2393 3340 2448 salvum
3363 2393 3531 2462 facere
3563 2389 3786 2464 (Matth.

2213 2499 2380 2551 xxvtt,
2403 2485 2516 2554 42),
2551 2493 2604 2539 et
2631 2495 2844 2540 caetera.
2866 2485 3087 2556 Proprie
3111 2497 3284 2542 autem
3309 2487 3482 2556 posuit
3515 2485 3657 2539 labiis
3685 2499 3792 2540 eos

2212 2575 2368 2646 fuisse
2393 2573 2609 2630 locutos.
2635 2575 2790 2630 Tales
2813 2577 2954 2630 enim
2985 2593 3106 2640 ore.
3151 2593 3254 2630 non
3275 2573 3439 2631 corde
3468 2575 3796 2642 fabulantur,

2211 2666 2402 2736 quibus
2433 2681 2538 2720 non
2589 2667 2830 2734 provenit
2875 2667 3024 2722 tirma
3081 2667 3468 2722 deliberatione
3509 2667 3796 2724 sententia.

2211 2757 2346 2826 Quid
2377 2767 2550 2812 tamen
2584 2757 2666 2812 isti
2689 2759 2835 2812 labiis
2859 2759 3229 2830 lozlztebantur?
3259 2757 3319 2814 Si
3349 2751 3518 2814 Filius
3553 2759 3642 2812 Dei
3667 2769 3742 2812 est
3763 2801 3780 2826 ,

2211 2849 2480 2904 descendat
2507 2851 2569 2904 de
2613 2867 2760 2904 cruce
2800 2849 3045 2922 (Ibidem,
3089 2851 3202 2922 d0).
3255 2851 3396 2906 Istud
3435 2851 3576 2906 euiut
3607 2851 3796 2904 animo

2211 2941 2550 3014 discrepante
2569 2941 2884 2998 videbantur
2915 2953 3118 2998 tantum
3155 2945 3293 2999 labia
3327 2957 3638 3012 personare.
3663 2941 3797 3000 Nam

2213 3045 2270 3088 ut
2327 3049 2422 3104 per
2475 3035 2840 3102 iracundiam,
2889 3053 2994 3092 non
3063 3053 3156 3105 per
3207 3037 3464 3092 rationem
3529 3037 3792 3106 probares

2213 3128 2432 3192 dictant,
2465 3127 2680 3196 adjecit,
2711 3137 2970 3182 numerant
3019 3139 3192 3198 caput,
3225 3129 3364 3200 quod
3411 3131 3676 3183 minantes
3705 3127 3786 3182 fa—

2213 3225 2380 3290 ciunt,
2425 3239 2530 3278 non
2551 3223 2875 3294 judicantes.

2285 3361 2432 3418 Vers.
2465 3363 2518 3418 8.
2550 3361 2790 3430 Speravit
2817 3363 2872 3415 in
2909 3359 3147 3425 Domino,
3179 3359 3364 3426 eripiat
3409 3371 3556 3422 eum;
3597 3359 3801 3418 salem

2208 3457 2364 3525 faciat
2389 3471 2526 3522 eum,
2551 3455 2794 3525 quoniam
2809 3453 2915 3506 vult
2939 3467 3074 3507 eum.
3097 3453 3208 3507 Hoc
3237 3465 3332 3522 per
3353 3451 3572 3521 ﬁguram
3593 3435 3800 3506 dictum

2205 3559 2288 3604 est
2311 3565 2338 3602 a
2371 3547 2594 3614 ludatis,
2631 3563 2747 3616 quae
2769 3545 2958 3602 Graece
2985 3545 3182 3601 dicitur
3207 3545 3398 3608 ironia,
3433 3543 3620 3598 Latiae
3661 3542 3792 3598 irri-

2207 3640 2318 3704 sio,
2357 3637 2496 3692 aliud
2521 3653 2678 3707 quam
2721 3646 2946 3694 conatur
2973 3635 3286 3692 ostendens.
3317 3633 3492 3690 Verba
3521 3633 3796 3703 siquidem

2211 3731 2310 3785 ista
2341 3729 2646 3800 Specialiter
2669 3727 2946 3798 Evangelii
2973 3737 3128 3792 sunt;
3157 3727 3406 3782 dicebant
3423 3725 3572 3780 enim
3601 3725 3798 3794 Judaei,

2209 3821 2428 3890 quando
2461 3821 2724 3888 pendebat
2765 3821 2818 3874 in
2843 3835 3006 3874 cruce
3033 3835 3046 3870 :
3083 3819 3322 3884 Speravit
3371 3819 3424 3870 in
3455 3813 3704 3882 Domino,
3731 3817 3802 3870 li-

2209 3915 2350 3970 beret
2375 3931 2532 3980 nunc,
2553 3915 2598 3968 si
2619 3913 2750 3979 vnit,
2775 3927 2888 3966 eum
2919 3911 3322 3980 (Matth.xxvu,
3353 3907 3468 3978 ιδ).
3491 3909 3536 3964 0
3565 3909 3802 3966 caelestis

2213 4006 2530 4074 integritas!
2565 4003 2754 4059 Nonne
2797 4005 3044 4058 videmur
3087 4003 3178 4058 hic
3225 4002 3402 4072 potius
3451 4002 3802 4072 Evangeliu'a

2213 4113 2496 4154 recensere
2539 4113 2698 4168 quam
2753 4097 3044 4168 psalmum,
3105 4095 3320 4166 quando
3375 4105 3522 4150 tanta
3566 4097 3802 4152 veritate

2213 4195 2476 4263 completa
2509 4201 2648 4258 sunt,
2681 4199 2736 4246 ut
2767 4207 2874 4246 non
2917 4191 3114 4254 futura,
3145 4189 3240 4244 sed
3269 4197 3532 4244 transacta
3561 4203 3688 4244 esse
3713 4191 3800 4242 vi-

2215 4287 2478 4340 dcantur?
2509 4285 2714 4350 Merito,
2741 4301 2808 4339 ue
2849 4285 2976 4356 quid
2999 4293 3092 4338 aut
3115 4283 3422 4340 excusabile
3443 4282 3686 4353 perﬁdis,
3713 4291 3806 4340 aut

2215 4377 2466 4432 ﬁdelibus
2495 4377 2892 4446 relinqueretur
2915 4375 3222 4445 ambiguum

2287 4509 2440 4565 Vers.
2467 4509 2522 4566 9.
2541 4509 2798 4574 Quoniam
2829 4521 2882 4566 tu
2904 4528 2957 4566 es
2983 4513 3070 4582 qui
3092 4511 3386 4566 abstraxisti
3413 4527 3492 4564 me
3517 4511 3580 4564 de
3595 4523 3810 4570 uentre:

2141 4617 2194 4678 ο
2219 4617 2332 4670 spes
2373 4619 2484 4656 mea
2515 4603 2576 4656 ab
2627 4603 2864 4658 uberibus
2907 4603 3084 4658 matris
3123 4619 3266 4658 mete.
3305 4601 3380 4656 De
3409 4613 3576 4658 uentre
3621 4601 3812 4676 utique

2219 4693 2492 4764 virginali,
2523 4695 2614 4764 qui
2655 4695 2765 4766 jam
2821 4707 2950 4750 tunc
3003 4695 3070 4750 ab
3119 4695 3398 4766 originalis
3429 4695 3638 4764 peccati
3675 4697 3812 4752 vitio

2213 4795 2602 4852 sequestralus,
2639 4797 2877 4856 tanquam
2911 4803 3130 4856 sponsus
3179 4787 3418 4854 processit
3465 4783 3526 4842 de
3569 4785 3814 4842 thalanto

2213 4875 2384 4950 (Psal.
2415 4893 2564 4944 xvm,
2599 4879 2676 4946 ll).
2717 4877 2842 4932 inde
2889 4889 2950 4932 se
2987 4877 3118 4932 dicit
3147 4879 3478 4943 abstractum,
3513 4877 3654 4932 unde
3701 4873 3812 4934 hu-

2213 4971 2443 5026 manitas
2489 4969 2773 5025 tenebatur
2821 4971 3076 5025 obnoxia.
3121 4971 3244 5026 Sive
3273 4971 3402 5025 illud
3433 4971 3812 5040 accipiendum

2215 5073 2318 5128 est,
2347 5061 2600 5132 quoniam
2633 5061 2700 5114 de
2743 5071 2896 5116 utero
2945 5063 3130 5116 tnatris
3157 5063 3278 5132 jure
3307 5077 3364 5118 se
3395 5077 3424 5117 a
3459 5063 3686 5118 Domino
3717 5063 3814 5120 di-

2217 5153 2370 5206 cebat
2421 5153 2770 5218 abstractum;
2813 5159 2870 5206 ut
2925 5153 3231 5208 ostenderet
3265 5151 3597 5208 nativitatem
3649 5151 3810 5209 illam

2217 5245 2478 5298 dominica
2511 5247 2708 5296 virmte
2745 5241 3034 5312 perfectam
3063 5261 3075 5296 :
3113 5259 3180 5298 ne
3221 5243 3552 5300 incredibilis
3585 5243 3814 5301 videre-

2217 5341 2306 5390 tur
2353 5337 2570 5404 virginis
2624 5345 2840 5406 partus,
2883 5337 3005 5390 dum
3055 5347 3198 5392 esset
3235 5337 3441 5392 Dmnini
3485 5339 3814 5406 Operatione

2215 5429 2530 5498 completas.
2559 5429 2624 5484 Et
2646 5435 2702 5484 ut
2741 5431 3042 5486 declararet
3073 5431 3360 5499 perlectam
3383 5431 3808 5500 humanitatem,

2215 5537 2372 5591 quam
2421 5537 2695 5578 assumere
2743 5533 2901 5592 atque
2941 5533 3240 5580 monstrare
3281 5525 3530 5594 dignatus
3559 5533 3682 5592 est,
3737 5527 3812 5584 ab

2215 5615 2366 5670 initio
2407 5617 2532 5670 vita:
2557 5633 2666 5670 suae
2689 5631 2836 5683 spem
2867 5631 3012 5668 suam
3045 5615 3170 5670 dicit
3199 5617 3248 5670 in
3277 5617 3500 5670 Domino
3525 5617 3802 5682 posuisse.

2215 5709 2414 5764 Verum
2451 5711 2536 5764 hic
2563 5723 2773 5777 quoque
2827 5709 3380 5776 imumpreltensibilis
3429 5707 3714 5770 sanctitas,
3747 5721 3808 5764 et
3859 5715 3870 5726 '

2215 5799 2500 5868 singularis
2531 5797 2832 5853 ostenditur
2857 5797 3186 5868 magnitudo.
3215 5795 3348 5850 Nam
3375 5795 3462 5850 cui
3483 5793 3576 5851 alii
3605 5793 3806 5854 datum

2212 5895 2296 5944 est
2349 5889 2689 5947 Divinitatem
2741 5901 3058 5960 agnoscere,
3097 5899 3254 5962 quem
3293 5885 3468 5946 adhuc
3505 5899 3810 5962 potuerant
