4064 6360
277 394 371 449 ΗΠ

1233 389 1590 450 exrosmo
1627 375 1696 447 ut
1737 379 2198 446 rsacrsnmu.
2241 380 2436 447 PSAL.
2482 387 2618 448 xxt.
3448 391 3547 451 ass

279 502 434 558 ubera
452 511 705 562 'mat‘enta
734 505 972 562 lactare?
999 505 1266 578 Incipiens
1294 524 1422 579 ergo
1449 519 1575 565 anas
1619 506 1852 574 dicebat,
1888 507 1942 568 Α
1966 505 2103 558 tauri
2134 505 2390 562 malitiam
2419 507 2831 578 superbiamque
2856 520 3006 564 suam
3027 507 3222 566 erectis
3243 509 3544 568 cervicibus

278 595 338 652 ad
367 597 509 666 quod
541 598 766 653 aliorum
797 601 883 654 vix
907 607 1116 670 poterat
1145 604 1424 672 pervenire
1459 603 1762 657 maturitas.

345 689 498 744 Vers.
533 693 618 748 10.
657 689 720 746 1η
761 703 807 746 te
852 693 1078 764 jactatus
1133 712 1248 749 sum
1289 713 1351 751 ea:
1391 708 1571 761 utero;
1603 698 1664 749 de
1693 705 1864 750 ventre

277 785 450 837 matris
480 800 609 838 mea:
640 781 776 840 Deus
805 803 944 840 meus
985 803 1034 841 es
1078 797 1152 842 tu.
1189 789 1256 844 Ut
1295 787 1459 844 homo
1506 788 1605 843 ista
1656 789 1862 844 locutus

276 886 373 932 est.
405 876 542 931 Nam
576 893 696 932 cum
741 891 799 932 se
830 879 958 932 dicit
993 885 1242 952 jactatum
1271 879 1323 935 itt
1352 881 1600 944 Domino,
1629 880 1865 936 ostendit

277 969 341 1024 ab
370 969 609 1024 humana
638 972 917 1039 iniquitate
949 987 1008 1026 se
1041 972 1203 1026 fuisse
1235 975 1545 1028 discretum.
1571 973 1719 1039 Quod
1764 987 1862 1027 au-

279 1070 378 1114 tem
403 1062 648 1130 sequitur
682 1078 696 1114 :
727 1061 803 1115 lt'r
833 1071 975 1116 utero
1016 1065 1213 1128 matris,
1262 1063 1327 1118 ad
1360 1079 1603 1120 errorem
1627 1064 1862 1133 pertinet

276 1151 606 1227 Synagogae,
659 1155 800 1210 unde
848 1171 972 1211 cum
1029 1158 1248 1226 perlidia
1299 1157 1603 1212 Judicnrum
1651 1165 1863 1213 constat

274 1249 574 1316 expulsum.
609 1249 872 1303 Caeterum
905 1249 1020 1303 sine
1053 1249 1162 1303 Deo
1187 1249 1414 1304 nonfuit
1447 1263 1542 1304 nec
1581 1252 1691 1319 ipsa
1735 1265 1866 1304 cou-

273 1337 465 1407 ceptio.
513 1340 650 1393 Nam
682 1342 818 1394 sicut
849 1340 1010 1396 homo
1055 1342 1108 1396 in
1140 1340 1508 1411 iniquitatibus
1539 1342 1857 1411 concipitur,

271 1433 347 1488 sic
378 1433 428 1485 in
461 1431 578 1501 ipsa
612 1432 990 1500 incarnationis
1012 1434 1216 1501 origine
1239 1431 1448 1488 Domini
1477 1433 1697 1500 Christi,
1721 1433 1860 1488 divi-

271 1535 336 1578 ua
363 1523 666 1579 substantia
695 1523 1007 1579 humanitati
1049 1524 1230 1594 juncta
1284 1534 1442 1594 atque
1485 1525 1714 1579 adunata
1768 1524 1864 1580 de-

271 1615 528 1683 claratur;
562 1617 702 1671 sicut
754 1626 808 1672 et
853 1617 919 1671 ab
967 1617 1156 1686 angelo
1201 1615 1382 1672 Mariae
1428 1631 1640 1686 semper
1665 1616 1861 1686 virgini

271 1693 650 1778 prophetatum
679 1715 761 1762 est
789 1723 805 1762 :
839 1707 1063 1779 Spiritus
1110 1719 1312 1763 sanctus
1349 1710 1667 1777 superveniet
1708 1709 1760 1762 in
1790 1716 1858 1775 te,

271 1807 315 1852 et
382 1801 550 1854 virtus
609 1799 856 1855 Altissimi
900 1799 1216 1856 obumbrabit
1248 1801 1386 1855 tibi:
1417 1812 1680 1873 propterea
1725 1802 1858 1868 quod

272 1903 509 1947 nascetur
546 1911 612 1949 ea:
658 1904 704 1949 te
735 1903 998 1964 sanctum,
1047 1895 1305 1949 vocabitur
1354 1889 1524 1949 Filius
1569 1895 1663 1951 Dei
1704 1895 1858 1967 (Luc.

270 1997 316 2050 ι,
353 1984 480 2055 55).

272 2071 284 2082 ⁷
339 2077 497 2134 Vers.
534 2079 626 2136 il.
655 2075 740 2134 Ne
781 2080 1070 2136 discesseris
1112 2095 1144 2134 α
1179 2080 1560 2150 me:quoniam
1602 2063 1864 2135 tribulatio

273 2171 511 2242 proxima
542 2182 637 2238 est,
665 2181 714 2227 et
743 2189 842 2228 non
876 2184 948 2228 est
981 2174 1066 2244 qui
1113 2174 1341 2245 adjuvet.
1375 2172 1512 2227 Metu
1541 2172 1730 2228 mortis
1757 2172 1866 2244 74

273 2273 324 2318 et
371 2264 473 2318 ista
508 2265 719 2350 prolata
761 2273 886 2320 sunt
919 2282 932 2318 :
967 2267 1087 2334 quia
1137 2265 1377 2320 dicturus
1417 2276 1532 2319 erat
1564 2284 1575 2318 :
1612 2265 1788 2333 Pater,
1817 2266 1863 2318 si

273 2355 383 2424 ﬁeri
407 2365 595 2428 potest,
630 2366 850 2412 transeat
876 2375 906 2412 a
932 2363 1010 2411 me
1037 2357 1173 2412 calix
1205 2359 1296 2412 iste
1324 2357 1536 2430 (Matth.
1567 2373 1719 2420 XXVI,
1744 2358 1857 2429 '59).

269 2430 678 2501 Tribulationem
709 2463 836 2502 vero
883 2448 1014 2502 dicit
1060 2450 1246 2504 mortis
1285 2451 1693 2519 cogitationem,
1742 2463 1860 2519 quae

272 2537 429 2609 longe
459 2545 586 2610 post
615 2539 827 2594 smculis
858 2541 1191 2595 imminebat.
1222 2541 1392 2609 Quam
1431 2539 1552 2595 ideo
1582 2541 1862 2596 denuntiat

269 2634 583 2703 proximam,
607 2643 662 2686 ut
684 2635 975 2702 assumptio
1002 2649 1146 2688 verre
1173 2632 1352 2688 carnis
1380 2633 1648 2688 tristitiam
1681 2639 1861 2687 osten-

271 2723 424 2779 deret
454 2723 721 2794 passionis
750 2742 761 2777 ε
793 2726 904 2781 sive
925 2727 1043 2796 quia
1076 2726 1150 2780 illi
1170 2728 1402 2779 vicinum
1431 2736 1512 2780 est
1535 2739 1694 2780 Omne
1722 2726 1863 2795 quod

272 2825 561 2872 venturum
604 2826 718 2884 est,
762 2819 901 2872 sicut
931 2817 1187 2888 propheta
1219 2819 1348 2872 dicit
1381 2837 1391 2870 :
1426 2817 1677 2883 Quoniam
1722 2819 1864 2872 mille

275 2910 392 2962 anni
420 2919 542 2964 ante
572 2910 746 2964 oculos
769 2919 904 2977 tuos,
934 2911 1065 2964 sicut
1096 2912 1201 2964 dies
1230 2911 1488 2964 hesternas
1515 2911 1602 2981 qui
1648 2921 1863 2982 prwter-

283 3001 364 3054 irit
393 3000 570 3072 (Psal.
601 3019 823 3068 LXXXIX,
858 3003 934 3074 4).
971 3002 1094 3058 Sive
1126 3003 1499 3058 tribulationem
1530 3003 1656 3056 dicit
1683 3004 1861 3074 proxi-

279 3110 429 3160 mam,
455 3096 582 3166 quia
615 3103 729 3150 erat
757 3095 808 3150 in
836 3111 928 3150 sua
955 3112 1114 3151 carne
1154 3112 1425 3165 passurus.
1467 3096 1596 3150 Nam
1637 3095 1859 3165 quicun-

1890 1853 1940 1916 B

1968 598 2308 664 intlaverunt,
2333 611 2386 655 et
2414 602 2713 657 innocentis
2741 605 3052 673 sanguinem
3083 606 3398 661 truculentis
3425 621 3549 661 cor-

1971 691 2121 745 nibus
2152 692 2471 748 effuderunt.
2526 697 2659 764 Apte
2699 710 2825 751 vero
2872 696 3073 752 addidit
3129 700 3362 768 pingues.
3393 697 3544 754 Tunc

1967 785 2108 839 enim
2127 785 2298 854 ipsum
2318 787 2514 841 animal
2539 789 2696 843 nimis
2725 789 2965 843 redditur
2992 791 3305 859 inquietum,
3327 790 3545 859 quando

1969 879 2290 952 pinguedine
2319 881 2481 935 multa
2503 880 2756 935 refertum
2780 894 2888 947 est;
2918 891 2969 937 et
2994 884 3060 938 de
3092 891 3368 937 mansueto
3389 882 3540 938 ferox

1970 971 2215 1036 efﬁcitur,
2247 987 2364 1025 enm
2383 973 2798 1041 praesumptione
2827 973 3142 1028 luxuriantis
3169 976 3408 1043 corporis
3429 973 3549 1028 ani-

1968 1073 2158 1118 matur.
2192 1063 2340 1132 Quod
2371 1067 2411 1117 si
2441 1065 2613 1119 adhuc
2645 1067 2803 1119 altius
2847 1067 3176 1120 auctoritatis
3220 1068 3378 1122 verba
3405 1081 3544 1134 pen-

1967 1167 2144 1212 semus
2163 1201 2176 1223 ,
2208 1159 2674 1226 circumdederunt,
2709 1163 2884 1228 potest
2915 1158 3047 1212 trahi
3075 1160 3140 1212 ad
3167 1173 3262 1214 eos
3290 1159 3544 1228 quiillum

1968 1261 2089 1302 cum
2137 1247 2323 1317 gladiis
2364 1259 2414 1301 et
2457 1248 2680 1305 fustibus
2725 1249 3032 1303 ambierunt
3061 1265 3074 1301 :
3104 1249 3403 1303 obsederunt
3450 1263 3546 1303 au-

1967 1345 2099 1408 tem,
2130 1341 2195 1394 ad
2225 1341 2345 1395 illos
2389 1341 2477 1412 qui
2511 1343 2813 1410 sepulcrum
2837 1342 2953 1413 ejus
2975 1344 3373 1408 custodierunt,
3423 1357 3490 1398 ne
3513 1359 3545 1400 a

1969 1431 2245 1502 discipulis
2273 1435 2478 1490 occulte
2507 1444 2808 1504 raperetur.
2839 1434 3060 1488 Obsidio
3089 1435 3230 1488 enim
3257 1435 3397 1488 dicta
3441 1445 3540 1502 est,

1969 1525 2122 1597 quasi
2149 1525 2381 1580 hostium
2415 1529 2665 1594 inscssio,
2706 1528 2759 1581 id
2799 1536 2884 1582 est
2920 1527 3132 1582 hostilis
3169 1527 3544 1584 circumdatio.

2039 1615 2196 1674 Vers.
2224 1617 2310 1674 l5.
2347 1619 2667 1687 Aperuerunt
2695 1620 2751 1672 in
2777 1635 2857 1672 me
2883 1634 2939 1673 os
2976 1631 3144 1688 suum,
3183 1615 3311 1672 sicut
3342 1618 3420 1672 leo
3459 1634 3549 1672 ra-

1969 1712 2112 1782 piens
2142 1721 2186 1766 et
2214 1712 2440 1782 rugiens.
2470 1712 2776 1782 Metapbora
2821 1713 3123 1766 introducta
3155 1721 3240 1766 est
3267 1723 3298 1764 a
3323 1723 3550 1766 consue-

1970 1803 2152 1861 tudine
2179 1807 2434 1870 ferarum,
2467 1819 2589 1875 quae
2631 1805 2782 1859 avide
2812 1819 2874 1859 os
2919 1805 3168 1874 aperiunt
3189 1805 3404 1873 quando
3448 1803 3549 1857 ali-

1971 1899 2095 1970 quid
2127 1898 2388 1970 deglutire
2413 1897 2764 1952 contendunt.
2797 1897 2863 1950 In
2891 1909 2970 1950 me
2993 1907 3171 1950 autem
3195 1896 3330 1950 dixit
3361 1903 3546 1950 contra

1970 2007 2078 2058 me,
2100 2005 2221 2046 cum
2254 1988 2559 2044 detestabili
2602 1988 2928 2043 adunatione
2956 1988 3242 2042 dicebant:
3269 1986 3545 2058 Cruciﬁge,

1957 2083 2210 2153 ‘cruciﬁge
2255 2079 2407 2150 (Luc.
2457 2095 2620 2143 xxtn,
2661 2077 2778 2147 21).
2831 2079 2904 2133 0s
2952 2095 3122 2143 suum,
3161 2090 3346 2132 revera
3375 2091 3547 2143 suum,

1970 2175 2109 2244 quod
2149 2191 2253 2228 non
2285 2174 2388 2228 illis
2417 2173 2677 2243 sapientia
2708 2173 2948 2242 aperuit,
2981 2171 3076 2226 sed
3105 2171 3358 2239 cogitatio
3385 2168 3549 2224 scele-

1967 2280 2084 2324 rata
2109 2267 2386 2322 reseravit.
2436 2267 2666 2321 Audiam
2700 2275 2986 2335 utrumque
3016 2264 3305 2334 Pelagiani,
3338 2261 3549 2332 quando

1970 2359 2140 2420 Judmi
2163 2361 2450 2430 nequitiam
2473 2359 2636 2416 locuti
2664 2367 2808 2424 sunt,
2839 2359 2940 2427 ipsi
2965 2373 3020 2411 os
3055 2371 3201 2410 suum
3221 2362 3548 2422 aperuerunt.

1969 2455 2024 2511 in
2057 2455 2196 2510 bono
2229 2464 2404 2510 autem
2429 2451 2621 2524 legitur
2646 2471 2658 2506 :
2695 2453 2932 2519 Domine,
2959 2452 3096 2506 tanta
3115 2465 3229 2504 mea
3249 2452 3468 2520 aperias,
3497 2457 3544 2502 et

1968 2563 2024 2604 os
2059 2565 2222 2602 meum
2245 2548 2566 2602 annuntiabit
2591 2548 2794 2601 laudem
2819 2556 2957 2600 tuam
2981 2543 3150 2616 (Psal.
3173 2559 3226 2606 ι,
3258 2543 3364 2612 i7}.
3396 2540 3550 2608 Quod

1969 2653 2144 2698 autem
2197 2644 2372 2710 dixit,
2420 2643 2550 2696 sicut
2607 2640 2682 2694 leo
2710 2641 2913 2711 rapiens
2965 2647 3015 2692 et
3072 2636 3551 2708 rugiensnapiens

1969 2737 2203 2806 pertinet
2241 2733 2306 2788 ad
2337 2733 2728 2788 insanissimam
2779 2733 3095 2784 seditionem
3119 2771 3133 2794 ,
3174 2729 3384 2798 quando
3412 2743 3535 2782 eum

1973 2834 2182 2894 raptum
2229 2834 2510 2879 traxerunt
2556 2825 2620 2878 ad
2653 2823 2884 2878 tribunal
2916 2822 3160 2892 praesidis
3189 2819 3547 2886 audiendum;

1971 2920 2178 2990 rugiens
2212 2918 2274 2971 ad
2317 2916 2656 2984 blasphemas
2687 2929 2866 2977 voces,
2913 2916 3110 2986 quibus
3138 2913 3546 2970 clamaret-unt:

1969 3008 2243 3082 Cruciﬁge,
2270 3009 2534 3079 cruci/iga.
2552 3009 2703 3077 Quod
2735 3017 3020 3078 utrumque
3039 3007 3166 3082 feris
3187 3006 3382 3061 merito
3403 3017 3550 3060 cout-

1971 3104 2210 3174 paratum
2245 3115 2343 3169 est,
2377 3103 2589 3174 quando
2632 3103 2804 3157 insani
2851 3100 3035 3172 populi
3063 3099 3343 3156 consilium
3382 3097 3548 3155 ratio-

276 3199 374 3262 que
403 3185 602 3240 damna
623 3183 928 3242 facultatum
950 3230 964 3254 ,
990 3188 1246 3242 orbitates
1266 3188 1515 3252 filiorum,
1540 3188 1855 3243 amissiones
1885 3202 1930 3268 ο
1967 3196 2143 3252 nabile
2173 3195 2539 3265 j'ierdiderunt.

276 3275 572 3346 b0norum,
619 3279 701 3334 vel
744 3281 844 3334 alia
878 3279 1244 3350 hujuscemodi
1285 3280 1534 3347 sustinet,
1569 3281 1855 3349 longinqua

277 3368 370 3424 sibi
394 3372 536 3424 mala
569 3371 907 3442 cognoscitur
937 3373 1200 3426 sustinere
1234 3389 1247 3425 :
1280 3387 1397 3426 cum
1430 3387 1556 3426 vero
1596 3373 1648 3427 in
1695 3387 1856 3426 carne

279 3475 363 3514 sua
391 3463 510 3533 quis
559 3463 772 3534 patitur,
809 3475 930 3518 tunc
958 3463 1034 3518 illi
1079 3465 1314 3534 proxima
1345 3464 1607 3518 tribulatio
1633 3465 1854 3534 copula-

279 3562 378 3610 tur.
401 3556 557 3623 Quod
589 3565 764 3612 autem
791 3555 917 3612 dicit
949 3577 958 3610 :
989 3552 1052 3611 Et
1085 3575 1182 3611 non
1209 3567 1278 3612 est
1297 3560 1384 3628 qui
1407 3559 1633 3630 adjuvet,
1653 3559 1856 3629 put-itas

279 3650 536 3717 petentis,
594 3660 648 3706 et
695 3649 862 3705 virtus
912 3650 1208 3706 Divinitatis
1261 3651 1557 3706 ostenditur
1595 3670 1605 3704 :
1640 3649 1759 3720 quia
1811 3651 1855 3707 si

282 3737 412 3797 Deus
437 3759 548 3798 non
580 3744 816 3815 adjuvet,
844 3745 1019 3800 nullus
1061 3754 1144 3800 est
1188 3746 1274 3817 qui
1327 3747 1516 3816 eripiat
1555 3747 1859 3816 periclitan-

283 3841 400 3890 tem.
439 3837 860 3914 Consideremus
900 3853 1026 3906 ergo
1075 3839 1118 3892 si
1173 3837 1426 3892 debemus
1477 3837 1760 3904 aliquando
1791 3835 1858 3892 ab

280 3929 392 4000 ipso
417 3931 622 3998 dividi,
653 3932 742 4001 qui
768 3933 996 3998 nullius,
1028 3932 1126 3987 nisi
1158 3932 1323 4005 ipsius
1353 3940 1551 3986 tantum
1577 3947 1858 4002 possumus

282 4023 615 4080 miseratione
641 4023 857 4080 salvari.

345 4111 491 4171 Vers.
553 4116 640 4171 12.
683 4115 1135 4170 Circuntdederunt
1187 4133 1262 4168 me
1311 4115 1457 4168 vituli
1487 4114 1665 4181 multi;
1717 4117 1850 4168 tauri

283 4205 479 4280 pingues
512 4207 816 4262 obsederunt
857 4224 954 4260 me.
1005 4211 1256 4260 Oratione
1300 4205 1543 4272 decursa,
1585 4222 1738 4277 quam
1796 4206 1849 4262 in

281 4303 607 4368 passionibus
637 4303 750 4357 suis
775 4317 987 4372 semper
1016 4299 1311 4370 prtemittit,
1336 4301 1470 4354 SiClll
1508 4316 1628 4354 eum
1660 4300 1850 4356 fecisse

280 4399 510 4464 tempore
544 4395 866 4463 traditionis,
903 4393 1362 4462 Evangelistarutn
1394 4394 1530 4449 dieta
1561 4401 1842 4461 trstantur,

280 4495 340 4536 ue
381 4498 436 4539 se
478 4484 716 4540 fidelium
749 4493 868 4539 vota
903 4483 1236 4554 prarcipitare
1279 4484 1498 4538 forsitan
1551 4483 1848 4540 illCOiiSllllO

2034 3286 2189 3344 Vers.
2225 3287 2308 3341 i4.
2346 3287 2492 3344 Sicut
2522 3301 2653 3356 aqua
2677 3283 2841 3354 effusa
2860 3296 2976 3340 sunt
3000 3283 3128 3359 [ed.,
3161 3283 3360 3340 effusus
3384 3285 3550 3358 sum],

1965 3391 2012 3437 et
2042 3383 2272 3451 dispersa
2292 3389 2407 3435 sunt
2428 3382 2600 3434 omnia
2628 3397 2745 3434 ossa
2783 3396 2914 3433 mea.
2948 3377 3290 3450 Comparatio
3313 3380 3413 3435 iatn
3438 3393 3548 3437 non

1963 3474 2242 3528 minimum
2275 3475 2512 3528 continet
2544 3471 2964 3527 saera'metttu'm.
3002 3471 3250 3536 Dispersa
3281 3481 3400 3527 sunt
3434 3489 3546 3527 om-

1964 3570 2051 3621 nia
2097 3582 2213 3621 ossa
2259 3567 2408 3635 ejus,
2473 3565 2525 3620 id
2578 3573 2659 3620 est
2715 3565 2852 3619 firmi
2903 3577 2967 3618 ac
3033 3563 3216 3619 lldeles
3273 3563 3542 3632 apostoli,

1963 3659 2176 3732 quando
2205 3659 2338 3712 dixit
2369 3658 2449 3714 eis
2483 3675 2495 3710 :
2535 3658 2666 3712 Ecce
2691 3673 2783 3728 ego
2825 3657 2970 3710 mitto
2999 3671 3084 3710 vos
3131 3655 3265 3710 velut
3297 3671 3454 3726 agnos
3491 3658 3546 3710 in

1965 3753 2131 3807 medio
2160 3753 2396 3817 luporum
2445 3749 2661 3821 (Matth.
2692 3765 2744 3814 x,
2779 3749 2873 3819 16)
2908 3766 2920 3805 :
2955 3756 3082 3802 tunc
3113 3747 3188 3802 illi
3225 3749 3356 3800 sicut
3405 3763 3540 3818 aqua

1963 3846 2112 3914 eﬂ'usi
2142 3853 2280 3898 sunt.
2317 3845 2458 3913 Aqua
2489 3844 2630 3896 enim
2676 3840 2887 3910 quando
2932 3838 3190 3903 funditur,
3222 3845 3278 3891 et
3318 3836 3455 3906 rigat
3485 3843 3542 3891 et

1962 3937 2129 3991 abluit
2159 3955 2172 3990 :
2205 3936 2284 3988 sic
2315 3935 2390 3987 illi
2417 3933 2602 3988 orbem
2635 3941 2896 3985 terrarum
2925 3929 3106 3983 divino
3147 3927 3319 3982 imbre
3345 3925 3546 3981 satiau-

1964 4038 2066 4090 tes,
2098 4033 2441 4094 peccatorum
2470 4022 2718 4076 sordibus
2749 4021 3055 4098 ablnq‘unt.

2034 4119 2188 4172 Yers.
2243 4117 2326 4171 l5.
2381 4113 2598 4166 Factum
2650 4119 2724 4164 est
2776 4125 2867 4162 cor
2916 4123 3082 4162 meum
3134 4117 3378 4176 tanquam
3423 4121 3541 4162 cera

1956 4209 2236 4280 iiquescens
2259 4206 2310 4259 in
2336 4206 2498 4257 medio
2528 4203 2714 4257 ventris
2734 4202 2851 4254 mei.
2875 4199 2979 4256 Cor
3001 4211 3177 4264 suum,
3209 4199 3538 4254 voluntatem

1951 4315 2103 4357 Sttam
2138 4299 2296 4364 dicit,
2333 4311 2453 4365 quae
2489 4297 2543 4351 in
2573 4294 2866 4364 Scripturis
2895 4293 3089 4348 divinis
3116 4293 3294 4348 clausa
3325 4293 3540 4363 tegeba-

1955 4402 2071 4458 tur;
2097 4375 2192 4448 θέα
2223 4390 2440 4460 impleta
2471 4389 2740 4459 passione,
2775 4388 2950 4441 omnis
2980 4387 3180 4440 veritas
3210 4384 3277 4439 de
3304 4385 3534 4439 adn-ntu

1953 4488 2068 4556 ejus
2097 4486 2362 4556 promissa
2395 4484 2629 4538 revelata
2654 4490 2762 4536 est.
2807 4479 2950 4537 Bene
2979 4491 3156 4536 autem
3182 4480 3307 4547 legis
3335 4485 3540 4549 myste-

281 4584 676 4646 Pmsumerent,
729 4578 876 4631 venit
913 4573 975 4629 ad
1025 4575 1313 4630 secundam
1369 4581 1570 4643 partem
1591 4618 1605 4642 ,
1642 4573 1727 4628 ubi
1759 4581 1854 4644 per
1881 4577 1936 4636 D
1962 4582 2038 4636 ria
2068 4589 2374 4648 comparata
2405 4585 2530 4632 sunt
2555 4591 2700 4642 certe,
2727 4589 2845 4644 quia
2889 4583 3016 4629 tunc
3056 4571 3392 4641 splendorem
3419 4573 3540 4625 red-

281 4657 584 4740 allegoiicas
627 4669 1058 4740 comparationes
1109 4663 1467 4722 crucil‘ixionis
1508 4682 1618 4721 suae
1648 4667 1852 4721 revelat

282 4770 540 4818 arcanum.
573 4763 638 4818 Et
661 4772 782 4818 ηοω
813 4763 937 4833 quia
961 4761 1132 4818 futura
1164 4777 1259 4832 pro
1285 4763 1570 4830 praeteritis
1603 4762 1766 4829 ponit,
1793 4769 1852 4814 ut

283 4849 556 4911 durissima
610 4855 769 4912 corda
815 4855 1150 4923 Judaaorum,
1198 4854 1351 4924 quasi
1385 4865 1598 4924 peracta
1626 4853 1848 4908 veritate

283 4949 631 5007 convinceret.
675 4951 803 5018 Quae
854 4950 1018 5018 ﬁgura
1069 4950 1263 5004 dicitur
1319 4948 1610 5018 prolepsis,
1667 4947 1848 5002 Latine

285 5042 692 5114 praeoccupatio;
721 5043 933 5112 quando
983 5041 1214 5098 refertur
1259 5041 1453 5111 aliquid
1507 5056 1600 5110 per
1640 5051 1847 5108 tempus

286 5141 617 5207 praeteritum,
647 5137 787 5207 quod
815 5135 988 5192 adhuc
1007 5136 1242 5190 creditur
1263 5151 1381 5190 esse
1415 5117 1715 5189 venturum.
1739 5130 1845 5186 To-

286 5233 385 5282 tum
414 5231 604 5286 factum
635 5239 737 5298 est,
773 5245 840 5286 ne
886 5230 1081 5300 periret
1109 5227 1443 5292 incredulus;
1475 5228 1569 5282 sed
1602 5227 1714 5294 ipse
1742 5225 1846 5280 sibi

286 5323 467 5378 exstitit
494 5339 639 5392 rens,
681 5322 768 5394 qui
799 5321 950 5393 sequi
983 5321 1137 5376 toties
1167 5319 1488 5390 contempsit
1519 5317 1844 5373 admonitus.

293 5406 440 5468 Vituli
490 5416 656 5481 multi,
699 5416 878 5487 populi
925 5423 1052 5468 sunt
1095 5411 1336 5467 videliCct
1382 5411 1682 5466 Judzeorum
1708 5453 1721 5476 ,
1754 5412 1841 5480 qui

288 5499 508 5572 ignorate
537 5511 630 5567 Dei
655 5509 807 5582 jugo,
859 5505 1252 5564 inconsiderata
1312 5507 1636 5577 procacitate
1683 5505 1841 5561 lasci—

289 5596 451 5668 viunt,
497 5602 654 5657 simul
699 5602 993 5672 petulantes
1037 5609 1092 5654 et
1144 5599 1305 5664 fatui,
1355 5600 1441 5669 qni
1476 5613 1687 5669 gressus
1719 5613 1843 5652 suos

290 5688 414 5742 nulla
428 5693 1148 5762 moderationedistinguunt,
1181 5689 1274 5746 sed
1308 5691 1420 5760 vagi
1444 5705 1504 5745 ac
1538 5689 1755 5760 penduli
1777 5690 1840 5742 ad

290 5771 449 5849 illittua
475 5787 695 5844 consilia
716 5785 1030 5858 quibusdam
1053 5784 1274 5839 saltibus
1301 5784 1614 5839 elferuntur.
1651 5781 1845 5836 Tauros

289 5871 515 5945 Pingues,
545 5879 814 5953 principes
838 5878 1141 5937 Iudaeorum
1169 5877 1424 5950 designat,
1455 5878 1541 5950 qui
1587 5878 1636 5933 in
1672 5875 1838 5933 vicem

1957 4671 2055 4742 dlt,
2087 4672 2300 4745 quando
2328 4671 2563 4727 iuusum
2615 4669 2829 4724 luminis
2871 4652 3050 4722 calore
3096 4663 3377 4731 liquefacta
3425 4663 3536 4717 dis-

1933 4768 2201 4823 'solvitnr.
2239 4765 2478 4820 Ventrem
2511 4778 2638 4818 vero
2670 4777 2824 4816 suum
2857 4760 2984 4814 dicit
3017 4757 3316 4813 Ecclesiam
3344 4756 3534 4812 catho-

1942 4859 2110 4914 licam
2157 4877 2169 4910 :

2234 4857 2320 4911 ubi
2371 4865 2506 4910 tet-ta
2563 4855 2728 4910 verba
2789 4852 3228 4924 prtedicantium,
3284 4851 3538 4908 venientu

1952 4951 2210 5017 temporis
2259 4947 2611 5020 plenitudine,
2663 4957 2965 5016 patuerunt.
3005 4943 3132 4998 Inde
3163 4951 3245 4998 est
3282 4951 3336 4998 et
3367 4944 3531 5009 illud,

1957 5044 2095 5114 quod
2121 5044 2295 5097 velum
2342 5041 2521 5106 templi
2558 5041 2610 5092 in
2645 5038 2889 5106 passione
2921 5035 3132 5090 Domini
3160 5045 3368 5090 constat
3397 5037 3532 5090 scis-

1957 5151 2106 5201 sutn;
2141 5137 2374 5190 revelata
2401 5131 2682 5186 suntenitn
2723 5128 2817 5183 tali
2847 5128 2986 5183 facto
3016 5128 3102 5183 illa
3135 5141 3254 5198 qua:
3286 5127 3538 5196 tegeban-

1958 5241 2042 5286 tur
2071 5231 2294 5286 net-ulta.

2027 5327 2182 5381 Vers.
2213 5323 2296 5376 i6.
2344 5319 2566 5375 Exaruit
2591 5317 2726 5372 velut
2773 5327 2897 5374 testa
2925 5317 3086 5371 t-irtus
3123 5331 3265 5385 mea,
3293 5323 3339 5369 et
3363 5313 3539 5383 lingua

1957 5435 2065 5474 mea
2113 5415 2329 5470 adha'sit
2370 5411 2602 5486 faucibus
2625 5414 2774 5479 meis,
2803 5423 2850 5467 et
2869 5413 2921 5466 in
2950 5411 3202 5482 pulverem
3241 5410 3424 5463 mortis
3451 5409 3540 5462 de-

1953 5513 2206 5566 duxerunt
2252 5523 2346 5562 me.
2384 5505 2632 5560 i'irtutmt
2685 5504 2883 5560 Christi
2929 5513 3068 5557 testa:
3113 5517 3218 5555 non
3277 5509 3530 5571 putemus

1951 5605 2245 5670 incongrue
2294 5607 2678 5667 comparatam,
2715 5597 2833 5666 quia
2877 5595 3016 5649 sicut
3059 5591 3148 5646 illa
3183 5590 3398 5646 fornace
3430 5591 3532 5643 du-

1954 5696 2132 5750 rescit.
2167 5701 2220 5746 et
2251 5691 2437 5745 fortior
2467 5689 2704 5744 redditur
2745 5689 2866 5758 igne
2895 5687 3138 5748 decocta,
3171 5684 3250 5738 sic
3280 5682 3527 5748 passione

1953 5785 2159 5839 Domini
2192 5783 2350 5837 uirtus
2373 5783 2486 5852 ejus
2513 5779 2738 5835 solidata
2761 5787 2863 5844 est,
2893 5793 3010 5846 quae
3038 5777 3182 5842 prius
3209 5770 3355 5841 quasi
3388 5769 3530 5828 lutea

1950 5877 2239 5934 videbatur
2263 5873 2574 5933 incredulis.
2603 5871 2807 5945 Lingua
2825 5881 2953 5928 vero
2980 5877 3074 5924 sua
3105 5861 3372 5934 signiﬁcat
3397 5875 3537 5932 pra-
