4016 6344
482 424 585 483 159

1669 422 1737 479 Μ.
1785 416 2066 480 AURELII
2097 415 2499 479 CASSIODOBI

3629 424 3736 484 160

486 541 749 597 dicatores
778 539 1071 611 apostolos,
1098 538 1190 608 qui
1214 536 1536 593 adheserunt
1558 536 1789 608 faucibus
1815 535 2051 604 Christi,
2081 537 2135 595 A
2161 534 2542 606 conﬁgeretur,
2574 536 2849 594 videretur
2874 554 2906 595 a
2926 538 3127 607 multis,
3160 538 3469 596 crederetur
3500 553 3531 595 a
3560 540 3734 609 pluris

492 635 617 689 dum
640 633 753 703 ejus
776 633 1024 688 mandata
1045 631 1437 686 custodierunt.
1458 630 1549 684 ille
1569 629 1710 684 enim
1735 631 1784 682 in
1809 628 2052 685 faucibus

486 725 773 783 Dominicis
800 732 1005 790 manet,
1048 723 1135 792 qui
1163 717 1344 777 divino
1374 721 1639 790 adjutorio
1667 720 1833 788 ipsius
1855 720 2053 790 praedi-

486 818 747 871 cationem
769 814 1019 870 custodit.
1052 813 1155 868 Sed
1186 813 1453 883 quomodo
1483 826 1541 866 se
1563 811 1693 865 dicit
1717 812 1769 864 in
1797 812 2053 883 pulverem

487 906 775 968 deductum,
831 902 981 971 cujus
1028 916 1154 955 caro
1210 918 1313 957 non
1360 902 1574 971 pertulit
1621 900 2055 969 corruptionem?

487 996 590 1051 Sed
620 996 720 1050 hoc
756 992 821 1048 ad
853 1004 1031 1047 votum
1063 992 1470 1062 intelligendum
1500 1000 1582 1047 est
1621 992 1932 1046 immanium
1960 992 2054 1047 Ju-

488 1086 742 1151 daeorum,
786 1085 876 1155 qui
923 1100 983 1139 se
1034 1084 1287 1154 putabant
1317 1082 1530 1138 Christo
1579 1093 1804 1138 mortem
1838 1084 2053 1139 dedisse

488 1192 847 1243 communem,
896 1176 953 1230 in
998 1191 1101 1245 qua
1141 1174 1450 1231 crederetur
1490 1190 1658 1245 usque
1699 1174 1754 1229 in
1781 1175 2055 1244 pulverem

493 1270 656 1325 fuisse
688 1268 977 1339 perductus
1007 1286 1022 1325 :
1053 1268 1166 1323 sive
1192 1270 1359 1338 magis
1382 1282 1410 1322 a
1442 1267 1695 1322 membris
1726 1268 1854 1331 suis,
1895 1266 1948 1321 id
1972 1275 2055 1323 est

486 1365 555 1421 ab
596 1365 829 1419 Ecclesia
874 1363 1012 1417 dicat
1040 1377 1099 1417 se
1123 1376 1291 1432 usque
1336 1361 1401 1416 ad
1448 1363 1717 1431 pulverem
1750 1361 1915 1415 fuisse
1937 1375 2057 1430 per-

489 1458 733 1521 ductum;
765 1456 889 1510 dum
910 1468 1028 1511 sors
1051 1456 1151 1510 ista
1176 1456 1421 1510 humanae
1451 1453 1740 1509 conditioni
1770 1453 2056 1509 videbatur

491 1561 610 1603 esse
641 1548 958 1602 communis.

560 1640 716 1697 Vers.
741 1641 827 1697 i7.
866 1640 1117 1707 Quoniam
1142 1639 1583 1693 circumdederunt
1608 1654 1685 1692 me
1702 1654 1853 1692 canes
1876 1636 2027 1691 multi
2040 1654 2060 1704 ,-

2161 627 2286 682 tnis.
2310 627 2376 682 Et
2421 644 2488 683 ne
2512 628 2679 686 Deum
2707 631 2967 701 quispiam
3011 632 3299 698 dubitaret,
3332 633 3386 687 in
3427 633 3582 701 cujus
3610 647 3736 704 pas-

2157 720 2309 774 sione
2340 729 2418 775 tot
2470 730 2526 776 et
2573 730 2717 777 tanta
2760 725 3013 780 miracula
3051 726 3444 791 convenissent,
3476 724 3581 780 Per
3609 727 3734 780 uni-

2156 826 2354 865 versum
2400 814 2645 867 mundum
2692 816 2907 870 tenebris
2955 818 3103 888 facta:
3150 828 3288 883 sunt,
3342 828 3476 873 terra
3504 820 3731 887 tremuit,

2156 911 2313 971 petrae
2340 902 2510 959 scissre
2538 914 2657 959 sunt
2701 906 2916 978 (Matth.
2974 925 3139 974 xxvii,
3185 909 3313 982 45);
3345 919 3404 965 ut
3430 913 3575 967 orbis
3605 929 3736 981 pas-

2160 1007 2276 1049 sum
2306 997 2586 1052 evidenter
2624 1012 2777 1053 suum
2810 1008 3098 1055 testaretur
3133 1012 3425 1058 auctorem.
3456 1004 3546 1060 Sic
3575 1006 3735 1060 istam

2159 1085 2563 1143 cruciﬁxionem
2606 1098 2779 1144 totum
2827 1091 3069 1148 mirabile
3118 1093 3316 1149 habere
3367 1095 3566 1166 decuit,
3612 1111 3735 1167 quas

2160 1180 2419 1249 templum
2450 1182 2523 1249 pii
2552 1180 2924 1254 Redemptoris
2959 1186 3188 1255 excepit.
3230 1187 3562 1259 Quapmpter
3620 1204 3737 1245 me-

2160 1272 2265 1326 rito
2294 1286 2325 1326 a
2351 1272 2575 1329 Christo
2606 1275 2775 1330 electa
2813 1284 2897 1332 est
2919 1291 3071 1344 crux,
3099 1278 3152 1333 in
3183 1293 3286 1347 qua
3315 1288 3368 1333 et
3394 1280 3738 1350 singulariter

2161 1365 2527 1432 occumberet,
2558 1374 2612 1421 et
2638 1369 2907 1423 communi
2929 1380 3073 1426 sorte
3098 1380 3413 1426 moreretur.

2242 1458 2309 1513 Et
2332 1459 2575 1528 quamvis
2606 1462 2870 1529 passionis
2916 1463 3197 1519 dominica:
3232 1464 3297 1518 ad
3329 1464 3562 1519 litteram
3603 1465 3738 1519 sim-

2168 1549 2291 1619 plex
2324 1549 2411 1605 hic
2442 1550 2688 1606 videatur
2708 1567 2828 1608 esse
2855 1553 3109 1621 narratio,
3150 1563 3328 1610 tamen
3353 1554 3551 1624 aliquid
3583 1554 3739 1610 nobis

2164 1650 2220 1696 et
2280 1642 2635 1711 spiritualiter
2687 1645 3025 1700 sentiendum
3089 1655 3239 1702 actus
3294 1648 3395 1704 iste
3448 1648 3736 1716 signiﬁcat.

489 1734 755 1788 comitium
782 1734 1171 1805 malignantium
1195 1733 1383 1787 obsedit
1408 1749 1506 1786 me.
1551 1732 1647 1786 Hic
1676 1730 1905 1785 mirabili
1937 1746 2061 1800 pro-
2166 1732 2354 1788 Manus
2385 1734 2583 1789 Christi
2628 1735 2794 1791 τιυόωὶ
2821 1736 3172 1801 violaverunt,
3201 1740 3413 1808 quando
3431 1737 3549 1810 ejus
3574 1740 3739 1794 mira-

490 1827 719 1896 prietate
746 1827 1008 1895 passionis
1053 1842 1161 1882 suae
1185 1835 1521 1883 sacramenta
1560 1824 1835 1880 describit.
1864 1824 2061 1880 Canum
2163 1824 2296 1881 culis
2326 1826 2632 1883 nullatenus
2658 1827 2879 1885 credere
2906 1829 3232 1886 maluerunt.
3280 1830 3469 1884 Manus
3489 1834 3634 1886 enim
3662 1832 3740 1887 si-

490 1919 647 1989 igitur
679 1927 865 1974 natura
889 1919 1007 1974 talis
1044 1928 1158 1986 est,
1186 1932 1243 1973 ut
1272 1919 1466 1990 ignotis
1494 1918 1797 1974 hominibus
1823 1918 2057 1975 nullate-
2088 1902 2136 1965 Β
2161 1918 2417 1989 gniﬁeant
2461 1923 2801 1989 operationes
2859 1937 2991 1991 quas
3016 1922 3069 1977 in
3098 1923 3433 1979 diversorum
3465 1921 3738 1993 languori-

490 2026 590 2064 nus
626 2010 995 2081 acquiescant,
1025 2011 1119 2067 sed
1160 2011 1479 2081 importunis
1506 2020 1664 2082 atque
1700 2012 1927 2067 assiduis
1974 2012 2056 2066 la-

487 2103 714 2157 tratibus
760 2114 1005 2171 arceant,
1046 2120 1179 2175 quos
1220 2106 1404 2160 notitia
1432 2106 1741 2161 domestica:
1770 2121 2056 2163 conversa-

462 2232 463 2235 η
489 2195 649 2251 tionis
682 2198 906 2265 ignorat.
938 2198 1031 2252 llis
1062 2211 1190 2268 ergo
1220 2196 1384 2251 Juda‘i
1412 2196 1710 2266 iustissime
1736 2212 2056 2267 comparan-

485 2298 588 2356 tur,
616 2290 703 2359 qui
719 2303 905 2345 novam
919 2288 1214 2344 doctrinam
1234 2288 1443 2343 Domini
1471 2282 1689 2344 minime
1712 2290 2049 2359 recipientes,

481 2388 664 2435 contra
692 2395 812 2435 eum
831 2380 1173 2436 ferocissimis
1201 2380 1420 2436 vocibus
1449 2381 1810 2437 oblatrahant.
1843 2381 2053 2437 Doctri-

484 2487 547 2527 na
569 2488 696 2528 vero
721 2489 854 2528 nova
882 2482 994 2541 est,
1022 2477 1161 2530 sicut
1183 2475 1521 2544 Evangelista
1543 2475 1670 2532 dicit
1697 2494 1710 2530 :
1746 2475 2052 2532 Mandatum

480 2579 664 2618 novum
683 2566 747 2619 do
773 2566 929 2633 vobis,
954 2574 1008 2619 ut
1029 2583 1115 2621 vos
1135 2567 1346 2622 inuicem
1366 2568 1594 2639 diligatis
1615 2567 1791 2639 (Joan.
1807 2568 2047 2641 xm,54);

479 2655 616 2723 quod
641 2655 800 2711 etiam
848 2655 1008 2712 Isaias
1050 2658 1308 2727 propheta
1355 2667 1579 2715 testatur
1605 2659 1789 2716 dicens
1822 2678 1835 2713 :
1875 2661 2051 2717 Vetera

477 2748 809 2815 transierunt,
832 2766 943 2803 ecce
963 2766 1091 2804 nova
1113 2751 1259 2819 facta.
1274 2760 1393 2805 sunt
1422 2754 1591 2806 omnia
1607 2750 1758 2823 (Isai.
1780 2769 1901 2819 xw,
1933 2754 2045 2823 i9).

479 2836 729 2895 Patenter
748 2850 925 2896 autem
964 2841 1293 2898 describitur.
1324 2854 1477 2899 actus
1518 2843 1607 2898 ille
1637 2844 1922 2913 Judaicus;
1950 2847 2047 2903 fuit

475 2928 615 2984 enim
643 2932 909 2987 consilium
936 2936 1342 3006 malignttntium,
1375 2939 1585 3007 quando
1610 2940 1913 3009 cogitabant
1940 2942 2047 2997 Do-

475 3021 675 3075 minum
721 3024 905 3080 Jesum
944 3026 1067 3080 dolo
1106 3035 1317 3095 tenere,
1376 3031 1639 3099 mortique
1675 3032 1907 3088 tradere.
1937 3035 2044 3106 75

475 3109 870 3179 Malignantiunt
900 3114 1100 3186 quippe
1128 3117 1284 3183 dicit,
1312 3119 1538 3189 maligna
1562 3121 1932 3192 cogitantium.
1976 3124 2044 3180 Et

477 3202 671 3257 merito
698 3218 758 3259 se
785 3206 981 3262 fatetur
1024 3206 1308 3277 obsessum,
1341 3210 1465 3281 quia
1495 3211 1547 3266 in
1579 3213 1693 3282 ipso
1713 3224 1828 3269 erat
1852 3215 2040 3272 civitas

2166 2012 2262 2065 bus
2293 2012 2531 2067 medicus
2555 2013 2789 2069 caelestis
2817 2015 3092 2082 exercuit,
3125 2022 3184 2069 ut
3232 2029 3417 2070 eorum
3467 2014 3738 2071 obstinata

2164 2105 2357 2158 duritia
2396 2106 2669 2175 signorum
2718 2106 3003 2161 virtutibus
3054 2106 3375 2162 molliretur.
3406 2104 3573 2161 Pedes
3600 2122 3738 2176 quo-

2162 2212 2265 2268 que
2294 2199 2555 2268 foderunt,
2614 2198 2738 2254 dum
2794 2200 2909 2268 ejus
2956 2200 3244 2269 apostolos,
3295 2214 3392 2270 per
3432 2214 3569 2270 quos
3604 2199 3737 2256 ﬁdes

2162 2288 2470 2345 Christiana
2521 2290 2575 2346 in
2629 2290 2875 2362 gentibus
2930 2293 3240 2357 ambulavit,
3271 2291 3583 2347 lacerandos
3612 2307 3737 2350 esse

2163 2392 2503 2453 putaverunt.
2538 2382 2627 2438 Sic
2675 2383 2868 2439 futura
2904 2398 3077 2438 causa:
3115 2384 3168 2439 in
3202 2384 3298 2439 ista
3326 2383 3535 2438 Domini
3559 2384 3735 2439 cruci-

2160 2474 2359 2528 lixione
2391 2474 2661 2544 praedicta:
2692 2484 2835 2530 sunt.
2866 2472 3136 2530 Fuderunt
3163 2486 3362 2541 autem,
3393 2490 3496 2529 non
3537 2475 3736 2531 transi-

2159 2564 2295 2620 torie
2324 2563 2581 2619 debemus
2605 2565 2871 2635 accipere,
2903 2567 3023 2635 quia
3068 2575 3208 2622 terra
3230 2575 3360 2622 tunc
3384 2566 3563 2622 varios
3593 2568 3733 2622 fetus

2158 2658 2440 2727 germinat,
2477 2654 2691 2725 quando
2732 2656 3003 2711 hominum
3037 2657 3214 2713 studio
3236 2658 3576 2728 cognoscitur
3602 2671 3733 2711 exa-

2158 2759 2289 2804 rata.
2324 2749 2475 2817 Quod
2525 2749 2750 2816 contigit
2806 2747 2858 2803 in
2910 2763 3134 2818 corpore
3165 2749 3372 2805 Domini
3403 2749 3728 2817 Saluatoris;

2155 2841 2284 2896 illud
2309 2842 2449 2896 enim
2477 2840 2639 2895 clavis
2666 2840 2904 2907 afﬁxum,
2921 2841 3103 2896 lancea
3125 2841 3471 2910 perforatum,
3494 2842 3727 2896 fructum

2152 2930 2307 2986 nobis
2340 2931 2515 2985 intulit
2546 2932 2661 2986 sine
2709 2930 2815 2985 ﬁne
2861 2946 3192 2986 mansurum.
3242 2930 3581 3002 Quapropter
3615 2932 3729 3001 jam

2157 3038 2261 3077 non
2282 3024 2706 3091 pertime-cimus
2722 3023 2901 3077 dicere
2922 3023 3087 3077 Deum
3113 3037 3274 3078 carne
3299 3037 3536 3094 passum,
3552 3022 3729 3079 Deum

2150 3124 2423 3168 mortuum
2479 3129 2574 3183 pro
2621 3113 2792 3168 salute
2839 3124 3173 3169 cunctorum.
3222 3114 3371 3170 Unde
3416 3115 3578 3169 Pater
3618 3114 3731 3170 Au-

2145 3206 2391 3275 gustinus
2422 3204 2739 3259 mirabiliter
2755 3215 2806 3259 et
2827 3207 2987 3261 solito
3013 3221 3162 3262 more
3191 3205 3503 3275 declaravit,
3534 3206 3731 3263 dicens

473 3293 801 3363 Jerusalem,
831 3313 988 3365 quam
1035 3298 1214 3356 hostes
1237 3300 1360 3357 ﬁdei
1393 3301 1714 3361 Christiana
1753 3307 1806 3361 in
1850 3309 2040 3367 eodem

2150 3297 2346 3370 (Serm.
2379 3295 2446 3349 39
2475 3298 2539 3350 de
2568 3296 2775 3370 Temp.)
2798 3314 2811 3351 :
2833 3300 2935 3353 lies
2963 3308 3167 3355 vetusta
3196 3310 3311 3356 erat
3338 3308 3396 3356 ut
3421 3300 3586 3355 homo
3610 3314 3731 3355 mo-

472 3391 697 3446 obsidere
726 3392 1042 3450 uidebantur.

548 3482 696 3541 Vcrs.
728 3486 816 3541 l8.
844 3485 1113 3544 Foderunt
1132 3506 1315 3546 manus
1336 3508 1475 3548 meas
1501 3502 1550 3549 et
1576 3496 1727 3565 pedes
1757 3513 1910 3553 meos.
1935 3498 2041 3557 Sed

471 3586 754 3650 antequam
792 3583 859 3638 ad
895 3584 1167 3642 Passionis
1198 3589 1368 3660 ipsius
1414 3592 1690 3649 veniamus
1735 3595 2038 3665 exordium,

470 3676 911 3742 perscrutandum
955 3690 1036 3733 est
1069 3696 1168 3736 cur
1213 3683 1369 3737 talem
1413 3684 1513 3740 sibi
1561 3685 1782 3755 elegerit
1809 3698 2037 3745 mortem

469 3766 556 3833 qui
601 3766 735 3821 dixit
775 3785 788 3820 :
834 3768 1143 3827 Potestatem
1171 3774 1330 3829 habeo
1352 3777 1577 3847 ponendi
1601 3778 1826 3831 animant
1851 3795 2034 3847 meam,

468 3866 515 3912 et
537 3870 834 3928 potestatem
857 3865 1014 3921 habeo
1034 3868 1219 3922 iterum
1244 3855 1478 3925 sumendi
1503 3887 1611 3925 eam
1639 3870 1820 3943 (Joan.
1838 3888 1891 3938 x,
1911 3871 2037 3941 l8)?

468 3948 725 4019 Primum,
751 3956 889 4025 quod
917 3959 1094 4014 crucis
1123 3960 1237 4030 ipsa
1283 3963 1475 4032 positio
1525 3963 1643 4017 talis
1694 3972 1796 4029 est,
1825 3973 1882 4017 ut
1914 3976 2038 4031 pars

390 4110 397 4117 ν
467 4043 583 4111 ejus
612 4048 857 4115 superior
883 4050 1241 4137 chOSJlelal,
1288 4054 1512 4110 inferior
1547 4064 1719 4111 terras
1742 4071 1846 4111 non
1877 4056 2033 4112 dese-

465 4142 568 4200 rat,
601 4133 704 4190 fixa
734 4133 1202 4199 infernorum'ima
1247 4146 1541 4215 contingat,
1572 4156 1627 4202 et
1656 4146 1797 4200 velut
1819 4145 2037 4214 quibus-

464 4221 584 4277 dam
627 4225 864 4284 brachiis
919 4234 1180 4300 extensis,
1235 4235 1461 4290 latitudo
1505 4237 1621 4305 ejus
1669 4237 1828 4293 totius
1857 4247 2036 4307 partes

462 4324 681 4381 appetat
726 4321 931 4386 mundi,
956 4322 1143 4389 jacens
1185 4340 1313 4380 vero
1341 4334 1567 4396 quatuor
1618 4330 1863 4384 cardines
1891 4329 2035 4385 orbis

463 4404 722 4475 designat.
757 4409 843 4464 Sic
872 4412 926 4466 in
978 4427 1143 4480 parvo
1189 4416 1384 4485 posita,
1445 4428 1637 4473 cuncta
1676 4418 1887 4474 videtur
1911 4433 2034 4475 esse

463 4496 763 4565 complexa.
808 4498 884 4554 De
932 4514 1093 4558 cruce
1129 4502 1339 4559 Domini
1386 4505 1527 4571 dico,
1560 4521 1678 4577 quae
1717 4508 1783 4563 de
1833 4507 2033 4578 ptenali

2148 3403 2388 3459 reretur;
2406 3392 2547 3463 quod
2578 3408 2645 3447 ne
2675 3407 2885 3462 semper
2911 3394 3113 3449 valeret
3134 3396 3182 3448 in
3217 3395 3449 3460 homine,
3473 3410 3564 3451 res
3586 3409 3727 3452 nova

2149 3483 2287 3540 facta
2316 3494 2399 3539 est
2424 3493 2481 3539 ut
2507 3483 2647 3539 Deus
2676 3494 3003 3551 moreretur;
3033 3487 3172 3541 sicut
3199 3496 3252 3542 et
3280 3487 3572 3556 Apostolus
3600 3488 3712 3543 ait:

2145 3578 2259 3633 Nos
2289 3586 2456 3633 autem
2486 3579 2824 3649 prwdicamus
2851 3578 3126 3648 Christum,
3174 3591 3224 3635 et
3249 3580 3385 3636 hunc
3412 3583 3726 3650 cruci/istum

2142 3671 2193 3743 (1
2226 3672 2346 3728 Cor.
2386 3687 2425 3740 ι,
2454 3671 2570 3743 25).
2616 3673 2680 3727 Et
2707 3688 2773 3728 ne
2800 3674 2962 3729 ﬁlium
3010 3672 3244 3743 Virginis
3268 3673 3350 3745 (ut
3373 3673 3594 3743 quidam
3624 3675 3724 3731 de-

2147 3762 2405 3817 mentiam
2462 3765 2673 3833 putant)
2714 3765 2876 3819 alium
2921 3764 3147 3821 fortasse
3194 3766 3442 3829 sentires,
3475 3767 3721 3836 adjecit:

2147 3854 2404 3907 Christum
2435 3856 2604 3924 utique
2629 3853 2726 3910 Dei
2745 3857 2996 3922 virtutem,
3025 3866 3072 3911 et
3099 3856 3196 3911 Dei
3224 3857 3529 3927 sapientiam
3554 3873 3575 3912 :
3595 3859 3725 3927 quia

2144 3948 2279 4015 qttod
2307 3950 2517 4001 stultum
2566 3957 2640 4001 est
2679 3946 2797 4015 Dei,
2842 3951 3125 4019 sapientius
3169 3960 3243 4006 est
3298 3952 3624 4017 hominibus;
3671 3961 3725 4007 et

2143 4036 2280 4106 quod
2308 4036 2566 4104 inﬁrmum
2595 4046 2667 4091 est
2711 4035 2827 4102 Dei,
2879 4042 3062 4108 fortius
3109 4051 3179 4095 est
3224 4040 3527 4095 hominibus.
3578 4040 3721 4107 Quid

2144 4130 2287 4182 enim
2318 4137 2423 4182 tam
2456 4130 2701 4197 stultum,
2733 4138 2841 4186 tam
2874 4131 3139 4187 inﬁrmum
3163 4132 3370 4188 videtur
3397 4133 3719 4202 incredulis,

2142 4236 2298 4293 quam
2331 4238 2451 4277 cum
2502 4222 2726 4278 audiunt
2776 4223 2963 4288 Deum,
3019 4225 3110 4279 Dei
3157 4225 3345 4280 Filium
3389 4226 3717 4282 crucilixum

2140 4316 2343 4385 pariter
2381 4324 2435 4369 et
2464 4316 2765 4383 sepultum?
2810 4316 2918 4370 Sed
2963 4317 3150 4385 placuit
3178 4317 3289 4372 Deo
3329 4334 3419 4387 per
3438 4317 3707 4372 stultitiatr

2140 4406 2524 4475 prwdicationis
2574 4406 2741 4460 salvos
2782 4408 2947 4477 facere
2994 4408 3251 4462 credentes
3307 4408 3551 4477 (Ibidem,
3592 4409 3716 4479 2|).

2137 4498 2445 4554 lncarnatio
2473 4499 2735 4569 siquidem
2764 4501 2995 4568 Domini,
3027 4501 3411 4556 misericordiae
3442 4502 3614 4571 ipsius
3633 4511 3721 4557 est

462 4588 603 4642 malo
634 4598 995 4657 peccatorum,
1029 4592 1167 4647 facta
1197 4603 1279 4650 est
1304 4597 1456 4652 beata
1485 4595 1817 4667 redemptio;
1846 4609 2029 4668 postea
2059 4627 2115 4690 Β
2141 4590 2405 4645 mirabilis
2457 4590 2705 4659 altitudo,
2757 4592 3125 4649 inaesﬁmabile
3151 4593 3375 4658 donum,
3407 4594 3721 4661 incompre-

460 4677 704 4733 tribuens
752 4680 945 4739 salutis
974 4683 1194 4749 bonum,
1228 4700 1346 4753 qua:
1382 4686 1588 4756 pridem
1633 4688 1792 4743 dabat
1844 4688 2035 4747 interi-

462 4781 571 4826 tum
599 4789 614 4828 :
641 4775 937 4843 patibulum
984 4779 1243 4843 salutare,
1272 4794 1416 4834 mors
1459 4780 1700 4835 indicans
1727 4780 1910 4847 vitam,
1938 4782 2038 4840 hu-

458 4863 653 4918 militas
669 4866 904 4922 divinam
919 4868 1255 4938 proclamans
1272 4870 1663 4938 summitatem;
1685 4881 1738 4927 ut
1757 4873 2032 4933 Christum

456 4954 509 5008 in
552 4956 709 5021 cmlo,
757 4958 1030 5014 Christum
1058 4962 1110 5015 in
1159 4971 1323 5025 terra,
1352 4963 1624 5019 Christum
1658 4980 1751 5035 per
1778 4979 2028 5027 cunctum

455 5046 663 5117 orbem,
694 5048 963 5105 Christum
987 5069 1198 5126 quoque
1219 5056 1285 5111 ad
1305 5057 1512 5113 inferna
1542 5073 1636 5128 per
1659 5060 1881 5130 figuram
1905 5078 2030 5119 cru-

457 5137 536 5191 cis
560 5153 680 5195 esse
709 5156 1019 5210 cognoscas;
1051 5146 1202 5213 Quod
1232 5149 1276 5201 si
1309 5159 1400 5203 aut
1431 5151 1573 5205 ferro
1601 5162 1899 5222 truncatus,
1930 5166 2024 5213 aut

455 5227 667 5297 ignibus
709 5230 895 5287 fuisset
931 5235 1261 5307 absumptus,
1302 5248 1391 5293 aut
1422 5240 1685 5311 lapidibus
1711 5258 2023 5315 oppressus,

455 5331 546 5372 aut
576 5320 822 5379 ﬂuctibus
852 5325 1150 5393 demersus.
1173 5341 1265 5384 aut
1291 5332 1391 5388 alia
1420 5334 1657 5404 qualibet
1684 5346 1855 5394 morte
1890 5355 2026 5408 prae-

455 5420 664 5482 ventus,
693 5430 798 5483 quo
820 5417 992 5487 signo,
1042 5433 1194 5490 rogo,
1240 5422 1484 5480 diabolus
1533 5427 1859 5495 pelleretur?
1907 5430 2024 5497 Quo

454 5501 653 5557 vexillo
707 5506 854 5563 frons
905 5508 1328 5591 Christianorum
1377 5523 1490 5571 tuta
1536 5517 1861 5574 mansisset?
1906 5519 2017 5585 Qua

461 5590 628 5663 ﬁgura
652 5602 892 5668 corporis
916 5614 968 5660 et
992 5603 1185 5662 anima:
1204 5606 1505 5664 ﬁrmaretur
1526 5608 1848 5665 inﬁrmitas?
1870 5611 2021 5665 Nulla

454 5701 602 5744 mors
630 5699 788 5748 tanta;
814 5697 1077 5766 majestati
1126 5702 1313 5760 melius
1355 5704 1646 5760 convenire
1696 5706 1883 5772 potuit,
1918 5706 2021 5761 nisi

453 5793 571 5849 qua:
596 5785 748 5841 nobis
771 5790 1020 5858 perfectae
1045 5795 1233 5853 salutis
1268 5796 1459 5852 indicia
1502 5795 1802 5867 dereliquit.
1836 5794 2023 5851 Provi-

450 5885 568 5928 sutu
608 5886 694 5936 est
736 5883 897 5942 etiam
941 5888 1009 5947 ad
1053 5888 1433 5949 credulitatem
1489 5895 1750 5957 nostram,
1777 5895 1838 5945 ut
1863 5887 2021 5945 altius

2140 4681 2402 4738 hensibile
2430 4682 2742 4752 mysterium
2768 4700 2782 4736 :
2814 4683 2955 4739 unde
2982 4692 3072 4737 aut
3098 4683 3258 4738 rectis
3286 4682 3555 4738 mentibus
3588 4699 3720 4752 pro-

2139 4775 2286 4832 venit
2313 4776 2475 4841 salus,
2524 4784 2615 4831 aut
2645 4776 2914 4848 perversis
2959 4775 3205 4832 sensibus
3241 4784 3533 4847 generatur
3575 4776 3713 4832 inte-

2135 4870 2293 4926 ritus.

2208 4960 2485 5017 Vers.19.
2536 4960 2997 5016 Dinumeraverunt
3048 4961 3219 5014 omnia
3255 4975 3373 5016 ossa
3416 4976 3565 5029 mea;
3611 4963 3710 5034 ἔρι’

2131 5069 2251 5109 vero
2278 5054 2722 5109 consideraverunt
2744 5061 2791 5108 et
2819 5062 3193 5125 conspexerunt
3219 5068 3320 5109 me.
3349 5053 3546 5109 Forma
3586 5069 3720 5112 cru-

2130 5149 2207 5204 cis
2238 5148 2374 5203 mira
2400 5147 2728 5216 proprietate
2756 5147 2964 5217 depicta
2997 5157 3108 5213 est;
3152 5156 3211 5203 ut
3237 5160 3398 5202 omne
3426 5162 3628 5217 corpus
3658 5150 3717 5206 in

2129 5256 2193 5297 ea
2222 5241 2302 5297 sic
2325 5241 2531 5295 dicatur
2550 5249 2851 5305 extensum,
2878 5250 3138 5310 quatenus
3164 5240 3280 5309 ejus
3306 5254 3431 5297 ossa
3454 5241 3715 5297 humanis

2128 5335 2295 5389 oculis
2341 5330 2687 5386 numerabilis
2731 5332 3072 5398 viderentur;
3118 5341 3176 5386 ut
3197 5333 3339 5402 quod
3362 5347 3490 5388 caro
3517 5347 3719 5403 super-

2130 5426 2288 5481 ducta
2314 5423 2603 5489 celaverat,
2638 5421 2803 5477 nimia
2833 5422 3073 5477 tensione
3123 5424 3364 5493 corporis
3393 5434 3711 5495 appareret.

2128 5517 2235 5574 Sed
2265 5515 2540 5571 videamus
2561 5524 2736 5568 utrum
2765 5528 2922 5584 ptena
2962 5514 3184 5569 dicenda
3228 5516 3320 5581 sit,
3345 5531 3411 5570 an
3437 5516 3713 5587 tribunal;

2129 5609 2419 5674 damnatio,
2454 5624 2520 5662 an
2571 5606 2883 5675 disceptatio
2912 5622 2926 5660 :
2956 5607 3047 5661 ubi
3082 5608 3235 5677 quasi
3262 5607 3317 5663 in
3364 5608 3537 5681 regali
3566 5611 3717 5667 solio

2128 5710 2472 5770 constitutus,
2507 5702 2867 5769 increpantem
2906 5701 3120 5772 reliquit
3146 5718 3321 5771 reum,
3353 5704 3712 5764 conﬁtentem

2132 5794 2359 5850 reddidit
2388 5792 2632 5864 protinus
2653 5790 2979 5847 absolutum.
3013 5793 3130 5862 Quo
3166 5794 3310 5850 facto
3356 5795 3450 5852 ille
3478 5796 3712 5857 humani

2125 5887 2342 5958 generis
2368 5885 2650 5943 Miserator
2669 5883 2918 5955 eximius,
2955 5886 3083 5956 quid
3105 5887 3303 5946 sanctis
3328 5888 3442 5949 suis
3471 5902 3714 5962 praesta-
