4064 6360
233 411 314 465 l6l
1173 399 1530 458 EXPOSITIO
1567 398 1632 454 IN
1673 395 2124 457 PSAL‘I‘ERIUM.
2167 393 2358 452 PSAL.
2399 393 2541 450 XXI.

229 531 368 576 turus
393 527 555 583 esset,
579 518 632 572 in
679 516 924 573 Latronis
955 515 1128 573 subita
1149 519 1484 573 confessione
1513 525 1783 572 monstra-
1817 513 1872 574 Δ
1895 517 2270 577 monstratum,
2313 508 2455 579 quod
2494 520 2650 564 mens
2696 506 2887 565 devota
2934 504 3198 577 petitione
3241 504 3469 578 supplici

233 615 322 670 vit.
354 612 684 666 Dinumerata
711 620 829 665 sunt
857 612 1018 666 etiam
1045 628 1160 665 ossa
1188 613 1325 681 ejus,
1351 611 1404 665 id
1435 619 1516 665 est
1539 607 1788 680 apostoli,

233 705 339 759 sive
371 703 556 772 reliqui
595 701 906 766 Christiani,
951 702 1160 772 quando
1218 702 1590 770 persecutione
1654 698 1791 754 facta

234 795 599 850 truculentium
631 792 963 859 Judteorum,
1011 808 1078 847 ne
1108 794 1159 847 in
1201 793 1459 861 majorem
1509 805 1790 846 numerum

231 885 693 951 convalescerent,
763 885 1144 954 quaerebantur
1197 884 1488 952 exstingui.
1543 881 1795 952 Sequitur

233 978 382 1032 etiam
415 974 805 1030 incredulitatis
834 990 1016 1030 eorum
1042 974 1377 1030 detestabilis
1399 973 1715 1038 obstinatio;
1740 981 1796 1027 ut

231 1087 326 1125 non
349 1070 553 1138 aliquid
587 1069 893 1124 transitorie
923 1079 1012 1123 aut
1037 1069 1320 1124 casualiter
1359 1069 1551 1122 fecisse
1576 1066 1793 1121 videan-

232 1170 309 1218 tur
337 1178 350 1215 :
383 1162 477 1215 sed
507 1161 637 1214 dicit
664 1175 756 1215 eos
781 1162 1124 1214 considerasse
1156 1170 1200 1213 et
1232 1160 1587 1226 conspexisse;
1611 1167 1665 1212 et
1701 1172 1796 1213 cor

231 1271 405 1310 eorum
440 1253 713 1323 lapideum
759 1262 839 1307 tot
884 1253 1154 1307 miraculis
1181 1268 1285 1306 non
1317 1251 1483 1305 fuisse
1510 1251 1794 1306 mollitum.

232 1351 395 1403 Petra:
415 1349 602 1402 scissa:
631 1355 776 1412 sunt,
812 1356 952 1401 terra
983 1346 1214 1412 tremuit,
1234 1347 1315 1400 sol
1340 1345 1532 1399 amictu
1559 1360 1616 1399 se
1647 1354 1796 1400 tene-

230 1442 403 1500 broso,
440 1456 507 1496 ne
543 1450 744 1494 tantum
777 1441 955 1498 scelus
979 1441 1203 1504 videret,
1228 1439 1534 1504 abscondit;
1557 1446 1612 1493 et
1635 1437 1793 1508 (proh

231 1535 434 1602 dolor!)
467 1534 724 1600 iniquitas
754 1535 806 1587 in
828 1535 1063 1601 ipsorum
1085 1533 1257 1588 oculis
1285 1532 1480 1595 deﬁxa,
1502 1532 1555 1585 in
1582 1530 1798 1587 sacrile-

233 1627 313 1695 gio
342 1642 437 1680 suo
464 1627 660 1682 mansit
681 1627 990 1680 immobilis.

297 1717 448 1770 Vers.
499 1717 593 1771 20.
649 1715 941 1770 Diviserunt
968 1715 1064 1770 sibi
1090 1715 1384 1768 vestimenta
1413 1731 1540 1779 mea,
1573 1722 1619 1767 et
1649 1727 1800 1781 super

234 1821 404 1864 restem
452 1826 621 1863 meam
669 1810 911 1862 miserunt
959 1819 1169 1861 sortem.
1202 1807 1452 1872 Quamvis
1487 1815 1593 1860 tota
1625 1805 1800 1874 passio

234 1903 432 1957 Domini
490 1920 682 1974 magna
739 1914 1073 1958 sacramenta
1125 1905 1426 1968 contineat,
1483 1911 1660 1956 tamen
1717 1901 1801 1954 hic

235 1999 409 2053 nescio
440 1998 588 2066 quod
634 1997 805 2065 majus
850 1997 1141 2066 parturitur
1185 2010 1462 2059 arcanum,
1515 1991 1657 2062 quod
1703 1991 1805 2045 alia

236 2100 528 2151 uestimenta
569 2111 662 2151 sua
693 2097 819 2150 dicit
848 2111 967 2150 esse
995 2095 1302 2164 dividenda,
1337 2094 1496 2147 aliam
1529 2100 1713 2146 vestem
1739 2091 1807 2145 ad

237 2200 430 2244 sortem
481 2190 834 2244 nihilominus
879 2188 1290 2258 perducendam.
1353 2186 1660 2241 Vestimenta
1693 2186 1805 2253 illa,

239 2300 348 2352 qua:
369 2286 535 2338 divisa
562 2294 700 2349 sunt,
728 2284 1032 2352 Scripturas
1067 2283 1373 2351 signiﬁcant
1403 2281 1805 2348 prophetarum,

240 2381 317 2433 vel
344 2381 673 2449 reliquarum
704 2380 999 2434 caelestium
1050 2377 1361 2438 lectionum,
1400 2390 1532 2443 quas
1574 2371 1806 2427 hmretici

243 2487 396 2541 prava
425 2472 872 2540 interpretatione
895 2469 1218 2531 dividentes,
1240 2466 1393 2520 Pilati
1421 2465 1674 2518 militibus
1696 2477 1812 2516 sce-

243 2563 401 2618 lerata
431 2581 493 2619 se
524 2564 788 2618 divisione
818 2562 1166 2630 conjungunt.
1195 2559 1394 2612 Tunica
1422 2572 1546 2612 vero
1569 2557 1810 2624 illa,qu;e

242 2655 381 2707 venit
410 2653 478 2706 ad
509 2662 732 2714 sortem,
765 2668 882 2720 qua:
914 2651 1031 2718 rjus
1060 2652 1397 2702 sanctitatem
1426 2645 1667 2714 corporis
1696 2660 1813 2696 am-

244 2746 437 2807 biebat,
463 2762 622 2814 quam
653 2745 780 2798 dicit
806 2743 1129 2811 evangelista
1159 2741 1339 2809 (Joan.
1372 2756 1480 2807 xix,
1513 2738 1603 2805 Ξῖ»)
1655 2737 1814 2790 desu-

246 2854 334 2906 per
362 2838 536 2892 fuisse
560 2847 866 2891 contextam
914 2851 1009 2905 per
1037 2843 1226 2898 tottun,
1272 2833 1528 2888 catholica
1568 2832 1822 2901 probatur

249 2931 509 2993 Ecclesia,
545 2947 661 2999 quae
689 2930 992 2983 nullatenus
1022 2929 1253 2981 humano
1281 2923 1631 2994 discerpenda
1667 2922 1823 2977 datur

250 3027 502 3091 arbitrio;
529 3024 623 3079 sed
647 3026 849 3092 integra
876 3032 1033 3090 atque
1055 3019 1400 3081 inviolabilis,
1419 3017 1568 3087 quasi
1590 3032 1654 3070 ex
1677 3024 1822 3068 sorte

248 3118 534 3186 unicuique
556 3115 738 3169 divina
761 3128 974 3181 semper
1000 3111 1244 3182 largitate
1269 3117 1566 3174 prtestatur.
1600 3105 1716 3174 Ipsa
1740 3111 1822 3158 est

251 3218 489 3264 contexta
525 3207 773 3274 deSuper,
799 3220 955 3274 quam
981 3218 1139 3258 nemo
1169 3201 1376 3267 dividit,
1404 3213 1561 3253 nemo
1591 3189 1820 3250 disrum-

253 3303 349 3371 pit;
380 3301 472 3357 sed
515 3308 771 3369 perpetua
804 3297 1096 3351 Stabilitate
1130 3292 1457 3354 ﬁrmissima,
1508 3291 1558 3342 in
1600 3286 1818 3341 unitatis

252 3411 353 3450 sua:
376 3395 577 3449 robore
603 3399 948 3462 perseverat;
998 3389 1064 3443 de
1118 3401 1220 3456 qua
1269 3385 1380 3453 ipsa
1411 3383 1622 3436 Veritas
1647 3379 1776 3433 dicit
1804 3395 1815 3430 :

255 3486 325 3540 Tu
352 3504 400 3540 es
427 3486 638 3548 Petrus,
672 3493 719 3538 et
749 3499 900 3551 super
929 3480 1058 3533 hanc
1107 3487 1302 3549 petram
1340 3473 1606 3542 azdi/icabo
1639 3470 1823 3525 Eccle-

257 3581 373 3632 sium
401 3594 590 3637 meam,
624 3585 666 3629 et
696 3584 856 3644 porta:
886 3572 1037 3642 inferi
1082 3587 1183 3623 non
1209 3566 1554 3639 prtevalebunt
1581 3565 1822 3616 adversus

255 3689 359 3725 eam
387 3669 609 3740 (Matth.
655 3682 762 3730 xvr,
820 3665 931 3733 ¹18).
982 3662 1132 3730 Quod
1188 3661 1382 3714 factum
1414 3668 1465 3713 et
1497 3656 1821 3724 evangelista

258 3774 492 3828 testatur,
530 3762 711 3817 dicens
743 3778 757 3814 :
793 3758 1072 3825 Postquam
1120 3755 1479 3824 cruciﬁxerunt
1525 3765 1658 3813 eum,
1698 3748 1825 3800 divi-

259 3866 420 3910 serunt
442 3855 739 3909 vestimenta
769 3853 900 3921 ejus,
928 3858 1112 3902 sortem
1136 3847 1385 3899 mittentes
1412 3841 1625 3914 (Matth.
1653 3854 1823 3903 xxvii,

259 3949 366 4019 35).
404 3947 606 4002 Verum
655 3946 752 3997 ista
802 3943 909 4012 76
950 3957 1060 3995 sors
1094 3940 1145 3992 in
1179 3937 1470 4006 Scripturis
1496 3933 1688 3988 divinis
1719 3941 1825 3984 tam

261 4042 443 4108 saepius
469 4045 952 4101 commemoratur,
971 4044 1029 4087 ut
1045 4048 1289 4101 magnum
1311 4031 1490 4084 nescio
1507 4027 1633 4096 quid
1659 4024 1824 4079 divini

263 4130 429 4200 iudicii
459 4140 674 4201 gestare
699 4129 940 4183 videatur
969 4140 1245 4179 arcanmn.
1285 4121 1553 4189 Scriptum
1582 4127 1662 4171 cst
1683 4117 1825 4170 enim

264 4222 312 4277 in
333 4223 572 4278 Levitico
601 4237 761 4275 unam
791 4228 991 4273 sortem
1022 4215 1250 4268 Domino
1275 4212 1408 4274 dari,
1434 4220 1485 4263 et
1515 4223 1672 4262 unam
1704 4220 1834 4274 apo-

265 4328 500 4384 pompam
552 4313 694 4382 (Leu.
729 4326 838 4377 xvr,
887 4310 964 4376 8),
1025 4307 1073 4361 id
1133 4313 1213 4360 est
1265 4300 1647 4357 transmissori.
1703 4300 1830 4352 ltem

270 4402 467 4474 Moyses
499 4403 817 4473 quibusdam
849 4399 1090 4454 tribubus
1118 4408 1260 4451 trans
1287 4395 1595 4458 Jordunem,
1632 4401 1832 4447 terram

267 4503 400 4550 sorte
428 4496 634 4567 divisit.
660 4493 816 4548 Jesus
845 4505 1055 4559 quoque
1080 4489 1218 4542 ﬁlius
1247 4487 1392 4540 Nave
1425 4497 1620 4540 terram
1649 4499 1832 4552 repro-

1896 601 2197 671 postulavit.

1968 693 2122 748 Vers.
2151 692 2240 745 2|.
2270 691 2350 744 Tu
2385 699 2574 759 autem,
2604 690 2840 757 Domine,
2862 706 2923 745 ne
2954 690 3101 760 longe
3125 690 3286 757 facias
3315 692 3468 746 auxi-

1899 784 2025 839 lium
2058 792 2253 836 tuuma
2281 799 2390 848 me;
2441 783 2509 836 ad
2549 784 2890 852 defensionem
2929 799 3090 836 meam
3129 783 3318 852 aspice.
3377 782 3473 836 llic

1898 875 2009 945 jam
2038 874 2488 930 resurrectionem
2520 873 2854 930 celerrimam
2883 874 3228 944 deprecatur,
3256 884 3313 928 ut
3355 890 3476 944 per-

1904 967 2132 1024 ﬁdorum
2189 967 2327 1023 mala
2380 966 2668 1022 credulitas
2717 968 3118 1039 supervenienti
3166 968 3257 1022 tali
3304 967 3471 1037 gloria

1901 1059 2227 1115 destruatur.
2277 1060 2541 1115 Auxilium
2581 1061 2724 1116 enim
2775 1060 2944 1128 ipsam
3001 1059 3264 1131 signiﬁcat
3295 1075 3472 1115 resur-

1908 1151 2227 1219 rectionem,
2277 1167 2396 1222 quae
2421 1152 2602 1221 utique
2628 1151 2783 1221 longe
2814 1151 2948 1206 facta
2981 1167 3086 1206 non
3136 1161 3238 1219 est,
3264 1153 3473 1219 quando

1906 1242 2159 1298 triduana
2191 1245 2456 1313 provenit.
2488 1243 2741 1314 Sequitur
2771 1260 2785 1295 :
2817 1242 2896 1297 Ad
2947 1243 3286 1313 defensionem
3319 1261 3476 1296 meant

1905 1350 2097 1409 aspice.
2155 1342 2282 1410 Sed,
2332 1358 2452 1415 qua
2508 1344 2580 1400 sit
2626 1343 2726 1399 ista
2780 1342 3042 1408 defensio,
3089 1353 3477 1414 consequenttr

1907 1444 2148 1503 exponit.

1979 1547 2240 1602 νει-532.
2267 1547 2420 1619 Eripe
2450 1565 2482 1601 a
2511 1550 2730 1620 framea,
2762 1547 2924 1614 Deus,
2956 1549 3179 1603 animam
3205 1565 3390 1613 meum,
3431 1558 3479 1602 et

1909 1638 1974 1692 de
1999 1655 2153 1692 manu
2181 1642 2321 1694 canis
2349 1642 2553 1694 unicam
2575 1658 2756 1696 meam.
2791 1642 3033 1697 Liberari
3063 1657 3120 1697 se
3149 1641 3433 1711 postulavit
3451 1659 3479 1696 a

1913 1741 2085 1786 morte
2111 1748 2284 1803 quam.
2327 1733 2599 1790 subiturus
2643 1745 2780 1802 erat,
2825 1736 3021 1790 collato
3062 1737 3262 1791 scilicet
3307 1751 3482 1790 resur-

1917 1821 2164 1878 rectionis
2193 1825 2412 1879 auxilio.
2444 1825 2667 1880 Framea
2697 1831 2837 1882 enim
2881 1843 3235 1898 synonymum
3265 1838 3347 1882 est
3388 1843 3484 1882 no-

1912 1915 2383 1982 men,signiﬁcans
2410 1918 2524 1971 sive
2555 1917 2787 1979 hastam,
2805 1919 2916 1972 sive
2931 1919 3186 1988 gladium,
3207 1917 3320 1973 sive
3341 1934 3482 1987 quae.

1911 2005 2041 2060 libet
2069 2021 2242 2070 arma,
2277 2023 2372 2075 per
2419 2023 2539 2075 Qua:
2586 2008 2755 2062 voluit
2805 2007 3036 2062 futurum
3066 2009 3242 2063 crucis
3267 2009 3482 2063 exitium

1910 2106 2276 2167 competenter
2306 2097 2547 2152 adverti:
2579 2098 2700 2167 quia
2740 2112 2837 2167 per
2868 2099 3036 2164 ipsam
3068 2114 3211 2153 mors
3257 2100 3487 2168 plerum-

1918 2202 2023 2256 que
2048 2187 2301 2242 succedit.
2332 2187 2436 2242 Sed
2470 2187 2639 2255 primo
2665 2189 2817 2255 dixit,
2849 2185 3009 2257 Eripe
3040 2190 3261 2241 animam
3283 2205 3481 2253 meum;

1915 2283 2076 2337 modo
2109 2284 2241 2352 petit
2271 2283 2484 2339 liberari
2511 2282 2822 2351 Ecclesiam,
2854 2297 2970 2351 quae
2999 2290 3081 2336 est
3109 2281 3181 2336 illi
3220 2283 3392 2348 unica,
3437 2281 3487 2335 id

1918 2385 1999 2429 est
2020 2375 2316 2439 catholica;
2345 2384 2402 2428 ut
2424 2374 2752 2444 intelligatur
2780 2374 3047 2428 doctrinas
3073 2388 3237 2434 novas
3271 2387 3322 2429 et
3355 2388 3484 2428 cou-

1918 2467 2164 2522 ciliabula
2215 2467 2541 2536 perditorum
2595 2469 2813 2522 unitatis
2873 2468 3132 2522 vocabulo
3175 2470 3486 2538 respuisse:

1920 2560 2313 2615 baeretirosnbic
2337 2560 2546 2614 canibus
2571 2573 2905 2629 comparans,
2939 2559 3027 2629 qui
3055 2559 3341 2614 domestica
3361 2576 3493 2628 qua-

1922 2656 2043 2710 dam
2070 2656 2278 2711 feritate
2306 2656 2561 2710 atrociter
2582 2655 2869 2719 mansueti,
2891 2668 3012 2708 cum
3029 2653 3096 2708 de
3120 2635 3487 2724 penetralibus

1927 2747 2125 2800 nostris
2155 2757 2378 2812 exeunt,
2414 2747 2707 2802 Ecclesiatn
2740 2746 2833 2800 Dei
2864 2745 3112 2801 mordere
3157 2761 3218 2801 ac
3248 2748 3485 2803 lacerare

1927 2839 2204 2893 festinant.
2237 2839 2302 2892 Et
2332 2847 2388 2892 ut
2417 2839 2556 2893 scias
2584 2854 2731 2891 canes
2762 2838 2955 2892 talibus
2993 2838 3296 2892 hominibus
3327 2841 3493 2908 aptis—

1926 2933 2060 2984 sime
2091 2939 2450 2999 comparatos,
2484 2930 2547 2982 de
2576 2944 2732 2982 manu
2772 2931 2913 2984 canis
2959 2929 3114 2996 dixit,
3145 2930 3284 2999 quod
3316 2931 3499 3001 utique

1926 3019 2107 3086 homo,
2136 3036 2240 3075 non
2269 3022 2422 3075 canis
2452 3020 2632 3075 habet.
2667 3020 2813 3085 Sive,
2839 3029 2896 3074 ut
2918 3019 3136 3089 quidam
3167 3022 3370 3089 volunt,
3395 3040 3500 3076 ma-

1926 3128 2021 3165 nus
2051 3113 2191 3166 canis
2240 3112 2506 3180 signiﬁcat
2552 3120 2869 3180 potestatem
2924 3111 3110 3166 mundi
3159 3113 3332 3180 istius,
3386 3131 3502 3184 qum

1850 3228 1894 3290 ρ
1926 3203 2218 3256 Ecclesiam
2251 3204 2340 3257 Dei
2385 3204 2621 3258 lacerare
2671 3202 2909 3258 mordaci
2936 3218 2999 3257 ac
3042 3204 3268 3260 subdola
3295 3221 3503 3275 semper

1927 3293 2203 3362 iniquitate
2235 3293 2472 3347 festinat.
2532 3292 2698 3347 Canes
2753 3302 2930 3348 autem
2972 3308 3077 3348 non
3120 3295 3173 3349 in
3223 3297 3363 3350 malo
3392 3306 3503 3351 tan-

1925 3393 2058 3450 tum,
2107 3383 2201 3437 sed
2253 3391 2413 3440 etiam
2460 3385 2515 3440 in
2557 3383 2702 3441 bono
2752 3385 2874 3456 poni
2923 3385 3225 3456 frequentia
3261 3390 3504 3459 exempla

1924 3483 2206 3532 testantur.

1997 3576 2151 3631 Vers.
2175 3576 2264 3630 ‘25.
2299 3574 2482 3628 Libera
2505 3591 2581 3629 me
2601 3577 2664 3629 tle
2691 3593 2777 3631 ore
2798 3579 2978 3643 leonis,
3008 3589 3054 3634 et
3079 3598 3110 3634 a
3131 3581 3366 3636 cornibus
3388 3583 3502 3636 uni-

1931 3683 2238 3721 cornuorum
2285 3667 2625 3722 humilitatem
2673 3685 2861 3724 nteant.
2899 3669 2975 3724 De
2998 3688 3084 3726 ore
3111 3673 3288 3740 leonis,
3319 3673 3383 3728 de
3413 3691 3504 3743 po-

1935 3770 2126 3814 testate
2159 3759 2357 3813 diaboli
2386 3760 2534 3825 dicit,
2567 3762 2658 3831 qui
2683 3762 2817 3816 bene
2839 3773 3177 3832 comparatur
3205 3765 3350 3833 feris,
3371 3781 3504 3832 quo-

1934 3852 2075 3905 niam
2103 3851 2350 3904 humanis
2374 3867 2589 3920 semper
2615 3852 2908 3907 delectatur
2930 3855 3126 3911 exitiis.
3158 3857 3260 3911 Sed
3285 3873 3351 3911 ne
3372 3857 3509 3912 forte

1940 3944 2204 4011 aliquibus
2233 3945 2512 4009 scrupulus
2544 3943 2665 3996 inde
2697 3956 2963 4008 nascatur,
3011 3961 3174 4014 quare
3203 3946 3509 4016 frequenter

1936 4052 2036 4090 tma
2068 4051 2155 4090 res
2182 4045 2235 4090 et
2264 4036 2482 4103 Optimis
2530 4038 2772 4104 personis
2801 4047 3015 4106 aptatur
3041 4049 3094 4093 et
3124 4040 3395 4107 peSsimis,
3423 4041 3508 4094 di-

1937 4127 2166 4181 cendum
2193 4135 2277 4180 est
2306 4126 2444 4194 quod
2473 4126 2538 4180 ad
2571 4126 2775 4181 similes
2804 4137 2980 4196 partes
3012 4128 3201 4184 debeat
3231 4130 3510 4198 applicari.

1943 4217 2381 4286 Unamquamque
2406 4232 2516 4269 rem
2549 4215 2786 4270 diversas
2818 4226 3021 4272 certum
3049 4229 3131 4274 est
3162 4218 3358 4276 habere
3381 4237 3511 4290 qua-

1938 4309 2137 4376 litates,
2169 4321 2222 4363 ut
2246 4310 2348 4372 leo,
2383 4309 2449 4364 de
2472 4324 2576 4378 quo
2604 4323 2743 4362 nunc
2781 4325 2962 4364 sermo
2989 4320 3092 4378 est,
3125 4311 3280 4367 habet
3309 4312 3514 4368 fortitu-

1939 4402 2150 4468 dinem,
2211 4410 2428 4470 proliter
2479 4415 2638 4469 quam
2688 4401 2979 4455 belluarum
3027 4419 3120 4458 rex
3171 4405 3510 4474 appellatur;

1939 4495 2102 4550 habet
2147 4504 2201 4549 et
2234 4496 2588 4550 truculentam
2636 4494 2916 4559 saevitiam,
2952 4508 3167 4564 propter
3194 4500 3332 4568 quod
3365 4499 3515 4556 ferox

268 4583 528 4641 missionis
560 4585 679 4638 ﬁliis
728 4583 888 4637 Israel
932 4591 1078 4635 sorte
1125 4581 1288 4634 missa
1324 4579 1594 4633 distribuit
1623 4579 1826 4645 (Josue,
1862 4590 1914 4652 ι)
1941 4589 2154 4641 dicitur,
2187 4585 2522 4656 Quapropter
2551 4587 2806 4641 fortitudu
2835 4586 2950 4656 ejus
2969 4597 3022 4640 οι
3042 4598 3276 4656 potestas
3298 4588 3515 4642 Christo

275 4691 420 4743 xvnt,
454 4677 569 4746 lU).
621 4675 749 4732 Sors
798 4689 1010 4744 quoque
1063 4673 1252 4727 Jonam
1304 4672 1534 4741 prodidit
1581 4671 1829 4723 latentem

276 4769 412 4838 (Jan.
446 4785 486 4833 ι,
512 4769 590 4838 7).
624 4769 689 4821 Et
727 4767 778 4820 in
811 4765 1096 4819 Salomone
1143 4764 1333 4831 legitur
1368 4762 1840 4817 :Contradictiones

277 4862 461 4914 cohibet
491 4877 624 4926 sors,
653 4868 698 4911 et
717 4859 849 4910 inter
875 4866 1100 4924 potentes
1129 4855 1304 4920 tie/init
1328 4853 1508 4922 (Prov.
1543 4838 1689 4915 itm,
1725 4852 1833 4921 18).

277 4949 328 5005 ln
356 4953 499 5007 Novo
541 4965 750 5021 quoque
778 4949 1143 5010 Testamento,
1176 4945 1227 4999 id
1262 4955 1340 4999 est
1374 4945 1426 4998 in
1463 4945 1679 4998 Actibus
1708 4958 1841 5011 apo-

278 5044 564 5104 stolorum,
642 5058 759 5096 sors
838 5039 1112 5092 Matthiam
1181 5037 1477 5105 designavit
1533 5035 1833 5104 apostolum

280 5136 406 5202 (Act.
430 5154 468 5201 ι,
496 5137 609 5207 26).
639 5135 832 5189 Paulus
854 5132 1017 5186 etiam
1049 5132 1162 5200 ipse
1195 5132 1468 5200 apostolus
1497 5129 1740 5183 scribens
1769 5125 1836 5180 ad

281 5225 557 5294 Ephesios,
590 5229 739 5284 Sorte
764 5244 820 5283 se
851 5229 978 5282 dicit
1014 5236 1241 5280 vocatum
1292 5225 1572 5280 secundum
1599 5223 1834 5294 proposi-

284 5327 382 5370 tum
401 5324 510 5387 ejus
531 5323 619 5392 qui
643 5324 809 5375 omnia
829 5334 1067 5391 operatur
1084 5318 1360 5371 secundum
1381 5317 1648 5369 consilium
1664 5315 1841 5367 volun-

285 5415 394 5466 tatis
421 5431 525 5468 suaz
569 5413 870 5484 (Ephes."t,
908 5413 1016 5482 fl);
1071 5425 1170 5464 nec
1217 5427 1320 5463 non
1371 5410 1434 5461 ad
1492 5410 1842 5462 Colossenses

287 5505 515 5559 scribens
542 5507 673 5561 dicit
704 5525 716 5559 :
753 5506 975 5572 Gratias,
1032 5505 1221 5571 inquit,
1270 5512 1472 5572 agentes
1522 5500 1631 5553 Deo
1669 5499 1840 5564 Patri,

287 5597 367 5662 qui
395 5596 594 5652 idoneos
640 5614 732 5650 nos
763 5598 880 5664 fecit
907 5598 957 5648 in
987 5603 1128 5665 parte
1159 5595 1309 5647 sortis
1350 5602 1643 5646 sanctorum
1674 5593 1726 5644 in
1758 5592 1843 5645 lu-

290 5688 416 5742 mine
446 5691 631 5758 (Colos.
662 5707 702 5757 l,
726 5689 838 5760 i2).
883 5689 988 5744 Sed
1025 5704 1143 5743 cum
1192 5688 1354 5741 multa
1388 5687 1628 5754 lcgantur
1657 5697 1760 5739 tam
1791 5686 1842 5740 in

294 5777 464 5836 Veteri
486 5800 637 5851 quam
669 5785 723 5837 in
752 5784 899 5838 Novo
947 5782 1287 5837 Testamento
1315 5767 1548 5837 sortibus
1581 5781 1739 5836 fuisse
1767 5781 1847 5835 di-

296 5869 422 5939 visa,
449 5885 600 5931 nemo
633 5888 792 5931 ausus
819 5883 901 5930 est
931 5887 1128 5944 negare
1160 5888 1256 5943 per
1296 5887 1413 5930 eam
1440 5871 1694 5931 divinitus
1725 5886 1850 5952 esse

1946 4682 2136 4736 merito
2181 4691 2542 4749 comparatur,
2575 4690 2630 4734 ut
2669 4690 2751 4734 est
2792 4680 2918 4733 illud
2948 4697 2961 4734 :
2999 4679 3129 4733 Vicit
3163 4679 3265 4733 Leo
3295 4683 3356 4733 de
3386 4681 3519 4735 tribu

1941 4772 2083 4826 Juda
2105 4773 2288 4842 (Apoc.
2321 4788 2373 4834 v,
2407 4772 2483 4839 5).
2519 4771 2735 4825 Ferocia
2781 4787 2905 4825 vero
2945 4771 3110 4839 ipsius
3138 4770 3349 4825 diabolo
3371 4786 3519 4826 com-

1941 4837 2188 4933 petenter
2218 4837 2546 4930 adiungitur,
2605 4863 2741 4916 sicut
2793 4837 2981 4915 Petrus
3039 4862 3309 4930 apostolus
3340 4864 3468 4918 dicit
3501 4880 3515 4918 :
3548 4837 3561 4926 i

1945 4956 2122 5010 Sobrii
2148 4964 2304 5008 estote
2331 4966 2375 5008 et
2399 4954 2623 5024 vigilate,
2659 4954 2779 5022 quia
2799 4952 3121 5007 adversarius
3153 4965 3310 5008 uester
3338 4955 3518 5009 diabo-

1944 5046 2023 5098 lus
2078 5045 2209 5098 sicut
2257 5045 2334 5098 leo
2379 5046 2582 5116 rugiens
2631 5045 2830 5108 circuit,
2885 5059 3113 5112 quwrens
3147 5062 3290 5116 quem
3321 5046 3522 5102 devoret

1943 5137 1992 5206 (1
2037 5135 2178 5190 Petr.
2222 5153 2276 5204 v,
2324 5137 2402 5206 8).
2431 5137 2504 5190 lta
2543 5136 2600 5189 ﬁt
2647 5144 2706 5190 ut
2728 5151 2888 5189 unum
2919 5137 3138 5203 animal,
3169 5138 3523 5195 consideratis

1943 5227 2060 5297 ejus
2097 5228 2465 5297 qualitatibus,
2499 5227 2658 5281 rebus
2688 5242 2718 5281 a
2746 5241 2803 5281 se
2832 5227 3258 5299 discrepantibus
3286 5231 3520 5286 rationa-

1945 5320 2126 5375 biliter
2159 5327 2521 5388 comparetur.
2550 5319 2702 5386 Quod
2729 5335 2896 5389 genus
2922 5321 3200 5376 locutionis
3229 5319 3521 5389 Scriptum

1945 5410 2138 5465 divinae
2164 5411 2386 5465 forsitan
2419 5425 2688 5479 proprium
2737 5427 2844 5466 non
2896 5411 3162 5466 immerito
3201 5411 3518 5469 dixerimus.

1952 5502 2044 5556 Sic
2073 5512 2125 5554 et
2155 5502 2392 5570 reliquas
2435 5505 2860 5572 comparationes
2908 5502 3207 5574 bujttsmodi
3240 5506 3520 5572 praesentis

1954 5592 2308 5660 expositionis
2335 5593 2468 5648 ratio
2499 5594 2922 5664 comprehendit.
2955 5594 2998 5647 A
3025 5594 3284 5661 cornibus,
3316 5596 3365 5649 id
3389 5605 3472 5652 est
3490 5610 3524 5652 at

1955 5683 2220 5757 superbis,
2251 5685 2318 5740 de
2349 5687 2716 5742 summitatnm
2749 5703 2965 5742 suarum
2999 5696 3264 5756 potestate
3294 5686 3525 5742 ferienti-

1956 5779 2075 5834 bus.
2104 5778 2209 5833 Sed
2239 5779 2438 5848 inspice
2467 5779 2606 5848 quod
2629 5779 2832 5835 addidit
2856 5798 2868 5834 :
2902 5777 3332 5841 Unicornuorum,
3361 5775 3412 5830 id
3439 5785 3523 5833 est

1883 5946 1886 5949 π
1957 5887 2015 5928 se
2043 5871 2382 5943 singulariter
2421 5872 2762 5945 erigetttium,
2812 5871 2908 5942 qui
2950 5870 3111 5927 nimia
3142 5869 3370 5927 elatione
3397 5881 3521 5924 sur-
