4016 6344
465 423 578 482 ηδ

1637 417 1705 473 Μ.
1748 415 2021 474 AURELll
2061 415 2466 473 CASSIODORI

3615 411 3722 466 164

463 548 676 611 genus,
699 545 978 591 consortes
997 536 1137 590 lene
1159 547 1264 587 non
1292 530 1671 600 possunt,dum
1701 532 1798 584 soli
1829 530 2033 585 faeien-
2063 535 2115 596 Α
2139 532 2313 588 Deum
2345 531 2436 599 qui
2465 529 2710 586 haeretica
2753 530 3017 600 pravitate
3047 527 3228 583 caecati
3263 537 3405 592 sunt,
3442 526 3522 582 vel
3549 525 3718 582 idolis

467 633 591 686 dum
621 639 808 700 putant
834 629 1187 698 quodcunque
1217 625 1453 679 libuerit.
1487 623 1631 677 Talia
1663 626 1800 676 t‘llltll
1834 626 2037 680 anima-

469 722 562 788 lia,
590 737 708 790 qua
725 737 832 775 uno
857 733 1022 774 cornu
1047 726 1342 777 armantur.
1382 719 1552 770 multo
1580 714 1798 769 fortiora
1825 723 1949 769 sunt
1969 717 2037 772 ab

470 813 555 867 Itis
583 813 775 882 quibus
797 811 1026 880 duplicia
1054 809 1379 875 tribuuntur,
1411 822 1529 877 qua:
1551 807 1722 863 (ἕτεςί
1755 810 2037 878 μονόκερως

473 907 762 975 appellant.
795 905 878 958 Ab
903 903 994 957 illa
1021 903 1164 957 enim
1207 903 1604 956 unicornuorum
1647 903 1890 970 superbia
1933 917 2037 956 non

472 999 689 1053 ferenda
735 997 1092 1052 humilitatem
1143 1011 1318 1063 suam,
1360 1010 1480 1065 quae
1511 996 1762 1050 destituta
1810 995 2038 1065 opprimi

474 1091 626 1145 facile
655 1101 859 1159 posset,
890 1090 1024 1158 eripi
1053 1089 1357 1157 postulavit.

549 1208 696 1260 Vers.
731 1207 820 1258 '24.
857 1203 1093 1256 Narrabo
1137 1219 1318 1256 nomen
1364 1211 1507 1255 tuum
1535 1201 1776 1272 fratribus
1799 1202 1955 1266 meis;
1987 1201 2040 1256 in

475 1298 635 1352 taedio
668 1295 912 1350 Ecclesia!
963 1295 1180 1348 laudabo
1211 1307 1276 1348 te.
1327 1294 1452 1348 Post
1502 1309 1706 1349 sacram
1738 1295 2037 1364 passionem

476 1388 604 1442 dicit
630 1388 852 1456 gloriam
883 1385 1185 1440 Divinitatis
1214 1394 1322 1439 toto
1350 1385 1481 1440 orbe
1525 1385 1864 1454 vulgandam.
1898 1384 2038 1440 Nar-

477 1485 598 1537 rabo
625 1485 764 1537 enim
795 1483 940 1548 dicit,
966 1481 1017 1536 id
1039 1490 1122 1536 est
1151 1496 1368 1537 narrare
1396 1480 1832 1537 faciam.Fratres
1862 1495 2036 1539 autem

486 1575 733 1630 dicuntur
753 1576 842 1643 qui
864 1574 1084 1643 diligunt
1113 1584 1168 1629 et
1193 1574 1508 1644 diliguntur.
1537 1575 1666 1629 Nam
1693 1576 1780 1645 qui
1809 1576 1916 1644 pati
1943 1592 2040 1632 ve-

435 1667 438 1670 ’
485 1679 636 1724 uerat
665 1684 760 1734 pro
789 1669 958 1722 salute
977 1677 1312 1734 cunctorum,
1366 1683 1524 1737 quem
1553 1681 1738 1722 eorum
1762 1684 1866 1721 non
1897 1667 2042 1723 dice-

480 1769 562 1814 ret
590 1760 840 1814 lratrem?
867 1758 945 1814 De
985 1775 1092 1829 quo
1141 1759 1260 1814 loco
1312 1769 1556 1827 patenter
1608 1759 1680 1813 ait
1713 1759 2042 1828 Apostolus:

480 1853 696 1906 Decebat
724 1852 856 1905 enim
900 1868 1016 1905 eum
1059 1861 1265 1922 propter
1306 1868 1452 1921 quem
1479 1853 1668 1913 omnia,
1699 1863 1746 1906 et
1773 1869 1864 1924 per
1899 1869 2046 1921 quem

482 1945 672 2010 omnia,
699 1946 788 2014 qui
817 1946 1004 1998 multos
1031 1946 1166 2012 ﬁlios
1194 1947 1246 1998 in
1289 1947 1506 2016 gloriam
1534 1945 1838 2009 adduxerat,
1864 1954 2044 1998 aucto-

482 2055 584 2090 rem
630 2039 814 2091 salutis
859 2054 1033 2091 eorum
1083 2055 1170 2104 per
1207 2039 1492 2107 passionem
1533 2037 1896 2091 consummari.
1949 2036 2050 2102 Qui

483 2129 614 2181 enim
658 2130 965 2195 sanctiﬁcat,
995 2138 1043 2182 et
1085 2130 1172 2196 qui
1201 2129 1609 2198 sanetificantur,
1637 2129 1697 2183 ab
1727 2145 1829 2183 uno
1855 2144 2046 2184 omnes.

485 2219 704 2291 Propter
724 2237 876 2289 quam
905 2237 1110 2273 causam
1149 2237 1248 2273 non
1274 2221 1610 2290 confunditur
1633 2224 1812 2290 fratres
1853 2235 1936 2274 eos
1967 2235 2053 2273 vo-

485 2326 598 2364 care
643 2312 813 2366 dicens
855 2325 874 2364 :
918 2310 1181 2364 Nuntiabo
1235 2328 1415 2366 nomen
1465 2322 1605 2366 tuum
1645 2313 1884 2383 fratribus
1928 2313 2052 2366 meis

485 2403 672 2472 (Hebr.
705 2420 763 2471 η,
785 2404 997 2473 t0,ll).
1027 2406 1116 2460 Sic
1145 2405 1215 2457 ait
1246 2414 1299 2458 et
1324 2405 1376 2460 in
1410 2404 1700 2473 Evangelio
1725 2413 1846 2474 post
1865 2419 2047 2459 resur-

487 2499 772 2553 rectionem
804 2516 817 2550 :
847 2497 1012 2551 Dicite
1037 2497 1282 2566 fratribus
1311 2498 1432 2551 meis
1461 2497 1674 2569 (Matth.
1702 2514 1892 2567 xxvm,
1925 2498 2048 2569 lli);

487 2597 540 2639 et.
566 2589 732 2642 alibi:
767 2589 868 2652 Qui
913 2589 1084 2657 fecerit
1131 2591 1436 2642 voluntatem
1484 2589 1656 2642 Patris
1701 2575 1820 2653 ωδ,
1873 2588 1960 2655 qui
2001 2589 2054 2642 in

501 2681 638 2734 catis
657 2690 750 2745 est,
770 2680 853 2734 ltic
875 2697 1014 2734 meus
1041 2692 1202 2750 pater,
1222 2691 1265 2734 et
1289 2691 1468 2748 mater,
1492 2691 1538 2736 et
1560 2683 1718 2750 frater
1738 2693 1812 2736 est
1839 2681 2051 2751 (Matth.

491 2788 592 2839 ait,
621 2771 736 2843 50).
779 2771 845 2826 In
885 2773 1054 2826 medio
1100 2787 1232 2827 vero
1283 2771 1732 2827 Ecclesiatlaudat
1755 2772 2055 2838 Dominum,

449 2851 668 2934 'quise
714 2865 800 2934 pia
857 2864 1266 2920 conversatione
1318 2868 1645 2924 tractaverit.
1697 2852 1870 2933 ipsius
1915 2866 2058 2920 enim

492 2959 820 3027 praeconium
847 2967 928 3011 est
957 2972 1166 3012 morum
1195 2959 1450 3013 sanctitas
1503 2959 1790 3025 custodita,
1845 2958 2059 3025 quando

491 3051 620 3106 nihil
649 3053 790 3107 valet
815 3051 1016 3120 aliquid
1059 3052 1181 3105 boni
1209 3066 1336 3106 caro
1366 3051 1566 3118 facere,
1608 3053 1711 3107 nisi
1761 3053 1847 3106 cui
1877 3052 2060 3106 divina

495 3141 862 3197 misericordia
887 3142 1206 3211 probitatem
1247 3145 1485 3198 noscitur
1507 3146 1841 3214 praestitisse.
1873 3143 1937 3198 In
1962 3162 2065 3200 me-

499 3233 584 3286 dio
609 3242 788 3288 autem
819 3233 969 3302 dicit,
1003 3234 1174 3302 palam
1226 3243 1282 3288 et
1305 3281 1316 3290 .
1337 3234 1388 3289 in
1437 3238 1842 3291 conversatione
1871 3238 2064 3293 multo-

500 3339 637 3391 rum,
685 3323 778 3378 ubi
820 3285 1224 3379 rectm‘mentis
1272 3326 1514 3393 operatio
1561 3326 1779 3396 reliquis
1819 3285 2137 3384 ﬁdelibusc

495 3423 711 3484 praestat
745 3415 1070 3483 exetuplum.

565 3547 716 3603 Vers.
736 3546 826 3602 25.
863 3547 966 3614 Qui
989 3546 1170 3600 timetis
1201 3545 1497 3614 Dominum,
1531 3547 1738 3602 laudate
1763 3564 1916 3616 eum;
1943 3551 2060 3605 uni-

494 3655 691 3694 versum
713 3655 880 3694 semen
906 3635 1091 3704 Iacob,
1137 3638 1458 3710 magniﬁcate
1507 3655 1641 3692 eum.
1701 3639 1864 3694 Paulo
1903 3640 2060 3697 latius

501 3731 710 3788 Domini
741 3731 988 3802 passione
1018 3740 1252 3797 narrata,
1299 3745 1367 3787 ne
1414 3733 1576 3786 corda
1626 3733 1857 3789 ﬁdelium
1906 3737 2058 3806 longa

497 3825 708 3880 tristitia
738 3825 1096 3886 turbarentur,
1147 3821 1296 3878 venit
1339 3824 1405 3879 ad
1455 3826 1666 3880 tertiam
1713 3836 1935 3896 partem,
1971 3829 2060 3884 ubi

494 3917 714 3973 devotos
763 3916 1071 3986 alloquitur,
1109 3925 1167 3971 ut
1215 3916 1426 3972 Domini
1479 3919 1874 3990 dispensatione
1911 3935 2062 3977 reco-

494 4011 638 4080 gnita
669 4009 886 4064 laudent
905 4025 1047 4075 eum,
1073 4019 1124 4064 et
1146 4010 1408 4079 praeconia
1435 4011 1597 4081 ipsius
1623 4012 1857 4082 generali
1883 4013 2061 4068 exsul-

497 4104 692 4159 tatione
731 4105 1144 4159 concelebrent:
1177 4105 1428 4174 quoniam
1473 4120 1568 4174 per
1609 4105 1724 4176 cjus
1758 4106 2058 4174 paSsiouem

497 4197 736 4268 provenit
760 4197 903 4250 salus
938 4195 1171 4251 ﬁdelium
1196 4205 1250 4251 et
1273 4198 1377 4252 vita
1399 4198 1682 4266 iustorum.
1713 4196 1863 4252 Nunc
1887 4200 2058 4254 inten-

491 4288 677 4342 damus
730 4302 887 4356 quam
933 4289 1112 4343 suavis
1160 4285 1213 4342 in
1263 4287 1451 4343 timore
1498 4288 1705 4344 Domini
1755 4289 2058 4346 declaretur

492 4380 734 4436 allectus.
764 4381 947 4436 Timor
977 4384 1116 4448 enim
1152 4383 1416 4450 humanus
1438 4399 1543 4437 non
1570 4385 1776 4439 laudem
1807 4386 2054 4454 parturit,

491 4473 582 4527 sed
614 4473 1052 4542 vituperationem
1083 4490 1097 4527 :
1132 4473 1224 4528 Dei
1251 4481 1427 4529 autem
1459 4474 1636 4538 timor,
1666 4478 1788 4544 quia
1806 4476 1984 4546 justus
2004 4486 2058 4532 et

491 4576 666 4620 rectus
688 4574 788 4635 est,
816 4566 1021 4620 laudem
1050 4576 1290 4636 generat,
1322 4583 1554 4622 amorem
1579 4569 1782 4638 tribuit,
1809 4569 2054 4625 ardorem

491 4657 766 4710 charitatis
789 4656 1101 4712 inﬂammat.
1129 4658 1355 4712 Laudate
1395 4675 1542 4729 ergo,
1577 4660 1724 4728 dicit,
1753 4662 1842 4731 qui
1870 4663 2056 4716 timetis

493 4749 681 4816 Deum,
709 4751 758 4803 id
787 4759 867 4805 est
893 4751 981 4820 qui
1011 4752 1363 4804 reverentiam
1397 4752 1600 4808 habetis
1631 4754 1862 4810 nominis
1891 4756 2006 4826 ejus
2037 4773 2054 4814 ξ

489 4844 615 4912 quia
637 4859 754 4897 eum
787 4859 889 4897 non
923 4853 1156 4898 meretur
1187 4845 1494 4912 prtedicare,
1529 4845 1630 4900 nisi
1661 4847 1750 4916 qui
1776 4849 2058 4918 cognosci-

491 4945 576 4990 tur
597 4945 647 4990 ct
670 4938 874 4990 timere.
904 4934 1203 4989 Universum
1235 4933 1286 4989 in
1317 4945 1520 5005 partem
1552 4937 1807 4993 bonorum
1838 4943 2050 5009 accipe:

489 5027 610 5096 quia
639 5027 756 5082 illos
786 5036 986 5081 tantum
1016 5026 1213 5079 mavult
1238 5025 1456 5097 intelligi
1485 5031 1573 5099 qui
1598 5031 1700 5100 77
1734 5031 1859 5087 ﬁdei
1889 5031 2053 5088 Jaeob

488 5123 865 5189 devotionique
895 5120 1254 5186 consentiunt,
1305 5132 1618 5192 superantes
1658 5139 1749 5192 per
1779 5125 2060 5196 religionis

488 5213 732 5268 all'ectum
757 5211 951 5266 veteris
975 5209 1203 5264 hominis
1229 5212 1456 5282 primam
1484 5212 1832 5268 nativitatem.

561 5328 710 5383 Vers.
741 5325 831 5380 9.6.
867 5324 1058 5378 Timent
1105 5341 1222 5380 eum
1257 5343 1403 5382 omne
1438 5344 1607 5382 semen
1636 5327 1824 5383 Israel.
1865 5328 2054 5383 Semen

487 5418 649 5477 Israel
681 5431 786 5471 non
817 5416 974 5470 unius
1003 5419 1238 5474 nationis
1279 5419 1504 5487 populus
1546 5420 1874 5488 signiﬁcatur
1897 5460 1911 5486 ,
1953 5421 2047 5473 sed

485 5519 795 5564 cunctarum
818 5507 1052 5576 gentium
1079 5509 1417 5577 cognoscitur
1444 5509 1736 5579 plenitudo,
1761 5511 1899 5566 unde
1921 5524 2052 5564 eon-

484 5608 594 5658 stat
624 5598 913 5654 Ecclesium
945 5599 1320 5669 colligendam.
1353 5599 1420 5654 Et
1450 5601 1570 5670 quia
1609 5603 1858 5670 superius
1897 5601 2054 5655 dise-

484 5704 564 5752 rat
593 5708 609 5747 :
642 5690 904 5759 Laudate,
946 5694 1032 5763 qui
1078 5695 1260 5749 timetis
1310 5695 1609 5760 Dominum,
1642 5711 1781 5750 nunc
1820 5695 1888 5750 ad
1918 5709 2054 5763 quos

483 5787 644 5844 timor
676 5788 942 5858 pertinere
973 5791 1141 5858 possit
1165 5787 1423 5854 edicitur;
1449 5788 1518 5842 ad
1545 5789 1812 5844 lsraelitas
1844 5789 2045 5856 utique,

483 5878 544 5940 id.
575 5890 661 5959 est
711 5883 952 5942 videntes
1000 5883 1286 5940 Dominum
1327 5901 1343 5940 :
1387 5883 1513 5954 quia
1561 5884 1807 5940 nesciunt
1859 5886 2048 5940 ttinere

2142 627 2400 679 scelerata
2429 631 2606 677 metite
2634 620 2970 676 deserviunt.

2219 716 2369 771 Vers.
2401 715 2491 768 27.
2527 715 2785 781 Quoniam
2808 730 2908 766 non
2941 713 3126 783 sprevit
3161 728 3322 784 neque
3337 711 3564 778 despexit
3596 726 3719 779 pre-

2143 824 2248 862 cem
2275 825 2578 878 pauperum.
2624 807 2775 875 Quod
2808 806 2982 862 solent
3020 807 3196 860 facere
3225 805 3404 859 mundi
3439 805 3589 858 istius
3619 803 3725 856 bo-

2146 914 2276 955 nore
2301 901 2596 970 gloriantes
2621 943 2633 964 ,
2666 914 2922 970 spernere
2956 911 3250 968 pauperes,
3285 896 3560 965 deSpiccre
3597 910 3718 964 sup-

2149 992 2412 1064 plicantes
2435 1032 2452 1060 ,
2483 1005 2807 1061 causamque
2837 990 2906 1045 de
2953 990 3166 1044 habitus
3195 990 3453 1060 qualitate
3499 989 3673 1043 metiri
3708 1005 3726 1054 ;

2150 1093 2210 1138 ut
2233 1085 2275 1140 si
2305 1086 2370 1140 sit
2401 1085 2639 1142 vestibus
2686 1085 2887 1140 nitidus
2913 1127 2929 1151 ,
2962 1100 3123 1140 verax
3168 1094 3413 1154 putetur;
3447 1085 3492 1138 si
3523 1085 3732 1138 altllClu

2151 1179 2422 1243 sordidus,
2454 1177 2903 1234 mendacissimus
2940 1179 3220 1232 habeatur.
3254 1176 3359 1232 Sed
3391 1177 3528 1247 apud
3559 1173 3824 1230 Deunf

2147 1268 2303 1338 longe
2341 1270 2616 1325 diversum
2663 1279 2745 1325 est
2772 1311 2785 1332 ,
2820 1269 2910 1339 qui
2939 1269 3006 1324 de
3053 1279 3202 1324 veste
3232 1284 3336 1324 non
3365 1269 3597 1338 judicat,
3633 1268 3731 1339 qui

2146 1363 2471 1431 Opulentiam
2515 1377 2620 1416 non
2670 1362 2925 1428 honorat;
2978 1360 3071 1415 sed
3122 1361 3212 1416 ille
3254 1375 3441 1430 preces
3485 1360 3732 1414 ﬁdeliqu

2147 1470 2442 1526 pauperum
2475 1454 2696 1510 exaudit
2724 1464 2777 1508 et
2804 1453 3043 1522 adjuvat.
3091 1453 3302 1522 Egenus
3335 1453 3410 1507 illi
3462 1453 3731 1523 pretiosus

2144 1555 2246 1613 est,
2273 1547 2363 1616 qui
2395 1556 2568 1601 tamen
2601 1545 2760 1601 fuerit
2788 1545 3070 1601 sanctitate
3103 1544 3426 1599 ditissimus.

2220 1637 2372 1692 Vers.
2405 1637 2496 1692 28.
2534 1635 2713 1708 Neque
2740 1638 2917 1690 avertit
2948 1637 3134 1705 faciem
3162 1653 3308 1689 suam
3337 1651 3370 1688 a
3398 1649 3507 1700 me;
3535 1641 3581 1688 et
3609 1651 3735 1688 cum

2147 1730 2420 1784 clamarem
2443 1729 2511 1782 ad
2534 1743 2648 1783 eum
2673 1730 2932 1783 exaudivit
2954 1745 3049 1783 me.
3070 1729 3430 1799 [intelligamus
3450 1729 3590 1782 hunc
3605 1742 3732 1783 ver-

2149 1838 2294 1887 sum,
2318 1833 2372 1878 et
2404 1822 2513 1877 Deo
2538 1822 2769 1892 gratias,
2803 1824 2855 1878 in
2883 1831 3142 1892 quantum
3175 1836 3463 1893 possumus
3486 1863 3502 1888 ,
3532 1821 3732 1876 devota

2075 1905 2124 1966 Β
2153 1924 2338 1971 mente
2363 1915 2678 1970 referamus.
2700 1915 2831 1970 Nam
2858 1931 2979 1970 cum
3003 1915 3204 1970 diceret
3226 1915 3553 1986 generaliter
3573 1929 3710 1982 ageu

2153 2008 2249 2063 das
2293 2021 2416 2062 esse
2457 2007 2656 2076 gratias
2683 2048 2697 2070 ,
2729 2008 2855 2075 quia
2886 2021 3151 2076 pauperes
3182 2005 3441 2060 Divinitas
3479 2005 3738 2060 exaudire

2156 2100 2422 2170 dignatur,
2458 2115 2517 2155 se
2542 2100 2718 2153 intulit
2745 2099 3004 2155 Dominus
3038 2099 3285 2156 Christus
3315 2098 3546 2156 dicendo
3578 2115 3592 2152 :
3623 2097 3738 2153 Ne-

2155 2210 2251 2265 que
2282 2194 2462 2246 avertit
2511 2195 2694 2262 facient
2735 2209 2768 2245 a
2807 2208 2906 2247 me.
2939 2193 3028 2247 Sic
3064 2205 3191 2261 ergo
3235 2207 3447 2247 causam
3493 2191 3736 2248 omnium

2157 2299 2308 2339 suam
2337 2284 2483 2351 fecit,
2515 2284 2590 2339 sic
2619 2293 2834 2352 peccata
2859 2284 3040 2339 mundi
3067 2289 3313 2356 corporis
3337 2285 3418 2340 sui
3445 2286 3738 2342 sanctitate

2159 2377 2375 2443 delevit,
2409 2387 2466 2432 ut
2497 2378 2620 2431 dum
2653 2379 2716 2432 'ad
2756 2395 2813 2432 se
2837 2379 3200 2434 inﬁrmitatem
3235 2381 3522 2434 humanam
3549 2378 3737 2444 traxit,

2160 2470 2405 2526 diabolus
2449 2471 2716 2526 amitteret
2766 2472 2910 2542 quod
2953 2473 3192 2528 tenebat.
3235 2473 3373 2540 Quid
3413 2482 3586 2528 autem
3616 2474 3737 2528 cla-
3821 2543 3824 2546 ῃ

2166 2565 2350 2628 mavit,
2383 2563 2508 2633 quid
2546 2578 2609 2619 se
2637 2564 2767 2618 dicit
2797 2565 3073 2619 auditum?
3115 2563 3309 2634 Utique
3330 2609 3343 2633 ,
3375 2573 3437 2620 ut
3464 2579 3609 2620 mors
3639 2579 3737 2619 no-

2167 2666 2278 2713 stra
2307 2658 2424 2727 ejus
2451 2657 2622 2713 exitio
2649 2658 2890 2713 ﬁniretur
2914 2699 2930 2724 ,
2957 2667 3015 2714 ut
3041 2667 3314 2728 peccatum
3342 2659 3537 2715 veteris
3565 2658 3738 2715 humi:

2167 2751 2248 2806 nis
2278 2749 2630 2806 redimeretur
2657 2749 2834 2820 pretio
2857 2749 3214 2806 sanctissimae
3244 2751 3536 2806 Passionis.

2247 2841 2398 2896 Vers.
2420 2841 2509 2897 29.
2537 2841 2689 2912 Apud
2713 2850 2760 2896 te
2781 2841 2894 2896 laus
2915 2857 3028 2896 mea
3048 2843 3102 2896 in
3129 2841 3362 2896 Ecclesia
3382 2859 3603 2912 magna;
3622 2850 3738 2896 vota

2164 2951 2278 2989 mea
2321 2933 2544 2988 Domino
2585 2934 2796 2988 reddam
2819 2950 2992 2989 coram
3031 2935 3320 2989 timentibus
3347 2951 3479 2989 eum.
3508 2935 3664 3002 Apud
3691 2943 3736 2990 ts

2166 3025 2435 3095 signiﬁcat
2457 3025 2524 3079 de
2547 3035 2618 3079 te.
2640 3022 2705 3077 In
2733 3023 2959 3079 Ecclesia
2981 3041 3193 3094 magna,
3220 3025 3481 3080 catholica
3505 3025 3738 3092 scilicet,

2165 3134 2282 3188 qua:
2303 3119 2554 3173 universo
2579 3128 2837 3174 terrarum
2868 3120 3000 3174 orbe
3024 3119 3217 3174 diﬁ'usa
3245 3131 3344 3174 est.
3372 3117 3567 3190 Magna
3593 3119 3740 3175 enim

2167 3221 2220 3265 ct
2249 3210 2599 3280 amplitudine
2642 3220 2788 3266 recte
2828 3210 3022 3266 dicitur
3067 3221 3120 3267 et
3173 3215 3397 3267 honore.
3437 3210 3567 3265 Vota
3608 3226 3742 3266 vero

2167 3302 2367 3358 mavult
2418 3302 2640 3372 intelligi
2683 3311 3018 3358 sacramenta
3065 3304 3305 3373 corporis
3360 3309 3414 3358 et
3460 3303 3740 3372 sanguinis

2165 3396 2272 3462 sui,
2302 3411 2423 3465 quae
2455 3396 2559 3451 illis
2606 3397 2960 3466 praesentibus
2987 3397 3282 3453 redduntur
3305 3439 3320 3465 ,
3355 3397 3443 3468 qui
3474 3400 3521 3452 ei
3550 3407 3742 3452 sancto

2163 3498 2356 3544 timore
2378 3489 2602 3559 subjecti
2632 3499 2774 3545 sunt.
2807 3490 3047 3560 Denique
3073 3490 3193 3545 vide
3218 3489 3342 3560 quid
3374 3489 3639 3559 sequitur.

2233 3583 2383 3638 Vers.
2405 3585 2494 3640 30.
2519 3582 2686 3638 Edent
2701 3601 2966 3655 pauperes,
2994 3593 3042 3638 et
3063 3585 3444 3638 saturabuntur.
3469 3581 3596 3638 llazc
3616 3595 3746 3640 sunt

2161 3684 2282 3732 vota
2309 3692 2428 3744 quae
2453 3675 2702 3746 superius
2738 3677 2890 3730 dixit.
2925 3676 2991 3730 Et
3015 3675 3296 3731 considera
3327 3675 3449 3744 quia
3486 3690 3744 3744 pauperes

2163 3778 2368 3825 tantum
2393 3771 2569 3840 posuit
2598 3771 2688 3840 qui
2722 3770 2903 3824 mundi
2935 3769 3084 3824 istius
3117 3769 3399 3824 illecebras
3427 3776 3746 3836 contemptu

2167 3860 2430 3916 ditissima
2461 3872 2813 3932 respuerant;
2847 3877 2953 3916 non
3007 3861 3199 3916 divites
3236 3861 3326 3930 qui
3363 3860 3546 3914 saeculi
3584 3859 3748 3929 hujus

2165 3953 2419 4009 felicitate
2447 3955 2630 4010 referti
2657 3965 2781 4011 sunt
2813 4000 2828 4025 ,
2881 3955 2974 4011 sed
3016 3971 3284 4025 pauperes,
3317 3954 3368 4010 id
3405 3965 3487 4011 est
3513 3969 3746 4024 regnum

2169 4045 2261 4100 Dei
2289 4047 2605 4102 esurientes.
2641 4047 2762 4101 Ideo
2804 4047 2945 4102 enim
2974 4046 3212 4112 addidit,
3245 4056 3291 4100 et
3319 4045 3699 4100 saturabuntur
3727 4064 3745 4112 ,-

2167 4140 2388 4193 saturari
2416 4140 2556 4193 cnim
2585 4155 2688 4194 non
2713 4148 2977 4210 poterant,
3006 4140 3106 4194 nisi
3127 4153 3260 4209 quos
3283 4139 3402 4194 talis
3431 4138 3748 4208 possidebat

2162 4230 2392 4285 esuries.

2234 4321 2385 4377 Vers.
2433 4324 2521 4376 51.
2564 4323 2632 4377 Et
2681 4324 2964 4377 laudabunt
3016 4323 3292 4378 Dominum
3339 4325 3424 4392 qui
3472 4325 3748 4394 requirunt

2159 4427 2276 4465 eum
2299 4429 2317 4466 :
2343 4414 2460 4467 vivit
2487 4429 2574 4466 cor
2602 4415 2754 4487 [mss.
2789 4415 2879 4481 2L,
2896 4416 2983 4482 8.,
3008 4413 3094 4478 F.,
3112 4417 3270 4469 vivent
3291 4413 3468 4485 corda]
3494 4433 3675 4469 eorum
3697 4420 3746 4471 in

2159 4503 2406 4556 sarculum
2451 4504 2646 4559 stcculi.
2695 4505 2995 4560 Permansit
3035 4507 3088 4559 in
3132 4506 3498 4575 superioribus
3548 4493 3742 4563 dctis.

2083 4631 2136 4692 D
2159 4597 2290 4653 Nam
2312 4613 2432 4653 cum
2457 4599 2676 4653 saturati
2707 4615 2967 4669 pauperes
2988 4599 3208 4665 fuerint,
3238 4599 3516 4666 laudabunt
3557 4600 3745 4654 Domi-

2166 4707 2307 4744 num.
2341 4691 2610 4759 Pauperes
2659 4691 2942 4746 Dominum
2991 4693 3246 4758 laudant,
3293 4692 3482 4745 divites
3532 4705 3741 4747 semet-

2167 4783 2312 4853 ipsos
2341 4785 2580 4838 exaltant
2612 4799 2625 4835 :
2659 4783 2749 4837 isti
2779 4783 3109 4837 thesauraria
3143 4794 3352 4836 terrena
3399 4795 3740 4852 congerunt,

2164 4877 2242 4933 illi
2271 4877 2476 4932 cmlesti
2509 4877 2748 4932 ubertate
2794 4876 3062 4930 (litescunt
3090 4895 3104 4929 :
3139 4875 3362 4930 facultas
3391 4876 3608 4943 dispar,
3644 4877 3742 4931 sed

2164 4969 2485 5023 conscientia
2516 4967 2670 5036 longe
2696 4967 2969 5020 dissimilis
2997 4983 3010 5032 ;
3045 4967 3130 5020 isti
3171 4966 3400 5036 denique
3427 4967 3736 5035 locupletes

2164 5070 2288 5115 sunt
2315 5061 2382 5116 de
2409 5060 2624 5124 mundo,
2651 5059 2721 5112 illi
2754 5059 2818 5112 de
2851 5059 2982 5114 Deo.
3012 5059 3055 5112 0
3078 5075 3238 5129 quam
3268 5061 3422 5130 longe
3449 5059 3742 5114 dissimilia

2160 5165 2282 5210 vota
2307 5154 2483 5208 sortiti
2507 5153 2664 5206 sunt!
2700 5153 2970 5221 Pauperes
3000 5153 3276 5222 possident
3298 5151 3436 5221 quod
3465 5167 3743 5222 nunquam

2157 5246 2410 5316 perdent;
2439 5243 2627 5297 divites
2661 5251 2843 5298 tenent
2871 5243 3012 5310 quod
3047 5259 3149 5297 non
3182 5244 3354 5297 solum
3386 5243 3607 5308 mortui,
3639 5242 3738 5296 sed

2158 5338 2316 5392 etiam
2345 5335 2447 5389 vivi
2493 5334 2800 5404 frequenter
2827 5335 3096 5389 amittunt.
3136 5335 3426 5416 Sequitur:
3474 5331 3613 5387 Vivit
3645 5350 3735 5387 cor

2154 5443 2335 5481 eorum
2361 5427 2412 5479 in
2433 5427 2672 5479 stvculum
2693 5426 2888 5480 stvculi.
2923 5427 3056 5479 Vivit
3079 5443 3187 5492 cor,
3220 5426 3270 5480 id
3295 5436 3378 5481 est
3399 5441 3521 5494 spes
3544 5441 3734 5480 eorum

2163 5520 2453 5575 immobilis
2483 5529 2776 5590 vegetatur.
2832 5521 2960 5574 Illud
2991 5521 3130 5575 enim
3166 5521 3430 5576 veraciter
3455 5521 3619 5576 vivere
3647 5522 3734 5576 di-

2163 5613 2352 5676 cimus,
2381 5612 2520 5681 qnod
2552 5613 2604 5666 in
2636 5611 2936 5666 Divinitatis
2965 5613 3131 5683 gratia
3163 5620 3490 5681 perseverat.

2235 5703 2387 5758 νει-ε.
2418 5703 2506 5760 52.
2537 5704 2957 5767 Reminiscentur,
2985 5717 3030 5757 et
3071 5715 3425 5760 convertentur
3452 5705 3522 5757 ad
3554 5702 3735 5757 Domi-

2161 5811 2280 5848 num
2309 5796 2528 5848 universi
2569 5794 2694 5863 ﬁnes
2723 5805 2887 5846 terrm.
2939 5794 3211 5849 Reminisci
3242 5797 3451 5865 proprie
3500 5795 3621 5850 illos
3653 5795 3731 5847 tli-

2161 5889 2328 5944 cituus
2373 5904 2506 5956 quos
2554 5895 2670 5955 post
2713 5885 2999 5943 oblivionis
3049 5887 3294 5957 iniuriam
3347 5889 3412 5945 ad
3460 5887 3730 5946 memoria:
