4064 6360
235 385 330 446 165

1188 379 1546 438 exrosmo
1579 380 1644 438 ιιι
1683 334 2140 438 ιιδΑιιτέιιιιιιι.
2181 381 2370 440 PSAL.
2409 381 2555 439 xxx.

3371 389 3474 448 166

229 505 428 558 constat
450 496 675 554 rediisse
703 494 1044 554 medicinam.
1066 494 1174 554 Sed
1203 495 1306 552 hoc
1329 496 1396 551 de
1421 495 1790 566 paganis'qno-
1816 496 1868 558 Α
1894 494 2042 551 litate
2067 495 2432 561 descendunt,
2459 505 2514 552 et
2539 496 2844 560 hominibus
2880 513 3138 570 apparere
3177 515 3282 560 non
3331 517 3460 572 pos-

238 589 390 646 modo
419 589 588 658 possit
607 587 853 658 intelligi,
872 588 962 657 qui
988 587 1130 642 nulla
1162 595 1494 642 sacramenta
1523 587 1646 641 ﬁdei
1667 595 1794 643 ante

231 683 630 740 conversionem
672 696 825 738 suam
873 679 1135 736 ullatenus
1164 680 1550 748 susceperunt?
1591 679 1696 734 Sed
1740 689 1796 734 et

230 791 315 834 eos
343 775 478 832 bene
499 773 729 830 dicimus
753 774 1012 830 reminisci
1035 791 1053 828 :
1076 772 1199 844 quia
1231 775 1410 828 omnis
1437 772 1598 828 homo
1621 771 1793 828 Deum

231 868 324 928 sibi
348 869 635 934 conﬁtetur
663 875 958 924 auctorem.
986 865 1092 922 Sed
1119 864 1330 936 quando
1357 866 1500 922 Deus
1533 866 1784 932 omnipo-

236 974 346 1020 tens
367 977 487 1020 esse
515 962 748 1020 ﬁdeliter
806 961 1142 1030 agnoscitur,
1187 969 1332 1016 recte
1371 960 1442 1016 ab
1481 960 1560 1016 eis
1603 959 1796 1014 dicitur

239 1053 518 1117 reminisci,
549 1061 612 1108 ut
633 1052 702 1108 ad
733 1051 884 1110 illum
908 1050 1170 1108 veraciter
1193 1049 1440 1114 redeant,
1462 1064 1618 1119 quem
1650 1049 1796 1118 prius

198 1158 474 1218 ,perversa
504 1137 784 1200 voluntate
830 1141 1198 1212 neglexerant.
1239 1139 1488 1210 Sequitur
1524 1156 1539 1194 :
1579 1137 1794 1192 Conver-

230 1245 390 1292 mttur
415 1237 484 1292 ad
515 1235 796 1290 Dominum
822 1233 1046 1288 uniuersi
1067 1233 1194 1302 ﬁnes
1215 1242 1382 1286 terra.
1407 1229 1692 1300 Prophetia
1715 1239 1801 1286 est

231 1329 542 1390 universalis
592 1326 882 1392 missine,
914 1339 1078 1396 quam
1106 1338 1247 1384 nunc
1277 1330 1488 1382 constat
1529 1331 1640 1380 toto
1669 1324 1799 1377 orbe

229 1423 484 1482 diﬂ'ttsam.

293 1513 444 1572 ιω.
474 1514 572 1574 53.
605 1513 672 1574 Βι
697 1515 985 1572 adorabunt
1008 1514 1061 1568 in
1082 1521 1352 1584 conspectu
1377 1514 1491 1582 ejus
1517 1525 1690 1566 omnes
1709 1525 1801 1579 pa-

230 1607 330 1664 tria
347 1609 606 1680 gentium.
625 1607 703 1664 Ne
723 1608 845 1678 quis
869 1613 1081 1675 putaret
1100 1603 1344 1668 dubium,
1371 1601 1640 1672 quomodo
1658 1608 1803 1656 esset

227 1699 287 1755 ab
306 1701 566 1758 universis
588 1701 838 1770 gentibus
857 1699 1185 1761 adorandus,
1215 1696 1558 1765 interposuit,
1584 1696 1638 1748 in
1671 1710 1798 1748 con-

227 1802 388 1861 spectu
431 1795 546 1865 ejus
569 1833 588 1858 ,
617 1792 710 1848 ubi
757 1792 934 1848 nullus
962 1791 1185 1858 adorat,
1227 1789 1328 1844 nisi
1357 1788 1450 1857 qui
1492 1787 1560 1842 de
1594 1787 1802 1841 sincera

227 1883 324 1940 ﬁde
349 1885 778 1954 presumpserit.
827 1884 1142 1952 Conspectus
1171 1880 1314 1936 enim
1343 1880 1486 1934 illius
1524 1893 1628 1933 non
1678 1886 1798 1944 est,

227 1975 318 2034 nisi
342 1991 502 2046 supra
529 1977 883 2036 ﬁdelissimos
905 1984 962 2036 et
987 1975 1193 2032 beatos.
1225 1970 1484 2037 Dicendo,
1513 1986 1684 2026 omnes
1705 1986 1799 2040 pa—

228 2076 327 2129 tria:
350 2077 576 2148 gentium
599 2116 616 2139 ,
645 2073 780 2128 nihil
810 2073 1023 2142 excepit
1048 2072 1142 2141 qui
1173 2081 1366 2128 cuncta
1405 2067 1707 2132 conclusit;
1743 2074 1801 2121 ut

229 2185 317 2238 per
346 2169 630 2254 indigenas
654 2184 782 2226 suos
806 2177 862 2226 et
883 2168 1016 2240 ipsa:
1045 2181 1261 2242 quoque
1304 2166 1487 2236 patriar
1512 2163 1801 2221 credantur

228 2273 342 2316 esse
369 2259 603 2316 devota.

289 2350 441 2408 Vers.
470 2351 564 2408 54.
598 2352 853 2422 Quoniam
892 2351 1098 2406 Domini
1125 2359 1199 2408 est
1234 2366 1470 2421 regnum,
1502 2358 1549 2403 et
1577 2351 1687 2418 ipse
1707 2349 1800 2402 do-

227 2440 498 2500 minabitur
529 2444 774 2514 gentium.
797 2442 1140 2498 lntendamus
1169 2441 1296 2512 quid
1330 2444 1430 2497 iste
1453 2458 1638 2496 versus
1665 2458 1801 2512 pra:-

226 2543 523 2604 posteratus
586 2536 877 2604 compellat
912 2523 1220 2604 .intclligi':
1270 2535 1411 2589 Deus
1458 2535 1801 2590 dominabitur

224 2626 468 2694 gentium,
500 2626 745 2696 quoniam
777 2625 985 2680 Domini
1009 2636 1081 2680 est
1112 2641 1326 2694 regnum
1347 2641 1365 2678 :
1397 2627 1519 2694 quia
1551 2643 1656 2680 non
1678 2636 1802 2682 sunt

225 2717 460 2784 gentium
485 2730 670 2786 regna,
704 2717 797 2770 sed
829 2716 1063 2780 Domini,
1096 2717 1182 2784 qtti
1209 2725 1467 2783 potestate
1495 2732 1586 2769 sua
1609 2728 1663 2770 et
1690 2733 1804 2771 ruu-

228 2814 292 2862 tat
331 2820 494 2876 reges
536 2814 591 2862 et
632 2808 894 2861 continet.
951 2807 1012 2859 Et
1043 2820 1264 2860 necesse
1289 2813 1371 2860 est
1401 2805 1570 2874 ipsum
1601 2807 1798 2862 debere

228 2900 415 2970 ubique
446 2897 579 2968 coli,
611 2915 771 2968 quem
797 2913 976 2954 rerum
1002 2898 1285 2952 Dominum
1310 2908 1522 2953 constat
1551 2899 1797 2969 intelligi.

227 2993 297 3049 De
326 3010 428 3068 quo
451 2994 575 3049 loco
597 2994 756 3048 Pater
782 2995 1110 3062 Augustinus
1137 2992 1187 3046 in
1217 2993 1351 3046 libro
1373 2992 1439 3045 ad
1473 2992 1798 3050 Honoratum

228 3086 590 3158 presbyterum
615 3099 764 3140 more
794 3099 889 3139 suo
925 3083 1239 3138 mirabiliter
1259 3084 1392 3138 dixit
1439 3083 1632 3152 (Epist.
1672 3085 1794 3152 lilii,

232 3194 338 3248 cap.
367 3179 459 3250 27)
495 3195 509 3233 :
544 3178 638 3233 Ille
665 3178 851 3232 irrisus
874 3219 888 3242 ,
920 3176 1007 3232 ille
1036 3176 1323 3230 cruciﬁxus
1345 3216 1362 3243 ,
1394 3175 1482 3231 ille
1512 3176 1797 3233 derelictus

231 3268 324 3324 hoc
351 3285 573 3342 regnum
605 3270 852 3340 acquirit,
887 3279 941 3326 et
970 3269 1141 3324 tradet
1173 3272 1224 3322 in
1252 3268 1354 3323 ﬁne
1386 3269 1497 3338 D_eo
1534 3279 1586 3324 et
1618 3269 1795 3334 Patri,

233 3377 328 3416 non
360 3372 415 3416 ut
445 3364 562 3430 ipse
592 3363 820 3429 amittat,
853 3361 944 3416 sed
976 3360 1119 3431 quod
1151 3361 1203 3415 in
1229 3360 1334 3415 ﬁde
1363 3362 1645 3416 seminavit
1673 3378 1796 3416 cum

229 3457 362 3510 venit
395 3455 572 3512 minor
611 3455 764 3510 Patre
785 3497 801 3522 ,
847 3455 947 3508 hoc
975 3453 1227 3521 perducat
1255 3452 1308 3506 in
1338 3455 1568 3522 speciem
1599 3454 1650 3508 in
1693 3471 1796 3522 qua

229 3546 437 3615 aequalis
469 3561 577 3620 non
611 3545 833 3601 recessit
863 3559 893 3598 a
925 3544 1104 3600 Patre.
1146 3543 1375 3598 Probata
1405 3555 1486 3599 est
1515 3545 1598 3599 his
1640 3546 1793 3600 dictis

233 3639 539 3694 universalis
562 3637 828 3692 Ecclesia.
855 3637 1106 3690 Desinant
1127 3633 1372 3691 homines
1398 3636 1789 3692 Donatistarum

229 3729 450 3783 vanitate
479 3727 759 3783 confundi.
812 3726 926 3781 Non
957 3735 1134 3798 potest
1165 3727 1453 3796 prmvalere
1485 3729 1602 3798 plus
1641 3728 1788 3784 fraus

224 3815 472 3872 diabolica
518 3829 680 3888 quam
726 3817 908 3888 religio
936 3816 1255 3872 Christiana.
1299 3815 1667 3872 Necessarium
1712 3829 1793 3872 est

224 3909 352 3965 cnim
383 3911 495 3967 inve
511 3921 607 3966 nlo
637 3913 753 3965 loco
785 3911 1158 3964 haereticorum
1183 3909 1457 3964 confutare
1485 3910 1747 3996 nequitias
1775 3928 1788 3965 :

224 4004 457 4070 quoniam
484 4004 621 4056 dum
653 4002 791 4066 illos,
835 4001 1060 4055 Domino
1095 4009 1407 4070 prtestante,
1437 4000 1790 4071 destruimus,

226 4096 489 4152 catholica:
529 4096 650 4150 ﬁdei
685 4110 840 4150 sensa
875 4094 1166 4148 ﬁrmamus.

287 4186 431 4242 Vers.
456 4187 556 4244 55.
585 4185 1044 4250 Manducaverunt,
1079 4193 1125 4238 et
1154 4185 1494 4238 adorauerunt
1518 4199 1688 4237 omnes
1715 4186 1793 4237 di-

227 4275 334 4331 vites
363 4287 534 4334 terrm.
566 4277 704 4345 Quid
735 4288 815 4332 est
858 4278 958 4332 hoc
986 4276 1129 4346 quod
1174 4276 1422 4345 superius
1450 4275 1516 4331 de
1556 4291 1785 4346 corpore

227 4366 422 4426 Domini
450 4383 718 4440 pauperes
743 4369 870 4425 dicit
903 4382 1024 4424 esse
1059 4375 1326 4423 saturatos
1351 4408 1366 4433 ,
1402 4368 1486 4422 hic
1511 4378 1687 4422 autem
1715 4368 1794 4421 di-

229 4461 336 4515 uites
358 4471 506 4516 terra:
540 4471 742 4515 tantum
772 4461 1108 4515 manducasse
1130 4469 1177 4514 et
1203 4460 1448 4513 adorasse
1474 4458 1793 4514 conﬁrmat?

229 4547 450 4615 Scilicet,
482 4561 545 4606 ut
572 4551 836 4622 intelligas
863 4566 970 4606 non
993 4551 1244 4617 humiles,
1269 4552 1361 4605 sed
1384 4552 1668 4620 superbos,
1702 4552 1789 4621 qui
1816 4568 1870 4629 Β

231 4658 323 4697 non
365 4646 564 4701 habent
592 4645 645 4699 in
674 4643 1081 4699 mansuetudine
1126 4658 1274 4712 spem
1306 4645 1747 4712 prtcdicatiunnm
1772 4687 1788 4712 ,

231 4734 311 4786 sed
331 4735 382 4788 in
400 4735 604 4790 divitiis
622 4750 851 4804 praesum
862 4737 1116 4804 ptionem.
1142 4733 1270 4788 Nam
1299 4734 1425 4789 licet
1444 4734 1632 4788 eadem
1651 4749 1785 4802 prora

233 4822 546 4882 dicationum
577 4835 911 4882 sacramenta
943 4827 1296 4896 susceperint,
1350 4836 1525 4881 tamen
1556 4842 1652 4896 par
1682 4843 1788 4882 non

233 4924 307 4970 est
329 4917 380 4972 in
415 4920 658 4989 utrisque
695 4919 926 4974 devotio.
965 4919 1040 4973 Illi
1071 4918 1211 4974 enim
1244 4934 1412 4988 usque
1439 4917 1504 4972 ad
1535 4919 1786 4973 saturita-

233 5014 327 5062 tem
354 5010 658 5078 comedunt,
682 5010 736 5065 id
758 5019 842 5066 est
866 5023 1033 5080 usque
1053 5009 1118 5064 ad
1147 5006 1526 5078 perfectionem
1555 5026 1564 5061 :
1591 5009 1680 5062 isti
1710 5008 1789 5063 sic

234 5101 583 5168 manducent,
628 5111 688 5157 ut
727 5117 836 5157 non
883 5102 1088 5172 magnis
1135 5099 1417 5157 desideriis
1447 5102 1784 5170 expleantur.

234 5189 376 5247 Aliud
410 5203 492 5250 est
520 5195 662 5250 enim
695 5195 1039 5250 mediocriter
1066 5194 1265 5264 aliquid
1295 5194 1432 5248 velle
1474 5195 1750 5264 percipere
1769 5235 1785 5262 ,

233 5291 281 5336 et
301 5284 436 5341 aliud
473 5295 587 5342 toto
633 5289 825 5343 mentis
868 5287 1060 5342 ardore
1107 5288 1444 5356 perquirere;
1476 5297 1529 5342 et
1566 5287 1685 5342 ideo
1719 5287 1775 5342 hi

233 5387 330 5430 non
353 5377 600 5435 dicuntur
626 5395 887 5450 pauperes
913 5377 1134 5443 Christi,
1165 5377 1258 5431 sed
1286 5378 1462 5431 divites
1492 5387 1664 5433 torrat.

297 5469 446 5526 Vera.
472 5472 561 5527 56.
594 5472 662 5527 In
697 5481 969 5540 conspectu
1009 5472 1119 5539 ejus
1163 5470 1423 5541 procidant
1456 5471 1673 5524 universi
1701 5471 1788 5537 qui

235 5558 528 5616 descendunt
565 5564 620 5616 in
644 5571 868 5626 terram;
896 5571 946 5616 et
973 5563 1145 5615 animo
1177 5576 1289 5613 mea
1319 5560 1415 5628 ipsi
1460 5561 1604 5614 u'vet.
1656 5560 1788 5627 Quia

235 5652 460 5718 superius
483 5653 711 5721 dixerat,
743 5655 922 5708 divites
960 5662 1107 5708 terra:
1133 5667 1254 5707 esse
1284 5651 1490 5720 tepidos
1521 5649 1786 5705 Christia-

239 5756 347 5807 nos.
371 5746 480 5817 78
507 5763 643 5803 nunc
667 5747 799 5802 dicit
823 5746 912 5817 qui
937 5758 1059 5801 ante
1088 5746 1252 5800 Deum
1290 5746 1580 5817 procidant,
1618 5745 1666 5799 id
1701 5755 1784 5800 est

239 5833 434 5901 rodant,
457 5840 540 5907 qui
570 5840 621 5895 in
657 5849 897 5897 terrenas
923 5838 1383 5911 concupiscentias
1412 5836 1590 5892 carnis
1620 5837 1778 5908 fragi-

1894 593 2040 639 sunt.
2067 585 2208 640 Bene
2226 597 2405 642 autem
2451 587 2648 642 dictum
2671 599 2751 644 eSt
2780 589 3114 662 descendunt,
3143 592 3264 660 quia
3309 607 3468 648 omne

1896 685 2176 745 peccatum
2205 692 2326 746 pars
2355 681 2609 748 probatur
2635 679 2875 736 inferior.
2909 681 3039 736 Nam
3069 681 3196 736 dum
3229 697 3467 738 conven-

1907 777 1988 822 tus
2021 768 2276 823 Ecclesiae
2308 785 2495 825 omnes
2524 771 3109 844 indiscreteouscipiat,
3144 775 3311 843 ipsius
3339 790 3474 830 con-

1896 861 2106 930 spectui
2131 860 2242 915 noti
2270 870 2414 928 sunt,
2440 863 2527 932 qui
2569 878 2627 918 se
2657 866 2969 922 meritorum
3000 869 3256 937 qualitate
3277 869 3478 926 discer-

1903 961 2061 1005 nunt.
2102 951 2341 1006 Animam
2375 967 2502 1007 vero
2528 969 2679 1008 suam
2703 953 2829 1010 dicit
2857 957 2966 1012 Deo
3000 960 3195 1026 uiuere,
3222 963 3474 1030 quoniam

1904 1043 2043 1099 hunc
2072 1045 2327 1100 mundum
2362 1048 2699 1103 immaculata
2729 1052 3138 1108 conversatione
3167 1055 3432 1109 transivit.

1975 1135 2130 1192 Vers.
2161 1137 2249 1192 57.
2292 1137 2358 1190 Et
2385 1155 2550 1194 semen
2589 1157 2754 1194 meum
2789 1144 2967 1196 serviet
3008 1145 3122 1210 illi;
3149 1149 3477 1202 annuntiabi—

1900 1235 1980 1280 tur
2003 1226 2227 1282 Domino
2253 1233 2514 1300 generatio
2535 1244 2766 1288 uentura.
2789 1234 2975 1291 Semen
2997 1252 3160 1306 Opera
3182 1239 3332 1310 dicit,
3357 1257 3476 1311 quae

1911 1327 2154 1390 tempore
2182 1321 2564 1379 incarnationis
2594 1341 2706 1380 suae
2731 1326 3012 1382 manifesta
3043 1327 3167 1384 fecit
3212 1332 3266 1388 in
3295 1333 3476 1400 terris,

1907 1419 1966 1466 ut
1995 1412 2219 1479 populos
2264 1413 2596 1481 instrueret,
2632 1426 2840 1472 secreta
2889 1419 3165 1488 religionis
3211 1421 3478 1492 aperiret,

1910 1501 2289 1572 prmdicatores
2333 1507 2606 1574 apostolos
2653 1507 2996 1575 institueret,
3045 1513 3134 1582 qui
3167 1513 3478 1581 religionem

1903 1603 2140 1649 sanctam
2163 1599 2369 1650 sincera
2403 1597 2504 1652 [ide
2539 1599 2911 1668 praedicarent.
2941 1603 3346 1656 Annuutiabitur
3371 1604 3478 1657 Do-

1908 1685 2045 1737 mino
2073 1683 2222 1750 dicit,
2251 1685 2318 1740 ab
2344 1687 2547 1754 angelis
2572 1687 2654 1757 (ut
2677 1690 2890 1758 quidam
2920 1691 3148 1762 volunt),
3173 1695 3260 1763 qui
3294 1709 3476 1762 preces

1911 1773 2172 1828 humanas
2213 1775 2280 1829 ad
2326 1775 2608 1831 Dominum
2663 1779 2867 1833 referre
2901 1793 3287 1838 memorantur.
3332 1784 3476 1839 Scri-

1833 1835 1882 1896 Β
1909 1872 2056 1940 ptum
2085 1874 2164 1919 est
2187 1865 2327 1918 enim
2367 1866 2417 1920 in
2450 1867 2584 1920 libro
2612 1866 2794 1921 TODiiD
2825 1886 2836 1920 :
2868 1868 2974 1942 Ego
2998 1871 3156 1926 obtuli
3187 1874 3479 1928 memoriam

1907 1957 2154 2010 orationis
2201 1968 2378 2012 rastra:
2423 1970 2540 2014 ante
2576 1957 2852 2015 Dominum
2903 1964 3060 2032 (Tob.
3091 1982 3200 2039 xu,
3229 1968 3346 2039 l2).
3378 1967 3482 2027 Sed

1909 2046 2202 2116 ﬁguraliter
2244 2049 2443 2103 dicitur
2484 2067 2498 2101 :
2543 2051 2948 2107 Annuntiabitur
2997 2035 3260 2123 Domino,
3292 2035 3481 2114 scienti

1907 2143 2137 2211 quippe,
2175 2150 2229 2197 et
2270 2142 2450 2198 omnia
2488 2139 2833 2213 prﬁidenti;
2880 2149 3138 2215 scriptun:
3169 2160 3251 2204 est
3279 2153 3420 2206 enim
3455 2168 3468 2205 :

1912 2234 2068 2290 Novit
2090 2236 2225 2290 enim
2251 2234 2408 2290 Pater
2439 2245 2602 2292 vester
2621 2278 2638 2306 ,
2664 2238 2739 2296 ait
2769 2238 3050 2307 Dominus,
3077 2241 3200 2310 quid
3228 2242 3365 2296 vobis
3393 2260 3482 2296 ne-

1905 2329 2180 2384 cessarium
2208 2330 2289 2396 sit,
2323 2331 2620 2399 priusquam
2658 2334 2840 2398 petatis
2866 2333 2927 2386 ab
2959 2351 3015 2388 eo
3050 2333 3264 2405 (Matth.
3299 2351 3372 2404 vr,
3402 2337 3480 2406 8).

1905 2421 2237 2476 Annuntiant
2275 2436 2403 2492 ergo
2435 2423 2609 2491 angeli
2643 2423 2869 2479 Domino
2897 2442 2993 2495 pro
3021 2427 3342 2493 ministerio,
3381 2444 3482 2483 non

1907 2530 2002 2581 pro
2030 2515 2400 2602 instructions.
2451 2511 2840 2570 Generationem
2869 2525 3135 2571 perituram
3162 2518 3289 2573 dicit
3315 2559 3329 2584 ,
3369 2535 3483 2590 qua!

1904 2622 1968 2661 ex
1999 2621 2132 2676 aqua
2162 2616 2212 2660 et
2247 2607 2447 2674 Spiritu
2496 2615 2682 2662 sancto
2713 2618 2830 2663 erat
2853 2649 2867 2676 ,
2901 2609 3130 2664 Domino
3182 2611 3442 2680 largiente
3468 2654 3483 2678 ,

1907 2698 2254 2766 procreanda.
2288 2698 2353 2752 Et
2381 2709 2438 2752 ut
2458 2699 2769 2755 ostenderet
2798 2717 2915 2755 eam
2943 2702 3139 2771 justam
3166 2745 3182 2769 ,
3216 2703 3344 2758 dicit
3374 2704 3483 2757 Do-

1904 2791 2041 2843 mino
2085 2806 2204 2845 esse
2257 2801 2560 2856 venturam;
2608 2795 2885 2861 generatio
2914 2795 3056 2849 enim
3087 2797 3347 2850 malorum
3378 2795 3482 2851 sibi

1905 2881 2117 2936 videtur
2146 2883 2348 2947 venire,
2382 2899 2486 2938 non
2519 2883 2764 2938 Domino.

1974 2969 2130 3026 Vers.
2161 2971 2248 3026 58.
2286 2973 2677 3027 Αηηιιηῑὶαὺιιηι
2723 2971 2838 3027 εωιὶ
2874 2973 3131 3045 justitiam
3160 2977 3270 3040 eius
3297 2978 3483 3046 popula

1902 3062 1987 3129 qni
2017 3071 2274 3127 nascetur,
2299 3078 2446 3133 quem
2473 3063 2590 3130 fecit
2624 3063 2896 3118 Dominus.
2930 3065 2983 3118 ld
3014 3075 3095 3121 est
3141 3070 3480 3136 evangelista:

1905 3154 2269 3224 prtetlicabunt
2317 3153 2512 3210 Filium
2560 3154 2683 3220 Dei;
2719 3155 2834 3223 ipse
2864 3156 3006 3208 enim
3041 3166 3121 3210 est
3148 3158 3348 3224 justitia
3381 3160 3478 3211 Pa-

1907 3247 2020 3300 tiis.
2047 3245 2123 3299 llli
2155 3261 2283 3315 ergo
2313 3245 2508 3315 popqu
2536 3246 2870 3317 praedicanda
2898 3249 3224 3320 estjustitia,
3249 3249 3339 3320 qui
3367 3267 3482 3306 cre-

1903 3340 2110 3394 diturus
2141 3349 2222 3394 est
2255 3339 2386 3404 Deo,
2419 3341 2506 3408 qui
2538 3351 2879 3410 peccatorum
2908 3355 3080 3398 morte
3106 3343 3358 3398 derelicta
3392 3361 3481 3401 ve-

1904 3433 1982 3484 nit
2011 3431 2073 3484 ad
2111 3432 2292 3496 vitam,
2323 3431 2410 3500 qui
2440 3431 2518 3484 sic
2547 3432 2806 3486 beneﬁcio
2851 3433 2940 3487 Dei
2973 3448 3042 3487 ex
3072 3433 3174 3488 ﬁde
3203 3436 3439 3490 nascitur
3465 3477 3480 3502 ,

1902 3526 1959 3570 ut
1990 3518 2038 3570 in
2074 3527 2336 3572 aeternum
2384 3518 2564 3572 vivere
2612 3526 2904 3573 mereatur.
2950 3521 3288 3588 Quapropter
3317 3523 3476 3577 nimis

1899 3619 2022 3680 apte
2059 3611 2258 3666 dictum
2287 3619 2371 3665 est
2399 3609 2763 3665 Christianum
2794 3610 3050 3680 popqu
3081 3611 3364 3668 Dominum
3397 3613 3477 3669 fe-

1899 3702 2070 3766 cisse;
2095 3701 2301 3755 creavit
2347 3700 2514 3770 enim,
2543 3702 2756 3772 quando
2785 3703 2935 3756 illum
2967 3703 3036 3760 de
3067 3712 3254 3759 ventre
3296 3707 3483 3764 matris

1898 3793 2108 3857 eduxit;
2169 3795 2264 3849 sed
2339 3803 2461 3854 tunc
2515 3811 2636 3850 eum
2677 3811 2709 3850 a
2761 3798 2993 3864 peccatis
3044 3797 3267 3854 liberum
3315 3800 3479 3866 iecit,

1899 3884 2112 3953 quando
2138 3883 2496 3940 Christianum
2524 3901 2618 3953 per
2643 3901 2836 3956 aquam
2867 3891 3292 3958 regenerationis
3317 3891 3476 3946 insti-

1901 3975 2022 4028 tuit.
2072 3977 2263 4030 Animo
2298 3993 2419 4030 tero
2457 3978 2794 4031 condendam
2826 3988 2944 4043 est,
2976 3980 3117 4048 quod
3165 3983 3262 4038 iste
3301 3993 3357 4038 et
3386 3982 3482 4042 alii

1910 4067 2124 4133 psalmi,
2157 4067 2246 4133 qui
2275 4067 2342 4120 de
2370 4067 2622 4120 PaSsione
2673 4068 2878 4120 Domini
2925 4070 3234 4138 loquuntur,
3265 4075 3332 4126 -in
3382 4090 3478 4142 spe

1900 4155 2324 4211 Christianorum
2359 4159 2588 4213 maxime
2623 4162 3002 4226 terminantur;
3038 4173 3094 4215 ιιι
3126 4164 3223 4216 hac
3254 4166 3480 4234 disposi-

1901 4246 2046 4300 tione
2073 4247 2304 4300 mirabili
2331 4261 2720 4316 eognoscamns
2747 4249 2976 4306 salutem
3008 4253 3350 4310 credentibus
3384 4257 3478 4314 tali

1903 4339 2159 4410 mysterio
2180 4339 2559 4394 contributam.

2431 4497 2706 4555 Conclusio

1975 4629 2080 4684 lste
2111 4630 2344 4699 psalmus
2374 4642 2454 4686 est
2481 4649 2638 4702 quem
2682 4635 2832 4689 nobis
2869 4637 3100 4705 paschali
3143 4655 3360 4694 munere
3393 4658 3478 4695 ευ·

1895 4729 2144 4782 lemn‘ter
2173 4729 2416 4783 decantat
2446 4731 2710 4794 Ecclesia;
2740 4743 2792 4785 ut
2818 4735 3122 4788 salutariter
3145 4735 3476 4792 instruamur

1901 4822 1953 4875 in
1989 4822 2237 4877 humanis
2276 4825 2438 4903 rebus
2470 4827 2626 4877 etiam
2659 4825 2842 4879 beatos
2885 4827 3252 4895 temporaiiter
3282 4846 3345 4883 ex
3379 4832 3473 4884 ali-

1897 4929 1997 4982 qua
2032 4917 2194 4983 parti!
2219 4930 2246 4968 a
2295 4915 2518 4970 Doin'nn
2549 4918 2843 4988 tlcrelinqui
2866 4960 2880 4984 ,
2913 4935 3030 4973 ‹·ιιιιι
3075 4929 3252 4977 tamen
3285 4941 3376 4978 eos
3404 4927 3468 4979 ad

1896 5005 2031 5060 bona
2063 5017 2256 5061 tctcrnn
2287 5009 2526 5064 tuitionis
2549 5026 2657 5082 sua:
2686 5011 2879 5063 virtute
2904 5011 3177 5079 perducat.
3215 5015 3362 5069 llunc
3390 5017 3471 5071 fc-

1898 5099 2067 5154 liciter
2093 5101 2280 5156 ﬁentes
2304 5102 2568 5164 audimus,
2599 5119 2690 5168 per
2710 5119 2869 5172 quem
2892 5105 2968 5159 sic
2993 5121 3274 5176 possumus
3298 5110 3472 5177 reﬁci,

1898 5191 1941 5244 si
1968 5191 2141 5245 deﬁxo
2173 5192 2350 5246 animo
2380 5194 2430 5246 in
2461 5192 2648 5246 eodem
2705 5209 3001 5250 mereamur
3041 5199 3226 5268 al‘lligi.
3259 5200 3302 5253 Ο
3335 5201 3468 5255 dura

1896 5285 2054 5339 corda
2084 5285 2418 5340 Jutlteurnm!
2451 5302 2481 5339 ο
2509 5289 2788 5341 inscnsatte
2818 5301 3022 5345 mentes
3055 5310 3322 5363 nunquam
3353 5311 3469 5350 om-

1895 5378 2022 5433 nino
2066 5379 2426 5433 credonlium!
2462 5377 2647 5433 Nonne
2679 5379 2762 5435 hic
2793 5383 2935 5436 solus
2968 5385 3203 5454 psalmus
3233 5386 3296 5439 ad
3331 5386 3457 5441 Pas-

1897 5473 2100 5526 siuncm
2129 5470 2450 5524 credendam
2483 5471 2727 5525 snlliccro
2758 5473 3054 5542 debuissd,
3085 5492 3240 5545 quam
3269 5477 3346 5532 sic
3366 5478 3478 5531 evi-

1895 5564 2084 5618 denter
2105 5564 2170 5618 de
2213 5578 2270 5616 se
2297 5561 2513 5617 Veritas
2561 5565 2673 5632 ipsa
2717 5565 3063 5634 praedicavit?
3113 5567 3178 5621 Et
3208 5583 3272 5622 nc
3301 5569 3474 5634 alipta

1895 5656 2144 5710 cordibus
2165 5657 2468 5711 durissimis
2493 5659 2775 5712 excusatio
2803 5660 3218 5729 relinqueretur,
3251 5678 3477 5731 sequun-

1893 5755 1978 5800 tur
2005 5747 2143 5800 inter
2171 5746 2304 5801 alios
2339 5747 2406 5802 de
2441 5752 2536 5803 hac
2569 5765 2625 5803 rc
2657 5749 2884 5818 psalmi,
2916 5751 3151 5804 evidenti
3200 5761 3253 5805 ct
3301 5749 3471 5804 inani-

1893 5836 2174 5894 l’estissitna
2221 5840 2629 5909 prophetatione
2661 5842 2949 5910 conscripti
2978 5885 2992 5914 ,
3030 5842 3079 5897 id
3112 5853 3224 5911 est,
3259 5839 3471 5916 trigesi-
