4016 6344
547 404 648 466 167

1725 411 1796 469 M.‘
1837 411 2116 481 AURELII
2151 411 2561 470 CASSIODORI

3698 429 3808 483 163

544 536 664 578 mus
691 509 934 593 quartus,
953 523 1425 596 quinquagesimus
1452 531 1674 594 quartus
1696 566 1710 592 ,
1744 525 2115 594 sexagesimus
2146 528 2202 590 Α
2297 520 2364 576 In
2395 522 2510 577 loco
2540 537 2742 593 pascua:
2770 523 2840 578 ibi
2873 539 2954 579 me
2979 525 3271 582 collocarit.
3319 528 3552 586 Primam
3596 545 3807 603 partem

541 625 784 683 octavus,
808 626 864 674 et
887 620 1211 675 centesimus
1235 628 1488 683 octavus;
1519 626 1579 672 ut
1605 617 1734 673 nulli
1756 633 1876 697 esse
1897 618 2118 674 deberet

545 713 872 784 ambiguum,
888 716 1029 786 quod
1053 715 1213 786 tantis
1233 714 1572 785 praeconibus
1591 715 1934 784 cognoscitur
1954 713 2119 770 fuisse

544 806 835 880 vulgatum.
861 785 1113 863 continet
1137 785 1313 862 adtem
1339 806 1620 877 praesentis
1652 805 1842 875 psalmi
1865 818 2118 860 numerus

543 907 598 952 et
627 897 732 952 alia
761 912 939 953 rerum
968 907 1304 952 sacramenta
1328 895 1652 953 ctelestium.
1683 895 1815 950 Nam
1845 909 1968 950 cum
1995 908 2119 964 pro-

543 988 701 1058 pheta
732 986 916 1044 Daniel
947 989 1119 1044 tribus
1167 987 1596 1045 hebdomadibus
1638 986 1938 1042 orationem
1963 998 2115 1039 suam

545 1079 771 1136 Domino
797 1081 995 1152 jugiter
1019 1081 1370 1146 immolasset,
1394 1089 1453 1136 ut
1474 1096 1592 1150 qua:
1611 1087 1792 1136 essent
1816 1075 2115 1134 [araelitico

542 1171 738 1242 populo
785 1171 962 1227 futura
1000 1181 1350 1243 cognosceret
1377 1213 1394 1241 ,
1424 1171 1602 1242 angeli
1631 1184 1763 1226 voce
1793 1182 2112 1238 responsum

541 1273 624 1319 est
650 1306 665 1332 ,
712 1265 778 1318 ad
827 1265 1028 1335 primas
1060 1260 1244 1333 preces
1287 1279 1347 1320 se
1376 1263 1543 1319 fuisse
1576 1262 1988 1328 transmissum,
2021 1258 2117 1315 sed

540 1353 806 1410 diabolica
835 1355 1187 1411 reluctatione
1218 1356 1514 1423 tardatum;
1545 1354 1804 1410 vicesimo
1826 1353 2000 1423 primo
2028 1351 2117 1407 die

540 1447 606 1503 ad
633 1463 754 1502 eum
780 1451 1014 1517 potuisse
1040 1449 1390 1516 descendere,
1411 1453 1479 1503 ἰιι
1503 1448 1638 1503 votis
1661 1449 1780 1516 ejus
1804 1446 2113 1502 satisfacere

540 1544 804 1613 potuisset
847 1545 1020 1615 (Dan.
1047 1561 1102 1610 x,
1134 1542 1256 1617 12).
1295 1546 1634 1613 Quapropter
1665 1552 1720 1598 et
1750 1543 1836 1598 hic
1877 1540 2112 1611 psalmus

541 1649 646 1689 non
696 1636 967 1691 immerito
996 1636 1086 1690 tali
1115 1637 1321 1692 calculo
1369 1636 1610 1691 noscitur
1649 1633 1943 1689 collocatus
1976 1648 1991 1686 :
2023 1629 2114 1701 qui

539 1725 736 1782 diaboli
768 1729 1117 1798 perversitate
1145 1728 1414 1783 destructa
1441 1767 1456 1793 ,
1491 1725 1827 1781 medicinalis
1850 1722 2115 1795 passionis

539 1817 678 1874 dona
719 1820 1015 1888 reseravit;
1043 1819 1198 1890 cujus
1235 1819 1501 1875 beneﬁcio
1531 1818 1824 1873 humanum
1852 1831 2021 1888 genus
2045 1814 2113 1870 ab

2229 628 2512 670 munerum
2543 614 2716 670 ﬁdelis
2747 615 2846 670 iste
2875 629 3033 684 quem
3074 616 3306 673 diximus
3338 632 3610 689 gratanter
3635 639 3809 695 expo-

2228 705 2328 770 nit,
2361 705 2504 769 quod
2555 717 2733 761 tamen
2763 707 2829 762 ad
2859 707 3215 766 univcrsalem
3259 709 3458 768 Christi
3509 714 3810 774 Ecclesium

2229 795 2422 850 merito
2437 796 2808 865 cognoscimus
2831 799 3117 868 pertinere.
3135 800 3341 856 Asserit
3364 817 3424 858 se
3449 819 3574 876 ergo
3592 807 3647 860 in
3662 809 3812 864 locis

2225 899 2429 955 pascua:
2455 885 2828 953 constitutum,
2861 903 2967 943 non
2998 888 3137 944 unde
3159 905 3287 946 caro
3314 907 3614 966 corpusque
3660 898 3812 970 sagi-

2225 983 2406 1045 netur,
2435 976 2529 1030 sed
2563 977 2702 1032 unde
2734 980 2911 1032 anima
2938 979 3144 1036 caelesti
3174 981 3368 1051 pabulo
3397 985 3615 1054 refecta,
3642 991 3812 1060 spiri-

2226 1067 2382 1122 tualis
2411 1067 2606 1124 laetitia
2643 1070 2818 1126 nitore
2849 1071 3177 1142 pinguescat.
3222 1074 3317 1130 Illa
3355 1081 3497 1133 enim
3541 1079 3637 1136 Dei
3675 1092 3812 1140 sunt

2224 1175 2440 1230 pascua,
2488 1176 2606 1231 quae
2636 1152 2756 1217 non
2803 1165 3007 1219 ventris
3045 1165 3430 1236 digestionibus
3464 1170 3806 1244 dilabuntur,

2223 1251 2313 1306 ubi
2365 1253 2556 1307 iterum
2600 1253 2902 1323 importuna
2953 1271 3060 1311 non
3129 1260 3368 1314 succedit
3413 1263 3654 1330 esuries;
3702 1265 3807 1322 sed

2221 1345 2399 1399 anima
2439 1359 2560 1399 cum
2586 1346 2751 1402 semel
2777 1350 3004 1417 cmperit
3033 1364 3156 1405 esse
3189 1360 3450 1419 saturata,
3480 1353 3535 1408 in
3565 1356 3806 1425 idipsutn

2221 1434 2428 1491 cmlesti
2458 1451 2678 1492 munere
2709 1450 3034 1508 perseverat.
3070 1440 3232 1496 Locus
3260 1456 3438 1500 autern
3469 1446 3572 1520 iste
3596 1451 3684 1516 qui
3715 1447 3806 1502 di-

2217 1529 2355 1584 citur
2397 1529 2735 1599 pabulorum,
2767 1533 2947 1588 divina
2994 1534 3150 1590 lectio
3187 1545 3292 1592 est.
3343 1535 3478 1592 Nam
3519 1543 3656 1594 sicut
3699 1555 3800 1610 pe-

2217 1622 2412 1679 cudum
2455 1626 2769 1694 corporibus
2799 1627 3175 1698 pinguedinem
3221 1641 3438 1699 praestat
3480 1647 3604 1703 ager
3629 1634 3801 1703 depa-

2217 1721 2354 1781 stus,
2407 1714 2482 1769 ita
2528 1726 2582 1771 et
2627 1730 2808 1772 sermo
2837 1717 3050 1773 divinus
3097 1722 3328 1774 animant
3381 1723 3527 1777 novit
3571 1723 3804 1780 ﬁdeliter

2222 1807 2468 1878 saginare
2511 1809 2819 1866 meditatus.
2869 1811 2946 1867 De
2984 1812 3066 1869 his
3109 1817 3319 1883 pascuis
3362 1827 3628 1874 saturatos
3667 1835 3803 1879 eru-

537 1921 739 1966 acterna
764 1921 938 1970 morte
972 1911 1292 1980 liberatum,
1315 1911 1384 1969 ad
1425 1921 1698 1984 perpetua:
1725 1911 1917 1968 salutis
1968 1908 2100 1966 dona

2218 1901 2382 1954 ctavit
2417 1899 2508 1955 ille
2554 1904 2644 1971 qui
2685 1902 2818 1958 dixit
2849 1903 2995 1963 Deo:
3030 1904 3196 1972 Quam
3221 1907 3395 1962 dulcia
3421 1911 3650 1978 faucibus
3671 1914 3802 1968 meis

537 2004 801 2074 pervenit.

815 2137 1176 2196 EXPOSlTlO
1212 2137 1280 2195 1N
1319 2136 1646 2195 PSALMUM
1684 2135 1852 2193 XXII.

1088 2253 1328 2310 Psalmus
1367 2253 1558 2310 David.

608 2371 746 2442 Apte
775 2369 1226 2440 praetermittitur,
1259 2369 1352 2425 ubi
1381 2369 1506 2425 novi
1547 2366 1681 2423 nihil
1726 2373 1810 2423 est
1836 2365 1979 2438 quod
2023 2379 2109 2422 re-

533 2461 794 2554 quiratur.
820 2459 942 2517 Hoc
969 2471 1174 2517 tantum
1217 2461 1756 2518 commemorandum
1785 2469 1889 2529 est,
1926 2469 1985 2516 ut
2013 2474 2113 2515 no-

533 2564 677 2611 mina
704 2554 840 2608 tituli
862 2554 1018 2624 hujus
1038 2554 1105 2608 ad
1127 2555 1481 2624 spiritualem,
1505 2559 1647 2610 sicut
1662 2554 1870 2626 prafati
1897 2569 2108 2623 sumus,

533 2648 937 2721 intelligentiam
965 2651 1259 2720 perducere
1286 2651 1601 2708 debeamus.
1652 2650 1920 2720 Loquitur
1959 2651 2106 2708 enim

533 2760 629 2814 per
657 2752 822 2799 totum
845 2745 1142 2814 psalmum,
1188 2747 1348 2816 primi
1379 2746 1615 2801 hominis
1643 2755 1914 2801 vetustate
1943 2745 2110 2815 depo-

531 2837 654 2904 sita,
685 2849 1034 2908 regeneratus
1062 2854 1134 2895 ex
1157 2855 1294 2910 aqua
1325 2850 1382 2896 et
1407 2840 1613 2910 Spiritu
1641 2850 1830 2897 sancto
1860 2840 2113 2897 ﬁdelissi-

529 2945 650 2988 mus
677 2928 1020 2987 Christianus
1055 2951 1068 2986 :
1096 2933 1298 3004 gratias
1337 2948 1498 3005 agens
1527 2934 1781 3004 quoniam
1828 2933 1898 2990 de
1943 2935 2111 2990 aridi-

2222 1995 2422 2064 eloquia
2450 1995 2575 2048 tua!
2597 2012 2748 2068 super
2773 1998 2873 2052 mel
2903 2009 2948 2054 st
2976 2003 3149 2071 favum
3175 2002 3253 2056 ori
3273 2017 3382 2058 meo
3413 2002 3584 2074 (Psal.
3611 2021 3796 2076 cxvm,

2220 2085 2348 2158 105)
2367 2125 2387 2157 ,
2417 2096 2471 2143 et
2498 2088 2581 2144 his
2607 2089 2822 2146 similia.

2294 2198 2452 2254 Vers.
2482 2200 2537 2255 2.
2568 2200 2738 2272 Super
2764 2219 2954 2272 aquam
2979 2207 3271 2277 refectionis
3299 2209 3529 2265 educavit
3557 2227 3652 2266 me.
3699 2211 3801 2269 Se~

2221 2294 2453 2352 cundum
2485 2311 2680 2352 munus
2707 2312 2819 2354 sua:
2861 2301 3220 2369 provectionis
3247 2304 3502 2371 ostendit,
3540 2305 3679 2360 dona
3707 2305 3800 2360 di-

2221 2387 2344 2441 vina
2375 2401 2694 2457 comparans
2725 2391 3124 2448 amtenitatibus
3167 2394 3323 2464 hujus
3361 2395 3564 2462 saeculi,
3604 2398 3800 2467 quibus

2219 2479 2447 2534 multum
2474 2479 2704 2536 humana
2735 2485 2967 2552 gaudere
2993 2486 3132 2541 solet
3153 2487 3458 2543 inﬁrmitas.
3481 2489 3585 2545 Sed
3615 2493 3800 2546 consi-

2215 2571 2470 2628 deremus
2499 2587 2592 2644 per
2623 2576 2754 2631 istas
2799 2579 3248 2647 comparationes,
3294 2583 3421 2651 quid
3466 2584 3630 2653 magis
3661 2583 3800 2639 velit

2213 2665 2458 2739 intelligi.
2489 2669 2636 2738 Aqua
2665 2670 2952 2740 refectionis
2981 2683 3063 2727 est
3089 2673 3338 2743 baptismi
3368 2676 3660 2744 lavacrum,
3683 2693 3798 2748 quo

2217 2762 2392 2816 anima
2415 2762 2615 2817 sterilis
2635 2762 2882 2819 ariditate
2901 2766 3105 2835 peccati
3126 2769 3191 2822 ad
3221 2768 3388 2825 bonos
3416 2769 3622 2826 fructus
3649 2773 3798 2829 infe-

2219 2858 2416 2911 rendos
2437 2856 2630 2912 divinis
2656 2860 2966 2914 muneribus
2998 2862 3264 2932 irrigatur.
3292 2865 3357 2918 Et
3385 2863 3522 2920 bene
3545 2866 3749 2922 addidit
3779 2884 3794 2921 :

2218 2950 2492 3020 Educavit,
2524 2952 2579 3007 id
2610 2962 2694 3008 est
2730 2953 2984 3024 paulatim
3013 2957 3255 3024 nutrivit,
3285 2959 3434 3028 quasi
3466 2961 3715 3029 parvulos
3739 2971 3798 3018 et

529 3030 639 3076 tate
667 3023 868 3091 peccati
898 3023 963 3078 ad
984 3025 1100 3078 loca
1135 3039 1368 3093 pascuae,
1393 3036 1447 3080 et
1475 3026 1541 3079 ad
1570 3042 1765 3096 aquam
1795 3025 2100 3082 refectionis

2212 3057 2450 3111 renatos,
2484 3047 2621 3102 sicut
2647 3023 2832 3104 Petrus
2855 3051 3126 3118 apostolus
3153 3052 3280 3107 dicit
3305 3071 3319 3108 :
3346 3053 3614 3124 Tanquam
3642 3059 3798 3112 modo

527 3111 754 3169 Domino
781 3114 851 3168 sit
896 3115 1154 3183 largiente
1186 3116 1496 3185 perductus.
1546 3115 1612 3169 Et
1642 3117 1941 3172 notandum
1983 3118 2107 3188 quia

527 3206 666 3260 sicut
695 3217 849 3261 antea
879 3207 1200 3278 Decalogum
1248 3209 1382 3276 legis
1407 3209 1655 3278 accepit,
1688 3210 1763 3264 ita
1796 3210 1883 3264 hic
1911 3211 2099 3266 decem

526 3296 805 3356 beneﬁciis
825 3315 885 3356 se
911 3301 1107 3370 gaudet
1135 3316 1257 3356 esse
1285 3302 1544 3363 ditatum;
1573 3303 1716 3371 quod
1741 3317 1847 3357 non
1876 3303 2103 3374 singulis

526 3393 767 3452 versibus
786 3393 1002 3464 dicitur,
1020 3395 1117 3453 sed
1143 3410 1238 3467 per
1259 3405 1528 3454 commata
1543 3397 1814 3456 succincte
1834 3409 2105 3458 narratur.

1087 3508 1287 3567 Diuisio
1327 3510 1515 3582 psalmi

595 3618 798 3676 Parvus
839 3620 1053 3692 quidem
1099 3623 1339 3692 psalmus
1366 3633 1486 3692 est,
1515 3625 1611 3683 sed
1654 3629 1836 3685 multis
1861 3632 2103 3688 noscitur

524 3712 763 3780 partibus
790 3713 1089 3781 contineri,
1117 3716 1207 3784 qui
1237 3717 1552 3774 divisionem
1605 3720 1657 3774 in
1707 3725 1949 3790 personis
1991 3739 2100 3781 non

523 3792 704 3871 habet,
734 3805 829 3860 sed
859 3805 912 3861 in
943 3807 1122 3862 rebus.
1162 3809 1395 3880 ideoque
1430 3826 1528 3867 nos
1561 3829 1668 3871 non
1697 3816 2012 3888 divisiones,
2044 3828 2101 3875 ut

521 3894 574 3950 in
602 3896 721 3952 aliis
749 3899 988 3968 psalmis,
1015 3901 1109 3956 sed
1130 3911 1306 3958 certas
1333 3908 1542 3962 numeri
1567 3923 1660 3976 per
1676 3910 1914 3982 singulas
1941 3927 2100 3984 quas-

520 4003 623 4066 que
654 4000 832 4061 partes
860 3993 1080 4067 forsitan
1109 4009 1480 4068 competenter
1509 4001 1796 4060 afﬁximus.

1050 4106 1317 4181 Expositio
1355 4113 1563 4183 psalmi.

589 4219 741 4278 Vers.
768 4221 820 4278 i.
845 4220 1092 4278 Dominus
1121 4227 1248 4297 regit
1270 4243 1369 4297 me,
1399 4240 1447 4283 et
1473 4229 1604 4285 nihil
1633 4232 1759 4288 mihi
1784 4233 1969 4292 deerit.
1998 4235 2092 4294 Vir

514 4310 604 4368 ille
627 4315 1020 4384 sanctissimus,
1044 4317 1139 4386 qui
1164 4335 1260 4387 per
1296 4321 1526 4388 gratiam
1551 4323 1892 4394 baptismatis
1927 4327 2092 4384 inno-

513 4416 686 4474 vatus,
727 4421 1014 4476 pauperem
1055 4423 1115 4500 se
1158 4409 1369 4466 Domini
1409 4415 1619 4482 abjecta
1661 4418 1846 4473 saeculi
1897 4435 2090 4491 pompa

512 4500 787 4568 noscebat,
821 4501 872 4553 in
900 4499 1240 4556 conscientias
1265 4503 1428 4558 cubili
1456 4505 1614 4560 laetus
1645 4509 1928 4580 exsultat,
1970 4519 2026 4566 et
2062 4527 2094 4567 a

511 4589 738 4645 Domino
766 4606 826 4646 se
855 4594 1056 4663 protegi
1078 4593 1414 4664 jucunditate
1437 4597 1750 4656 dulcissima
1784 4602 2088 4671 proﬁtetur.
2116 4637 2171 4700 Β
2199 4641 2267 4679 ηο

509 4681 646 4738 Dicit
670 4689 814 4740 enim
837 4686 945 4757 regi
971 4701 1030 4740 se
1065 4700 1096 4740 a
1129 4687 1386 4755 Domino,
1433 4691 1522 4745 ubi
1551 4700 1637 4746 est
1663 4692 1910 4751 defensio
1931 4695 2088 4756 fortis

507 4783 563 4828 et
587 4791 778 4846 magna
797 4777 1074 4846 securitas,
1108 4779 1196 4834 ubi
1225 4795 1387 4836 nemo
1419 4782 1608 4838 metuit
1644 4785 1921 4844 inimicum
1944 4829 1960 4858 ,
1996 4791 2088 4847 ubi

504 4863 614 4935 jam
641 4869 816 4921 nullus
843 4883 938 4923 sua
968 4871 1330 4926 imbecillitate
1359 4873 1626 4930 turbatur.
1671 4877 1935 4949 Addenda
1981 4897 2085 4940 au-

506 4963 637 5022 tem,
669 4957 796 5012 nihil
831 4959 956 5013 mihi
982 4963 1160 5028 deerit,
1191 4962 1404 5022 divitias
1432 4980 1560 5023 suas
1605 4985 1805 5042 pauper
1841 4975 1932 5032 ille
1987 4993 2086 5034 no-

504 5046 708 5113 scebat,
735 5061 856 5102 cum
893 5050 996 5105 sibi
1032 5066 1065 5107 a
1091 5053 1318 5112 Domino
1356 5057 1716 5118 substantiam
1745 5066 2080 5136 spiritualem

503 5141 752 5197 crederet
811 5143 1160 5205 nihilominus
1211 5151 1615 5216 conferendam.
1656 5161 1764 5218 Sed
1805 5164 2087 5224 audiamus

501 5231 558 5288 in
580 5234 1048 5334 subsequentibus,
1070 5258 1230 5313 quam
1250 5248 1317 5304 sit
1339 5249 1488 5306 dives
1509 5251 1608 5310 ista
1633 5269 1940 5328 paupertas,
1965 5279 2086 5334 quae

503 5327 667 5383 tantis
710 5329 866 5386 bonis
909 5335 1144 5404 repletur
1187 5351 1384 5410 quanta
1414 5346 1693 5404 continere
1722 5365 1912 5424 regum
1959 5327 2079 5412 the-

501 5421 742 5477 sauraria
771 5439 878 5480 nou
926 5439 1221 5487 merentur.
1275 5435 1405 5502 Quae
1452 5439 1617 5509 figura
1649 5421 1839 5500 Graece
1887 5446 2084 5505 dicitur

497 5512 948 5587 synathroismos,
980 5519 1168 5578 Latine
1193 5530 1556 5604 congregatio,
1590 5536 1799 5604 quoties
1826 5537 1991 5594 multa
2025 5541 2076 5594 in

499 5617 666 5658 unum
696 5606 1036 5678 colliguntur,
1059 5620 1114 5667 et
1136 5615 1286 5672 velut
1311 5602 1548 5688 pondere
1573 5602 1716 5681 facto
1741 5628 2071 5687 audientium

497 5691 692 5750 animis
720 5697 1037 5757 offeruntur.
1063 5703 1175 5761 Hoc
1193 5707 1408 5766 schema
1435 5713 1550 5769 sive
1575 5717 1684 5786 79
1719 5717 1772 5772 in
1798 5719 2070 5794 laudibus,

495 5786 611 5842 sive
637 5787 690 5843 iu
721 5789 1199 5861 vituperatiouibus
1220 5840 1238 5873 ,
1269 5800 1413 5863 inter
1454 5816 1700 5867 oratores
1745 5786 2076 5872 violentissi;

499 5890 650 5939 mum
675 5877 863 5943 haberi
893 5885 1051 5964 solet.
1737 5889 1757 5895 ”

2212 3138 2369 3208 geniti
2401 3139 2644 3206 infantes,
2681 3141 3010 3196 rationabiles
3046 3153 3093 3197 et
3136 3147 3244 3200 sine
3268 3147 3386 3200 dolo
3426 3150 3506 3202 lac
3545 3153 3794 3222 concupi-

2127 3262 2174 3326 ο
2207 3227 2352 3295 scite,
2385 3236 2439 3281 at
2467 3230 2520 3282 in
2547 3245 2607 3284 eo
2636 3232 2870 3285 crescetis
2899 3234 2952 3286 in
2978 3235 3193 3288 salutem
3224 3235 3278 3308 (ι
3308 3236 3450 3293 Pelr.
3481 3255 3538 3306 tt,
3563 3240 3644 3311 2).

2284 3319 2522 3374 Animam
2550 3336 2715 3375 meam
2743 3325 3003 3378 convertit.
3037 3327 3115 3380 Ad
3137 3331 3362 3397 gratiam
3389 3333 3596 3387 tertiam
3621 3334 3793 3402 venit,

2214 3411 2302 3468 ubi
2331 3413 2558 3469 animam
2585 3429 2736 3472 suam
2777 3416 2958 3474 divino
2990 3410 3260 3478 beneﬁcio
3283 3425 3473 3479 asserit
3515 3442 3629 3480 esse
3665 3443 3794 3482 con-

2209 3524 2426 3563 versam.
2470 3511 2574 3566 Sed
2623 3527 2914 3567 conversam
2957 3513 3106 3580 dicit,
3132 3515 3252 3584 quia
3301 3525 3419 3586 post
3464 3517 3793 3586 baptismum
3845 3540 3848 3542 ‘

2209 3601 2278 3659 de
2306 3605 2603 3673 peccatrice
2642 3606 2774 3660 facta
2805 3616 2886 3660 est
2920 3607 3085 3675 jnsta,
3133 3609 3200 3664 de
3240 3607 3519 3664 {esculenta
3547 3614 3793 3670 mundis-

2211 3694 2370 3762 sima,
2401 3695 2467 3750 de
2495 3705 2768 3752 contracta
2798 3698 2916 3752 sine
2945 3714 3103 3768 ruga;
3135 3702 3272 3755 sicut
3295 3700 3585 3770 Apostolus
3614 3705 3746 3762 dicit
3773 3725 3790 3762 ;

2213 3787 2282 3843 Ut
2308 3789 2565 3843 exhiberet
2599 3789 2694 3843 sibi
2733 3789 2842 3859 ipse
2877 3791 3154 3859 gloriosam
3202 3790 3508 3861 Ecclesium,
3556 3813 3662 3851 non
3697 3796 3791 3852 hac

2205 3879 2397 3934 bentem
2439 3881 2694 3935 maculam
2721 3891 2810 3935 aut
2855 3898 3055 3954 rugam,
3106 3893 3194 3937 aut
3247 3885 3442 3956 aliquid
3487 3886 3791 3959 ltujusmodi

2205 3973 2424 4044 (Ep/tes.
2457 3989 2508 4041 v,
2540 3975 2654 4046 27).
2711 3975 2898 4031 Merito
2935 3991 3062 4048 ergo
3100 3977 3324 4033 animam
3353 3993 3502 4035 suam
3530 3981 3790 4052 gloriatur

2204 4064 2272 4119 ad
2295 4063 2572 4120 Christum
2597 4082 2705 4121 esse
2726 4082 3037 4136 conversam,
3068 4083 3188 4140 qua:
3216 4069 3412 4126 dudutn
3445 4073 3546 4150 sub
3572 4074 3791 4132 diabolo

2203 4158 2458 4230 probatur
2501 4172 2621 4216 esse
2677 4160 2906 4230 captiva.
2953 4160 3064 4217 Sed
3111 4171 3234 4218 tunc
3283 4173 3368 4220 est
3412 4165 3645 4223 salubris
3687 4169 3789 4224 ista

2199 4255 2503 4323 conversio,
2537 4255 2582 4309 si
2617 4270 2725 4310 non
2759 4256 2949 4312 iterum
2988 4241 3268 4316 incentivis
3298 4260 3440 4318 vitiis
3474 4263 3529 4318 in
3559 4277 3780 4334 peccata

2200 4345 2522 4402 relabamur.
2555 4345 2751 4404 Verum
2776 4347 2934 4406 istam
2961 4353 3364 4412 conversionem
3393 4356 3516 4414 vide
3544 4361 3673 4431 quid
3701 4375 3790 4417 se-

2201 4435 2405 4504 quitur.

2275 4533 2430 4590 Vers.
2459 4537 2512 4590 5.
2545 4535 2774 4594 Deduxi:
2803 4557 2882 4596 me
2914 4558 3066 4614 super
3099 4545 3303 4602 semitas
3321 4549 3550 4618 justitiw
3576 4564 3780 4624 propter
3821 4611 3824 4614 ,

2271 4641 2386 4681 men
2413 4643 2584 4683 suum.
2605 4629 2860 4697 Quartum
2879 4632 3201 4692 beneﬁcium
3221 4651 3507 4709 memorat,
3536 4645 3682 4714 quod
3701 4656 3790 4702 est

2197 4718 2474 4775 sollicitius
2507 4721 2886 4796 indagandum.
2925 4725 3059 4783 Nam
3099 4744 3219 4786 cum
3255 4749 3409 4804 super
3441 4738 3669 4807 justitia:
3696 4756 3789 4796 se-

2195 4811 2346 4866 mitas
2375 4812 2652 4872 ambulare
2679 4817 2944 4886 superbiae
2965 4819 3056 4888 sit,
3086 4835 3184 4876 cur
3204 4835 3419 4882 sanctus
3449 4829 3529 4883 vir
3559 4829 3691 4888 illuc
3719 4847 3788 4891 se

2194 4901 2389 4971 gaudet
2419 4917 2539 4960 esse
2587 4907 2921 4977 perductum,
2952 4913 3094 4982 quod
3132 4914 3419 4975 dominicis
3462 4923 3666 4992 regulis
3701 4925 3790 4981 vi-

2196 4992 2423 5050 debatur
2447 5012 2567 5052 esse
2595 5001 2953 5056 contrarium?
2978 5005 3082 5071 Sed
3115 5007 3202 5062 hic
3238 5025 3391 5080 super
3421 5013 3598 5070 taliter
3634 5019 3787 5074 acci-

2193 5083 2446 5154 piendum
2473 5095 2575 5153 est,
2615 5090 3065 5159 quemadmodum
3105 5098 3149 5149 si
3191 5097 3414 5169 dicatur,
3448 5103 3653 5172 positus
3694 5119 3790 5164 est

2194 5189 2357 5246 super
2379 5179 2632 5248 populum
2661 5183 3056 5258 corrigendum,
3087 5205 3220 5258 quos
3249 5191 3442 5250 debeat
3453 5199 3681 5268 justitia:
3697 5217 3789 5257 se-

2191 5269 2341 5324 mitas
2369 5269 2628 5340 edocere;
2659 5275 2794 5331 sicut
2823 5285 2881 5333 et
2917 5279 3052 5335 alius
3089 5283 3350 5352 propheta
3395 5287 3524 5345 dicit
3559 5307 3576 5345 :
3605 5293 3788 5365 Super

2187 5359 2389 5414 excelsa
2408 5362 2583 5418 statuit
2604 5379 2703 5430 me,
2722 5374 2774 5420 ut
2804 5368 2999 5423 vincam
3025 5372 3079 5424 in
3100 5373 3333 5432 claritate
3356 5377 3516 5448 ipsius
3541 5359 3784 5453 (Hahae.

2187 5463 2268 5516 tu,
2307 5449 2418 5521 19).
2455 5453 2608 5520 Quod
2649 5464 2827 5511 autem
2861 5458 2973 5512 ait:
3003 5459 3224 5533 Propter
3261 5483 3445 5523 nomen
3470 5449 3642 5539 suum,
3693 5474 3783 5528 fa-

2185 5540 2364 5596 mulus
2391 5541 2590 5598 Christi
2620 5546 2885 5617 gaudebat
2923 5564 2982 5605 se
3025 5553 3093 5608 ad
3133 5555 3280 5611 illam
3319 5559 3600 5617 scientiam
3645 5579 3781 5633 per-

2187 5635 2418 5703 venisse,
2450 5646 2506 5691 ut
2526 5649 2706 5708 posset
2727 5639 2938 5698 Domini
2953 5644 3104 5715 jussu
3133 5649 3370 5720 vulgare.
3395 5652 3596 5710 Semita
3615 5659 3782 5713 enim

2175 5725 2399 5796 justitia:
2424 5739 2547 5783 sunt
2589 5731 2695 5786 duo
2721 5746 2990 5805 praecepta
3034 5741 3309 5814 salutaria,
3360 5744 3414 5800 in
3444 5748 3640 5817 quibus
3683 5751 3782 5807 lex

2185 5829 2242 5875 et
2270 5822 2600 5892 prophetalis
2635 5839 2815 5883 sermo
2853 5831 3190 5892 concluditur
3217 5853 3232 5890 :
3261 5835 3460 5910 Diliges
3489 5840 3780 5901 Dominum

2185 5909 2355 5969 Deum
2375 5921 2520 5972 tuum
2539 5931 2602 5973 ex
2629 5925 2734 5976 toto
2762 5919 2918 5981 corde
2943 5931 3054 6000 tuo,
3083 5935 3133 5986 cl
3155 5941 3220 5987 es
3239 5909 3552 5997 tamenim
3578 5943 3782 6013 tutu}:
