4016 6344
199 382 292 437 lb9

1133 373 1488 432 EXPOSITIO
1526 373 1591 430 IN
1632 369 2084 460 PSALTERIUM.
2129 368 2319 440 PSAL.
2363 367 2527 424 XXII.

3358 365 3458 421 170

191 508 475 566 proximum
496 500 640 544 tuum
660 490 788 544 sicut
815 487 1221 560 teipsum(Deut.
1241 504 1314 554 vt,
1330 487 1410 558 5).
1435 488 1622 542 Merito
1643 498 1772 554 ergo
1799 482 1847 542 Α
1875 497 2004 544 meo,
2022 480 2073 534 id
2098 489 2181 534 est
2210 477 2601 548 prsedestinasﬁ
2623 478 2789 536 altare
2818 488 3079 542 sanctum,
3104 480 3242 548 quod
3265 490 3458 533 cuncta

191 601 340 654 super
363 584 570 637 semitas
592 581 815 653 justitia:
839 579 1118 634 deductum
1137 596 1195 634 se
1217 595 1336 634 esse
1367 579 1649 649 gaudebat,
1678 578 1770 645 qui

192 676 353 730 animi
407 671 862 740 contemmatioue
908 673 1229 739 profecerat.
1277 671 1526 732 Addidit,
1571 679 1778 739 prapter

193 783 372 820 nomen
402 781 575 828 suum,
606 775 662 818 ut
694 777 852 818 nemo
881 763 1084 816 diceret
1111 763 1315 816 meritis
1345 763 1456 815 suis
1497 762 1774 824 collatum,

195 859 332 928 quod
359 857 538 910 divina
568 856 738 923 gratia
774 853 1034 921 probabat
1053 867 1173 908 esse
1200 867 1535 906 concessum.

269 948 417 1004 Vers.
450 948 508 1002 4.
537 944 678 1000 Nam
701 944 792 998 etsi
811 941 1068 996 ambulem
1089 943 1141 996 in
1168 943 1334 996 medio
1357 941 1548 995 umbra
1578 939 1776 1003 mortis,

197 1053 294 1091 non
319 1035 505 1090 timebo
526 1036 683 1098 mala,
707 1034 950 1102 quoniam
977 1041 1032 1084 tu
1054 1049 1247 1085 mecum
1274 1049 1345 1084 es.
1379 1031 1567 1097 Quinta
1598 1043 1782 1083 succe-

199 1128 278 1182 dit
297 1129 481 1195 gratia,
513 1141 674 1196 quam
708 1140 894 1179 revera
925 1132 1133 1177 constat
1159 1124 1443 1190 unicuique
1475 1121 1782 1175 ﬁrmissimo

203 1218 465 1273 catholico
493 1214 878 1270 contributam.
909 1214 1048 1268 Dicit
1074 1215 1242 1278 enim,
1271 1212 1371 1267 etsi
1397 1213 1536 1265 inter
1565 1211 1781 1266 haereti-

205 1322 296 1361 cos
325 1317 377 1361 et
401 1306 774 1360 scliismaticos
801 1303 1090 1370 ambulem,
1118 1304 1208 1372 qui
1245 1311 1388 1356 recte
1418 1302 1608 1355 umbra:
1646 1317 1783 1352 mor—

203 1396 266 1450 ti:
314 1411 433 1450 esse
459 1395 734 1463 dicuntur,
785 1394 1036 1462 quoniam
1090 1392 1236 1447 exitii
1285 1393 1506 1461 ﬁguram
1549 1401 1781 1460 portant,

202 1502 321 1540 cum
344 1487 410 1539 ad
445 1485 649 1539 inferna
684 1484 1002 1554 perducunt,
1037 1500 1138 1537 non
1170 1483 1349 1537 timebo
1380 1498 1562 1536 eorum
1594 1499 1784 1551 pravas

203 1575 488 1630 suasiones
514 1590 532 1639 ;
559 1575 678 1644 quia
699 1583 754 1627 tu
782 1574 1079 1642 prazsentia:
1108 1582 1210 1626 tua:
1234 1573 1458 1627 tuitione
1489 1588 1573 1626 me
1601 1572 1786 1626 defen-

208 1667 333 1729 dis;
364 1666 502 1718 sicut
527 1665 771 1732 scriptum
795 1673 874 1717 est
902 1665 954 1717 in
988 1662 1244 1732 propheta
1272 1680 1284 1714 :
1315 1660 1434 1715 Non
1465 1672 1511 1714 te
1533 1663 1783 1726 deseram,

209 1776 317 1811 non
348 1767 395 1811 te
417 1758 763 1825 derelinquam
791 1753 988 1825 (103.1,
1023 1754 1100 1824 5).
1136 1756 1188 1808 In
1219 1755 1321 1809 isto
1349 1755 1544 1822 quippe
1586 1754 1786 1805 mundo

1882 573 2026 628 videt
2062 573 2316 638 Ecclesia,
2352 571 2491 642 quod
2519 571 2811 627 circumdat
2851 571 3076 640 populus
3100 572 3457 626 Christianus.

1882 666 2065 720 Mensa
2091 666 2231 719 enim
2258 680 2287 718 a
2318 679 2500 718 mense
2524 664 2659 717 dicta
2687 673 2797 729 est,
2830 664 2951 732 quia
2994 663 3181 719 eodem
3209 663 3297 718 die
3333 678 3462 719 con-

1880 760 2019 812 vivia
2091 759 2194 812 ritu
2251 757 2488 827 gentium
2548 759 2949 810 exercebantur.
3024 756 3278 810 Ecclesiae
3333 769 3463 810 vero

1882 865 2064 905 mensa
2109 860 2192 904 est
2234 850 2386 904 beata
2409 848 2734 911 convivatio,
2768 847 3000 912 epulatio
3027 847 3177 912 felix,
3210 847 3462 901 saturitas

1885 942 2030 1007 ﬁdei,
2060 955 2184 995 esca
2213 940 2469 996 caelestis.
2523 939 2715 992 Verum
2755 939 2912 992 istam
2945 952 3167 990 mensam
3205 937 3466 992 adversus

1884 1047 1977 1087 eos
2006 1040 2242 1101 paratam
2283 1047 2388 1084 esse
2419 1028 2757 1083 manifestum
2790 1037 2890 1092 est,
2915 1028 3004 1098 qui
3035 1027 3086 1082 in
3132 1028 3307 1097 aliqua
3345 1044 3466 1096 per-

1884 1125 2135 1178 versitate
2159 1122 2408 1186 demersi,
2439 1120 2732 1176 Ecclesiam
2776 1119 2864 1174 Dei
2897 1134 2993 1173 suo
3023 1121 3253 1189 graviter
3281 1133 3466 1173 errore

1885 1214 2242 1268 contristant:
2277 1213 2344 1266 de
2367 1212 2561 1282 quibus
2594 1211 2881 1279 Apostolus
2911 1210 3037 1263 dicit
3069 1226 3080 1261 :
3118 1210 3218 1273 Qui
3243 1209 3466 1263 mandu-

1885 1315 1966 1358 cat
1987 1306 2211 1375 indigne,
2228 1304 2487 1376 judicium
2509 1302 2606 1355 sibi
2627 1303 2900 1354 manducat
2922 1310 2967 1353 et
2987 1302 3132 1365 bibit,
3148 1317 3246 1354 non
3261 1303 3368 1372 80
3387 1300 3467 1354 di-

1878 1395 2125 1464 judicans
2169 1410 2353 1461 corpus
2388 1390 2596 1445 Domini
2640 1390 2692 1463 (l
2725 1390 2843 1446 Cor.
2875 1407 2949 1457 ιι,
2980 1391 3109 1462 29);
3154 1392 3333 1445 datum
3365 1393 3468 1446 sci-
3529 1429 3532 1432 -

1889 1488 2011 1539 licet
2042 1485 2108 1538 ad
2151 1485 2520 1538 remissionem
2563 1491 2925 1551 peccatorum,
2972 1492 3026 1537 et
3075 1483 3234 1536 vitam
3278 1497 3469 1551 perpe-

1891 1587 2033 1628 tuam
2069 1575 2463 1644 possidendam.
2497 1575 2766 1629 Memento
2799 1583 2978 1628 autem
3011 1575 3152 1642 quod
3193 1590 3367 1630 mensa
3416 1583 3471 1628 et

1890 1667 1940 1721 in
1971 1667 2110 1721 bono
2133 1676 2186 1720 et
2212 1668 2260 1719 in
2288 1667 2428 1720 malo
2449 1666 2849 1734 ponitur;sieut
2870 1665 2993 1719 dicit
3013 1666 3299 1731 Apostolus
3318 1684 3331 1720 :
3350 1665 3472 1720 Non

1891 1758 2096 1824 potestis
2129 1757 2500 1809 communicare
2531 1772 2717 1810 menste
2747 1755 2953 1808 Domini
2988 1767 3033 1808 et
3063 1773 3248 1810 mensa:
3276 1758 3471 1811 dorma-

211 1846 454 1901 Ecclesia
484 1847 620 1899 inter
642 1846 851 1914 iniquos
872 1844 1128 1911 ambulat,
1147 1845 1317 1898 donec
1343 1843 1524 1910 judicii
1555 1843 1670 1895 dies
1694 1843 1789 1896 bo-
1827 1854 1865 1910 Β
1894 1849 2090 1900 uiarum
2124 1845 2174 1912 (Ι
2204 1846 2324 1902 Cor.
2359 1863 2409 1911 ι,
2443 1845 2557 1914 21).

211 1952 400 1990 norum
451 1937 823 2002 malorumque
875 1943 1236 2003 sequestrator
1287 1935 1606 1997 advenerit;
1653 1937 1790 1988 sicut

211 2025 466 2094 tropheta
493 2024 621 2077 dicit
651 2041 664 2076 :
700 2024 947 2092 Spiritus,
973 2022 1161 2089 inquit,
1191 2022 1355 2075 vultus
1377 2023 1538 2075 nostri
1561 2022 1790 2076 Christus

212 2114 497 2179 Dominus,
545 2115 640 2168 sub
689 2115 836 2182 cujus
865 2114 1144 2166 velamento
1187 2113 1395 2166 vivimus
1442 2115 1573 2165 inter
1620 2126 1792 2183 gentes

213 2205 424 2270 (Tliren.
455 2220 528 2270 tv,
563 2203 680 2272 ΞΟ).
710 2204 832 2257 Sive
853 2202 1032 2255 umbra
1053 2202 1252 2267 mortis,
1277 2202 1522 2256 absolute
1547 2202 1793 2257 diabolus

214 2307 322 2361 est,
353 2298 440 2362 qui
472 2297 701 2350 obscure
726 2294 881 2348 nobis
909 2294 1126 2363 laqueos
1159 2293 1328 2362 ponit,
1358 2303 1415 2347 ut
1446 2309 1540 2362 per
1572 2293 1794 2349 nebulas

218 2388 384 2456 ipsius
411 2386 641 2453 decepti,
681 2385 733 2439 in
772 2393 986 2438 acterna:
1031 2384 1218 2438 mortis
1250 2384 1543 2452 prmcipitia
1579 2397 1795 2437 corrua-

214 2494 355 2532 mus.
393 2478 496 2532 Sed
528 2477 645 2532 liatc
688 2492 794 2530 non
836 2476 1090 2529 timentur
1130 2491 1158 2527 a
1211 2490 1336 2528 vero
1383 2474 1542 2540 ﬁdeli,
1591 2475 1692 2528 etsi
1744 2476 1794 2527 in

216 2569 454 2635 ipsorum
489 2568 662 2620 medio
701 2565 878 2619 ditina
928 2564 1289 2618 misericordia
1323 2565 1488 2618 frctus
1523 2565 1798 2618 ambulate

217 2656 642 2726 praesumpserit.
688 2653 794 2710 Cur
824 2655 966 2708 enim
999 2655 1076 2706 vir
1100 2655 1274 2722 justus
1314 2653 1432 2706 illos
1475 2653 1657 2706 timeat
1708 2653 1795 2720 qui

218 2760 446 2802 sanctos
473 2749 675 2808 timent,
705 2762 753 2801 et
781 2747 942 2801 inrita
969 2745 1073 2800 illis
1102 2746 1373 2799 voluntate
1395 2744 1742 2798 deserviunt?

301 2842 455 2896 Vi-rs.
490 2843 540 2895 5.
561 2841 712 2910 Virga
736 2850 816 2892 tua
844 2850 894 2894 et
921 2839 1129 2892 baculus
1155 2850 1273 2891 tuus
1301 2840 1411 2907 ipsa
1441 2855 1518 2889 me
1537 2838 1799 2890 consolata

214 2944 362 2987 sunt.
393 2931 511 2985 .lnm
539 2941 685 2986 sexta
722 2930 964 2998 largitate
993 2931 1218 2982 laetatur.
1268 2928 1423 2997 Virga
1457 2928 1598 2981 enim
1638 2927 1801 2995 pelti-

217 3037 315 3080 net
345 3026 410 3078 ad
435 3024 696 3093 jns‘itiam
724 3031 780 3077 et
818 3021 1183 3076 fortitudinem
1227 3021 1434 3074 Domini
1483 3020 1800 3080 Salvatoris,

214 3119 358 3172 sicut
393 3117 444 3169 in
477 3115 580 3167 alio
604 3112 808 3178 psalmo
837 3113 998 3166 dicit:
1029 3111 1190 3182 Virga
1212 3112 1640 3180 wquitatismirga
1663 3111 1802 3180 regni

1909 1975 1913 1979 -
1967 1938 2118 1992 Vers.
2160 1937 2211 1990 7.
2244 1936 2588 2007 Impinguasti
2633 1939 2684 1990 in
2713 1939 2823 1992 oleo
2855 1947 3003 2008 caput
3054 1956 3240 1994 meum.
3274 1940 3473 1996 Octava

1892 2027 2106 2100 ponitur
2153 2029 2540 2085 muniﬁcentia.
2599 2030 2766 2099 Caput
2818 2031 3048 2085 ﬁdelium
3098 2032 3342 2086 Christus
3393 2040 3475 2087 est

1894 2123 2176 2184 Dominus,
2208 2123 2296 2191 qui
2325 2133 2469 2176 recte
2494 2121 2688 2175 dicitur
2718 2123 3059 2192 impinguatus
3098 2124 3147 2176 in
3175 2123 3307 2190 oleo,
3340 2139 3475 2192 quo-

1897 2216 2039 2268 niam
2090 2214 2233 2268 nulla
2264 2213 2504 2267 siccitate
2545 2215 2840 2280 peccatoris
2883 2215 3107 2266 exaruit.
3151 2213 3316 2283 Caput
3345 2229 3476 2284 ergo

1896 2319 2048 2360 suum
2076 2306 2129 2359 in
2153 2305 2264 2358 oleo
2285 2304 2475 2358 asserit
2503 2304 2900 2373 impinguatum,
2932 2305 3179 2358 videlicet
3212 2305 3352 2359 unde
3372 2321 3476 2359 cac-

1901 2405 2013 2448 tera
2062 2393 2301 2449 membra
2351 2395 2679 2447 laetarentur.
2721 2393 2826 2447 Sed
2868 2394 2992 2463 quid
3040 2404 3122 2447 est
3168 2393 3290 2459 hoc,
3333 2394 3475 2461 quod

1900 2486 2107 2554 species
2137 2485 2248 2553 ipsa
2273 2483 2660 2538 benedictionis
2684 2492 2880 2537 sancta:
2920 2483 3228 2552 frequenter
3257 2485 3476 2541 adhibe.

1900 2586 2008 2643 tur,
2041 2577 2192 2630 unxit
2220 2578 2525 2646 pr0plietas,
2555 2577 2889 2630 consecravit
2928 2578 3117 2646 reges?
3141 2577 3255 2631 Non
3293 2580 3480 2632 imme-

1901 2670 2029 2731 rito,
2061 2667 2309 2737 quoniam
2336 2668 2498 2722 arbor
2529 2668 2640 2734 ipsa
2671 2669 2816 2736 pacis
2844 2668 3003 2722 etiam
3029 2667 3312 2738 praestabat
3343 2669 3480 2722 initi-

1902 2759 2077 2824 cium,
2134 2759 2274 2826 quod
2324 2743 2438 2826 ejus
2488 2759 2791 2825 specialiter
2835 2774 3026 2811 munus
3071 2760 3310 2812 noscitur
3357 2774 3478 2812 esse

1902 2848 2138 2902 divinum
2169 2866 2181 2901 :
2216 2849 2390 2915 liquor
2419 2848 2695 2912 arboreus,
2734 2847 2999 2916 pinguedo
3030 2847 3328 2910 lactiﬁcans,
3367 2864 3480 2900 ma-

1902 2955 2123 3007 gnarum
2166 2941 2336 3008 gratia
2370 2938 2708 3007 dignitatum,
2746 2940 2897 3007 cujus
2938 2938 3058 2992 folia
3107 2938 3158 2992 in
3197 2938 3479 2994 viriditatis

1905 3042 2015 3081 siue
2056 3028 2449 3095 pulchritudine
2480 3036 2846 3094 perseverant.
2889 3028 3013 3082 llaec
3056 3029 3215 3082 etiam
3246 3028 3358 3083 Noe
3387 3044 3482 3099 per

1905 3122 2206 3207 columbam
2236 3121 2497 3176 nuntiavit
2525 3122 2681 3177 terris
2701 3122 2962 3177 redditam
2992 3125 3298 3193 sospitatem
3327 3124 3480 3195 (Gen.

215 3209 297 3262 tui
328 3207 493 3275 (Psal.
524 3222 664 3270 tLtv,
705 3203 780 3274 7).
808 3202 1028 3257 Baculus
1061 3203 1123 3256 ad
1153 3201 1477 3270 adjutorium
1512 3200 1792 3254 humanum

1909 3200 2023 3280 vis,
2056 3210 2168 3282 Η),
2209 3223 2267 3267 ut
2305 3213 2497 3267 merito
2530 3221 2688 3267 tantm
2725 3213 3113 3269 benedictionis
3158 3229 3325 3284 capax
3363 3231 3485 3272 esse

214 3299 462 3365 respicit,
511 3313 618 3364 quo
663 3307 719 3351 et
759 3312 852 3366 pes
895 3297 1009 3364 ipse
1047 3304 1202 3348 caute
1247 3292 1510 3360 deﬁgitur,
1544 3302 1596 3345 et
1633 3301 1797 3344 totum

213 3404 420 3458 corpus
451 3389 572 3442 uisu
612 3389 839 3456 desuper
886 3385 1306 3441 incumbentium
1338 3385 1649 3438 sustinetur.
1691 3383 1802 3438 lluc

217 3483 306 3536 usi
338 3491 466 3535 sunt
495 3482 842 3550 patriarchae;
867 3481 998 3534 dicit
1022 3479 1162 3533 enim
1189 3477 1372 3542 Jacob,
1402 3475 1466 3529 In
1491 3475 1669 3529 baculo
1692 3491 1802 3528 meo

212 3575 439 3629 transiri
487 3573 772 3627 Jordanem
814 3574 965 3625 istum
1011 3570 1162 3641 (Gen.
1217 3585 1383 3632 xxx",
1427 3568 1536 3638 l0).
1576 3569 1704 3622 ltem
1750 3569 1801 3621 iu

211 3665 414 3721 Exiido
443 3669 516 3716 a‘t
548 3664 801 3718 Dominus
831 3663 953 3716 liliis
984 3661 1142 3715 lsrael
1173 3677 1186 3713 :
1229 3660 1390 3714 Renes
1416 3667 1607 3712 vestros
1630 3658 1804 3711 accin-

210 3759 631 3827 getis,_tenentes
661 3755 862 3807 buculos
898 3753 951 3806 in
987 3753 1240 3814 manibus,
1268 3761 1314 3804 et
1353 3750 1620 3804 comedetis
1663 3750 1804 3817 festi-

207 3856 407 3899 nantes
431 3845 625 3913 (Ezod.
651 3861 746 3908 xu,
776 3845 883 3911 Il).
918 3843 1067 3910 Quod
1099 3843 1277 3897 multis
1316 3844 1450 3897 locis
1480 3842 1714 3910 reperies
1752 3841 1802 3892 in

205 3940 548 3993 auctoritate
578 3936 779 3989 divina.
813 3935 931 3989 ls'tis
967 3951 1094 4003 ergo
1126 3936 1330 3987 duabus
1360 3934 1518 3987 rebus
1548 3931 1718 3986 ﬁdelis
1749 3945 1807 3985 se

205 4030 426 4084 asserit
454 4028 792 4083 consolatmn
825 4044 837 4079 :
873 4044 973 4080 una
1013 4036 1094 4081 est
1132 4025 1392 4079 districtio
1428 4039 1546 4091 quae
1580 4023 1804 4077 centerit

202 4121 482 4182 vitiosos;
515 4119 685 4171 altera
713 4117 1050 4186 gubernatio,
1073 4131 1190 4182 qua:
1217 4115 1445 4170 sustinet
1469 4113 1809 4168 ﬁdelissimos

199 4211 584 4267 Christianos.
616 4209 736 4277 Ipsa
781 4223 907 4264 vero
953 4209 1078 4261 dum
1129 4207 1278 4273 ponit
1323 4221 1549 4260 numero
1594 4205 1806 4272 plurali,

195 4303 420 4371 virgam
451 4310 500 4354 et
530 4300 788 4364 baculum,
817 4299 1082 4367 signiﬁcat
1107 4315 1225 4367 qua:
1247 4300 1496 4367 superius
1524 4297 1674 4350 dixit.
1704 4296 1810 4350 Sed

196 4393 506 4447 videamus
533 4390 983 4459 quemadmodum
1015 4399 1235 4456 utraque
1264 4404 1360 4443 nos
1389 4387 1643 4442 consolari
1670 4397 1815 4455 pote-

195 4498 367 4550 runt,
393 4499 523 4540 cum
549 4499 636 4537 res
658 4483 880 4536 omnino
910 4482 1134 4536 diversa:
1165 4481 1293 4535 sint.
1335 4479 1584 4534 Baculum
1615 4481 1813 4549 quippe

1907 3306 2168 3371 videatur,
2190 3321 2308 3374 quae
2337 3306 2539 3360 fructus
2568 3306 2649 3360 sui
2679 3321 2873 3377 magno
2902 3309 3096 3362 decore
3122 3309 3279 3362 simul
3308 3319 3360 3362 et
3385 3309 3486 3363 uti-

1907 3399 2059 3454 lita'e
2082 3400 2391 3469 perfruitur.
2426 3399 2500 3454 De
2522 3401 2636 3468 ipso
2661 3401 2801 3453 enim
2833 3409 2886 3452 et
2911 3400 3046 3453 alius
3070 3402 3301 3467 psalmus
3323 3401 3482 3455 dicit:

1909 3491 2193 3559 Propterea
2232 3493 2376 3544 unxit
2404 3501 2451 3543 te
2496 3490 2630 3543 Deus
2671 3489 2810 3543 Deus
2840 3500 2956 3544 tuus
2986 3489 3097 3543 oleo
3134 3490 3483 3548 exsultationis

1908 3600 2014 3653 pra:
2042 3582 2354 3635 consortibus
2383 3581 2480 3634 tuis
2511 3579 2682 3650 (Psal.
2715 3597 2856 3640 κων.
2889 3581 2944 3647 8)

1985 3674 2048 3726 Et
2087 3672 2324 3743 poculum
2365 3680 2510 3724 tuum
2554 3672 2830 3731 inebrians,
2861 3688 3014 3739 quam
3043 3674 3345 3740 prrcclarum
3372 3672 3489 3726 esti

1911 3765 2118 3819 Nonum
2148 3777 2338 3818 munus
2369 3771 2452 3817 est
2488 3763 2759 3832 sanguinis
2794 3763 3026 3826 Domini,
3067 3763 3207 3832 quod
3255 3764 3332 3817 sic
3379 3764 3489 3818 ine-

1915 3857 2077 3921 briat,
2112 3866 2169 3911 ut
2200 3866 2432 3910 mentem
2461 3864 2634 3919 sanet,
2666 3869 2695 3908 a
2721 3855 2929 3908 delictis
2951 3855 3257 3922 prohibens,
3288 3870 3392 3908 non
3424 3855 3487 3908 ad

1914 3959 2130 4019 peccata
2180 3947 2496 4015 perducens.
2547 3947 2670 4001 Haec
2714 3947 3000 4000 vinolentia
3041 3945 3249 4000 sobrios
3293 3946 3488 4010 reddit,

1917 4041 2032 4094 lucc
2067 4038 2340 4108 plenitudo
2366 4037 2520 4091 malis
2549 4046 2800 4096 evacuat;
2842 4047 2894 4090 et
2924 4037 3011 4103 qui
3046 4035 3137 4089 illo
3168 4037 3356 4103 poculo
3383 4052 3489 4090 non

1918 4131 2075 4183 fuerit
2101 4129 2356 4197 repletus,
2396 4137 2594 4180 aeterna
2626 4125 2862 4179 redditur
2883 4132 3118 4192 egestate
3143 4123 3379 4193 jejunus.
3404 4124 3491 4178 ln-

1915 4223 2127 4276 venitur
2160 4225 2320 4275 etiam
2362 4230 2417 4274 et
2455 4219 2505 4272 in
2549 4218 2691 4272 malo
2723 4218 2976 4287 positum,
3009 4229 3063 4271 ut
3094 4217 3255 4272 Isaias
3283 4217 3393 4272 ait:
3425 4217 3495 4272 Et

1916 4312 2090 4380 accepi
2120 4312 2182 4364 de
2208 4325 2364 4362 manu
2386 4320 2471 4362 tua
2499 4305 2709 4361 calicem
2737 4308 2921 4370 ruinaz,
2946 4307 3181 4378 poculum
3209 4308 3300 4362 irae
3328 4316 3376 4362 et
3403 4308 3491 4362 in-

1920 4403 2229 4473 dignationis
2267 4417 2392 4454 mece
2423 4398 2558 4469 (lsa.
2595 4415 2662 4462 ιι,
2698 4399 2805 4469 l7).
2837 4399 3077 4484 Addidit,
3107 4415 3258 4470 quam
3285 4399 3496 4468 prmia.

1920 4513 2035 4548 rum
2067 4504 2138 4548 est
2159 4495 2177 4546 .'
2206 4495 2388 4555 utique
2427 4507 2547 4547 cum
2582 4494 2702 4545 talia
2750 4491 3009 4554 conferat,
3039 4501 3096 4546 ut
3127 4493 3193 4545 ad
3237 4492 3494 4546 caelorum

192 4598 319 4637 non
353 4588 446 4634 est
474 4578 700 4633 dubium
723 4577 1000 4641 consolari,
1027 4575 1116 4642 qui
1147 4575 1212 4627 ad
1233 4589 1390 4639 opem
1420 4572 1690 4626 ferendam
1719 4572 1786 4625 liu

1922 4603 2081 4657 regna
2115 4587 2388 4653 perducat.
2422 4586 2495 4640 De
2517 4599 2622 4654 quo
2651 4584 2843 4652 poculo
2873 4584 2926 4637 in
2948 4582 3235 4650 Evangelia
3257 4581 3455 4635 dicitur
3479 4597 3497 4635 :

195 4687 404 4727 mana:
436 4669 793 4724 imbecillitati
817 4683 1028 4734 semper
1055 4668 1362 4720 assumitur.
1407 4665 1479 4718 De
1509 4665 1649 4736 uirga
1688 4665 1811 4733 quid
1926 4679 2024 4742 Qui
2055 4679 2230 4730 υεθενει
2269 4693 2333 4730 εκ
2373 4692 2507 4745 aqua
2540 4691 2694 4744 quam
2719 4691 2812 4742 ego
2838 4675 2923 4737 άο,
2953 4689 3055 4726 mm
3086 4674 3218 4726 mm
3250 4688 3497 4742 unquam,

189 4763 499 4820 dicemus.
531 4773 654 4826 quae
698 4759 946 4826 percutit,
978 4757 1181 4824 afﬂigit,
1219 4767 1273 4810 et
1318 4755 1442 4807 vitia
1473 4766 1650 4808 nostra
1674 4754 1787 4821 judi

1923 4769 2010 4820 sed
2046 4767 2131 4834 fiet
2171 4768 2224 4820 in
2259 4783 2316 4819 eo
2361 4767 2472 4834 fons
2517 4779 2665 4834 aqua:
2702 4763 2928 4817 salientis
2982 4763 3035 4814 in
3079 4762 3230 4814 vitam
3259 4772 3497 4816 aeternam

189 4854 385 4908 ciaria
422 4852 717 4905 severitate
745 4849 1007 4918 castigat“!
1050 4847 1359 4901 Consolatur
1406 4846 1559 4912 plane
1602 4857 1656 4900 et
1704 4845 1792 4912 ips:

1925 4858 2105 4928 (Joan.
2138 4872 2209 4919 tv,
2245 4855 2328 4918 15,
2355 4856 2446 4921 li)

187 4943 442 5005 ﬁdeles,
482 4939 700 5007 quando
727 4953 823 4992 eos
861 4939 925 4991 ad
958 4939 1096 4991 vium
1135 4938 1340 4990 Domini
1365 4936 1600 4989 adhibita
1637 4952 1820 4989 eiiien-
2003 4949 2150 5002 vers.
2174 4946 2226 4999 8,
2247 4947 2310 5000 Et
2335 4946 2685 5000 ηιειενκονάίσ
2711 4953 2798 4996 ma
2826 4942 3151 5011 subsequar."-
3173 4959 3250 4996 ,ηε
3268 4944 3498 4999 mum-bu,

183 5036 449 5089 datione
482 5031 744 5098 perducit.
778 5029 910 5084 Nam
946 5042 1093 5084 recte
1126 5029 1381 5082 consolari
1412 5031 1634 5083 dicimus
1663 5045 1820 5084 onme
1929 5035 2102 5088 diebus
2131 5037 2244 5088 vita:
2279 5050 2427 5089 mete.
2477 5035 2688 5088 Decima
2733 5048 2854 5101 pars
2900 5032 3176 5102 promissae
3222 5033 3500 5091 divisionis

179 5127 360 5198 quod
399 5123 781 5191 adjuvat;etsi
807 5123 872 5176 ad
902 5133 1223 5189 tempusnos
1247 5137 1343 5189 pro
1371 5137 1464 5174 sua
1492 5122 1823 5177 districtione
1931 5126 2143 5192 impleta
2195 5132 2296 5188 est,
2349 5125 2435 5178 ubi
2475 5124 2541 5178 ad
2585 5124 2854 5177 cumulum
2900 5137 2959 5176 se
3003 5124 3199 5178 Initia:
3245 5125 3501 5181 desiderii

179 5217 539 5273 contristat.
590 5211 742 5266 Unde
773 5212 902 5266 dicit
935 5213 1220 5281 Apostolus
1249 5212 1314 5264 ad
1354 5212 1645 5266 Hebraeos:
1680 5213 1820 5278 Quu-
1931 5217 2241 5286 magnitudo
2289 5217 2524 5270 satiavit.
2568 5215 2701 5270 Nam
2739 5230 2858 5268 cum
2908 5216 3252 5270 misericordia
3292 5217 3504 5286 Domini

178 5316 354 5367 ,ξω
390 5306 572 5361 omnis
601 5305 876 5374 disciplina
903 5306 971 5358 ad
1013 5320 1236 5371 prwuns
1277 5321 1379 5356 non
1417 5305 1595 5372 gaudii
1629 5305 1824 5356 videtur
1930 5284 2140 5374 semper
2180 5307 2464 5373 praecedat,
2496 5305 2584 5358 hic
2609 5303 2756 5367 dicit,
2798 5307 3126 5376 subsequetur
3168 5323 3244 5358 ine
3267 5323 3287 5360 :
3310 5284 3499 5364 subse-

175 5420 334 5467 ωε,
366 5399 479 5454 sed
499 5398 764 5462 tristitia;
790 5399 842 5450 in
875 5405 1134 5464 posterum
1163 5407 1332 5450 autem
1356 5396 1569 5449 multum
1602 5396 1824 5466 fructum
1930 5397 2108 5462 quitur
2139 5397 2320 5462 utique
2347 5396 2411 5447 ad
2445 5394 2760 5458 custodiam,
2791 5396 2882 5450 sed
2909 5397 3160 5463 praecedit
3187 5397 3250 5450 ad
3277 5400 3503 5467 gratiam

172 5493 367 5565 ,βαι
407 5486 608 5558 (Hebr.
633 5503 728 5549 sit,
763 5487 870 5556 11).
1932 5488 2331 5540 conferendam.
2382 5486 2509 5540 Nam
2562 5487 2608 5540 si
2655 5487 2826 5542 solum
2859 5500 3192 5557 sequeretur,
3227 5503 3385 5544 nemo
3410 5492 3510 5546 do~

265 5587 475 5640 vers.
497 5582 552 5634 ﬁ.
587 5579 798 5632 Parasti
829 5583 880 5632 in
917 5591 1190 5647 conspectu
1219 5597 1331 5633 meo
1372 5593 1619 5642 mensam,
1649 5578 1826 5631 adver-
1936 5593 2053 5629 nam
2087 5581 2417 5645 perciperet;
2448 5579 2491 5631 si
2523 5588 2722 5631 tantum
2761 5578 3105 5646 praecederet,
3141 5581 3315 5634 nullus
3357 5590 3508 5651 pote-

175 5697 284 5738 m
323 5690 444 5732 eos
475 5672 563 5740 qui
603 5671 849 5724 tribulam
884 5687 984 5726 me.
1029 5672 1284 5741 Septima
1322 5669 1689 5739 gratulationis
1732 5686 1827 5721 nu-
1936 5682 2015 5722 rat
2044 5671 2234 5722 collata
2267 5669 2805 5724 scrvarc.Gra\iores
2824 5681 2949 5724 sunt
2973 5672 3112 5724 enim
3147 5670 3351 5724 insidic
3373 5685 3509 5738 quas

177 5781 415 5828 erus
468 5761 773 5823 adhibetur,
813 5776 934 5814 cum
975 5761 1101 5815 dicit
1140 5779 1154 5814 :
1210 5761 1416 5814 I’arusti
1458 5759 1509 5813 in
1556 5770 1828 5828 conspectu
1935 5774 1963 5813 ει
1994 5767 2143 5829 tergo
2173 5758 2415 5813 diabolus
2464 5770 2634 5829 parat,
2689 5771 2740 5816 ct
2773 5761 2870 5813 nisi
2916 5761 3121 5815 Domini
3162 5757 3508 5815 misericordia

541 5854 810 5911 l‘sruoL.
863 5851 1056 5911 LXX.
3044 5854 3084 5914 (5
