4016 6344
464 5638 492 5677 s;

531 370 619 421 I'il

1748 373 1816 427 Μ.
1866 373 2137 427 AURFI."
2177 372 2570 428 CASSIODORI

3676 374 3779 424 172

529 488 873 561 subsequatur,
923 489 1169 544 facillime
1218 489 1471 557 fragilitas
1535 487 1769 559 humana
1813 487 2093 551 decipitur.
2127 492 2173 546 Α
2204 489 2420 540 stitione
2452 488 2751 541 laborabat.
2777 488 2948 541 Prima
2973 496 3121 555 parte
3143 485 3627 539 deﬁniensDomiui
3660 487 3778 539 uni-

529 577 677 631 Tuuc
719 580 861 632 enim
894 581 1136 647 'quattdo
1201 594 1259 633 se
1323 578 1514 645 aliquis
1573 578 1757 630 vitium
1826 578 2099 633 transiisso

528 669 721 733 credit,
769 671 974 723 incauta
1026 671 1190 735 magis
1238 669 1569 736 ignoratione
1608 667 1891 734 decipitur.
1948 668 2099 722 Unde

530 759 688 813 nimis
715 762 1071 815 necessarium
1104 770 1191 812 est
1227 768 1285 811 ut
1315 775 1528 825 semper
1558 773 1656 812 nos
1701 769 1754 811 et
1793 760 1958 825 pratia
1991 758 2098 810 Do-

531 849 658 902 mini
692 851 977 917 prteredal,
1007 860 1060 901 et
1095 849 1459 901 misericordia
1492 849 1863 915 subsequatur.

603 941 752 994 Vers.
778 941 829 993 9.
866 940 925 990 Et
957 953 1007 990 ut
1038 941 1311 993 inhabitant
1342 943 1391 991 in
1425 943 1573 991 domo
1620 940 1825 993 Dom'ni
1850 939 1902 990 in
1934 938 2101 1008 longi-

532 1031 752 1082 tudinem
792 1031 1013 1081 dierntn.
1054 1028 1201 1083 Finis
1252 1031 1349 1084 iste
1391 1029 1583 1097 pendet
1627 1031 1693 1082 de
1736 1031 2103 1097 sapt-rioribus

532 1119 705 1172 dictis.
754 1118 876 1173 Ideo
922 1122 1064 1173 enim
1116 1121 1202 1172 illa
1249 1121 1515 1185 pri-fessus
1543 1131 1622 1172 cst
1660 1120 1758 1172 s:hi
1812 1135 1933 1174 esse
1976 1135 2096 1173 eun-

528 1223 700 1276 cessa,
731 1221 787 1264 ut
829 1211 893 1267 ad
933 1211 1274 1264 habitandum
1322 1213 1371 1263 in
1415 1212 1577 1263 domo
1617 1211 1733 1279 ejus
1760 1212 1944 1279 gloria:
1984 1225 2095 1277 per-

530 1300 755 1353 veniret.
790 1300 903 1368 Ipsa
936 1312 1017 1353 est
1046 1302 1188 1353 enim
1230 1304 1484 1354 bonorum
1516 1304 1752 1354 omnium
1786 1302 2102 1367 completiva

527 1393 807 1462 perfectio,
839 1396 976 1446 sicut
1005 1396 1054 1446 iu
1092 1393 1197 1447 alio
1226 1395 1429 1460 psalmo
1467 1394 1631 1444 dicit:
1665 1392 1815 1445 Beati
1840 1392 1923 1457 qui
1954 1393 2103 1443 habi-

532 1493 637 1537 tant
665 1484 720 1536 in
761 1484 910 1536 domo
954 1484 1074 1536 tua!
1098 1484 1148 1536 in
1190 1484 1376 1537 satcula
1407 1483 1711 1539 stimulorum
1753 1482 2025 1533 laudabunt
2056 1489 2104 1531 te

532 1572 703 1642 (Prol.
753 1588 970 1637 Lxxxttt,
1012 1575 1087 1639 5,).
1132 1571 1325 1626 Domus
1369 1573 1565 1640 quippe
1621 1571 1826 1623 Domini
1876 1571 2099 1622 futuram

533 1665 794 1736 significat
835 1664 1149 1727 Jerusalem,
1197 1678 1319 1730 qua:
1365 1664 1414 1714 in
1458 1662 1837 1729 longitudinem
1895 1661 2100 1713 dierum

534 1757 647 1808 sine
675 1756 1016 1822 ambiguitate
1044 1754 1308 1807 entisisu't.
1364 1753 1475 1821 Ipsa
1515 1761 1597 1805 est
1643 1754 1782 1805 enim
1829 1750 2104 1804 beatitudo

2203 595 2411 633 versum
2439 580 2627 633 orbem
2673 596 2796 635 esse
2827 592 3085 633 terrarum
3107 622 3121 641 ,
3148 590 3207 631 ut
3233 579 3371 631 sicut
3410 576 3669 631 se‘nullus
3706 576 3780 630 ab

2201 672 2316 738 ejus
2354 671 2578 736 imperio
2613 672 2862 738 probaret
2890 681 3198 736 exceptum,
3231 669 3299 722 ita
3335 683 3433 722 nec
3463 682 3491 721 a
3526 668 3629 723 fide
3653 683 3777 723 cre-

2202 763 2354 818 deret
2401 763 2653 815 alienum.
2715 762 2963 816 Secundo
3013 764 3129 815 loco
3177 760 3539 815 determinans
3582 760 3783 828 quibus

2202 853 2489 906 virtutibus
2539 853 2744 920 prasditi
2786 854 2896 906 sint
2939 853 2992 906 in
3039 853 3156 920 ejus
3204 852 3436 905 Ecclesia
3477 850 3781 905 constituti.

2202 945 2390 999 Tertio
2438 945 2873 998 dementissimos
2910 942 3315 1012 superstitiosos
3355 941 3670 1009 alloquitur,
3720 949 3785 993 ut

2204 1051 2332 1088 vero
2378 1035 2603 1088 Domino
2652 1035 2992 1099 famulantes,
3025 1050 3053 1086 a
3085 1034 3242 1087 noxia
3288 1034 3389 1087 sibi
3430 1036 3786 1100 perversitate

2204 1125 2502 1180 discedant.

2736 1213 3004 1285 Expositio
3034 1215 3240 1284 psalmi.

2272 1325 2377 1394 31
2419 1324 2575 1378 Vers.
2608 1324 2657 1377 I.
2692 1322 2900 1376 Domini
2928 1331 3004 1377 est
3046 1334 3202 1387 terra,
3249 1332 3299 1376 et
3336 1323 3596 1389 plenitudo
3623 1325 3742 1390 eius
3765 1367 3781 1387 ,

2204 1416 2281 1467 ori
2296 1417 2340 1466 is
2370 1424 2641 1480 terrarum,
2674 1424 2722 1467 et
2736 1414 2956 1467 universi
2976 1414 3060 1479 qui
3085 1412 3311 1466 habitant
3338 1415 3390 1466 in
3417 1430 3497 1467 ea.
3527 1414 3786 1479 Quamvis
3844 1476 3851 1485 ἱ

2206 1518 2391 1558 terram
2419 1514 2472 1557 et
2500 1506 2554 1559 in
2588 1506 2729 1559 bono
2752 1515 2813 1560 et
2843 1507 2895 1560 in
2925 1506 3065 1559 malo
3100 1506 3223 1574 poni
3266 1520 3409 1573 smpe
3443 1504 3784 1568 noverimus,

2208 1594 2292 1647 hic
2322 1604 2497 1648 tamen
2535 1594 2829 1649 Ecclesiam
2873 1594 3129 1648 debemus
3170 1578 3475 1657 advertere,
3516 1608 3635 1661 quae
3666 1593 3783 1646 Do-

2210 1683 2357 1735 mino
2386 1682 2692 1749 specialiter
2733 1698 2861 1751 pura
2904 1691 3084 1736 mente
3123 1681 3429 1735 famulatur.
3471 1681 3601 1735 Nam
3647 1680 3785 1735 licet

2207 1776 2389 1828 oninia
2413 1775 2479 1827 ab
2503 1775 2619 1838 ipso
2650 1775 2760 1827 sint
2797 1774 3033 1838 condita,
3067 1783 3243 1827 tamen
3273 1773 3399 1826 illud
3445 1771 3612 1838 ipsius
3657 1785 3785 1825 esse

535 1859 806 1915 perpetua.
850 1860 903 1901 et
949 1848 1063 1900 sine
1095 1847 1196 1899 (ille
1227 1847 1428 1898 hetitia.
1463 1848 1727 1899 Memento
1759 1853 1937 1897 autem
1968 1845 2106 1909 quod
2143 1850 2183 1908 Β
2213 1864 2426 1932 pmmie
2456 1865 2704 1927 dicimus,
2750 1864 2889 1932 quod
2921 1879 3041 1917 eum
3072 1875 3361 1917 veneram,
3388 1872 3680 1916 auctorem.
3714 1862 3785 1916 ει

536 1939 585 1999 in
616 1945 792 2004 priore
820 1954 975 1992 versu
1003 1939 1186 2001 psalmi
1219 1940 1394 2002 hujus,
1416 1939 1464 1988 id
1488 1948 1568 1990 est
1591 1936 1835 1988 Dominus
1858 1937 1983 2004 regit
2002 1951 2102 1999 me,

536 2036 578 2085 rt
608 2027 738 2079 nihil
782 2029 907 2080 mihi
954 2029 1135 2090 deerit,
1186 2028 1417 2081 breviter
1445 2027 1598 2088 dixit,
1647 2029 1783 2093 quod
1829 2040 1878 2077 in
1916 2026 2109 2078 διώξεις

536 2120 818 2187 quentibus
846 2120 999 2173 latius
1023 2120 1371 2173 enumeravit.
1404 2120 1533 2184 Qui:
1573 2118 1738 2186 figura
1768 2118 1965 2170 dicitur
1996 2118 2108 2183 epi-

538 2216 870 2264 trocbasmas
893 2212 988 2279 uid
1034 2221 1116 2264 est
1142 2211 1267 2263 dicti
1298 2212 1493 2262 rotatio
1516 2250 1534 2273 ,
1565 2224 1684 2261 cum
1735 2209 2004 2260 suecincte
2046 2221 2109 2260 ea

528 2316 658 2370 qua:
686 2312 808 2355 sunt
832 2300 1051 2357 clinsius
1092 2299 1313 2355 dicenda
1346 2298 1671 2368 perstringit.
1716 2297 1770 2349 In
1807 2299 1904 2351 hoc
1931 2305 2109 2348 autem

532 2408 693 2448 versu
727 2394 892 2457 finali,
938 2394 987 2446 id
1027 2403 1132 2455 est.
1168 2393 1234 2447 Ut
1277 2392 1551 2446 inhabitem
1588 2392 1642 2443 in
1682 2391 1831 2443 domo
1879 2387 2106 2450 Domini,

538 2486 589 2536 in
620 2484 989 2555 longitudinem
1032 2485 1249 2546 dierum,
1293 2483 1665 2549 epiphonema,
1710 2481 1758 2532 id
1800 2487 1892 2532 est
1934 2478 2108 2529 accla-

539 2575 723 2635 matio,
758 2573 1088 2629 nobilissima
1124 2575 1281 2626 uitnis
1322 2574 1485 2642 figura
1515 2573 1684 2640 posita
1713 2578 1815 2633 est,
1848 2583 1966 2636 (pne
1994 2575 2111 2634 post

540 2674 782 2717 narratas
810 2678 896 2717 res
944 2663 1177 2717 breviter
1202 2678 1323 2715 cum
1362 2660 1741 2714 acclamatione
1793 2658 2108 2726 prorumpit,

541 2767 661 2827 post
686 2757 862 2809 omnia
894 2755 1146 2812 desinens
1189 2756 1238 2808 in
1281 2752 1805 2822 esaggeratissimam
1836 2748 2112 2802 summita~

532 2859 672 2903 tem.
699 2848 791 2903 Sic
821 2848 1008 2915 psalmi
1040 2848 1191 2900 istius
1233 2846 1512 2914 principia,
1542 2842 1733 2907 media,
1756 2852 1809 2895 et
1839 2839 1981 2902 ﬁnis,
2018 2837 2113 2892 de-

528 2954 663 2995 coia
689 2941 1021 2997 diversorum
1049 2936 1379 2991 schematum
1408 2936 1526 2988 luce
1549 2932 1846 2993 radientur.

1078 3070 1348 3124 Conclusio
1382 3069 1585 3139 psalmi.

613 3182 786 3237 Mente
810 3194 1133 3251 reponamus
1160 3179 1284 3248 quid
1318 3178 1553 3232 coelesds
1584 3175 1670 3230 illa
1718 3174 1890 3227 ﬁstula
1925 3173 2108 3226 decem

544 3274 831 3331 virtutibus
883 3280 1156 3340 compacta
1196 3271 1500 3324 cecinerit:
1543 3282 1697 3338 quam
1746 3264 1899 3319 dulce
1942 3264 2111 3318 melus

532 3362 738 3421 animm
767 3364 985 3417 salutari
1011 3362 1362 3415 delectatione
1386 3361 1705 3419 cantaverit;
1734 3365 1791 3409 ut
1819 3356 1872 3409 in
1904 3356 2002 3407 hac
2033 3353 2113 3408 fe-

530 3454 783 3511 .istivitatc
811 3452 1072 3521 mysterii,
1105 3467 1209 3503 non
1244 3453 1486 3516 voluptas
1513 3449 1739 3512 aurium,
1764 3446 1856 3499 sed
1885 3445 2116 3498 salubri-

532 3554 629 3597 tas
672 3543 926 3611 acquisita
958 3550 1305 3609 cognoscatur
1349 3542 1664 3593 aniiiiarutn.
1700 3540 1958 3593 Numerus
1987 3555 2119 3605 quo-

526 3651 648 3699 .qne
685 3634 867 3699 psalmi
919 3634 1075 3701 hujus
1111 3631 1374 3701 signiﬁcat
1403 3632 1780 3699 perfectionem
1812 3634 2118 3699 sapientiae;

528 3724 801 3791 siquidem
830 3724 1012 3790 viginti
1040 3723 1145 3777 duo
1174 3723 1337 3777 libros
1364 3737 1483 3778 esse
1514 3724 1880 3791 cognoscimus
1911 3724 2119 3777 Veteris

545 3814 867 3867 Testamenti
907 3813 1194 3867 secundum
1244 3816 1442 3867 litteras
1489 3805 1850 3878 Hebraeorum,
1886 3828 2016 3879 quas
2053 3814 2117 3867 ad

545 3902 922 3971 plenitudinem
944 3904 1137 3957 divina:
1157 3906 1392 3959 scientiae
1416 3896 1967 3970 Comprehendendam
1990 3919 2119 3957 con-

544 3997 652 4044 stat
685 3991 913 4047 humano
950 3992 1127 4062 generi
1158 3994 1501 4048 contributas.
1527 3995 1861 4060 Quapmpter
1891 3993 2120 4046 diversis

545 4080 717 4135 modis
746 4082 947 4149 psalmo
974 4081 1061 4136 isti
1088 4096 1315 4150 superna
1344 4091 1635 4136 noscuntur
1657 4082 1943 4138 convenire
1974 4097 2121 4152 mys-

549 4180 699 4236 toria.

801 4309 1159 4364 EXPOSITIO
1198 4308 1263 4363 IN
1301 4307 1623 4363 PSALMUM
1663 4307 1850 4363 XXIII.

894 4397 1135 4453 Psalmus
1161 4397 1325 4453 David
1359 4400 1523 4467 prima
1547 4398 1764 4457 sabbati.

617 4511 808 4567 Velum
841 4484 1119 4579 praesentis
1152 4508 1306 4574 tituli,
1349 4509 1568 4576 juvante
1597 4509 1844 4572 Domino,
1874 4509 2121 4564 alacriter

539 4601 908 4665 subieveuius,
942 4610 1001 4655 ut
1027 4600 1181 4655 nobis
1212 4599 1499 4667 penetralia
1524 4599 1711 4667 psalmi
1738 4600 1940 4653 clarius
1971 4601 2121 4654 inno-

544 4702 773 4751 tescant.
832 4691 1013 4744 Prima
1059 4690 1255 4745 sabbati
1285 4688 1550 4756 signiﬁcat
1593 4690 1735 4743 diem
1771 4690 2116 4755 dominicam,

548 4798 669 4852 qua:
690 4784 862 4851 prima
889 4791 972 4837 est
1002 4791 1122 4849 post
1154 4780 1457 4845 sabbatum,
1491 4796 1593 4847 quo
1621 4782 1710 4835 die
1742 4781 2001 4837 Dominus
2029 4799 2119 4836 re-

546 4875 782 4929 surrexit
828 4889 857 4925 a
907 4874 1150 4926 mortuis.
1194 4872 1295 4937 Qui
1335 4881 1551 4940 propter
1590 4877 1958 4928 excellentium
1992 4879 2120 4929 tanti

551 4964 789 5021 miraculi
818 4964 1035 5034 proprie
1063 4962 1276 5017 Domini
1306 4972 1659 5031 nuncupatur,
1687 4970 1799 5019 sive
1828 4968 1947 5034 quia
1974 4968 2022 5019 in
2054 4983 2119 5020 eo

550 5054 806 5115 mundum
832 5053 1093 5107 condidit.
1142 5053 1225 5115 Eo
1265 5053 1526 5120 siquidem
1556 5056 1643 5108 die
1682 5056 1768 5110 isti
1800 5059 1997 5111 Saecula
2030 5073 2119 5111 re-

551 5142 815 5213 surgendo
852 5142 1108 5199 Dominus
1148 5144 1467 5199 subvenisse
1510 5146 1866 5211 cognoscitur,
1908 5150 2121 5215 quando

549 5245 757 5290 eutnes
783 5233 976 5289 fecisse
1021 5234 1341 5289 declaratur.
1396 5236 1500 5289 Sed
1544 5237 1662 5305 quia
1712 5248 1853 5291 tutus
1882 5240 2119 5308 psalmus

548 5335 672 5395 post
696 5325 1151 5385 resurrectionem
1168 5326 1397 5392 canitur,
1429 5327 1549 5381 ideo
1579 5329 1626 5382 ei
1660 5330 1842 5383 titulus
1872 5340 1970 5384 iste
1991 5347 2122 5398 pra:-

549 5422 744 5479 missus
762 5426 937 5487 est,nt
950 5419 1108 5474 corda
1132 5419 1364 5474 fidelium
1385 5436 1618 5492 congrui
1644 5433 1886 5477 moueret
1906 5423 2121 5476 iudicio.

1117 5537 1308 5591 Divisio
1347 5540 1551 5609 psalmi.

562 5646 567 5649 ﬁ
623 5649 752 5708 Post
790 5652 1236 5709 resurrectionem
1266 5654 1472 5706 Domini
1504 5640 1758 5720 propheta
1794 5653 1965 5706 lzctior
1996 5653 2125 5706 eﬁ‘e-

548 5740 691 5813 εῑιιε,
723 5742 1011 5799 humanum
1044 5760 1211 5815 genus
1242 5745 1545 5813 alloquitur,
1589 5744 1727 5809 quod
1762 5744 1902 5797 varia
1932 5758 2125 5807 super-

2207 1955 2326 2007 ideo
2352 1954 2591 2008 Ecclesia
2616 1970 2720 2008 non
2748 1955 3016 2008 immeiito
3046 1953 3319 2009 fructifera
3348 1953 3610 2008 bonorum
3641 1962 3786 2006 terra

2206 2048 2514 2114 suscipitur,
2550 2047 2670 2114 quia
2708 2049 2873 2100 nutrit
2903 2059 2958 2101 et
3000 2048 3239 2101 continet
3274 2047 3525 2116 pupulum
3555 2046 3782 2099 Christi.

2208 2137 2480 2205 Sequitur,
2509 2148 2554 2189 et
2586 2138 2847 2204 plenitudo
2876 2139 3009 2204 ejus,
3045 2136 3097 2190 id
3148 2146 3228 2190 est
3268 2135 3553 2189 multitudo
3571 2142 3785 2195 sancta,

2209 2241 2309 2294 qua
2332 2226 2569 2291 repletur
2597 2226 2853 2279 Ecclesia.
2880 2227 2981 2278 Sed
3010 2239 3075 2277 ne
3108 2234 3315 2286 terram,
3343 2237 3504 2292 quam
3536 2223 3787 2290 superius

2210 2315 2365 2380 dixit,
2397 2326 2674 2383 angustam
2710 2328 2923 2385 putares
2961 2315 3191 2382 aliquim
3217 2314 3441 2367 fortasse
3484 2312 3787 2380 regionem,

2212 2423 2356 2460 nunc
2382 2409 2530 2467 dicit,
2563 2407 2696 2460 orbis
2728 2418 3007 2469 terrarum,
3033 2407 3133 2479 hoc
3171 2416 3254 2459 est
3276 2406 3627 2459 universalem
3677 2405 3788 2457 Ec-

2210 2496 2450 2560 clesiam,
2481 2512 2597 2563 qum
2619 2496 2780 2548 totius
2804 2496 2983 2548 mundi
3000 2494 3199 2548 ambitu
3218 2494 3538 2547 continetur.
3564 2492 3787 2546 Intende

2211 2601 2277 2638 ve
2308 2602 2341 2639 ο
2370 2588 2510 2653 quod
2539 2587 2687 2649 dicit,
2733 2592 2827 2655 qui
2854 2586 3087 2638 habitant
3109 2587 3161 2638 in
3186 2601 3278 2647 ea;
3302 2585 3351 2638 id
3393 2594 3495 2648 est,
3538 2598 3643 2637 non
3688 2584 3789 2650 qui

2213 2679 2537 2731 conveniunt
2562 2690 2609 2730 et
2638 2678 2915 2743 recedunt,
2948 2678 3040 2730 sed
3066 2677 3154 2743 qui
3212 2676 3311 2729 fixa
3344 2677 3536 2729 mentis
3581 2672 3789 2728 stabili-

2218 2778 2323 2822 tate
2354 2769 2660 2835 perdurant.
2689 2767 2938 2821 Habitare
2958 2768 3100 2821 enim
3125 2782 3341 2821 manere
3367 2766 3610 2829 dicimus,
3641 2764 3790 2833 quod

2215 2859 2505 2910 errantium
2540 2874 2641 2910 non
2687 2868 2785 2922 est,
2819 2857 2957 2924 quod
3001 2856 3341 2911 mutabilitati
3383 2872 3485 2907 non
3515 2857 3792 2909 convenit.

2217 2946 2322 3001 Sed
2349 2946 2441 2998 ille
2461 2947 2605 2997 solus
2639 2946 2927 2999 Ecclesiam
2956 2947 3176 3009 habitat,
3199 2946 3288 3013 qui
3316 2959 3483 3013 usque
3499 2944 3562 2997 ad
3582 2944 3792 2997 obitum

2214 3052 2369 3091 suum
2426 3038 2477 3090 in
2524 3036 2631 3091 ﬁde
2670 3037 2967 3091 rectissima
3014 3046 3356 3105 perseverat;
3384 3036 3520 3089 sicut
3551 3043 3606 3089 et
3651 3035 3796 3088 alius

2214 3128 2449 3196 psalmus
2478 3127 2636 3181 dicit:
2688 3126 2758 3180 Ut
2784 3127 3055 3181 inhabilem
3077 3128 3129 3179 in
3151 3127 3301 3180 domo
3333 3125 3538 3179 Domini
3558 3126 3798 3180 omnibus

2140 3211 2184 3273 C
2214 3217 2390 3270 diebus
2416 3218 2529 3270 vita:
2574 3232 2697 3271 inca:
2728 3216 2903 3286 (Paul.
2928 3232 3058 3281 χχιι,
3079 3216 3159 3286 6).

2290 3307 2441 3362 Vers.
2478 3307 2533 3360 2.
2588 3306 2704 3377 Ipse
2733 3324 2886 3372 super
2928 3309 3090 3361 maria
3118 3309 3347 3376 fundavit
3386 3324 3519 3370 eam,
3565 3318 3612 3361 et
3639 3325 3799 3378 super

2215 3400 2430 3468 ﬂumina
2455 3401 2755 3469 prwparavit
2782 3399 3063 3463 eam.Qnid
3093 3410 3175 3453 est
3204 3416 3355 3467 super
3375 3400 3536 3452 moria
3552 3399 3798 3468 fundare,

2218 3482 2320 3543 nisi
2353 3504 2513 3559 supra
2562 3492 2810 3544 vitiorum
2867 3490 3025 3559 hujus
3071 3491 3249 3544 steculi
3310 3490 3565 3545 tremulos
3592 3488 3797 3542 fluctus

2217 3580 2510 3634 Ecclesiam
2542 3582 2842 3635 ﬁrmissima
2860 3581 3173 3634 credulitate
3198 3579 3451 3644 solidare,
3477 3588 3533 3632 ut
3559 3576 3800 3634 anchora

2217 3670 2339 3724 fidei
2373 3670 2610 3735 fundata,
2641 3674 2900 3740 procellas
2929 3671 3214 3741 cujuslibet
3242 3670 3460 3739 periculi
3491 3685 3593 3723 non
3627 3685 3802 3737 pave-

2218 3759 2364 3813 scat?
2394 3759 2542 3814 Unde
2571 3772 2624 3814 et
2646 3762 2931 3829 Apostolus
2954 3761 3086 3815 dicit
3112 3780 3127 3813 ε
3164 3759 3330 3824 Quam
3355 3761 3487 3812 sicut
3516 3760 3802 3814 anchorant

2218 3852 2459 3905 habemus
2509 3856 2695 3907 animat
2736 3863 2895 3905 tutam
2941 3861 3093 3922 atque
3150 3852 3308 3919 ﬁxam
3354 3851 3540 3919 (Hebr.
3573 3868 3643 3916 vt,
3678 3853 3803 3919 l9).

2220 3941 2392 3997 Simili
2420 3941 2580 3996 modo
2622 3952 2670 3996 et
2697 3958 2849 4010 super
2873 3943 3091 4013 ﬂumina
3118 3941 3246 3995 dicit
3282 3954 3402 3995 esse
3430 3951 3803 4009 purpuratam,

2220 4030 2469 4098 quoniam
2525 4029 2591 4083 ad
2642 4030 2944 4084 voluntates
2999 4030 3333 4083 turbulentas
3387 4039 3798 4097 persecuwmm

2223 4130 2458 4185 aptatam
2482 4129 2693 4175 constat
2725 4120 3059 4185 Ecclesiam;
3109 4130 3166 4174 ut
3194 4119 3244 4173 ei
3285 4133 3466 4187 pravae
3494 4118 3808 4174 voluntates

2225 4224 2420 4263 nocere
2439 4224 2545 4263 non
2561 4210 2796 4271 valeant,
2822 4209 3065 4278 quamvis
3090 4218 3274 4263 contra
3296 4222 3415 4262 eam
3446 4208 3632 4261 insana
3651 4223 3808 4262 men-

2223 4306 2352 4359 tium
2378 4302 2798 4374 prtecipitatione
2817 4309 3156 4371 consurgant.

2297 4395 2449 4447 Vcrs.
2482 4394 2536 4447 '5.
2564 4393 2691 4456 Quis
2732 4392 2965 4445 ascendet
2986 4392 3041 4443 in
3060 4399 3280 4443 montem
3308 4388 3557 4442 Domini?
3579 4397 3668 4442 aut
3686 4391 3815 4455 quis

2226 4485 2378 4538 stabit
2405 4486 2457 4537 in
2484 4484 2598 4538 loco
2624 4493 2800 4536 sancto
2825 4486 2944 4555 ejus
2984 4484 3008 4536 ?
3039 4482 3322 4551 Postquam
3350 4481 3533 4536 docuit
3558 4481 3817 4537 breviter

2152 4572 2197 4633 D
2227 4576 2473 4627 universa
2520 4574 2726 4628 Domini
2751 4588 2872 4628 esse
2901 4588 3019 4641 quas
3044 4571 3303 4635 condidit,
3339 4586 3481 4625 nunc
3511 4586 3606 4638 per
3639 4572 3822 4625 inter-

2226 4665 2579 4735 rogationem,
2595 4664 2880 4718 secundam
2905 4662 3201 4732 ingreditur
3216 4677 3280 4730 pa
3289 4670 3445 4724 rtem.
3466 4660 3822 4729 respondens

2225 4758 2409 4826 quales
2438 4772 2559 4811 esse
2590 4756 2820 4809 debeant
2841 4754 2930 4823 qui
2978 4767 3036 4807 se
3068 4753 3232 4820 ipsius
3261 4752 3569 4808 desiderant
3591 4756 3821 4807 nuncu-
3908 4744 3915 4759 ’

2227 4863 2373 4915 pare.
2404 4848 2535 4912 Quae
2581 4846 2742 4914 ﬁgura
2769 4846 2967 4898 dicitur
3005 4854 3329 4908 cxetasmos,
3361 4843 3413 4897 id
3442 4853 3528 4897 est
3564 4844 3827 4911 exquisi-

2230 4939 2324 4999 tio,
2352 4951 2476 4990 cum
2507 4950 2594 4989 res
2632 4933 2938 5001 complures
2986 4933 3187 4987 divisas
3212 4946 3332 4986 cum
3379 4932 3827 4999 interrogatione

2226 5028 2598 5096 exquirentes,
2650 5023 2874 5093 singulis
2917 5038 3036 5092 qua:
3063 5022 3394 5076 conveniunt
3443 5020 3823 5091 applicamus.

2230 5115 2513 5171 hmmittit
2554 5129 2683 5183 ergo
2736 5113 3208 5183 interrogationes,
3257 5121 3315 5166 ut
3359 5120 3483 5181 apta
3519 5118 3835 5181 responsio

2229 5206 2602 5273 subsequatur.
2641 5204 2767 5269 Quis
2790 5203 3025 5257 ascmdet
3043 5203 3070 5255 .9
3088 5203 3222 5270 Quia
3248 5202 3489 5257 dicturus
3514 5215 3632 5258 erat
3656 5218 3833 5258 m-

2231 5306 2353 5357 tem,
2383 5296 2433 5350 id
2466 5304 2549 5349 est.
2571 5294 2832 5363 justitiam
2881 5304 3215 5362 canet-asque
3268 5294 3532 5353 virtutes.
3562 5292 3634 5347 ad
3673 5308 3839 5363 quas

2230 5400 2421 5455 magno
2452 5384 2571 5439 nisu
2617 5382 2903 5447 tendimus,
2929 5382 3179 5453 quoniam
3209 5383 3439 5450 peccatis
3466 5381 3839 5438 ebrietatibus

2230 5475 2569 5543 impedimur.
2600 5473 2706 5528 Sed
2732 5485 3007 5541 postquam
3041 5475 3195 5540 dixit,
3229 5472 3354 5539 Quis
3375 5474 3630 5540 ascendat,
3665 5487 3843 5532 nunc

2229 5564 2376 5629 dicit,
2406 5563 2594 5627 stabit,
2635 5565 2758 5630 quia
2810 5562 2979 5617 multo
3027 5564 3208 5623 utilius
3261 5573 3344 5618 est
3380 5565 3434 5617 in
3479 5573 3659 5618 sancto
3695 5563 3844 5618 loco

2230 5665 2366 5709 stare
2393 5668 2549 5723 quam
2579 5653 2644 5730 ad
2673 5652 2791 5721 ejus
2820 5654 3091 5722 fastigium
3125 5655 3426 5723 pervenire.

2309 5746 2457 5802 Vcrs.
2483 5745 2537 5799 4.
2569 5744 2822 5800 Innocenti
2842 5747 3075 5801 manibus
3098 5757 3143 5801 ct
3169 5747 3360 5803 mutulo
3387 5748 3558 5817 corde,
3588 5749 3677 5817 qui
3698 5763 3839 5806 non
