4016 6344
229 325 329 381 I75

1152 320 1505 376 EXPOSITIO
1544 319 1606 374 IN
1650 318 2103 375 PS.\|.'l‘ElilU.\I.
2148 319 2336 374 PSAL.
2381 318 2566 373 XXIII.

3390 315 3487 369 fil

226 439 421 508 recepit
470 437 524 490 in
572 452 703 489 uano
758 435 979 488 animam
1022 448 1188 489 suam.
1238 433 1339 486 lsta
1376 441 1458 485 cst
1501 436 1801 498 etSpectata
1833 428 1883 487 Α
1911 428 2274 497 requirentium
2300 428 2482 498 facient
2511 425 2605 479 Dei
2640 424 2825 481 Iacob.
2873 425 3005 493 Quia
3034 423 3375 496 singulariter
3396 439 3476 479 suo

226 527 511 599 responsio
541 546 553 581 :
587 526 845 581 lnnocens
872 524 1106 579 manibus
1131 533 1175 577 ct
1203 524 1397 576 mundo
1440 524 1608 588 corde,
1644 520 1695 573 id
1727 528 1808 573 est

227 621 380 689 cujus
408 618 656 687 operatio
689 617 957 670 neminem
994 615 1161 677 laedit,
1196 615 1291 667 Sed
1338 622 1593 681 quantum
1627 619 1811 677 potest

229 711 482 779 adjuvare
539 707 833 761 contendit.
886 706 948 760 Et
991 722 1056 759 ne
1086 714 1306 773 putares
1358 720 1514 774 posse
1560 706 1807 758 sufﬁcere

231 801 473 855 inuocem
501 796 757 868 manibus,
793 795 995 849 addidit
1031 804 1077 849 et
1107 795 1297 849 mundo
1313 795 1506 860 corde;
1537 797 1658 863 quia
1702 794 1811 847 l're-

233 898 461 958 quenter
490 889 823 960 disponimus
852 887 1071 953 laedere,
1103 887 1198 944 sed
1230 887 1480 955 juvamus
1528 886 1808 951 nolentes;

234 976 289 1036 et
319 982 513 1036 iterum
536 980 676 1035 bona
706 980 969 1043 volumus,
1026 977 1119 1031 sed
1166 977 1234 1033 ab
1276 992 1459 1032 eorum
1494 978 1806 1045 operatione

237 1087 526 1129 cessamus.
555 1072 790 1141 Ideoque
810 1087 914 1124 non
938 1070 1086 1134 dicit,
1123 1070 1250 1123 illuc
1270 1070 1592 1134 ascendere,
1620 1069 1720 1123 nisi
1756 1070 1807 1121 in

241 1180 349 1233 quo
391 1178 609 1233 turaque
648 1165 918 1233 potuerint
940 1163 1187 1217 inveniri.
1223 1162 1286 1217 In
1311 1181 1441 1217 vano
1474 1180 1600 1219 vero
1630 1165 1817 1234 accipit

244 1258 464 1306 animant
494 1272 640 1309 suam
660 1296 675 1319 ,
710 1254 799 1323 qui
843 1262 991 1321 putat
1021 1254 1373 1308 desideranda
1405 1268 1524 1323 qua:
1577 1265 1699 1309 sunt
1731 1253 1815 1307 vel

242 1342 546 1396 transitoria
573 1344 657 1397 vel
681 1343 900 1396 caduca.
926 1342 1016 1397 llle
1036 1352 1213 1397 autem
1243 1343 1295 1396 in
1315 1358 1444 1395 vano
1469 1356 1574 1396 non
1605 1344 1814 1411 accepit,

239 1434 333 1500 qui
366 1446 426 1486 se
458 1433 605 1485 novit
635 1431 701 1485 ad
728 1432 1031 1485 Divinitatis
1062 1431 1465 1500 intelligentiam
1498 1430 1661 1493 fuisse
1690 1447 1817 1500 pro-

242 1530 511 1582 creatum,
532 1519 599 1573 ad
631 1520 801 1589 legem
835 1516 1046 1572 Domini
1069 1506 1498 1584 cusmdiendam,
1530 1520 1594 1574 ad
1622 1522 1816 1589 cOgita-

246 1610 432 1665 tiones
450 1610 573 1663 vine
597 1620 827 1676 azternae,
857 1619 911 1663 et
928 1608 1184 1679 quidquid
1211 1619 1378 1679 potest
1396 1623 1682 1677 supernam
1699 1624 1821 1678 gra-

251 1696 325 1750 tia
334 1712 383 1749 ru
417 1698 726 1762 promereri.

1916 517 2094 585 peritis
2122 517 2330 570 dixerat
2353 533 2367 570 :
2400 516 2526 579 Quis
2550 516 2785 569 ascendet
2816 516 2869 569 in
2893 524 3115 570 montem
3139 514 3385 569 Domini?
3409 513 3489 570 No

1916 610 2132 675 putares
2159 606 2261 660 hoc
2287 607 2351 659 ad
2378 606 2650 660 Christum
2677 606 2958 659 Dominum
2990 605 3330 660 solummodo
3360 620 3479 659 esse

1917 695 2274 759 referendum,
2305 710 2444 749 nunc
2469 706 2518 747 et
2543 694 2873 761 generationi
2912 694 3232 748 Christiana:
3266 694 3366 746 hoc
3394 709 3483 748 co-

1918 785 2193 854 gnoscitur
2218 783 2511 852 applicare.
2542 784 2670 836 Nam
2702 798 2820 837 cum
2846 784 2994 848 dicit,
3029 783 3154 837 llaec
3187 796 3285 851 es',
3320 784 3490 853 signi-

1919 876 2200 941 licat,talis
2247 884 2330 930 est
2369 875 2457 928 illa
2507 878 2764 945 generatio
2789 892 2906 943 qua:
2938 874 3215 929 Dominum
3245 878 3490 946 requirit,

1919 964 1971 1017 id
2000 976 2079 1018 est
2104 978 2222 1031 quin
2242 963 2378 1018 sacri
2404 963 2735 1032 baptismatis
2753 963 2897 1018 fonte
2920 969 3235 1030 renascitur,
3254 976 3309 1021 et
3331 966 3491 1020 ﬁdem

1920 1070 2069 1109 suam
2118 1056 2199 1122 pia
2242 1056 2552 1122 operatione
2583 1055 2943 1109 commendat.
2988 1055 3261 1125 Sequitur,
3316 1060 3493 1124 requi-

1918 1149 2134 1200 rentium
2158 1148 2337 1216 [aciem
2364 1146 2454 1199 Dei
2468 1145 2647 1199 Jacob.
2668 1145 2801 1213 Quid
2828 1146 3053 1209 esthoc,
3083 1147 3221 1215 quod
3241 1159 3293 1202 et
3316 1148 3489 1214 ipsum

1894 1238 2145 1291 ‘vvrhum
2186 1237 2405 1304 repetit.
2451 1247 2503 1290 et
2543 1237 2682 1289 aliud
2727 1237 3002 1305 subjunxit
3047 1238 3102 1290 in
3152 1238 3292 1291 ﬁne?
3343 1240 3494 1292 Prius

1921 1327 2129 1381 dixerat
2147 1327 2466 1397 generaliter
2492 1328 2824 1395 qumrentium
2848 1326 3141 1390 Dominum,
3172 1328 3259 1396 qui
3296 1342 3354 1383 se
3383 1344 3487 1382 non

1921 1416 2161 1469 ambiunt
2192 1416 2426 1483 praeponi
2458 1433 2473 1481 ;
2506 1415 2597 1469 Sed
2628 1431 2725 1470 suo
2756 1416 2943 1471 ordine
2969 1432 3172 1483 suoque
3204 1418 3308 1473 ﬁne
3359 1435 3489 1473 con-

1928 1500 2056 1560 tenti
2084 1518 2228 1571 sunt,
2269 1520 2326 1559 ut
2352 1508 2433 1560 vel
2474 1506 2742 1560 minimam
2776 1518 2977 1574 partem
3020 1509 3071 1561 in
3102 1507 3298 1563 Christi
3325 1524 3489 1579 regno

1926 1608 2229 1651 mereantur
2258 1597 2521 1666 accipere.
2548 1596 2650 1651 Sed
2679 1598 2801 1664 quia
2830 1608 2951 1652 sunt
2981 1612 3027 1654 et
3050 1600 3138 1652 alii
3171 1601 3339 1653 nitn'o
3364 1601 3482 1654 ﬁdei

1926 1688 2106 1741 calore
2130 1686 2421 1750 ferventes,
2444 1690 2552 1757 82
2578 1690 2664 1756 qui
2695 1703 2913 1756 operum
2954 1692 3189 1747 bonitate
3228 1694 3497 1747 nonnullis

330 1785 478 1841 pars.
512 1790 564 1843 5.
590 1788 699 1841 Nec
719 1790 917 1861 iuravi,
946 1790 1001 1842 in
1031 1788 1152 1843 άοιο
1177 1790 1409 1857 proxima
1434 1806 1549 1845 πω,
1586 1790 1822 1844 Dicenda
1856 1791 1901 1850 Β
1935 1778 2167 1846 praeponi
2195 1792 2255 1832 se
2283 1777 2486 1840 volunt,
2514 1777 2716 1832 addidit
2746 1779 2843 1833 Dei
2870 1778 3067 1847 Jacob;
3098 1794 3149 1834 ut
3182 1783 3281 1835 hoc
3309 1784 3361 1838 in
3391 1784 3494 1837 illis

248 1876 303 1927 in
333 1875 475 1937 dolo,
535 1876 744 1931 videtur
792 1887 1123 1931 sacramenta
1159 1878 1468 1946 permisisse
1518 1879 1820 1947 simplicia;

246 1966 508 2033 scriptum
525 1975 609 2019 est
633 1968 778 2020 enim
806 1984 819 2018 :
844 1965 1051 2021 Iuravit
1088 1966 1339 2020 Dominus
1364 1979 1412 2021 et
1441 1984 1543 2021 non
1571 1967 1830 2036 paenitebit

248 2071 369 2108 eum
400 2056 572 2125 (Paul.
598 2073 713 2122 cu,
731 2057 787 2126 ri)
813 2058 1065 2127 :legimus
1094 2059 1256 2111 etiam
1282 2058 1831 2128 patriarcha~jnrasse

248 2149 637 2202 sanctis~imos.
686 2149 943 2218 thuare
974 2149 1101 2204 dicit
1125 2151 1175 2204 in
1221 2150 1545 2218 Evangelio:
1598 2150 1719 2204 Non
1740 2153 1834 2221 ju-

255 2238 389 2290 rabis
414 2254 573 2307 neque
596 2256 689 2308 per
740 2241 942 2301 calum,
999 2256 1157 2309 neque
1200 2257 1288 2306 per
1341 2252 1526 2293 terrain
1553 2240 1828 2309 (Mallum,

259 2326 508 2395 34)?etc.
540 2327 819 2383 Veraciter
839 2333 1021 2402 jurare
1050 2331 1100 2383 in
1138 2329 1311 2384 Veteri
1336 2330 1680 2384 Testamento
1707 2347 1830 2400 pro-

260 2417 481 2470 hibitum
510 2417 726 2487 quidem
761 2434 867 2471 non
900 2428 1012 2484 est;
1043 2418 1134 2474 sed
1161 2421 1282 2486 quia
1306 2420 1538 2473 humano
1563 2422 1745 2489 generi
1768 2422 1835 2474 de

258 2506 568 2562 infirmitate
591 2510 789 2562 mentis
813 2508 1121 2578 frequenter
1149 2512 1383 2564 nascitur
1409 2525 1566 2564 causa
1594 2512 1843 2581 perjurii,

258 2597 316 2652 in
338 2597 489 2650 Novo
509 2599 849 2651 Testamento
873 2599 1052 2652 utilius
1082 2598 1209 2652 dicit
1240 2614 1359 2653 esse
1380 2600 1703 2653 omnimodis
1730 2615 1846 2680 non‘

264 2688 573 2755 iurandum,
602 2689 734 2742 sicut
761 2698 813 2743 et
839 2690 940 2743 alia
982 2690 1174 2743 similia
1208 2707 1325 2760 quae
1383 2708 1487 2745 non
1538 2695 1828 2763 Contraria,

267 2777 369 2833 sed
398 2778 757 2847 cognoscimus
776 2782 1033 2835 cautiora.
1067 2781 1119 2835 lu
1156 2783 1448 2850 Evangelio
1477 2786 1675 2854 quippe
1717 2786 1831 2852 ipse

267 2865 532 2920 Dominus
558 2867 631 2919 ait
659 2885 671 2919 :
708 2867 907 2922 Dictum
932 2879 1003 2924 est
1024 2872 1261 2938 antiquis,
1295 2872 1513 2925 Oculum
1544 2889 1634 2939 pro
1657 2874 1838 2937 oculo;

262 2973 362 3027 ego
393 2966 567 3009 autem
607 2958 721 3010 dico
760 2959 922 3021 vobis,
958 2977 1061 3013 non
1100 2962 1329 3015 resistere
1364 2965 1499 3015 malo
1532 2960 1718 3033 (Ibid.,
1750 2961 1839 3028 58,

265 3046 384 3116 39).
414 3047 517 3101 Per
547 3049 720 3101 dolum
751 3049 927 3118 itaque
948 3051 1098 3121 jurat
1128 3053 1366 3121 quisquis
1404 3053 1560 3107 aliter
1609 3053 1842 3107 facturus

1936 1869 2090 1922 iaciat
2110 1870 2248 1938 quod
2273 1869 2325 1922 io
2358 1867 2517 1921 Jacob
2552 1869 2738 1924 iecisse
2768 1871 3089 1936 declaratur,
3115 1875 3204 1942 qui
3227 1876 3494 1943 posterius

1912 1971 2110 2023 natus,
2145 1962 2423 2029 primatum
2458 1960 2633 2014 fratris
2661 1963 2889 2016 senioris
2917 1966 3137 2031 accepit.

2035 2051 2185 2105 Vere.
2205 2051 2258 2104 8.
2286 2050 2468 2105 Tollite
2492 2062 2686 2117 portas,
2712 2053 2985 2122 principes,
3018 2063 3224 2108 vestras.
3262 2055 3500 2111 Venitad

1935 2144 2147 2197 tertiam
2200 2150 2405 2209 partem
2438 2141 2560 2195 :ulii
2591 2143 2867 2210 propheta,
2907 2143 3204 2198 Christiana
3250 2147 3505 2214 religione

1935 2232 2224 2299 declarata,
2258 2246 2378 2285 cum
2412 2247 2602 2303 magna
2629 2234 2991 2288 exsultatione
3028 2236 3251 2303 imperat
3278 2236 3505 2291 diversis

1936 2324 2258 2390 errantibus,
2288 2334 2550 2391 quatenus
2574 2325 2835 2392 prioribus
2859 2325 3107 2379 claustris
3136 2341 3369 2395 congrua
3397 2326 3505 2381 ﬁde

1938 2415 2217 2484 patefactis
2237 2457 2252 2483 ,
2286 2414 2459 2484 ipsum
2482 2431 2659 2486 regem
2680 2416 2960 2471 Dominum
2981 2419 3033 2471 in
3059 2418 3172 2477 suis
3200 2420 3506 2488 pectoribus

1937 2510 2221 2561 admittere
2249 2516 2575 2561 mereantur.
2629 2508 2852 2563 Auferre
2882 2512 3023 2563 enim
3058 2511 3297 2583 praecipit
3335 2522 3510 2578 portas

1941 2594 2146 2663 mortis,
2169 2614 2286 2667 qua:
2302 2612 2329 2649 a
2360 2598 2599 2667 principe
2621 2598 2831 2653 diabolo
2858 2602 3045 2669 posita:
3065 2602 3505 2670 comprobantur.

1939 2682 2067 2755 Qum
2095 2688 2216 2741 ideo
2246 2699 2404 2755 porta?
2423 2698 2547 2742 sunt
2567 2689 2871 2756 appellatae,
2896 2689 3020 2757 quia
3049 2703 3144 2757 per
3171 2691 3313 2758 ipsas
3337 2701 3510 2745 trans-

1942 2788 2073 2832 eunt
2116 2778 2359 2830 homines
2387 2792 2483 2831 sua
2529 2777 2663 2832 facta
2696 2787 2994 2845 portantes,
3024 2789 3079 2834 et
3115 2795 3202 2835 res
3245 2783 3504 2836 victuales

1942 2854 2335 2919 studiosissime
2365 2865 2688 2919 deterentes.

2017 2953 2080 3007 Et
2095 2954 2379 3019 elevamini,
2396 2966 2555 3025 porta:
2571 2954 2857 3022 azternales,
2875 2965 2922 3009 et
2942 2956 3168 3011 introibit
3182 2956 3295 3012 Rea:
3312 2959 3511 3029 gloriae.

1942 3043 2143 3100 Contra
2172 3053 2355 3114 portas
2386 3045 2572 3098 mortis
2598 3044 2852 3100 decenter
2894 3055 3057 3114 poma
3095 3052 3361 3102 aternafes
3389 3060 3514 3103 sunt
3554 3082 3555 3085 η

268 3146 355 3190 est
382 3153 538 3207 quam
574 3141 877 3206 promittit:
920 3142 1145 3197 credens
1186 3145 1481 3212 pcrjurium
1535 3160 1641 3199 non
1701 3161 1840 3213 esse,

1950 3136 2157 3207 positae,
2189 3146 2245 3189 ut
2272 3136 2401 3189 ista.-
2448 3135 2676 3191 caducas
2729 3138 3058 3206 ostenderet,
3094 3140 3212 3194 illas
3256 3141 3377 3195 sine
3406 3142 3510 3194 ﬁne

272 3228 551 3293 decepisse
572 3230 818 3298 nequiter
846 3232 1115 3287 credentis
1146 3248 1406 3287 errorem.

355 3318 500 3372 Vers.
532 3321 584 3375 6.
614 3319 663 3377 Η
672 3321 718 3372 ic
749 3322 959 3389 accipiet
1005 3322 1400 3379 benedictionem
1436 3341 1469 3377 α
1515 3322 1760 3391 Domino,
1806 3335 1850 3379 et

271 3394 678 3465 misericordiam
700 3428 731 3463 a
758 3409 864 3466 Deo
894 3411 1111 3466 salutari
1138 3429 1252 3468 suo.
1292 3416 1557 3469 l’raemisit
1605 3416 1719 3484 pias
1755 3416 1853 3470 ob-

272 3500 633 3566 servationes,
665 3517 806 3556 nunc
848 3504 978 3558 dicit
998 3515 1053 3559 et
1083 3507 1321 3571 praemia.
1365 3507 1594 3572 Accipiet
1642 3506 1850 3560 benedi-

271 3574 517 3654 ctionem,
542 3607 644 3647 non
668 3608 696 3644 a
715 3593 951 3661 quolibet
975 3595 1103 3661 alio,
1122 3595 1216 3651 sed
1238 3597 1306 3649 ab
1327 3596 1443 3663 ipso
1466 3595 1712 3651 Domino.
1737 3597 1856 3663 Ipse

276 3678 645 3749 benedicitqui
673 3682 1004 3749 judicaturus
1025 3694 1125 3752 est,
1147 3684 1261 3753 ipse
1289 3686 1515 3741 absolvit
1537 3686 1622 3754 qui
1648 3687 1855 3740 incom-

280 3773 613 3828 mutabiliter
641 3774 895 3829 damnare
928 3778 1207 3842 potuisset.
1246 3779 1488 3831 Meritum
1516 3793 1644 3848 ergo
1682 3780 1852 3832 bene-

280 3854 391 3917 ﬁcii
430 3878 522 3931 per
552 3866 971 3933 magnitudinem
1031 3868 1191 3921 voluit
1232 3870 1576 3923 concedentis
1616 3870 1856 3936 agnosci.

276 3951 436 4019 Quod
464 3965 834 4025 argumentum
867 3957 1003 4010 inter
1046 3968 1284 4013 oratores
1311 3961 1508 4012 dicitur
1548 3977 1577 4011 a
1610 3975 1857 4028 persona.

276 4032 558 4112 Sequitur,
596 4045 1011 4109 misericordiam,
1049 4057 1105 4103 ut
1151 4048 1242 4103 illa
1291 4047 1572 4102 benedictio
1614 4065 1719 4102 non
1767 4058 1862 4116 per

280 4131 495 4207 merita,
524 4134 618 4186 sed
656 4148 751 4200 per
780 4133 1162 4205 indulgentiam
1211 4138 1421 4191 Domini
1446 4138 1658 4203 venisse
1686 4138 1863 4192 videa-

280 4231 393 4275 tur.
429 4220 616 4275 Nullus
646 4223 843 4293 quippe
889 4223 1167 4283 hominum
1207 4237 1291 4281 eSt
1333 4228 1423 4297 qui
1470 4227 1572 4281 sibi
1614 4231 1861 4283 misereri

280 4326 395 4364 non
424 4323 599 4381 egeat.
630 4312 905 4366 Donantur
933 4314 1148 4380 delicta,
1183 4325 1239 4370 ut
1267 4316 1658 4370 veniatcorona
1684 4333 1698 4381 ;
1723 4316 1865 4372 sicut

279 4402 402 4455 dari
431 4419 535 4455 non
568 4414 742 4471 potest
773 4405 1017 4471 libertas,
1052 4407 1152 4459 nisi
1204 4408 1348 4474 prius
1400 4409 1631 4462 servitus
1693 4408 1856 4464 fuerit

1954 3220 2251 3281 mansuras.
2279 3224 2410 3279 Nam
2433 3226 2571 3295 quod
2598 3226 2765 3280 Adam
2796 3217 3020 3284 diabolo.
3053 3228 3303 3294 faciente,
3342 3230 3514 3300 legem

1955 3315 2393 3385 transgrediendo
2445 3315 2690 3381 perdidit,
2756 3316 3012 3371 Dominus
3064 3318 3308 3395 Christus
3347 3320 3515 3389 legem

1955 3406 2277 3473 complendo
2307 3407 2590 3475 reparavit.
2635 3405 2863 3459 Elevatte
2882 3418 2999 3460 sunt
3021 3409 3162 3462 enim
3193 3419 3352 3472 portis
3371 3418 3518 3463 teter-

1958 3499 2117 3559 nales.
2144 3498 2195 3552 id
2223 3508 2306 3551 est
2360 3497 2693 3563 baptismatis
2750 3498 2943 3565 gratia,
2978 3498 3283 3552 chrismatis
3327 3500 3518 3564 honor,

1960 3588 2358 3657 praedicationis
2386 3588 2548 3652 salus,
2582 3597 2883 3655 cazteraque
2908 3603 3027 3655 qtne
3050 3588 3266 3642 Christo
3298 3589 3523 3644 Domino

1959 3677 2207 3731 veniente
2233 3690 2489 3730 concessa
2522 3685 2669 3728 sunt.
2687 3676 2877 3728 Merito
2904 3685 3081 3729 autem
3111 3677 3388 3746 appellata:
3407 3691 3524 3738 sunt

1960 3781 2123 3837 ρπιω
2150 3767 2439 3831 azternales,
2465 3780 2559 3835 per
2575 3780 2706 3835 quas
2731 3766 2842 3820 Rea:
2867 3768 3047 3837 gloria
3068 3768 3318 3838 dignatus
3338 3782 3421 3824 est
3450 3773 3527 3823 in-

1963 3860 2133 3913 troire.

2035 3957 2189 4012 Vers.
2217 3957 2272 4011 9.
2303 3956 2430 4022 Qui:
2456 3965 2533 4011 est
2559 3958 2653 4010 istc
2681 3955 2795 4012 Rea:
2812 3958 2990 4026 gloriw
3017 3961 3041 4012 ?
3087 3959 3337 4014 Dominus
3387 3963 3528 4031 fortia

1963 4058 2009 4102 et
2050 4060 2245 4119 potens,
2272 4047 2523 4102 Dominus
2550 4058 2728 4119 potens
2766 4050 2819 4102 in
2848 4052 3046 4116 pretio.
3080 4050 3379 4121 Interrogat
3405 4067 3529 4119 pro-

1966 4139 2123 4206 pheta
2153 4138 2221 4192 ad
2243 4141 2665 4193 convincendam
2716 4140 2986 4207 perﬁdiam
3015 4139 3318 4194 Judaaorum
3349 4156 3365 4193 :
3402 4142 3528 4206 Qui:

1964 4241 2039 4285 est
2060 4235 2153 4285 istc
2179 4231 2287 4285 Rea:
2314 4230 2525 4301 gloria?
2555 4229 2927 4301 Respondetur
2946 4245 3042 4301 per
3064 4232 3273 4288 tertiam
3297 4232 3531 4303 Speciem

1966 4321 2313 4386 deﬁnitionis,
2341 4337 2460 4390 qute
2486 4320 2669 4377 Gnrce
2695 4323 2889 4377 dicitur
2917 4325 3148 4389 ποιότης,
3182 4324 3366 4380 Latine
3394 4343 3532 4395 qua-

1968 4412 2204 4467 litativa:
2237 4411 2486 4468 Dominus
2511 4413 2655 4483 fortis
2686 4423 2733 4466 et
2759 4425 2958 4484 potens,
2992 4412 3239 4469 Dominus
3279 4427 3454 4486 potens
3478 4418 3531 4470 in

280 4491 555 4544 absoluta.
587 4491 848 4546 Salutaris
875 4510 1001 4561 ergo
1030 4504 1211 4549 noster
1249 4506 1331 4550 est
1383 4496 1638 4550 Dominus
1701 4498 1855 4553 Chri-
1892 4510 1944 4569 1)
1972 4503 2170 4570 praelia.
2231 4504 2381 4571 Quod
2440 4504 2485 4558 si
2531 4504 2811 4569 discutias,
2842 4505 2947 4558 soli
2989 4503 3204 4559 Christo
3228 4507 3536 4573 probabitur

278 4589 427 4642 stus,
456 4593 486 4631 a
518 4594 626 4648 quo
650 4591 707 4635 et
736 4581 1006 4635 beatitudo
1049 4583 1319 4649 tribuitur,
1352 4594 1404 4637 et
1426 4601 1458 4653 p
1480 4597 1640 4639 'ccata
1676 4588 1857 4640 laxan-
1898 4590 1902 4599 '

280 4676 399 4721 tu.
430 4666 540 4723 Nec
564 4678 777 4722 moveat
798 4670 938 4736 quod
972 4670 1116 4739 prius
1142 4670 1294 4737 dixit,
1328 4671 1428 4725 Hic
1457 4676 1683 4743 accipiet
1709 4674 1851 4729 bene-

279 4758 563 4815 dictionem
590 4776 625 4812 tt
656 4759 909 4824 Domino;
937 4773 991 4816 et
1021 4774 1201 4831 postea
1230 4764 1523 4833 subjunxit,
1567 4776 1615 4820 et
1655 4768 1863 4820 miseri-'

281 4848 520 4905 cordiont
560 4866 594 4902 α
622 4847 734 4903 Deo
778 4849 1000 4905 salutari
1045 4869 1181 4908 suo:
1206 4854 1333 4908 dum
1367 4856 1418 4909 in
1464 4854 1653 4911 ordine
1683 4872 1862 4911 rerum

282 4940 466 5007 priiuo
496 4949 678 5007 parcat
704 4944 935 5007 peccatis
966 4944 1185 5008 nostris,
1215 4955 1270 4999 et
1300 4957 1482 5027 postea
1506 4947 1867 5002 benedictionis

284 5029 461 5096 ipsius
478 5045 704 5085 munera
725 5033 1133 5104 subsequantur.
1158 5034 1271 5090 Hoc
1292 5038 1437 5089 enim
1461 5035 1764 5105 frequenter
1788 5039 1871 5091 in-'

280 5120 443 5176 venit
467 5135 589 5177 esse
618 5124 905 5189 variatum,
934 5136 991 5180 ut
1021 5127 1192 5196 primo
1216 5129 1568 5183 misericordia
1596 5144 1821 5198 ponatur
1844 5147 1861 5195 ;

280 5224 341 5269 ut
366 5224 456 5267 est
482 5214 631 5280 illud,
672 5215 813 5269 Deus
854 5219 1155 5272 misereatur
1190 5219 1339 5273 nobis
1393 5231 1443 5273 et
1480 5219 1738 5275 benedicat
1774 5239 1865 5276 nos

277 5304 462 5377 (Pali.
494 5306 752 5374 urna);
792 5307 1094 5377 iterumque
1114 5311 1380 5364 convertit
1406 5326 1421 5363 :
1450 5308 1719 5365 llluminet
1752 5314 1861 5365 tmt-

277 5405 394 5451 tur:
418 5413 566 5453 una
584 5413 738 5467 cupa
766 5414 879 5461 nos,
898 5406 955 5451 et
978 5400 1281 5453 misereatur
1311 5402 1478 5455 nobis.
1531 5406 1661 5469 Qum
1691 5404 1854 5473 ﬁgura

275 5488 483 5547 dicitur
510 5491 854 5559 anastrophe,
884 5489 934 5543 id
963 5500 1045 5544 est
1086 5493 1379 5560 perversio,
1413 5493 1625 5562 quando
1657 5496 1856 5563 pronti~

276 5592 405 5633 tuus
429 5578 613 5633 ordine
642 5594 906 5632 oomcrso
927 5582 1269 5635 sententiam.

364 5671 515 5723 Vers.
542 5671 594 5725 7.
636 5670 758 5724 Haec
779 5683 851 5725 est
879 5675 1138 5743 generatio
1174 5676 1511 5745 quwrentium
1551 5674 1823 5731 Dominum
1847 5722 1860 5747 ,

1965 4595 2273 4651 convenire.
2302 4595 2532 4651 Gloriosl
2561 4594 2703 4650 enim
2753 4605 2974 4665 possunt
3003 4604 3057 4650 et
3084 4606 3347 4651 terrarum
3396 4600 3534 4664 prin-

1966 4684 2114 4753 cipes
2134 4686 2239 4740 dici
2263 4703 2278 4740 :
2310 4686 2421 4741 Rea:
2440 4687 2620 4754 gloria:
2644 4701 2802 4741 nemo
2818 4692 2995 4753 potest
3022 4686 3123 4740 nisi
3151 4688 3298 4742 solus
3325 4690 3535 4744 Altissi-

1971 4789 2089 4828 mus
2119 4775 2364 4830 inveniri.
2415 4777 2547 4831 lluic
2576 4776 2734 4846 igitur
2763 4778 3190 4846 interrogationi,
3243 4781 3380 4835 sicut
3422 4782 3533 4854 jam

1969 4864 2167 4919 dietum
2221 4876 2323 4933 est,
2366 4867 2647 4937 subjuncta
2691 4869 2969 4935 responsio
2991 4878 3073 4922 est
3101 4886 3111 4920 :
3141 4871 3227 4924 ubi
3263 4873 3397 4929 bene
3427 4876 3536 4930 sin-

1970 4954 2107 5021 gulis
2137 4955 2317 5010 verbis
2344 4956 2584 5025 arguitur
2605 4957 2807 5011 Judaici
2834 4958 3009 5026 populi
3029 4960 3251 5015 nefanda
3281 4978 3538 5031 praesum-

1969 5042 2098 5110 ptio.
2136 5039 2310 5096 Fortis
2339 5045 2480 5097 enitn
2511 5053 2694 5098 contra
2722 5046 2847 5100 illud
2877 5046 3094 5112 dicitur,
3120 5051 3241 5117 quia
3264 5066 3385 5106 eum
3408 5067 3530 5108 cum

1967 5131 2156 5201 gladiis
2176 5140 2231 5187 et
2254 5134 2477 5188 fustibus
2498 5134 2786 5189 tenendum
2811 5148 2930 5191 esse
2955 5146 3289 5202 putaverunt.
3323 5142 3536 5210 Potens,

1968 5236 2125 5290 quem
2155 5222 2227 5276 illi
2276 5224 2426 5291 quasi
2464 5225 2806 5292 impotentem
2862 5226 3049 5283 Petilio
3101 5230 3268 5286 Pilato
3306 5235 3539 5288 tradide-

1968 5320 2115 5363 runt.
2139 5310 2391 5366 Additum
2413 5321 2496 5367 est
2525 5327 2737 5382 quoque
2764 5323 2941 5384 potens
2971 5317 3022 5383 in
3047 5318 3246 5386 prwlio,
3278 5338 3344 5376 ne
3375 5324 3455 5378 illi
3492 5325 3542 5379 iu

1973 5404 2372 5459 concertatione
2399 5419 2495 5460 sua
2540 5404 2736 5476 aliquid
2781 5409 3119 5477 prmvaluisse
3163 5415 3536 5472 crederentur.

1977 5497 2213 5564 Denique
2250 5512 2369 5550 cum
2417 5498 2481 5551 ad
2511 5513 2633 5553 eum
2683 5502 2970 5556 tenendum
3010 5507 3305 5573 venissent,
3345 5511 3535 5566 audie-

1976 5599 2096 5642 runt
2121 5606 2134 5641 :
2163 5587 2271 5661 Ego
2299 5607 2432 5654 sum,
2459 5600 2513 5645 et
2542 5608 2747 5656 omnes,
2781 5606 2913 5650 teste
2940 5596 3145 5654 Joanne
3169 5600 3535 5674 Evangelista,

1974 5691 2266 5737 retrorsum
2289 5685 2529 5752 protinus
2559 5697 2875 5742 corruerunt
2923 5687 3103 5760 (Joan.
3148 5709 3231 5748 ιγι
3256 5710 3294 5765 t,
3325 5697 3404 5765 9}.
3446 5698 3531 5750 Sit
