3996 6346
420 4194 437 4219 ~.
520 4176 624 4234 sta,
653 4167 896 4233 Domine,
918 4175 980 4222 ut
1003 4168 1092 4238 qui
1121 4178 1302 4237 portas
1322 4169 1705 4225 misericordia
1735 4184 1837 4225 tua:
1881 4171 2095 4228 lavacro

494 368 588 416 I75
1685 369 1754 423 tt.
1800 363 2075 422 AtlttELll
2111 358 2510 420 CASSIODOttI
3631 354 3733 414 ΠΒ

490 489 744 541 ltomiuus
773 492 1020 541 salvator
1045 496 1142 552 per
1173 483 1398 537 virtutes
1433 492 1560 535 suas
1590 477 1744 533 nobis
1784 478 2059 533 evidenter
2088 479 2134 534 Α
2164 483 2246 527 cst
2273 472 2597 529 centesimus
2647 469 2908 539 deCiInus.
2955 474 3279 526 εθιιιεεῖηιιη
3318 484 3648 539 “mellitus.
3678 480 3734 526 ει

494 579 693 636 edictus
712 587 815 642 est,
837 590 901 631 ac
930 576 973 630 si
1003 575 1217 645 proprio
1241 572 1501 627 vocabulo
1529 571 1893 653 panderetur.‘
2164 566 2487 620 centesimus
2516 562 2756 617 decimus
2786 572 3022 627 octavus,
3053 564 3141 632 qui
3165 561 3363 632 justas,
3392 572 3450 617 ut
3478 572 3624 631 puto,
3648 560 3732 616 in-

560 670 711 724 Vers.
740 671 826 723 10.
851 667 1039 721 Tollite
1065 664 1547 734 portas,principes,
1574 672 1789 731 vestras,
1822 652 2060 715 elieleva-
2165 654 2344 709 dicam
2375 653 2557 707 laudes
2586 653 2820 718 Dnmilli.
2851 654 2970 721 ipso
2997 654 3274 724 largiente.
3328 652 3558 723 perfecta
3580 655 3735 709 meri-

496 764 645 823 mini,
672 770 833 828 ports:
858 758 1143 820 a’lernales,
1170 766 1217 807 et
1242 755 1474 809 introibit
1498 753 1609 807 Rea;
1636 752 1835 822 gloriae.
2068 756 2073 765 ’
2170 756 2342 799 torum
2373 746 2656 799 devotione
2680 753 2930 808 cantare;
2966 754 3022 799 ut
3048 744 3147 799 fuit
3173 743 3469 798 Nulhattael
3487 783 3504 809 ,
3536 743 3607 799 de
3631 758 3739 814 quo

572 856 724 909 Vers.
768 852 854 904 ll.
891 853 1014 913 Quis
1044 860 1115 901 ρει
1150 852 1242 899 isre
1270 847 1377 899 Rea:
1405 844 1622 916 gloriw?
1659 843 1911 897 Dominus
1963 841 2067 894 viro
2171 839 2428 894 Dominus
2455 836 2584 892 dicit
2626 838 2679 892 in
2708 837 3040 907 Evangelio:
3085 836 3215 891 Ecce
3242 852 3359 889 vere
3403 834 3643 889 Israelita
3680 836 3742 889 iss

498 956 663 999 tutum
686 945 792 1013 ipse
820 951 893 993 ρει
927 941 1031 993 lica:
1056 939 1254 1009 glort'tc.
1274 937 1371 991 ilic
1395 937 1552 991 etiam
1575 935 1787 990 schema
1814 932 2063 1002 pulcher-
2169 947 2272 1001 quo
2300 930 2450 984 dolus
2475 945 2576 982 non
2603 939 2678 982 est
2710 926 2889 999 (Joan.
2920 943 2959 993 ι,
2991 926 3084 999 47)
3106 943 3122 993 ;
3142 937 3197 983 et
3217 927 3481 982 Jeremias
3512 925 3742 997 prophe-

500 1039 693 1090 rimum
726 1034 918 1085 factum
941 1040 1045 1094 est,
1070 1030 1208 1099 quod
1237 1030 1373 1098 apud
1400 1028 1617 1083 Gratcos
1644 1027 1841 1081 dicitur
1879 1025 2067 1079 anadi-
2174 1032 2246 1087 la,
2277 1021 2344 1076 de
2374 1036 2478 1090 quo
2511 1020 2648 1076 idem
2677 1020 2936 1075 Dominus
2964 1020 3077 1073 ait:
3106 1018 3182 1073 De
3225 1030 3397 1073 ventre
3424 1020 3603 1072 matris
3644 1030 3746 1075 tua

498 1129 681 1195 plosis,
713 1126 847 1194 apud
904 1126 1121 1179 Latinos
1154 1123 1545 1193 congeminatio
1574 1123 1841 1186 dictionis,
1872 1120 2072 1190 qum'ﬁt

2193 1114 2343 1165 tocavi
2366 1121 2433 1177 le,
2456 1119 2501 1166 et
2528 1113 2579 1165 in
2607 1113 2756 1166 vulva
2782 1112 3091 1180 sanctifican
3119 1121 3167 1165 te
3211 1108 3426 1181 (lenm.
3457 1126 3496 1176 ι,
3519 1110 3595 1178 5).
3643 1109 3748 1165 Job

498 1221 663 1275 autin
688 1236 866 1283 versu,
907 1228 997 1272 aut
1034 1218 1085 1271 in
1127 1216 1450 1285 repetitione
1490 1216 1795 1269 verborum.
1833 1215 1897 1268 Et.
1930 1230 2067 1284 quu-

2193 1217 2387 1271 luoque
2417 1201 2668 1257 similiter
2699 1202 2904 1256 Domini
2926 1217 3056 1255 voce
3079 1202 3322 1256 laudatus
3348 1211 3454 1267 est,
3474 1201 3547 1256 ait
3569 1200 3744 1258 enim:

496 1314 639 1368 niam
668 1313 856 1367 eadem
888 1311 1127 1365 revoluta
1169 1319 1313 1374 sunt,
1339 1310 1601 1378 expositio
1633 1309 1878 1377 superior
1900 1318 1955 1363 et
1982 1308 2072 1365 llic

498 1403 709 1458 abunde
733 1399 981 1457 sufliciat.
1028 1396 1159 1454 Nam
1191 1410 1247 1454 ut
1282 1399 1496 1453 Iudaeos
1538 1398 1911 1465 confunderet,
1956 1414 2073 1453 ma-

500 1493 863 1563 gnificentiam
888 1491 1096 1545 Domini
1124 1490 1369 1559 superius
1409 1490 1738 1561 singillatim,
1775 1498 1835 1544 ut
1857 1504 2074 1555 compe-

500 1582 665 1648 tebat,
696 1583 980 1650 exposuit;
1016 1595 1157 1634 nunc
1188 1589 1367 1635 autem
1396 1579 1632 1634 breviter
1659 1576 1871 1634 culmen
1910 1580 2074 1633 totius

501 1671 672 1725 laudis
696 1679 757 1725 et
794 1671 1031 1724 veritatis
1068 1668 1296 1738 adjecit;
1323 1669 1432 1737 iam
1473 1684 1581 1725 non
1626 1669 1801 1724 solum
1857 1668 2071 1735 fortem,

508 1776 615 1816 non
645 1771 937 1831 petentem,
964 1775 1069 1813 non
1097 1759 1150 1813 in
1177 1758 1361 1829 praalio
1388 1775 1657 1830 magnum.
1680 1760 1775 1814 sed
1792 1758 2073 1814 Dominum

502 1854 735 1923 ipsarum
757 1851 885 1905 dicit
915 1864 1036 1905 esse
1075 1850 1338 1905 virtutum.
1381 1851 1492 1905 Rea;
1517 1861 1694 1905 autem
1750 1859 1833 1905 est
1877 1850 2072 1920 gloriae,

2193 1835 2257 1890 lit
2278 1836 2477 1891 tales'in
2499 1836 2733 1891 Ecclesia
2756 1837 3001 1905 psallere,
3026 1837 3219 1908 quibus
3232 1852 3336 1892 non
3360 1837 3497 1892 adeo
3512 1838 3752 1893 omnium

502 1944 591 2014 qui
618 1943 746 1998 facit
784 1957 843 1997 se
884 1940 1252 2010 glorificantes
1283 1943 1465 2011 utique
1492 1941 1779 2012 gloriosos,
1812 1942 1951 1995 sicut
1979 1956 2075 2010 per

2193 1927 2445 1981 bonorum
2493 1942 2715 1996 operum
2746 1926 2948 1982 arridet
2977 1929 3277 1999 integritas,
3311 1937 3369 1983 ut
3409 1936 3493 1983 est
3517 1942 3755 1999 presens

503 2033 785 2087 Dominum
834 2030 1067 2085 dicitur:
1110 2030 1463 2105 Gloriﬁcantes
1524 2046 1603 2084 nte
1647 2047 1738 2101 ego
1779 2029 2075 2102 glori/ica’bo

2193 2017 2435 2084 psalnms,
2458 2019 2760 2089 trigesimus
2786 2022 2995 2086 tertius,
3021 2019 3323 2089 trigesimns
3346 2027 3626 2087 sextus,et
3644 2020 3757 2092 33

506 2122 562 2195 (ι
604 2122 730 2194 Reg.
754 2138 812 2190 tt,
840 2124 957 2195 δυ).
987 2125 1089 2190 Qui
1116 2123 1399 2192 unicuique
1432 2131 1781 2193 potestatem,
1829 2123 2083 2187 virtutem,

2193 2111 2505 2162 :entesimus
2534 2108 2979 2180 quadragesimus
3028 2120 3270 2179 quartus,
3321 2110 3388 2165 de
3430 2110 3622 2180 quibus
3656 2126 3757 2164 suo

504 2226 807 2284 ceteraque
834 2215 974 2269 dona
995 2215 1201 2281 tribuit,
1232 2223 1292 2268 ut
1325 2214 1460 2269 vult.
1506 2212 1686 2268 Gloria
1711 2212 1854 2268 enim
1884 2213 2079 2268 dicitur

2193 2204 2297 2252 nco
2328 2197 2487 2253 latius
2508 2198 2920 2269 distinctiusque
2950 2199 3179 2255 dicetur.
3208 2198 3360 2256 Nunc
3384 2210 3563 2255 autem
3590 2214 3758 2256 nove-

498 2308 716 2364 cclebre
758 2308 1106 2377 praconium,
1161 2316 1214 2361 et
1263 2307 1593 2376 frequentata
1648 2307 1904 2362 laudatio.
1946 2308 2081 2362 Sunt

505 2399 744 2467 quidem,
775 2397 1011 2453 donante
1027 2398 1269 2463 Domino,
1294 2399 1540 2468 etaugeli
1562 2398 1807 2467 gloriosi,
1844 2399 2077 2452 l'otestn-

500 2501 607 2556 tes,
660 2490 885 2554 Throni,
945 2489 1384 2556 Dominationes,
1434 2499 1487 2545 et
1532 2490 1650 2544 alia:
1700 2492 2080 2558 potentissima

507 2589 802 2644 creatura;
826 2579 919 2633 sed
945 2579 1124 2633 nullus
1158 2588 1241 2633 est
1294 2579 1402 2632 Rex
1430 2578 1630 2649 glorias,
1670 2580 1767 2633 nisi
1801 2581 1889 2649 qui
1938 2581 2081 2650 ipsas

509 2669 746 2725 condidit
771 2676 828 2725 et
846 2671 1088 2724 continet
1107 2669 1465 2725 summitates.
1488 2670 1773 2739 Stupenda
1807 2671 1943 2736 laus,
1976 2672 2080 2727 tui-

496 2760 675 2815 randa
702 2759 1005 2814 conclusio!
1037 2758 1146 2814 Nec
1164 2760 1337 2828 putuit
1360 2760 1425 2812 ab
1450 2760 1555 2814 alio
1568 2760 1851 2830 quidquam
1864 2760 2081 2830 dignum

509 2849 635 2916 dici,
666 2849 768 2905 nisi
798 2850 1002 2919 abipso
1029 2849 1119 2918 qui
1138 2837 1302 2903 'solus
1346 2864 1496 2903 suam
1534 2850 1789 2917 praevalet
1831 2865 2084 2906 enarrare

2180 1292 2428 1363 Nunquid
2458 1294 2788 1348 considerasti
2813 1310 3011 1347 servum
3037 1310 3199 1347 meum
3219 1293 3342 1358 Job,
3366 1294 3500 1362 quod
3546 1309 3647 1348 non
3674 1295 3744 1348 sit

2176 1383 2224 1438 ei
2248 1384 2433 1437 similis
2454 1386 2506 1437 in
2525 1392 2683 1451 terra,
2711 1384 2790 1438 vir
2808 1387 2987 1457 justus
3033 1395 3081 1439 et
3110 1384 3335 1453 simplest
3374 1391 3420 1438 et
3456 1394 3651 1450 rectus,
3677 1385 3748 1439 ti-

2177 1490 2316 1529 mens
2341 1472 2527 1538 Deum,
2580 1491 2640 1529 ac
2666 1475 2905 1530 recedens
2932 1493 2964 1528 a
2993 1475 3131 1530 male
3171 1473 3289 1540 (Job
3314 1491 3374 1544 tt,
3404 1476 3496 1545 δη
3527 1474 3594 1532 Et
3636 1489 3745 1532 ca-

2177 1565 2276 1620 teri
2296 1565 2385 1636 qui
2418 1574 2620 1621 tantum
2652 1565 2754 1635 ipsi
2782 1566 2880 1622 soli
2902 1566 3022 1621 Deo
3059 1574 3186 1621 sunt.
3212 1566 3348 1621 noti.
3380 1565 3487 1622 Sed
3521 1580 3641 1622 cum
3678 1567 3751 1623 ad

2177 1668 2272 1709 eos
2301 1664 2614 1724 perventum
2644 1654 2824 1722 fuerit,
2845 1657 3146 1713 evidentius
3168 1657 3563 1726 explanabitur.
3593 1658 3753 1716 Aliud

2176 1761 2343 1816 genus
2366 1757 2469 1812 est,
2508 1746 2652 1817 quod
2678 1747 2963 1803 subtractis
2994 1748 3310 1819 quibusdam
3335 1749 3550 1815 litteris,
3567 1758 3721 1806 esten
3747 1788 3755 1795 ρ

2182 2386 2418 2453 habere;
2449 2387 2682 2457 reliquas
2710 2401 2848 2442 vero
2875 2388 2927 2441 in
2976 2396 3121 2441 textu
3157 2387 3400 2442 Psalterii
3444 2388 3611 2443 minio
3640 2388 3760 2459 pin-

2182 2480 2386 2547 gendas
2408 2492 2531 2533 esse
2548 2478 2808 2547 judicavi,
2840 2493 2907 2533 ne
2929 2493 3030 2547 qua
3064 2478 3362 2547 legentibus
3407 2478 3626 2533 confusa
3661 2494 3759 2533 na-

2181 2580 2431 2624 sceretur
2477 2569 2799 2624 obscuritas.
2856 2569 2951 2623 lia:
2999 2578 3176 2622 autem
3227 2568 3497 2638 alphabeti
3543 2569 3761 2637 littera,

2182 2674 2302 2729 qua:
2332 2659 2491 2714 verba
2541 2659 2869 2730 significent,
2926 2659 3238 2731 Hieronymi
3293 2659 3471 2715 Patris
3524 2660 3762 2716 breviter

2184 2750 2368 2807 labore
2396 2749 2638 2805 collecta:
2672 2760 2795 2805 sunt
2818 2766 2834 2815 ;
2859 2750 2997 2819 quod
3020 2760 3195 2806 tamen
3235 2749 3524 2820 Scripturis
3565 2751 3764 2807 divinis

2186 2859 2290 2898 non
2318 2844 2663 2912 cognoscitur
2693 2842 2980 2898 insuetum.
3013 2841 3147 2897 Nam
3173 2850 3228 2898 et
3244 2842 3507 2899 Jeremias
3531 2843 3764 2913 captivi-

509 2943 823 3012 pmentiam.
851 2942 1189 3012 Cognoscite,
1216 2940 1459 3010 magistri
1502 2942 1840 2996 saecularium
1883 2942 2085 2997 littera-
2187 2946 2349 2992 tatem
2374 2938 2670 2993 Jerusalem
2700 2938 3034 3009 quadruplici
3078 2938 3350 3008 alphabeti
3380 2941 3766 2999 lamentatione

510 3046 650 3097 rum,
705 3032 830 3087 hinc
856 3032 1149 3096 schemata,
1181 3032 1307 3085 hinc
1331 3031 1526 3086 diversi
1552 3032 1765 3101 generis
1802 3047 2085 3102 argumen-
2185 3028 2422 3096 deflevit,
2447 3027 2646 3083 docens
2669 3028 2971 3084 litterarum
3012 3038 3369 3096 sacramenta,
3395 3030 3553 3086 etiam
3574 3045 3767 3089 reruni

511 3133 583 3190 ta,
611 3124 735 3180 hinc
754 3123 1116 3189 definitiones,
1139 3123 1263 3178 hinc
1283 3122 1683 3191 disciplinarum
1703 3125 1941 3179 omnium
1967 3140 2088 3194 pro-
2178 3123 2340 3177 nobis
2363 3120 2659 3176 celestium
2698 3120 2936 3176 indicare
2964 3118 3241 3195 mysteria.

512 3215 729 3271 ﬂuxisse
744 3216 1036 3284 doctrinas,
1061 3214 1344 3284 quando'iu
1369 3214 1450 3268 bis
1469 3214 1661 3270 litteris
1684 3216 1855 3283 posita
1884 3230 2082 3284 cogno-
2102 3228 2162 3291 ιο
2208 3214 2215 3221 ’
2760 3230 2958 3288 ,υευεεεο
2991 3232 3195 3301 "una.

512 3308 661 3362 scitis
703 3322 823 3376 quae
873 3316 999 3363 ante
1047 3305 1261 3362 scholas
1314 3315 1519 3361 vestras
1573 3306 1730 3377 longe
1768 3306 1915 3378 prius
1943 3306 2086 3363 dicta

514 3346 661 3409 "2""
703 3346 840 3410 “¹“““⁴,
870 3346 999 3409 ,""“‘
1047 3346 1261 3362 """m
1322 3346 1519 3361 "'"""
1573 3346 1730 3377 "’”°“
1768 3346 1915 3378 ¹’³“⁵⁰
1943 3346 2086 3363 ““’““
2204 3364 2205 3367 ‘
2261 3346 2396 3403 'l'oto
2418 3346 2625 3417 psalmo
2652 3361 2750 3417 per
2770 3347 2991 3417 figuram
3016 3347 3343 3416 etbopteian,
3381 3348 3614 3404 mirabili
3637 3364 3771 3419 sup-

514 3397 679 3453 futsse
704 3407 936 3454 sentitis.
3264 3452 3279 3454 _
3331 3446 3373 3454 ._
3424 3451 3469 3454 -_

2191 3438 2481 3505 plicatione
2513 3438 2835 3507 deprecatur
2865 3437 3125 3500 Ecclesia,
3159 3452 3227 3491 ne
3258 3446 3381 3491 ante
3416 3447 3769 3508 conspectum

2192 3528 2400 3583 Domini
2428 3527 2847 3597 contemptibilis
2859 3538 3111 3596 appareat
3128 3528 3372 3584 inimicis.
3390 3528 3573 3593 Primo
3597 3545 3773 3585 mem-

2189 3618 2289 3673 bro
2308 3618 2553 3687 deposcit
2596 3628 2654 3673 ut
2683 3618 2921 3673 instituta
2967 3617 3178 3673 Domini
3201 3620 3420 3688 viasque
3450 3614 3773 3691 cognoscat.

2191 3709 2321 3775 Quae
2348 3710 2518 3764 sectio
2543 3710 2782 3764 continet
2806 3724 2965 3777 supra
2999 3710 3275 3763 memorati
3294 3742 3301 3749 ε
3323 3709 3593 3777 alphabeti
3631 3712 3774 3767 litte-

2192 3818 2281 3858 ras
2306 3803 2560 3873 quinque.
2604 3802 2853 3858 Secundo
2880 3803 3123 3859 membro
3154 3803 3407 3859 beneficia
3439 3802 3557 3874 ejus
3586 3816 3774 3876 postu-

2194 3894 2287 3957 lat,
2312 3908 2429 3963 quae
2459 3896 2656 3947 sanctis
2690 3893 2939 3949 Patribus
2975 3909 3005 3947 a
3036 3894 3233 3949 saeculo
3262 3893 3591 3950 condonavit
3619 3912 3636 3962 ;
3673 3896 3776 3953 hoc

2194 3983 2355 4037 etiam
2402 3984 2639 4038 continet
2677 3993 2965 4054 sequentes
3007 3984 3212 4039 litteras
3254 3998 3371 4040 sex.
3430 3985 3615 4041 Tertio
3659 3987 3778 4043 loco

2193 4074 2327 4130 dicit
2359 4073 2723 4130 custodientes
2754 4084 3014 4145 praecepta
3060 4075 3269 4129 Domini
3320 4085 3519 4153 a-terna
3552 4080 3777 4146 praemia

2194 4168 2510 4235 promereri,
2556 4178 2858 4237 protestans
2887 4184 2944 4225 se
2974 4169 3026 4223 iu
3058 4170 3244 4223 eadem
3277 4170 3550 4226 voluntate
3573 4169 3783 4241 iugiter

522 4266 724 4314 sanctze
754 4260 1176 4328 regenerationis
1205 4261 1542 4325 intravimus,
1571 4262 1732 4317 nullis
1754 4263 1878 4318 inde
1906 4277 2095 4332 pecca-
2197 4270 2549 4327 permanere;
2576 4258 2670 4313 tibi
2698 4259 2937 4329 reliquas
2966 4259 3128 4315 habet
3171 4261 3377 4315 Ιὶιῑεηε
3425 4276 3648 4318 novem.
3695 4263 3784 4318 Sic

516 4349 592 4402 tis
638 4348 1033 4417 impellentibus
1081 4364 1362 4405 exeamus.
1414 4349 1678 4407 Numerus
1717 4361 1903 4407 autem
1936 4353 2097 4423 hujus
2198 4357 2339 4404 totus
2359 4342 2599 4419 psalmus
2622 4361 3037 4407 memoratarum
3068 4352 3785 4424 litterammcouscriptione

512 4439 713 4508 psalmi
764 4439 833 4495 ad
885 4440 1074 4512 viginti
1118 4451 1227 4496 tres
1273 4441 1479 4497 litteras
1521 4443 1833 4499 Latinorum
1866 4444 2098 4504 fortasse
2197 4440 2440 4512 depictus
2466 4453 2570 4497 est.
2664 4456 2673 4464 ο

523 4531 803 4599 pertineat,
835 4547 956 4601 qua:
983 4532 1305 4601 eloquentiae
1326 4533 1556 4602 propriae
1570 4533 1709 4590 dicta
1749 4537 2092 4593 concludunt.

506 4619 594 4676 'Ut
622 4622 759 4690 apud
793 4622 1048 4678 Hebraeos
1086 4621 1270 4691 viginti
1310 4622 1453 4691 duae,
1502 4625 1641 4693 apud
1685 4624 1923 4694 Latinos,
1948 4631 2096 4684 unde

522 4727 665 4768 nunc
712 4728 892 4768 sermo
936 4727 1043 4772 est.
1073 4714 1259 4783 viginti
1297 4723 1437 4779 tres;
1478 4718 1617 4785 apud
1652 4718 1873 4774 Gra2cos
1910 4720 2093 4791 viginti

519 4814 749 4873 quatuor
765 4803 1060 4857 habeantur
1082 4820 1095 4855 :
1121 4813 1298 4859 tamen
1328 4805 1380 4859 in
1410 4820 1725 4877 unaquaque
1745 4810 1920 4881 lingua
1943 4828 2094 4869 com-

1052 3508 1322 3565 Conclusio
1351 3486 1559 3580 psalmi.

586 3623 753 3677 Totus
787 3622 875 3677 hic
913 3622 1145 3690 psalmus
1171 3622 1238 3676 ad
1287 3623 1547 3678 moralem
1584 3623 1813 3690 pertinet
1855 3624 2093 3693 discipli—

519 3729 640 3767 nam
666 3729 680 3776 ;
710 3722 1021 3768 commonet
1037 3713 1200 3776 enim,
1233 3714 1769 3782 utsuperstitionibus
1797 3715 2086 3783 derelictis,

492 3818 647 3859 ‘veio
670 3813 726 3859 et
750 3804 837 3869 pio
879 3803 1108 3859 Domino
1161 3803 1391 3859 ﬁdeliter
1434 3805 1718 3860 serviatur.
1769 3806 1903 3873 Quid
1947 3808 2090 3861 enim

519 3894 712 3963 iustius
729 3910 886 3964 quam
913 3910 1033 3951 eum
1057 3895 1307 3952 deserere
1323 3896 1410 3967 qui
1435 3911 1532 3951 nos
1548 3899 1600 3952 in
1628 3898 1798 3953 Adam
1824 3899 1949 3954 fecit
1972 3915 2093 3956 esse

504 3984 815 4039 mortales?
836 3984 972 4053 Quid
1000 3986 1211 4041 beatius
1239 4002 1397 4058 quam
1430 3988 1581 4044 illum
1604 3990 1757 4060 sequi
1786 3992 1872 4059 qui
1902 3991 2093 4045 Imma-

520 4091 646 4129 num
671 4090 838 4145 genus
859 4076 1115 4132 inﬂictam
1145 4088 1370 4135 mortem
1396 4079 1521 4135 fecit
1540 4080 1800 4135 evadere?
1828 4082 1930 4136 Sed
1962 4097 2096 4151 prae-

2122 4589 2180 4650 Β
2223 4640 2227 4644 ὶ
2737 4550 2998 4624 Expositio
3029 4555 3234 4625 psalmi.

2275 4663 2428 4720 Vera.
2468 4663 2519 4718 1.
2566 4665 2772 4720 Αιενιι.
2830 4665 2911 4720 Ad
2939 4677 3003 4733 te,
3070 4667 3306 4735 Domine,
3344 4668 3504 4721 laeui
3550 4668 3790 4722 anitum

2205 4772 2366 4810 meam
2390 4770 2410 4810 :
2439 4755 2575 4809 Deus
2604 4772 2767 4825 meus,
2800 4758 2853 4810 in
2879 4767 2927 4812 te
2955 4759 3183 4824 conﬁdo,
3207 4774 3308 4811 non
3336 4758 3630 4813 erubescens
3656 4774 3678 4813 :
3698 4774 3793 4812 κω

562 4846 737 4858 ...η-η.
766 4846 1048 4857 ..ηπ-..η
1082 4846 1094 4855 .
1121 4846 1298 4859 .......,.
1412 4846 1512 4860 ..,...
1552 4846 1616 4862 ..α
1660 4846 1725 4863 ..υ
1856 4846 1920 4865 ...ι
1943 4846 2087 4869 un...

514 4846 903 4961 prehendenda
934 4903 1248 4960 competens
1273 4846 1560 4951 aditibetu‘;
1580 4846 1853 4967 qi'tantita:
1887 4904 2087 4957 littera-

2203 4863 2301 4918 que
2322 4846 2570 4900 irrideanl
2594 4863 2672 4900 me
2700 4849 2896 4902 inimici
2925 4850 3044 4903 mei.
3071 4848 3260 4903 Levare
3286 4848 3535 4916 dicimus,
3565 4863 3791 4906 sursum

2208 4939 2413 4967 ..-ιο-η...
2494 4938 2631 4967 se..-
2679 4939 2747 4967 Α..
2797 4949 3008 4967 Ιρι-ηΑιιΑ
3062 4942 3468 4967 manuum“---
3526 4941 3791 4967 -sa::..-..-

666 4938 1549 5012 :';:;f;:.:..";;'.':'.;:;':..T;:;:2:“
1571 4938 2095 5012 ξιῖῖιέέτῑῖ,έςξιξέῖ-
2205 4939 2434 5009 erigere.
2494 4938 2633 5009 Eleo
2677 4939 2748 4996 de
2797 4949 3010 4996 terrena
3060 4942 3491 5007 conversatione.
3526 4941 3793 5012 νειίειιιω

522 4998 683 5131 ἶυιιις
712 4984 875 5037 sicel
898 4984 947 5035 in
979 4984 1081 5037 isto
1113 4984 1306 5053 psalmi
1331 4984 1539 5041 calculo
1571 4990 1776 5045 redolet
1800 4992 1949 5048 beata
1973 5010 2099 5063 per-
3030 4984 3798 5086 Ι,ἕῖ

545 5084 705 5131 ectto.
2457 5119 2470 5131 .
2604 5129 2612 5131 μ
2747 5120 2759 5131 .
2805 5121 2834 5131 ..
3212 5130 3215 5131 ,
3340 5121 3352 5131 .
3426 5124 3456 5131 ,.

2211 5134 2382 5184 suam,
2405 5119 2472 5174 ad
2495 5120 2998 5188 contemplationem
3014 5121 3227 5178 scilicet
3252 5121 3554 5176 celestium
3577 5136 3795 5185 rerum,

773 5184 1132 5283 EXPO§ITIO
1175 5186 1242 5242 IN
1287 5188 1608 5246 PSALMUM
1652 5190 1839 5246 XXIV.

2210 5225 2312 5279 qua
2341 5224 2554 5280 semper
2580 5184 2861 5265 Dominum
2910 5211 3032 5281 pius
3080 5213 3291 5266 animus
3342 5211 3579 5268 intuetur
3614 5231 3629 5266 :
3660 5215 3798 5283 quia

960 5274 1026 5330 In
1050 5277 1201 5347 ﬁnem
1224 5280 1452 5350 psalmus
1479 5280 1665 5335 David.

2212 5302 2369 5357 facile
2398 5302 2627 5357 humana
2658 5302 2907 5372 despicit,
2930 5305 3019 5374 qui
3048 5303 3228 5359 divina
3250 5306 3612 5375 conspexerit.
3650 5305 3804 5360 Eras-

596 5387 862 5457 Quoniam
909 5389 1046 5444 tituli
1084 5391 1245 5446 verba
1295 5391 1404 5460 jam
1437 5403 1559 5447 nota
1600 5401 1747 5460 sunt,
1776 5402 1830 5447 et
1868 5396 2105 5463 psalmus

527 5481 633 5535 iste
660 5477 1005 5534 Hebraeorum
1040 5481 1241 5551 primus
1263 5481 1547 5549 alphabeto
1574 5482 1873 5551 descriptus
1901 5494 2006 5551 est,
2036 5487 2105 5542 de

526 5568 650 5639 ejus
693 5569 864 5641 magis
904 5571 1103 5626 virtute
1128 5570 1413 5626 dicendum
1464 5579 1571 5625 est.
1603 5570 1706 5627 Per
1736 5581 1901 5627 totum
1947 5575 2106 5646 igitur

531 5659 751 5727 librum,
792 5660 900 5716 duo
928 5661 1150 5717 istorum
1179 5674 1371 5732 genera
1401 5668 1525 5715 sunt
1553 5660 1873 5729 psalmorum
1900 5680 1916 5720 :
1940 5680 2102 5722 unum

531 5751 675 5822 quod
703 5753 965 5825 integrum
988 5752 1331 5824 alphabetum
1363 5750 1642 5809 continere
1664 5761 2013 5820 monstratur.
2047 5766 2105 5813 ut

2213 5389 2410 5445 bescere
2434 5400 2518 5446 est
2544 5401 2719 5446 autem
2740 5394 3020 5460 repentina
3047 5394 3209 5447 animi
3238 5394 3640 5463 perturbatione
3654 5411 3803 5450 con-

2208 5480 2378 5545 fundi,
2427 5482 2715 5553 subitoque
2760 5484 2902 5538 aliud
2935 5484 3205 5553 reapicere
3256 5500 3415 5554 quam
3464 5487 3803 5541 credebatur

2207 5575 2443 5630 evenire.
2478 5574 2617 5631 Petit
2657 5592 2785 5646 ergo
2824 5591 2891 5631 ne
2916 5577 3092 5631 minor
3121 5577 3258 5633 effici
3278 5588 3382 5633 itur
3412 5580 3465 5634 in
3491 5587 3803 5648 conspectu

2206 5666 2343 5735 ejus,
2378 5683 2496 5737 qua:
2524 5668 2593 5725 de
2621 5668 2791 5739 ipsius
2822 5670 3018 5740 pietate
3039 5670 3241 5724 confisa
3269 5679 3371 5725 est.
3405 5669 3631 5726 Irrident
3653 5683 3805 5725 vero

2206 5759 2425 5826 inimici,
2457 5760 2669 5828 quando
2706 5760 2969 5817 iustorum
3012 5760 3389 5818 confidentiam
3447 5778 3553 5819 nou
3595 5760 3799 5817 videns

2176 2288 2346 2344 rimus
2385 2291 2525 2343 hunc
2554 2299 2765 2345 sextam
2794 2298 2851 2344 et
2876 2291 3139 2345 decimam
3184 2306 3379 2346 nonam
3418 2292 3619 2347 litteras
3649 2308 3759 2347 non
3780 2300 3795 2307 ‘
