4004 6342
228 436 343 511 111

1146 437 1497 525 EXPOSITID
1534 426 1602 494 ΙΝ
1642 435 2100 498 ΡεΑιτειιιυΜ.
2141 440 2335 501 PSAL.
2379 440 2559 499 XXIV.

3378 442 3496 515 trs
3552 530 3557 535 '

229 573 345 614 esse
367 556 710 629 completam,
736 555 859 613 etsi
897 555 1057 611 aliter
1095 554 1252 611 cedat
1290 571 1448 623 quam
1495 565 1803 611 secuturum
1834 556 1887 617 Α
1911 555 2088 612 nullus
2136 558 2249 614 suis
2296 559 2501 616 meritis
2545 557 2612 612 ad
2639 572 2754 630 rius
2782 558 3005 629 gratiam
3034 560 3202 615 venit.
3246 559 3485 618 Dicenda

227 664 345 704 che
388 649 769 718 praedicebant.
828 648 1017 719 Sperat
1062 663 1191 721 ergo
1239 657 1412 704 mater
1442 650 1704 718 Ecclesia,
1746 660 1806 706 ut

228 732 484 807 promissa
510 753 605 794 sua
635 751 853 808 prastat
881 738 1134 794 Dominus
1154 749 1459 810 ;.quatenus
1484 741 1800 804 adversarii,

227 822 364 885 unde
388 845 505 886 eam
532 832 748 885 irridere
773 834 1000 901 possint,
1030 848 1136 886 non
1160 832 1409 886 habeant.
1440 835 1632 888 Itinere
1661 835 1802 888 enim

226 922 536 993 plerumque
560 924 797 995 benigni,
812 924 1223 981 irridereantent
1240 941 1452 992 semper
1473 930 1683 980 adversi
1700 935 1801 979 est.

297 1011 453 1068 Vers.
483 1015 537 1069 2.
570 1015 738 1069 Bern.
774 1015 1228 1070 Etenimunirersi
1256 1018 1340 1087 qui
1360 1019 1605 1072 sustinent
1633 1028 1681 1070 te
1703 1034 1803 1071 non

224 1106 636 1177 confundent-1;
659 1109 1041 1176 confundantur
1069 1110 1227 1180 iniqui
1250 1111 1492 1180 facientes
1519 1126 1668 1164 uana.
1697 1111 1806 1165 Ex-

226 1210 464 1266 spectare
520 1210 604 1253 est
655 1201 756 1254 sub
806 1201 1065 1256 malorum
1097 1202 1349 1271 patientia
1377 1200 1545 1257 Deum
1581 1204 1805 1257 viriliter

224 1287 509 1354 sustinere;
541 1300 596 1344 ut
623 1290 713 1345 ille
739 1291 963 1346 veniens
986 1291 1039 1345 in
1062 1289 1265 1360 judicio
1295 1308 1396 1347 suo
1429 1293 1618 1347 reddat
1661 1295 1803 1362 quod

224 1377 397 1433 devoti
422 1381 638 1434 animus
660 1384 970 1451 expetebat.
996 1382 1085 1436 Sic
1108 1396 1164 1436 et
1192 1384 1333 1437 alius
1362 1384 1598 1453 psalmus
1628 1386 1758 1439 dicit
1786 1401 1801 1439 :

224 1470 480 1537 Exspecta
525 1469 821 1536 Dominum,
867 1474 1080 1527 viriliter
1110 1492 1223 1547 age.
1267 1483 1317 1527 et
1352 1479 1670 1545 confortetur
1718 1494 1807 1530 cor

223 1570 383 1624 tuum,
408 1572 454 1613 rt
477 1564 671 1615 sustine
696 1563 972 1617 Dominum
1002 1566 1176 1635 (l’sal.
1205 1568 1476 1635 xxvn,li).
1505 1571 1567 1621 lat
1598 1571 1804 1636 respice

222 1650 341 1718 quia
384 1668 484 1719 per
540 1655 760 1722 ligarant
811 1656 1168 1725 anadiplOsin,
1220 1676 1342 1728 qua:
1394 1661 1580 1715 Latine
1608 1662 1806 1716 dicitur

222 1744 617 1812 cttngeminatio
648 1748 918 1815 dictionis,
949 1766 1251 1807 sermonem
1274 1756 1515 1822 geminat
1544 1756 1610 1810 ad
1640 1758 1803 1811 deco-

223 1824 436 1887 rent.ln
472 1839 748 1903 superiore
798 1839 1013 1909 quidem
1048 1842 1253 1910 psalmo
1284 1845 1334 1897 in
1371 1848 1611 1900 versibus
1665 1849 1801 1903 facta

1905 649 2048 701 enim
2104 648 2461 703 misericordia
2514 659 2636 717 tua,
2670 667 2779 712 qua
2806 668 2836 702 a
2864 651 3050 703 sacnlo
3094 660 3231 718 sunt,
3265 665 3486 718 semper

1910 737 2190 792 Dominum
2226 732 2718 796 ntiserieordiarmn
2749 741 3008 811 approbat
3028 741 3360 811 largitorem,
3390 757 3481 811 qut

1909 844 2013 881 non
2068 838 2192 883 ante
2223 829 2501 886 hominum
2546 832 2731 886 meriti
2785 832 3031 899 suscipit,
3079 832 3173 885 sed
3210 831 3357 900 prius
3387 846 3480 885 sua

1906 922 2046 974 dona
2099 924 2366 977 concedit.
2419 923 2617 978 Omnes
2657 926 2871 994 quidem
2920 925 3153 982 haereses
3179 923 3485 997 detestabili
3520 969 3523 972 .

1906 1011 2229 1078 ergitrttione
2272 1021 2499 1083 reporta:
2542 1023 2710 1069 sunt:
2743 1015 3083 1084 Pelagianum
3128 1029 3255 1070 vero
3286 1014 3484 1068 malum
3572 1054 3579 1055 κ

1906 1121 2066 1172 quam
2116 1106 2187 1160 sit
2243 1108 2619 1174 perniciosum,
2680 1099 2806 1162 hinc
2860 1109 3017 1161 datur
3045 1107 3291 1177 intelligi,
3341 1108 3485 1177 quod

1908 1204 2053 1249 tanta
2082 1200 2425 1267 cvgnoscitur
2448 1199 2764 1255 assiduitate
2796 1199 3075 1267 redargui,
3118 1202 3161 1252 Α
3188 1200 3377 1254 sacqu
3400 1200 3488 1252 di-

1908 1285 2002 1346 cit,
2023 1302 2140 1338 cum
2165 1289 2394 1356 eruperit
2423 1304 2544 1343 esse
2573 1288 2851 1350 saeculum,
2879 1289 3094 1358 quando
3124 1289 3486 1343 administrari

1908 1388 1973 1424 cu
1998 1385 2119 1442 plus
2148 1385 2234 1431 est
2258 1376 2511 1433 mundus.
2546 1378 2805 1433 Sarulitm
2832 1386 2916 1434 est
2956 1378 3098 1433 enim
3128 1378 3311 1432 mundi
3354 1377 3488 1433 ordo

1908 1462 2220 1531 decurrens,
2256 1469 2343 1536 qui
2372 1469 2437 1520 ad
2471 1468 2644 1522 futura
2676 1469 2926 1534 tendens,
2959 1469 3230 1537 praterita
3260 1470 3481 1524 deserit.

1892 1555 2036 1615 ,ll'uec
2079 1558 2240 1627 aliqui
2282 1562 2331 1614 in
2392 1560 2740 1615 heltdvunadis
2791 1561 3220 1628 similitudinem,
3250 1562 3486 1631 septenis

1909 1650 2062 1702 annis
2096 1650 2496 1705 determinanda
2526 1669 2645 1707 csse
2674 1662 3012 1722 putaverunt.
3064 1654 3163 1707 Alii
3204 1654 3347 1708 enim
3392 1668 3490 1708 sa-

1910 1740 2026 1789 cu.’a
2049 1737 2188 1793 dicta
2219 1756 2340 1795 esse
2368 1736 2842 1813 voluctttnt,'quod
2878 1736 2947 1798 in
2975 1760 3035 1799 se
3068 1744 3264 1813 iugiter
3315 1743 3490 1798 revol-

1912 1836 2037 1881 vnnt
2066 1837 2327 1897 tempora.
2368 1832 2433 1885 Et
2462 1849 2528 1886 ne
2556 1833 2928 1888 distinctiones
2956 1833 3241 1903 verborum
3271 1842 3490 1904 practer-

220 1929 319 1980 εει.
365 1922 460 1977 hic
501 1936 679 1979 mum,
730 1927 782 1980 in
838 1930 967 1984 solis
1012 1933 1188 1985 verbis
1217 1946 1297 1986 εει
1335 1937 1524 2003 βοείη.
1561 1937 1799 2005 Adam“,
1837 1935 1881 1994 Β
1916 1921 2127 1975 mittere
2158 1921 2454 1988 videantur,
2487 1928 2836 1980 miserationes
2878 1927 3108 1982 attinent
3135 1928 3200 1981 ad
3223 1929 3490 1997 Operatio—

219 2012 606 2095 coafundantur
638 2032 656 2068 :
687 2017 861 2084 ipsum
902 2021 1120 2075 verbum
1152 2024 1292 2089 quod
1331 2042 1427 2091 pro
1475 2027 1720 2083 ﬁdelibus
1751 2032 1802 2085 in

221 2100 323 2154 line
355 2103 593 2169 positum
645 2115 749 2172 est,
783 2109 834 2162 in
873 2120 1022 2179 parte
1059 2112 1361 2181 iniquorum
1397 2122 1517 2173 tectt
1548 2120 1755 2175 initium
1783 2137 1840 2187 ;.~

217 2190 306 2243 sed
335 2191 446 2246 illic
480 2205 691 2263 opzatur
731 2214 797 2251 ne
830 2199 1041 2256 veniat:
1088 2202 1175 2256 hic
1223 2206 1416 2272 petitur
1442 2219 1497 2261 ut
1536 2222 1801 2281 emergat.

219 2275 489 2338 Facientes
518 2301 670 2349 vana,
702 2286 752 2340 id
780 2296 863 2343 est
893 2304 1015 2358 qua?
1041 2307 1071 2345 a
1102 2291 1328 2349 Domino
1350 2298 1643 2364 probantur
1670 2275 1806 2358 alie-

221 2383 303 2423 na.
358 2369 568 2428 Vanum
622 2378 768 2432 enim
809 2377 1041 2436 dicimus
1071 2382 1466 2442 infructuosum
1507 2401 1667 2460 atque
1711 2409 1802 2459 va-

219 2474 397 2519 cuum.
1454 2526 1457 2529 ,

285 2550 447 2608 Vers.
480 2555 538 2610 3.
561 2554 753 2613 Gtust.
791 2558 918 2615 Viae
943 2572 1076 2627 tuas,
1109 2564 1343 2633 Domine,
1366 2580 1513 2625 notas
1537 2573 1622 2642 [ac
1646 2577 1797 2643 mihi,

216 2648 262 2691 et
284 2643 501 2697 sentitas
523 2654 638 2699 tuas
681 2650 836 2705 edoce
883 2669 982 2706 me.
1034 2654 1175 2710 Inter
1212 2660 1321 2712 vias
1362 2670 1417 2714 et
1462 2668 1665 2720 sentias
1692 2684 1798 2724 non

217 2738 372 2798 parta
406 2733 797 2794 distantia-est.
862 2740 985 2795 Vias
1013 2744 1155 2798 enim
1201 2746 1448 2813 dicimus,
1477 2767 1610 2821 quas
1643 2771 1799 2813 com-

218 2822 514 2877 meantium
545 2826 866 2893 generaliter
893 2831 1103 2886 licentia
1127 2848 1462 2905 pervagatur,
1494 2858 1614 2909 qua:
1640 2843 1798 2898 dieue

216 2922 333 2967 sunt
353 2928 383 2966 a
412 2914 684 2970 vehendo;
717 2916 930 2973 Semita
956 2935 1085 2976 vero
1113 2934 1237 2978 sunt
1259 2942 1378 2995 quae
1405 2942 1635 2997 angusto
1658 2934 1800 2989 calle

215 3002 535 3074 diriguntur,
567 3022 666 3063 nec
693 3010 853 3079 vulgo
883 3022 1025 3067 notae
1050 3026 1199 3079 sunt,
1239 3019 1345 3072 sed
1372 3022 1598 3077 occultis
1642 3026 1803 3080 itine-

216 3095 358 3151 ribus
385 3098 754 3156 antbulantur.
784 3102 941 3160 Dicta
959 3117 1042 3163 est
1061 3111 1201 3163 enim
1231 3112 1428 3177 sentite,
1451 3116 1602 3182 quasi
1632 3117 1798 3172 semi-

215 3186 317 3242 via.
342 3188 687 3260 Quapropter
708 3194 817 3248 vias
846 3195 1088 3254 dicamus
1115 3202 1182 3253 ad
1209 3202 1341 3256 vita:-
1359 3203 1604 3260 ordinem
1638 3209 1802 3277 perti-

1912 2030 1923 2061 ι
1948 2026 2005 2064 es
2036 2011 2167 2079 pias,
2198 2013 2560 2068 misericordia
2590 2031 2717 2070 vero
2763 2020 3035 2085 pertinent
3072 2018 3138 2071 ad
3169 2018 3488 2072 clementem

1910 2111 2176 2158 naturam.
2210 2105 2363 2160 Unde
2392 2117 2547 2176 rogat
2568 2116 2626 2162 ut
2656 2117 3008 2178 utrarumque
3046 2123 3227 2164 rerum
3269 2124 3487 2165 suarum

1908 2209 2115 2249 memor
2140 2195 2212 2250 sit
2245 2197 2525 2253 Dominus.

1983 2309 2139 2365 Vers.
2165 2311 2217 2364 6.
2252 2288 2403 2366 ius.
2436 2311 2635 2367 Delicta
2655 2315 2931 2376 iuventutis
2953 2323 3000 2370 ct
3027 2314 3335 2387 ignorantia
3356 2330 3481 2369 mea:

1907 2419 1972 2456 ne
1993 2404 2279 2458 memineris
2306 2421 2327 2469 ;
2361 2406 2643 2459 secundum
2666 2422 2906 2476 magnam
2926 2407 3329 2461 misericordiam
3348 2415 3487 2461 tuam

1904 2510 2098 2549 memor
2125 2504 2232 2551 esto
2260 2498 2375 2560 mei,
2405 2495 2565 2550 Deus.
2591 2495 2853 2551 Delictum
2875 2497 3089 2559 quidam
3109 2497 3297 2551 volunt
3322 2496 3488 2551 levius

1905 2599 2024 2640 esse
2038 2601 2192 2655 quam
2224 2597 2519 2654 peceatum,
2545 2589 2854 2653 dictumque
2876 2590 2944 2642 ab
2965 2604 3032 2643 eo
3048 2587 3159 2660 85
3181 2590 3322 2658 quod
3348 2588 3489 2643 viam

1906 2674 2111 2744 linquat
2144 2678 2435 2746 aquitatis,
2479 2694 2582 2729 non
2639 2687 2817 2733 tamen
2862 2680 2913 2731 in
2945 2693 3153 2732 summa
3198 2677 3488 2732 criminum

1905 2767 2167 2833 pravitate
2198 2774 2466 2820 versetur.
2495 2767 2753 2820 Detictum
2789 2777 2877 2822 est
2897 2769 3042 2821 enim
3071 2767 3278 2822 avidius
3308 2768 3486 2822 cibum

1904 2870 2145 2920 sumere,
2198 2858 2467 2911 cachinno
2531 2860 2960 2928 incompetenter
3017 2862 3239 2926 resolvi,
3297 2861 3487 2915 otiosis

1902 2946 2084 2999 verbis
2106 2961 2323 3013 operam
2348 2950 2505 3015 dare,
2522 2956 2577 3002 et
2599 2957 2794 3003 caetera
2816 2948 3207 3019 hujuscemodi,
3231 2965 3350 3020 quae
3365 2964 3485 3020 gra-

1903 3036 2121 3090 vissima
2152 3052 2256 3091 non
2288 3037 2537 3093 videntur
2570 3053 2692 3093 esse
2728 3049 2945 3108 peccata
2967 3079 2983 3104 ,
3016 3041 3111 3095 sed
3139 3047 3317 3095 tamen
3349 3053 3484 3095 con-

1902 3140 2048 3187 stant
2082 3147 2203 3188 esse
2255 3132 2543 3201 prohibita.
2600 3132 2925 3187 Juventutem
2980 3147 3111 3189 vero
3138 3149 3249 3189 non
3272 3141 3483 3189 tantum

1903 3222 2144 3277 ﬂoridam
2158 3230 2369 3277 atatem
2386 3224 2585 3291 posuit,
2606 3223 2698 3277 sed
2724 3222 3159 3292 pracipitationis
3176 3224 3480 3293 audaciam,

215 3295 360 3350 ms
393 3284 445 3337 Ῐη
479 3299 587 3353 quo
629 3287 868 3344 amilum
912 3299 974 3347 et
1012 3294 1290 3348 doctorum
1337 3301 1692 3368 c0nversatio,
1739 3311 1795 3359 et
1823 3306 2021 3381 thtte
2050 3310 2102 3365 in
2127 3311 2219 3366 illa
2246 3284 2413 3366 tetate-
2433 3284 2683 3366 facillima
2715 3284 2819 3375 est,
2851 3284 2978 3367 dunt
3007 3313 3157 3368 calor
3176 3313 3342 3367 animi
3368 3284 3481 3369 mo;

215 3372 536 3442 simplicium
552 3377 860 3435 multitudo.
889 3381 1115 3439 Semitas
1131 3396 1309 3440 autem
1334 3387 1465 3458 legis
1491 3389 1795 3463 intelligen-

215 3462 335 3518 tiam
360 3466 626 3523 debemus
661 3470 930 3539 accipere,
978 3489 1099 3543 qua:
1130 3485 1183 3529 et
1214 3479 1396 3544 paucis
1418 3488 1581 3550 notat,
1611 3462 1793 3539 etidil-

216 3554 440 3645 licultate
496 3560 580 3615 sui
630 3563 925 3631 probantur
981 3580 1242 3635 angustae.
1293 3570 1547 3641 Sequitur
1602 3576 1793 3645 enim,

215 3643 361 3739 edoce
388 3663 517 3713 me;
546 3652 637 3719 qui
664 3665 846 3707 sermo
899 3668 1006 3710 non
1064 3657 1131 3711 ad
1161 3659 1375 3728 callem,
1408 3663 1502 3717 sed
1527 3665 1593 3720 ad
1624 3643 1797 3739 legem

215 3734 380 3804 magis
404 3739 653 3793 noscitur
684 3743 955 3809 pertinere

250 3860 251 3863 η
287 3822 434 3881 Vera.
474 3825 530 3882 4.
558 3828 804 3887 Dauni.
835 3834 1015 3906 Dirige
1036 3851 1116 3892 me
1140 3837 1196 3892 in
1219 3841 1427 3897 ueritate
1455 3853 1546 3899 tua
1588 3858 1638 3902 et
1670 3849 1811 3906 doce-

214 3926 307 3977 nte.
340 3917 461 3983 quia
494 3927 551 3969 tu
572 3935 633 3985 es
661 3920 798 3975 Deus
827 3924 1070 3980 salutaris
1097 3943 1255 3994 meus,
1288 3941 1337 3985 et
1364 3938 1659 3992 tc'sustinui
1686 3950 1794 3996 tota

213 4003 310 4060 die.
334 4006 575 4078 Singulis
599 4013 936 4069 sermonibus
961 4020 1269 4086 superiores
1291 4038 1482 4079 sensus
1500 4027 1587 4083 hic
1608 4045 1795 4088 versus

213 4098 576 4188 amplectitur.
620 4101 802 4175 Dirige
839 4122 918 4160 me
947 4109 1012 4163 ad
1069 4113 1232 4166 vitam
1268 4117 1523 4188 pertinet,
1554 4122 1680 4176 doce
1712 4124 1794 4179 .ad

212 4186 510 4245 scientiam.
538 4191 810 4263 Sequitur,
857 4200 979 4267 quia
1007 4209 1058 4250 tu
1090 4218 1145 4253 es
1180 4202 1314 4256 Deus
1340 4186 1586 4263 salutaris
1623 4227 1790 4283 meus,

212 4285 264 4328 et
281 4288 328 4331 te
345 4281 571 4335 sustinui
598 4292 704 4338 tota
731 4286 850 4351 die;
894 4293 1129 4357 perfecte
1177 4294 1520 4365 breviterque
1559 4315 1659 4355 nos
1691 4281 1794 4356 im-

213 4363 339 4422 bsit.
389 4371 523 4427 Duae
572 4374 837 4444 siquidem
877 4392 964 4433 res
1014 4390 1137 4434 sunt
1164 4397 1282 4450 qua:
1328 4363 1498 4442 bonos
1547 4387 1794 4448 eflieiunt

178 4496 179 4503 η
212 4452 547 4517 Christianos
570 4482 587 4517 :
622 4467 816 4535 prima,
860 4478 921 4523 ut
944 4468 1109 4524 Deum
1166 4473 1317 4526 nobis
1349 4475 1625 4533 salutarem
1672 4496 1793 4538 ere-

215 4544 433 4616 damus;
466 4555 729 4621 secunda,
762 4566 818 4611 ut
854 4558 954 4613 sub
985 4561 1147 4615 totius
1181 4563 1304 4618 vita:
1348 4567 1602 4631 patientia
1633 4575 1791 4628 retri-

1897 3402 2126 3457 d’estiam
2159 3404 2586 3459 conversationis
2622 3405 2857 3459 excedit.
2899 3404 3032 3459 Nam
3074 3408 3224 3460 tttulti
3258 3405 3480 3477 iuvenes

1898 3506 2105 3545 morum
2135 3497 2396 3562 gravitate
2411 3496 2604 3547 maturi
2632 3502 2792 3558 sunt;
2826 3502 3045 3548 econtra
3074 3495 3289 3565 quidam
3320 3510 3480 3550 senes

1897 3581 2131 3655 levitatis
2149 3582 2741 3638 criminemaculantur.
2759 3585 3077 3654 Ignorantia
3102 3594 3284 3640 autem
3312 3586 3475 3650 dixit,

1895 3671 2017 3741 quia
2047 3673 2213 3728 multa
2243 3673 2467 3729 iacimus
2495 3690 2614 3744 quae
2638 3676 2774 3730 mala
2804 3691 2927 3731 esse
2955 3676 3253 3743 nescimus;
3283 3676 3478 3731 damus

1896 3763 2207 3833 plerumque
2235 3765 2404 3835 ignari
2425 3766 2733 3829 consilium,
2750 3768 2891 3837 quod
2911 3768 3070 3821 lardal.
3093 3768 3350 3834 alterum;
3378 3768 3475 3823 da-
3508 3796 3511 3797 ν

1896 3868 2017 3908 mus
2037 3854 2185 3908 vrlut
2215 3871 2308 3924 pro
2330 3858 2569 3911 remedio
2595 3866 2796 3927 aegroto
2826 3858 2975 3912 cibos
3003 3860 3091 3929 qui
3123 3859 3473 3915 vehementer

1895 3942 2153 4012 afﬂigant.
2198 3943 2371 4013 Ipsam
2412 3962 2625 4016 quoque
2675 3949 2843 4017 legem
2901 3950 3207 4017 trequenter
3243 3950 3474 4007 aliendi-

1896 4048 2016 4086 mus
2054 4034 2383 4103 ignorantes,
2417 4052 2575 4105 quam
2621 4053 2727 4090 noti
2756 4038 2879 4092 licet
2901 4039 3159 4109 ignorari,
3191 4041 3327 4097 dum
3345 4058 3468 4098 eam

1894 4124 2127 4176 voluerit
2160 4122 2429 4177 Divittitas
2477 4141 2506 4178 a
2554 4128 2903 4193 gvtteralitate
2946 4129 3200 4199 cognosci
3227 4145 3473 4199 semper-

1894 4229 1998 4281 que
2029 4214 2267 4267 retineri.
2325 4214 2422 4268 Alii
2475 4229 2653 4268 autent
2687 4217 2876 4271 dicunt
2919 4220 3112 4273 delicta
3162 4222 3476 4293 ignorantia

1895 4304 2056 4357 etiam
2084 4305 2150 4357 ad
2182 4307 2431 4372 parvulos
2460 4308 2757 4375 pertinere,
2779 4312 2867 4378 qui
2901 4310 3026 4365 licet
3052 4311 3282 4367 invalido
3309 4330 3473 4372 sensu

1894 4392 2057 4462 sopiti
2088 4394 2216 4460 sint,
2262 4403 2442 4449 tamen
2483 4396 2726 4465 originali
2769 4410 2987 4468 peccato
3036 4405 3333 4471 protr-mur
3377 4407 3474 4461 ob-

1895 4484 2060 4539 noxii.
2091 4484 2224 4537 Petit
2254 4499 2382 4556 ergo
2404 4497 2461 4540 ut
2488 4487 2672 4541 delicta
2690 4491 2973 4556 juventutis
3002 4503 3049 4547 et
3073 4495 3380 4568 ignorantia
3403 4499 3470 4553 ad

1894 4576 2180 4629 vindictam
2204 4591 2480 4633 reservare
2510 4594 2612 4633 non
2646 4583 2790 4646 velit,
2816 4585 2911 4637 sed
2943 4593 3190 4655 tanquam
3216 4590 3473 4645 excidant

214 4636 481 4749 litationem
504 4642 678 4749 ipsius
693 4658 1006 4749 exspectare
1045 4651 1358 4709 debeamus.
1406 4655 1533 4712 Tota
1571 4661 1695 4716 die:
1721 4680 1785 4720 ac
1815 4659 1864 4716 D
1892 4668 1988 4730 illi,
2018 4667 2091 4720 ita
2143 4669 2209 4721 ad
2251 4669 2509 4734 judicium
2558 4687 2661 4724 non
2722 4636 3474 4749 patiaturadducitvlileoqu'e

214 4725 256 4777 si
282 4728 506 4797 diceret,
532 4734 680 4788 omni
716 4735 824 4802 die,
855 4737 1058 4794 scilicet
1090 4756 1195 4795 non
1218 4742 1539 4813 interpolato
1572 4759 1782 4820 tempo-

215 4829 291 4881 re.
329 4822 422 4876 sed
448 4828 703 4880 continua
736 4828 1265 4897 vitte'signiticatinne
1296 4840 1558 4904 prolatum
1582 4853 1681 4896 est.

181 4966 192 4983 ‘
246 4910 428 4968 Χῖοι-ε.
467 4917 522 4971 5.
566 4916 666 4972 He.
727 4919 1069 4976 Reminisaere
1117 4925 1499 4982 miseraionum
1551 4939 1779 5000 tuarum,

214 4997 441 5072 Domine,
493 5018 543 5063 et
595 5011 1064 5067 misericordiarum-
1100 5028 1331 5084 tuarum,
1371 5038 1486 5085 qua
1519 5040 1557 5077 α
1591 5027 1784 5081 sacqu

213 5104 344 5148 sunt.
375 5098 531 5153 Venit
556 5101 621 5153 ad
652 5102 946 5157 secundum
975 5102 1297 5175 membrum,
1332 5111 1577 5179 piissime
1606 5116 1785 5171 itumi-

214 5180 353 5239 litate
371 5202 466 5241 sua
495 5198 701 5258 petens,
732 5200 995 5262 quatenus
1015 5198 1310 5252 secundum
1336 5205 1779 5260 consuetudinem

213 5273 341 5343 eius,
398 5282 825 5339 misericordiam
869 5286 1079 5341 Dmnini
1126 5302 1505 5362 consequatur.
1534 5295 1781 5354 Humano

213 5378 305 5420 usu
331 5370 406 5425 illi
435 5372 632 5428 dicitur
656 5377 1002 5443 renuniscere,
1032 5380 1123 5447 qui
1174 5396 1443 5452 nunquam
1473 5395 1653 5455 potest
1678 5390 1782 5445 ali-

212 5457 327 5523 qnid
353 5463 611 5519 oblivisci.
640 5467 772 5521 Nam
797 5469 891 5536 qui
914 5469 1016 5523 sibi
1039 5470 1311 5526 desiderat
1348 5475 1642 5545 subveniri,
1671 5480 1777 5536 lar-

455 5556 697 5614 beneﬁcii
722 5567 872 5628 putat
898 5561 1145 5627 oblitum,
1171 5565 1387 5641 quando
1410 5567 1585 5636 aliqua
1616 5570 1779 5629 fuerit

213 5639 455 5702 dilatione
480 5651 739 5704 tardatus.
762 5651 1069 5720 Subjunxit,
1095 5663 1143 5708 et
1174 5639 1645 5715 misericordiarum
1668 5672 1783 5717 tua-

212 5747 336 5801 rum,
356 5740 471 5805 qua
489 5755 520 5791 a
543 5744 730 5796 sacqu
768 5751 904 5797 sunt.
937 5744 993 5797 In
1028 5744 1108 5798 bis
1131 5748 1308 5801 Verbis
1338 5750 1589 5817 praetera
1619 5752 1782 5810 nimis

212 5832 263 5877 et
287 5828 542 5889 regularis
585 5835 740 5887 nobis
780 5835 1022 5890 rcloccre
1056 5837 1265 5893 vidctut'
1315 5843 1619 5911 sententia;
1650 5847 1782 5917 quia

1892 4769 2140 4826 precatur
2162 4759 2402 4813 Ecclesia
2443 4777 2505 4813 ne
2543 4763 2728 4816 delicta
2783 4766 3085 4831 meminerit,
3134 4769 3229 4823 sed
3285 4772 3463 4839 potius

1891 4863 2094 4900 memor
2149 4851 2217 4901 sit
2274 4855 2384 4912 eius
2432 4854 2711 4905 secundum
2777 4869 3017 4923 magnam
3067 4856 3471 4915 misericordiam

1889 4952 2060 4992 suam.

1968 5032 2189 5098 Propter
2210 5035 2483 5107 bonitatem
2502 5050 2663 5103 tuam,
2682 5038 2927 5095 Domine.
2948 5040 3225 5100 Dicenda:
3251 5044 3470 5114 Pmpter

1893 5123 2163 5180 bonitatem
2189 5139 2353 5197 tuam,
2388 5131 2624 5192 Domine,
2685 5131 2810 5185 fecit
2841 5133 3079 5205 intelligi.
3106 5152 3209 5190 non
3252 5147 3469 5207 propter

1891 5209 2138 5273 meritum
2170 5237 2373 5274 meum.
2413 5221 2565 5276 Unde
2589 5223 2717 5276 nulli
2742 5222 2821 5278 ius
2842 5235 2923 5280 est
2953 5228 3243 5298 aliquando
3265 5244 3469 5298 praesu-

1890 5324 2057 5372 mere,
2092 5310 2192 5364 nisi
2223 5328 2380 5381 quem
2414 5317 2647 5383 graviter
2688 5317 2950 5388 contingit
2983 5333 3185 5374 errare.
3237 5322 3366 5389 Qua:
3398 5324 3465 5376 li-

1888 5414 2018 5468 gura
2046 5400 2240 5455 dicitur
2274 5403 2566 5469 emphasis,
2600 5404 2657 5458 id
2697 5416 2780 5461 est
2829 5415 3215 5479 exaggeratio:
3247 5412 3342 5466 sed
3375 5413 3462 5467 ltic

1887 5492 1971 5545 illa
1998 5490 2113 5560 ejus
2142 5493 2352 5560 species
2376 5504 2476 5557 est,
2502 5512 2619 5565 qua:
2642 5498 2905 5567 significat
2929 5501 2980 5555 id
3008 5503 3150 5570 quod
3180 5517 3284 5557 non
3309 5503 3462 5559 dicit.

1887 5583 2077 5638 Merito
2105 5599 2230 5653 ergo
2259 5583 2400 5639 illius
2452 5587 2647 5640 bonitas
2694 5592 2954 5644 veraciter
3000 5591 3356 5661 praedicatur,
3394 5595 3487 5673 de‘

1886 5686 1991 5739 quo
2017 5673 2273 5739 scriptum
2298 5683 2379 5725 est
2405 5688 2417 5725 :
2456 5672 2623 5728 Nemo
2650 5677 2834 5741 bonus,
2856 5677 2961 5730 nisi
2980 5678 3119 5731 solus
3142 5677 3280 5733 Deus
3303 5677 3459 5750 (Luc.

1888 5775 2038 5823 XVIII,
2073 5761 2185 5829 l9).
2898 5776 2921 5833 ί

1964 5851 2114 5908 Vera.
2160 5855 2208 5908 7.
2245 5855 2414 5912 "ll‘l‘lt.
2456 5858 2630 5912 Dulcis
2656 5871 2699 5912 et
2741 5866 2904 5913 rectus
2936 5857 3184 5913 Dominus
3207 5875 3228 5913 :
3253 5867 3460 5929 propter
