3996 6346
482 457 585 515 ίῖῠ

1688 453 1758 509 Μ.
1811 451 2087 508 ALTRELII
2125 449 2531 508 CASSIODORI

3635 429 3748 510 «δυ’

480 575 576 626 Iwc
613 573 773 645 legem
801 579 984 626 statuet
1011 568 1413 640 delinquentibus
1437 569 1487 620 in
1516 567 1614 620 riu.
1651 567 1827 620 Dulcis
1851 577 1923 619 est
1951 565 2054 619 ι)οο
2089 575 2133 626 Α
2163 561 2324 635 erat,
2359 571 2501 638 quod
2556 570 2736 641 lingua
2790 577 2974 626 nostra
3027 569 3271 626 Salvator
3331 570 3734 640 interpretatur.

479 665 648 718 minus
669 678 692 718 :
714 663 837 734 quia
860 663 986 716 dum
1015 673 1233 717 cunctos
1263 661 1534 714 beneﬁciis
1567 659 1886 727 pncvcniat,
1919 675 2054 712 con-

480 759 780 813 versionem
821 766 996 810 tamen
1021 753 1382 822 delinquentis
1407 761 1703 821 exspectat.
1743 750 1883 802 Ptuit
1912 748 2054 802 enim

479 865 636 918 super
649 853 820 921 justas
843 857 889 901 et
912 849 1127 919 injustas
1152 844 1366 916 (Matth.
1389 860 1440 910 v,
1465 839 1580 911 ιδ),
1615 843 1774 895 vitam
1817 839 2056 894 tribuens

480 943 564 997 bis
585 943 674 1012 qui
699 941 1042 995 merebantur
1075 936 1365 1008 exstingui.
1393 937 1578 990 Merito
1605 949 1733 1004 ergo
1773 933 1939 986 dulcis
1968 931 2052 986 di-

480 1033 638 1098 citur,
663 1047 694 1085 a
734 1046 840 1100 quo
880 1031 1063 1084 suavia
1111 1032 1251 1084 dona
1288 1035 1640 1097 praestantur:
1670 1026 1894 1079 sicut‘et
1919 1023 2058 1076 alius

478 1125 716 1194 psalmus
752 1122 918 1177 dicit:
952 1123 1164 1176 Gustate
1200 1131 1250 1178 et
1302 1118 1469 1174 videte
1502 1119 1747 1189 quoniam
1785 1119 1956 1172 suavis
1983 1127 2058 1170 est

476 1213 729 1267 Dominus
759 1212 933 1286 (Psal.
971 1228 1154 1276 3mm,
1183 1213 1257 1278 9).
1297 1212 1476 1266 Dulcis
1503 1212 1646 1266 enim
1679 1212 1853 1266 dictus
1879 1221 1962 1268 est
1991 1213 2056 1266 ad

477 1305 880 1360 similitudinem
909 1293 1143 1360 dulcium
1179 1321 1442 1372 escarum,
1465 1306 1658 1377 quibus
1689 1307 1928 1363 maxime
1957 1308 2057 1362 de-

477 1399 706 1456 lectatur
732 1397 1062 1454 humanitas.
1112 1396 1299 1450 Rectus
1324 1407 1407 1452 est
1433 1401 1646 1468 quando
1663 1410 1782 1468 post
1809 1398 2059 1467 frequen-

479 1505 562 1546 tes
584 1490 976 1560 increpationes
1001 1479 1100 1544 ct'l
1141 1491 1426 1558 ngissimas
1452 1491 1891 1558 exspectationes
1913 1489 2059 1544 obsi-

475 1586 573 1638 stit
600 1585 778 1650 malis,
832 1567 1077 1638 humiliat
1105 1584 1366 1652 superbos
1390 1595 1443 1640 et
1475 1585 1698 1654 impios,
1731 1595 1791 1640 ut
1841 1575 2090 1643 tandem.

476 1673 765 1745 aliquando
793 1675 1024 1743 sapiant,
1077 1685 1132 1750 et
1181 1690 1240 1730 se
1287 1689 1500 1730 errasse
1557 1679 1870 1746 pteniteant.
1905 1678 2058 1744 Quod

476 1776 656 1821 autem
685 1768 843 1837 legem
868 1769 1064 1830 statuit,
1095 1767 1284 1837 utique
1315 1767 1616 1823 dulcedinis
1639 1777 1694 1823 et
1722 1771 1948 1824 rectitud
1977 1771 2058 1826 nis

477 1857 612 1922 fuit;
645 1858 858 1924 quando
895 1857 1066 1911 no‘luit
1110 1874 1293 1913 errare
1329 1873 1464 1928 quos
1514 1860 1700 1914 maluit
1749 1861 1882 1928 legis
1934 1878 2056 1930 pru-

2160 658 2362 715 Nomcn
2393 661 2656 728 siquidem
2685 664 2856 732 ipsum
2905 663 3096 717 salutis
3118 661 3433 732 intelligitur
3458 677 3580 718 esse
3607 675 3736 733 pro-

2161 750 2343 804 fessio.
2375 751 2661 821 Sequitur,
2692 753 2955 823 capiosum
2994 762 3068 807 est
3096 755 3260 817 enim,
3293 753 3345 808 id
3386 763 3470 808 est
3503 754 3591 810 cui
3632 768 3740 812 non

2160 844 2331 911 possis
2364 859 2585 912 parcere
2613 857 2831 914 propter
2863 861 2946 911 se,
2987 845 3084 900 sed
3125 853 3346 914 praptcr
3388 847 3463 900 tui
3509 845 3742 902 nominis

2159 935 2516 988 sanctitatem.
2575 937 2680 990 Sed
2739 936 2862 990 dum
2917 937 3180 1006 copiosum
3209 938 3405 991 dicitur
3433 948 3740 1006 peceatum,

2159 1023 2672 1080 abundantissimum
2703 1041 2825 1081 esse
2868 1037 3244 1081 monstratur:
3273 1030 3528 1097 quoniam
3575 1045 3756 1104 cursu

2161 1118 2418 1184 temporis
2439 1133 2652 1188 semper
2671 1130 2928 1188 augetur;
2961 1131 3015 1174 et
3043 1121 3142 1174 nisi
3185 1121 3344 1176 fuerit
3372 1123 3550 1174 divina
3577 1123 3745 1177 mise-

2161 1208 2366 1261 ratione
2396 1213 2737 1277 subventum,
2771 1219 3030 1281 quantum
3070 1212 3178 1265 vita
3221 1211 3578 1281 protenditur,
3630 1221 3748 1264 tau-

2162 1311 2271 1377 ttun
2311 1304 2540 1358 humana
2587 1305 2877 1374 fragilitate
2923 1313 3195 1374 peccatur.
3242 1304 3309 1358 Et
3362 1318 3619 1358 memoria
3657 1319 3747 1358 reo

2159 1392 2332 1448 conde
2357 1395 2498 1464 quod
2525 1395 2761 1451 Ecclesia
2789 1397 2916 1451 dicit
2944 1412 3040 1465 pro
3063 1403 3212 1467 parte
3236 1397 3626 1460 membrorum,
3650 1411 3746 1450 co-

2162 1486 2306 1552 piosa
2344 1498 2439 1538 sua
2492 1499 2611 1540 esse
2665 1497 2911 1554 peccata;
2941 1496 2999 1540 ut
3039 1489 3126 1554 qui
3182 1501 3243 1540 se
3283 1487 3573 1556 prtedieant
3619 1499 3748 1540 esse
3792 1559 3794 1563 _

2162 1575 2413 1638 mundos,
2440 1575 2581 1630 sicut
2617 1575 2959 1636 Catbaristm.
2998 1576 3299 1648 intelligant
3348 1592 3407 1632 se
3437 1577 3750 1648 portionem
3789 1567 3809 1641 Ῐ

2160 1679 2280 1719 cum
2311 1675 2495 1719 sancta
2523 1665 2763 1720 Ecclesia
2797 1681 2901 1720 non
2928 1665 3152 1721 habere.
3244 1668 3246 1670 ’
3795 1653 3804 1664 ’

2235 1753 2390 1808 Vers.
2422 1755 2508 1810 ll.
2551 1755 2760 1810 Lauso.
2799 1756 2928 1822 Quis
2969 1766 3040 1810 est
3070 1757 3222 1810 homo
3249 1757 3334 1824 qui
3366 1757 3541 1810 timeat
3564 1754 3750 1811 Domi-

2161 1848 2328 1898 num?
2359 1844 2541 1915 Legem
2577 1847 2757 1899 statuit
2799 1847 2847 1900 ei
2893 1847 2945 1899 in
2975 1847 3057 1900 via
3084 1863 3238 1914 quam
3267 1844 3435 1918 elegit.
3479 1847 3639 1902 Venit
3673 1847 3746 1902 ad

479 1947 810 2018 mulgatione
823 1951 1114 2020 corrigere.
1146 1948 1252 2003 Sed
1278 1966 1344 2004 ne
1365 1949 1482 2018 quis
1497 1950 1633 2005 hanc
1661 1951 2052 2025 districtiouem

2168 1937 2383 1992 tertium
2411 1937 2738 2002 membrum,
2765 1938 2854 1992 ubi
2878 1938 3192 2005 specialiter
3218 1938 3622 1994 demonstratur
3647 1938 3749 2009 qui

479 2037 726 2093 crederet
753 2053 816 2092 ex
846 2038 1138 2108 asperitate
1181 2040 1414 2106 venisse,
1441 2042 1724 2095 consilium
1759 2043 1879 2097 latae
1925 2043 2058 2112 legis

479 2132 718 2201 exponit,
744 2131 796 2185 id
825 2140 908 2187 est
940 2132 1192 2186 bonitatis
1220 2141 1274 2185 et
1304 2133 1624 2188 dulcedinis.
1661 2133 1728 2187 1η
1757 2136 1860 2201 uia,
1892 2136 1941 2190 id
1973 2147 2060 2192 est.

479 2223 532 2275 in
563 2223 808 2290 pricsenti
847 2224 977 2290 vita,
999 2223 1198 2302 ubilex
1230 2226 1465 2292 ponitur,
1498 2225 1548 2280 in
1572 2241 1671 2296 qua
1706 2239 1852 2282 recte
1875 2230 2058 2285 vivere

478 2331 906 2372 commonetnur.

552 2406 701 2462 \‘ers.
749 2409 801 2462 8.
843 2409 1051 2464 Tuam.
1080 2407 1278 2481 Diriget
1306 2411 1452 2464 mites
1501 2413 1553 2465 in
1583 2413 1818 2484 judicio:
1858 2413 2057 2468 docebit

477 2511 767 2554 mansuetos
796 2501 902 2553 vias
929 2517 1069 2554 suas.
1114 2501 1168 2554 ld
1202 2511 1282 2555 est
1334 2501 1514 2556 animo
1545 2503 1787 2571 placidos
1835 2506 1900 2558 ad
1931 2521 2056 2575 pro-

477 2591 694 2646 missam
719 2591 844 2644 facit
874 2590 1256 2645 beatitudinem
1282 2594 1582 2661 pervenire.
1605 2590 1837 2647 Directus
1862 2596 2056 2664 quippe

477 2680 674 2736 dicitur
699 2683 786 2750 qui
820 2679 887 2735 de
917 2695 1083 2736 curvo
1113 2691 1292 2736 rectus
1331 2681 1582 2736 efﬁcitur.
1614 2682 1848 2737 Dieendo
1875 2697 2051 2740 autem

477 2775 644 2840 mites,
669 2774 904 2828 excludit
929 2776 1192 2844 superbos
1219 2785 1273 2830 et
1295 2776 1495 2839 elatos;
1517 2778 1651 2831 sicut
1681 2777 1734 2831 in
1768 2780 2053 2849 Evangelia

476 2867 632 2924 dicit:
669 2863 816 2924 Beati
835 2870 998 2934 mites,
1013 2869 1130 2938 quia
1152 2869 1250 2938 ipsi
1269 2871 1596 2939 possidebunt
1627 2881 1812 2925 terram
1837 2872 2050 2942 (Matth.

475 2973 529 3027 ν,
562 2959 641 3030 ι).
673 2959 966 3014 Mansuetos
1015 2962 1219 3028 utique,
1267 2978 1372 3016 non
1419 2963 1703 3030 superbos,
1745 2964 1836 3032 qui
1865 2977 2068 3034 contra.

475 3051 662 3120 iugum
694 3050 814 3105 lene
844 3064 898 3105 et
925 3066 1061 3106 onus
1092 3053 1206 3107 leve
1237 3053 1394 3107 noxia
1427 3057 1525 3108 sibi
1557 3055 1804 3108 libertate
1833 3072 1901 3110 re-
1925 3058 2054 3110 alci-

477 3154 661 3210 trant;
695 3145 788 3199 sed
838 3145 960 3220 illos
987 3129 1195 3199 docebit
1223 3145 1312 3216 qui
1344 3147 1460 3200 sine
1502 3146 1921 3202 murmuratione
1968 3149 2049 3202 la-

475 3237 624 3290 ciunt
643 3251 762 3306 qure
789 3236 934 3306 jussa
964 3246 1312 3308 cognoscunt.
1342 3237 1793 3293 lntermansuetos
1823 3238 1968 3308 enim
1998 3249 2052 3294 cl.

477 3328 625 3380 mites
650 3327 764 3382 haec
790 3327 1000 3382 videtur
1028 3342 1148 3382 esse
1170 3329 1418 3382 distantia
1442 3345 1456 3382 :
1483 3331 1626 3383 mites
1647 3341 1771 3384 sunt
1797 3333 1884 3400 qui
1911 3333 2054 3385 nulla

479 3418 673 3472 furoris
701 3419 1022 3475 accensione
1064 3421 1364 3484 turbantur,
1407 3423 1500 3476 sed
1531 3413 1584 3476 in
1635 3422 1852 3478 lenitate
1892 3427 2053 3480 animi

479 3511 672 3580 iugiter
702 3524 1085 3580 perseverant;
1119 3515 1370 3568 mansueti
1395 3524 1570 3569 autem
1603 3516 1877 3583 dicuntur,
1904 3519 2053 3586 quasi

479 3618 640 3655 manu
669 3605 931 3672 consueti,
961 3598 1061 3660 bac
1088 3615 1171 3660 est
1200 3608 1487 3662 tolerantes
1517 3609 1765 3678 injurias,
1804 3626 1906 3664 non
1934 3611 2078 3676 red-_

481 3693 672 3746 dentes
705 3695 903 3748 malum
937 3711 1032 3766 pro
1081 3699 1244 3752 malo.
1316 3698 1435 3752 Vias
1471 3717 1594 3753 suas
1623 3701 1786 3755 dixit:
1819 3703 1912 3758 sed
1937 3720 2057 3773 qua:

487 3783 596 3836 sint
620 3786 714 3838 vite
746 3785 953 3841 Domini
983 3790 1374 3856 subsequenter
1395 3792 1634 3859 exponit.

555 3877 708 3932 Vers.
729 3878 796 3956 ’9.
831 3877 948 3932 Jon.
985 3879 1244 3935 Universae
1272 3884 1367 3936 uia:
1399 3883 1611 3938 Domini
1636 3886 1988 3941 misericordia
2007 3897 2079 3958 et_

479 3967 684 4030 ueritas,
721 3970 1089 4040 requirentibus
1128 3981 1484 4027 testamentum
1529 3979 1643 4048 ejus
1681 3986 1730 4031 et
1767 3981 2059 4034 testimonia

479 4059 614 4128 ejus.
643 4058 896 4140 Dumsint
923 4062 1494 4132 incomprehensibiles
1524 4070 1615 4120 via:
1637 4065 1865 4138 Domini,
1891 4073 2055 4138 aptis-

479 4151 614 4205 sime
651 4166 745 4206 eas
791 4153 893 4206 sub
947 4153 1209 4210 brevitate
1247 4157 1467 4226 colligit.
1526 4159 1657 4224 Quis
1700 4160 1844 4214 enim
1893 4175 2054 4219 onera

477 4239 596 4310 ejus
632 4257 886 4297 enarrare
921 4248 1232 4314 sullieeret,
1283 4259 1480 4316 quanta
1540 4253 1773 4317 potentia
1816 4252 2056 4308 caelestia

477 4340 801 4401 terrenaque
828 4326 1166 4388 moderetur?
1193 4336 1299 4390 Sed
1329 4352 1448 4392 cum
1485 4338 1590 4394 illa:
1618 4355 1724 4394 non
1763 4345 2059 4410 potuissent

477 4426 802 4483 enumerari.
832 4425 1166 4482 sufficienter
1186 4430 1634 4498 comprehensum
1670 4441 1773 4500 est,
1796 4433 2060 4500 Universae

479 4513 574 4566 via:
603 4510 811 4566 Domini
843 4501 1190 4568 misericordia
1215 4526 1262 4570 et
1289 4519 1492 4572 ueritas.
1525 4518 1904 4586 Misericordia,
1933 4528 2056 4592 quia

481 4604 743 4671 praevenit
783 4614 973 4658 cuncta
1016 4606 1290 4671 bonitate;
1324 4609 1544 4674 ueritas,
1580 4611 1706 4676 quia
1749 4613 1927 4665 omnia
1954 4613 2056 4667 sub
2086 4640 2136 4698 υ

478 4693 782 4760 integritate
812 4691 1090 4760 dijudicat.
1111 4691 1216 4747 Sed
1253 4709 1320 4748 ne
1358 4697 1458 4748 hoc
1499 4705 1716 4764 putares
1747 4702 2050 4753 communi-

479 4794 560 4838 ter
581 4783 986 4850 conl'erendum,
1018 4786 1275 4854 sequitur,
1305 4788 1498 4855 quibus
1530 4791 1736 4862 possint
1769 4791 1893 4845 talia
1918 4807 2050 4848 con-

477 4877 698 4941 venire;
756 4878 980 4942 scilicet,
1033 4881 1401 4946 requirentibus
1439 4890 1795 4938 testamentum
1850 4887 1960 4954 eius
2009 4896 2054 4940 et

479 4967 770 5022 testimonia
817 4971 951 5040 ejus.
1003 4969 1227 5032 Quando
1275 4972 1534 5036 singulari
1579 4989 1803 5028 numero
1855 4975 2056 5031 dicitur

481 5055 878 5127 Testamentum,
910 5068 1001 5114 aut
1025 5059 1187 5116 Vetus
1215 5064 1564 5134 signiﬁcatur,
1591 5075 1680 5120 aut
1711 5067 1935 5122 Novum.
1961 5069 2058 5125 llic

477 5164 606 5219 ergo
637 5139 1013 5204 Testamentum
1041 5151 1074 5206 d
1099 5152 1300 5208 bemus
1341 5158 1586 5224 accipere
1617 5156 1823 5212 Novum
1851 5175 1866 5224 ;
1917 5161 2057 5212 testi-

477 5241 649 5294 monia
669 5255 800 5296 vero
825 5243 1241 5312 praecedentium
1269 5245 1410 5298 dicta
1443 5245 1821 5313 prephetarum
1839 5288 1855 5313 ,
1889 5257 2055 5303 tesms
2079 5321 2082 5326 _

478 5334 621 5388 enim
651 5331 868 5390 fuerunt
907 5348 1178 5388 sacrarum
1209 5337 1660 5405 promissionum,
1703 5351 1838 5406 quas
1882 5337 2060 5391 Domi-

479 5442 582 5482 nus
608 5427 868 5484 adventus
894 5429 977 5484 sui
1006 5430 1437 5486 manilestatinne
1465 5431 1770 5501 complevit.

556 5519 704 5577 Vers.
733 5507 828 5578 10.
871 5521 1039 5578 Cara.
1098 5521 1319 5595 Propter
1361 5541 1545 5579 nomen
1594 5534 1762 5591 tuum,
1817 5523 2054 5590 Domine,

482 5613 839 5683 propitiaberis
886 5626 1092 5684 peccato
1131 5631 1286 5678 meo;
1338 5615 1600 5684 copiosum
1644 5623 1716 5668 est
1754 5614 1905 5668 enim.
1945 5614 2056 5669 lluc

2159 2029 2230 2083 sit
2254 2030 2340 2096 qui
2361 2031 2533 2084 timeat
2556 2027 2858 2096 Dominum,
2880 2039 2972 2084 aut
3005 2029 3149 2100 quali
3175 2045 3399 2085 munere
3423 2029 3752 2100 gratuletur.

2160 2119 2266 2174 Sed
2289 2133 2438 2174 more
2467 2135 2564 2174 suo
2587 2121 3060 2188 interrogationem
3091 2121 3386 2190 pra‘mittit,
3416 2137 3750 2191 responsura

2158 2221 2279 2280 qua:
2308 2220 2619 2281 competunt
2653 2229 2666 2264 :
2702 2211 2884 2282 Legem
2910 2213 3086 2265 statuit
3119 2213 3191 2267 ei.
3222 2211 3324 2268 Iste
3348 2223 3430 2268 est
3462 2229 3621 2282 quetu
3649 2229 3752 2268 vo-

2161 2303 2302 2356 lebat
2348 2302 2675 2370 exprimere.
2724 2302 2862 2357 Dicit
2902 2303 3181 2358 bominem
3232 2306 3504 2374 accepisse
3543 2305 3750 2377 legent,

2159 2393 2244 2449 cui
2267 2394 2390 2449 ideo
2418 2395 2586 2450 voluit
2617 2402 2816 2450 metum
2843 2393 3100 2465 adjicere,
3126 2412 3192 2451 ne
3224 2407 3407 2466 posset
3449 2398 3551 2452 sub
3591 2400 3766 2467 igua-5

2159 2488 2348 2540 rantize
2379 2485 2668 2540 securitate
2698 2500 2943 2555 peccare.
2988 2486 3055 2541 In
3085 2488 3166 2542 eia
3195 2504 3347 2556 quam
3373 2488 3542 2559 elegit,
3580 2477 3632 2544 id
3657 2501 3756 2548 est

2160 2581 2212 2635 in
2243 2580 2525 2634 sanctitate
2559 2579 2841 2648 prepositi.

2187 2675 2193 2680 ’
2225 2689 2375 2744 Vers.
2406 2687 2494 2742 12.
2523 2689 2668 2742 Men.
2693 2689 2878 2742 Anima
2903 2691 3014 2760 ejus
3037 2690 3088 2742 in
3114 2690 3260 2756 bonis
3283 2691 3661 2760 demorabitur,
3683 2701 3753 2748 et

2156 2802 2325 2860 semen
2350 2787 2460 2855 ejus
2517 2783 2811 2837 hereditate
2845 2783 3122 2854 possidebit
3169 2795 3379 2838 terram.
3422 2784 3556 2852 Quia
3581 2786 3762 2855 justi:~

2160 2875 2466 2944 nominibus
2491 2873 2669 2928 exutis
2710 2888 2959 2942 corpore,
2993 2889 3100 2928 non
3129 2877 3310 2929 statim
3341 2875 3581 2946 perfecta
3615 2877 3754 2932 bea-

2159 2969 2328 3032 titudo
2360 2967 2539 3031 datur,
2572 2981 2692 3033 quae
2720 2966 2922 3021 sanctis
2955 2965 3008 3021 in
3042 2965 3438 3023 resurrectiOue
3463 2968 3749 3034 promitti-

2157 3070 2244 3116 tur
2267 3103 2282 3121 .
2314 3061 2542 3114 animam
2565 3067 2743 3112 tamen
2776 3057 2893 3126 ejus
2925 3057 3056 3111 dicit
3083 3059 3138 3111 in
3182 3060 3324 3112 bonis
3361 3073 3520 3128 posse
3571 3075 3756 3114 resne-

2157 3152 2286 3216 rari,
2317 3148 2569 3219 quoniam
2593 3147 2692 3200 etsi
2722 3146 2900 3199 adhuc
2922 3147 3142 3216 praemia
3185 3146 3272 3200 illa
3304 3161 3563 3216 suspensa
3589 3156 3758 3209 sunt.

2081 3273 2126 3334 ρ
2155 3255 2270 3308 quia
2292 3255 2381 3291 nec
2409 3236 2586 3291 oculus
2609 3237 2754 3302 vidit,
2775 3252 2865 3290 nec
2893 3238 3034 3291 auris
3059 3237 3276 3301 audiuit,
3306 3253 3396 3290 nec
3433 3240 3486 3290 in
3521 3254 3611 3292 cor
3642 3239 3744 3294 lto-

2158 3331 2310 3410 minis
2330 3331 2555 3382 ascendit
2578 3327 2627 3400 (l
2655 3325 2773 3382 Cor.
2807 3343 2866 3394 ll,
2896 3327 2952 3398 9)
2977 3345 2992 3393 ;
3024 3327 3184 3382 modo
3213 3336 3389 3383 tamen
3417 3328 3583 3383 futuri
3616 3345 3754 3398 pra.

2151 3417 2248 3490 'mii
2276 3417 2578 3472 certissima
2603 3419 2716 3487 spei
2743 3417 3102 3474 delectatione
3132 3419 3752 3488 pascuntur.Sequitur,

2158 3526 2205 3568 et
2229 3527 2399 3566 semen
2423 3513 2532 3582 ejus
2575 3511 2872 3564 hwreditate
2896 3511 3176 3580 possidebit
3204 3519 3416 3566 terram.
3458 3513 3606 3568 istud
3631 3513 3750 3583 jam

2159 3602 2394 3676 futurum
2426 3603 2702 3672 premnium
2734 3603 2980 3662 absolute,
3007 3603 3290 3673 signiﬁcat,
3331 3602 3550 3670 iustitio
3572 3620 3754 3659 semen

2157 3681 2297 3766 ejus,
2325 3697 2374 3749 id
2407 3703 2492 3750 est
2514 3709 2674 3765 opera
2689 3695 2824 3748 bona
2846 3695 2954 3764 85
2984 3695 3036 3748 in
3066 3704 3266 3750 aiterna
3292 3694 3585 3754 securitate
3605 3696 3754 3752 reci-

2160 3791 2390 3862 pientur,
2425 3797 2481 3844 et
2505 3787 2776 3856 possessio
2799 3787 2917 3857 ejus
2960 3788 3104 3842 nulla
3145 3788 3369 3843 ulterius
3415 3788 3752 3858 expulsioue

2159 3863 2483 3955 turbabitur.
2517 3880 2618 3948 Qui
2667 3881 2810 3934 enim
2855 3879 3060 3948 aliquid
3111 3895 3176 3934 ex
3209 3878 3528 3952 luereditate
3571 3888 3758 3950 tenet,

2161 3971 2461 4026 ﬁrmissima
2487 3968 2830 4038 possessione
2859 3970 3143 4040 gloriatur.

2193 4133 2196 4136 q
2233 4063 2382 4115 Vers.
2425 4061 2513 4116 15.
2555 4059 2692 4117 Non.
2732 4058 3136 4114 Firmamentum
3165 4071 3240 4115 est
3267 4061 3514 4116 Dominus
3541 4063 3743 4116 timen-

2159 4154 2290 4208 tibus
2314 4169 2446 4221 eum,
2485 4162 2534 4206 et
2565 4161 2917 4206 testamentum
2952 4153 3112 4219 ipsius
3134 4164 3190 4207 ut
3231 4155 3584 4221 mauijestetur
3612 4154 3755 4209 illis.

2163 4237 2216 4299 In
2250 4246 2350 4300 hoc
2376 4245 2642 4298 versiculo
2669 4243 2953 4313 diligenter
2979 4244 3312 4300 credentium
3343 4247 3554 4299 animos
3579 4260 3755 4301 enen-

2163 4347 2346 4406 tesque
2377 4336 2667 4390 roboravit.
2721 4335 2900 4390 Primo
2947 4336 3072 4404 quia
3131 4337 3356 4392 humana
3403 4339 3761 4394 consuetudo

2162 4426 2430 4480 mutabilis
2453 4435 2558 4489 est,
2585 4427 2961 4491 ﬁrmamentum
2990 4427 3108 4494 ejus
3135 4427 3410 4482 Dominum
3436 4428 3568 4482 dicit
3601 4429 3761 4485 futu-

2160 4531 2300 4591 rum,
2333 4526 2392 4569 ut
2419 4515 2486 4570 de
2511 4530 2570 4570 se
2589 4515 2836 4571 dubitare
2859 4532 2963 4570 non
2988 4515 3206 4583 debeat,
3235 4531 3357 4572 cum
3389 4517 3480 4570 tali
3513 4521 3764 4585 prouisis-

2161 4609 2310 4661 sione
2338 4607 2616 4663 solidatur.
2664 4607 2770 4664 Sed
2803 4607 2924 4661 vide
2945 4609 3086 4676 quod
3123 4607 3253 4662 dicit
3281 4609 3577 4664 timentibus
3607 4626 3762 4666 eun.

2167 4697 2264 4751 Ista
2313 4698 2456 4752 enim
2504 4697 2750 4763 superbis
2793 4707 2848 4751 et
2887 4698 3176 4752 audacibus
3224 4713 3328 4752 non
3359 4699 3655 4768 promittit.
3694 4703 3767 4760 Et

2166 4793 2374 4846 intuere
2403 4803 2560 4859 quam
2588 4789 2693 4844 vim
2720 4789 2952 4844 habeant
2975 4790 3136 4845 verba
3157 4790 3440 4859 disposita.
3467 4791 3793 4850 Humanus-

2165 4883 2324 4956 tiqmor
2347 4881 2698 4935 difﬁdentiam
2730 4881 2951 4946 tribuit,
2977 4881 3190 4937 divinus
3215 4891 3395 4937 autem
3419 4885 3533 4951 spei
3568 4885 3772 4940 lima-

2167 4982 2344 5028 menta
2371 4972 2637 5026 concedit.
2673 4970 2978 5026 Secundum
3010 4972 3154 5028 istud
3179 4983 3266 5029 est
3291 4974 3774 5046 amplectendam,

2165 5067 2429 5136 nimisque
2459 5065 2844 5131 necessarium,
2877 5075 2936 5120 ut
2989 5067 3074 5122 lex
3105 5070 3226 5135 ejus
3250 5067 3415 5136 ipsius
3442 5067 3605 5122 nobis
3639 5085 3774 5124 mu-

2167 5175 2294 5215 nere
2341 5159 2667 5222 deelaretur,
2699 5158 2816 5213 sine
2857 5172 2964 5226 quo
3005 5158 3428 5229 uecintelligere
3455 5157 3776 5230 quidquam

2169 5250 2294 5304 boni
2326 5262 2636 5315 possumus,
2661 5263 2761 5304 nec
2789 5249 3048 5318 perlicere
3076 5249 3340 5304 laudanda
3371 5251 3776 5318 praevalemus.

2238 5338 2394 5394 Vers.
2429 5337 2517 5392 Νι.
2556 5338 2798 5394 Sanco.
2833 5338 2983 5394 Oculi
3003 5343 3099 5394 mei
3118 5357 3314 5413 semper
3339 5340 3408 5394 ad
3439 5340 3776 5409 Dominum,

2171 5432 2415 5502 quoniam
2439 5431 2548 5502 ipse
2577 5432 2753 5486 evellet
2783 5432 2848 5486 de
2874 5431 3053 5502 laqueo
3074 5433 3226 5502 pedes
3251 5449 3410 5488 meos.
3443 5433 3569 5488 Post
3601 5446 3775 5490 ante-
3805 5469 3808 5472 ο

2166 5521 2270 5576 fata
2303 5523 2518 5591 prtemia
2558 5523 2857 5588 beatorum,
2893 5538 3034 5578 nunc
3056 5524 3568 5593 contemplationem
3598 5539 3776 5582 suam

2167 5614 2330 5670 fuisse
2351 5615 2484 5676 dicit
2511 5629 2722 5685 semper
2748 5615 2813 5671 ad
2839 5615 3142 5672 Dominum.
3169 5617 3540 5672 Pulcherrima
3568 5627 3776 5675 autem

477 5703 617 5760 bene
644 5705 710 5760 ad
759 5721 1040 5775 personam
1069 5706 1304 5760 refertur
1343 5703 1619 5768 Ecclesiae,
1649 5705 1801 5770 cujus
1825 5719 2056 5774 congre-

481 5800 752 5863 gationem
778 5812 842 5852 ex
867 5798 1094 5853 diversis
1127 5797 1499 5866 peccatoribus
1548 5806 1758 5853 constat
1787 5797 2054 5852 evenisse.

488 5887 702 5944 ιιι-ουτω·
729 5905 912 5943 nomen
951 5898 1118 5954 tuum,
1149 5887 1404 5944 Domine:
1433 5890 1552 5958 quia
1595 5888 1748 5945 .lesns
1796 5888 2054 5944 dicendus

2165 5710 2473 5778 cognoscito
2521 5719 2640 5764 tteec
2667 5708 2798 5771 facta
2826 5709 3130 5764 diversitas.
3159 5709 3308 5767 Solet
3333 5707 3477 5763 enim
3505 5709 3598 5779 qui
3629 5722 3782 5766 ante

2168 5799 2330 5864 pedes
2359 5815 2486 5854 suos
2529 5815 2633 5853 non
2662 5799 2932 5863 intuetur,
2979 5800 3030 5854 in
3078 5800 3298 5869 laqueos
3323 5813 3552 5864 Irruere,
3579 5811 3688 5854 aut
3715 5801 3816 5859 iu.

2170 5890 2441 5945 fovearum
2487 5891 2660 5944 hiatus
2690 5889 2943 5945 incidere.
2981 5889 3090 5944 lloe
3127 5900 3306 5945 autem
3351 5889 3680 5946 mirabiliter
3713 5900 3780 5949 ct
