3996 6346
228 370 337 429 Ινδῦ

1156 356 1521 414 EXPOSITIO
1562 354 1627 410 1N
1666 350 2130 411 PSAIJ’ERIUM.
2174 351 2368 409 PSAL.
2409 352 2570 411 XXV.

3388 352 3499 414 {8‘1

226 482 490 539 veraciter
529 478 733 533 dictum
763 483 871 543 est,
912 474 1033 544 quia
1066 472 1113 526 si
1134 484 1291 527 caute
1320 470 1672 533 ambulemus,
1717 483 1811 534 pe-
1840 468 1893 527 Α
1918 466 2194 522 offeratur.
2242 467 2590 538 Subjungitur
2617 482 2779 523 causa
2810 465 3103 537 probabilis
3138 482 3245 539 qua
3273 468 3497 537 petitio-

228 578 432 644 desque
461 582 678 628 nostros
722 568 1053 638 dirigamus,
1097 564 1146 619 si
1192 564 1257 617 ad
1289 563 1571 617 Dominum
1615 559 1811 628 jttgiter

228 666 418 721 oculos
438 665 738 725 elevemus,
768 658 1019 728 quoniam
1042 656 1134 712 ille
1154 662 1430 724 respectus
1451 653 1519 707 ab
1539 650 1685 704 omni
1716 664 1815 705 uos

230 756 530 813 offensione
564 751 739 829 reddit
766 750 970 803 alienos

303 846 459 900 Vers.
492 842 579 896 15.
611 845 733 898 Ala.
766 838 980 909 Respice
1006 838 1060 890 in
1090 853 1187 901 me,
1209 845 1257 887 et
1284 836 1520 888 miserere
1543 831 1660 894 mei,
1688 844 1815 897 quo-

235 941 372 994 niam
400 938 585 989 unicus
612 943 661 988 et
696 948 892 1003 pauper
928 946 1040 984 sum
1062 946 1179 999 ego.
1200 928 1434 997 Egregia
1466 925 1567 979 sibi
1601 936 1817 989 compa-

233 1033 444 1087 ratione
472 1026 787 1093 respondet,
839 1025 960 1093 quia
1007 1021 1253 1091 superius
1298 1008 1479 1084 dixit,»
1517 1016 1667 1069 Oculi
1718 1013 1818 1066 mei

235 1136 435 1189 semper
453 1118 521 1171 ad
542 1117 841 1179 Dominum,
862 1127 1002 1167 nunc
1020 1111 1174 1174 dicit,
1207 1109 1419 1177 Respice
1441 1109 1610 1169 inme,
1634 1119 1821 1174 quem-

242 1211 525 1266 admodum
554 1222 656 1278 ego
683 1206 739 1260 in
774 1216 848 1271 te,
874 1214 922 1256 et
970 1204 1206 1255 miserere
1259 1200 1378 1253 mei.
1424 1200 1555 1252 Nam
1607 1195 1699 1266 qui
1752 1196 1819 1248 ad

240 1303 394 1358 illum
422 1314 637 1369 semper
666 1295 909 1361 respicit,
938 1294 1104 1362 exigit
1128 1304 1199 1347 ut.
1224 1306 1346 1346 eum
1394 1289 1679 1344 miseratus
1705 1287 1829 1355 ipse

238 1393 516 1463 respiciat.
544 1388 764 1444 Addidit
803 1399 1018 1454 quoque
1048 1382 1432 1438 misericordiae
1460 1379 1819 1448 amplissimas

238 1498 458 1546 causas,
488 1479 698 1551 quando
727 1478 911 1530 unicus
934 1478 1051 1544 plus
1072 1484 1302 1538 amatur,
1325 1474 1682 1543 pauperrimus
1706 1471 1823 1538 plus

240 1578 483 1632 doletur.
512 1573 661 1642 Quod
700 1571 770 1625 de
816 1584 1041 1639 persona
1078 1567 1369 1623 Christiani
1397 1565 1575 1636 populi
1620 1579 1824 1619 conve-

245 1667 467 1722 nienter
492 1664 617 1717 dicit
642 1661 878 1716 Ecclesia
903 1698 920 1725 ,
953 1659 1042 1729 qui
1071 1662 1250 1712 unicus
1280 1666 1363 1712 est
1391 1658 1464 1721 ei,
1511 1656 1633 1725 quia
1676 1656 1823 1711 solus

244 1754 458 1808 veracis
484 1750 607 1807 fidei
649 1756 981 1803 sacramenta
1010 1747 1263 1801 custodit.
1298 1744 1541 1815 Pauper,
1569 1745 1819 1814 quoniam

1916 576 2039 617 nem
2084 574 2235 614 suam
2286 560 2538 628 consequi
2587 559 2894 622 debuisset,
2947 560 3201 629 quoniam
3246 559 3499 613 immiti:

1894 651 2227 705 Dominum.
2280 650 2485 705 Revera
2533 666 2638 704 non
2693 660 2933 711 meretur
2974 651 3330 717 erubescere,
3375 665 3498 717 quae

1916 757 2066 811 spem
2091 756 2240 801 suam
2289 741 2629 809 cognoscitur
2676 740 2729 793 itt
2779 747 2923 799 tanta
2979 741 3175 796 virtute
3223 740 3492 808 posuisse.

1920 830 2094 899 Ipsum
2123 830 2268 883 enim
2290 829 2451 899 elegit
2469 829 2726 895 inuocare,
2755 830 2846 898 qui
2878 831 3048 885 nescit
3078 830 3166 898 pie
3192 830 3501 899 supplican-

1922 928 2002 973 tes
2026 916 2279 988 abjicere.

1994 1008 2148 1062 Vers.
2169 1007 2259 1063 20.
2285 1008 2422 1061 Tw.
2463 1006 2765 1061 Innocentes
2786 1017 2832 1061 et
2855 1009 2978 1062 recti
2999 1008 3322 1077 adhaaserunt
3350 1010 3500 1074 milii,

1920 1099 2157 1168 quoniam
2205 1099 2425 1151 sustinui
2470 1108 2549 1164 te,
2590 1097 2830 1154 Domine.
2885 1097 3229 1164 Innocentes,
3276 1100 3492 1166 quidam

1925 1188 2224 1256 intelligunt
2266 1189 2520 1256 parvulos
2544 1204 2699 1243 sacro
2749 1189 3066 1256 baptismate
3107 1202 3495 1258 regeneratos,

1923 1281 2011 1351 qui
2039 1280 2211 1334 adhuc
2241 1281 2399 1335 nullis
2421 1282 2703 1335 mundanis
2723 1282 3223 1337 conversationibus
3250 1283 3495 1351 polluun-

1925 1384 2032 1437 tur,
2061 1373 2153 1427 sed
2182 1375 2234 1427 in
2262 1374 2373 1442 ipsa
2396 1375 2680 1429 sanctitate
2709 1369 3007 1438 transeunt,
3036 1387 3196 1443 quam
3228 1374 3498 1442 suscipere

1928 1470 2256 1518 meruerunt.
2291 1462 2473 1517 Reclos
2496 1473 2671 1517 autem
2700 1464 2819 1517 illos
2842 1463 3011 1533 accipi
3044 1464 3249 1529 volunt,
3279 1464 3367 1533 qui
3391 1465 3500 1531 jant

1926 1554 2133 1609 matura
2162 1564 2319 1609 relate
2348 1555 2618 1620 conversi,
2649 1555 2828 1609 divino
2851 1570 3074 1610 munere
3100 1571 3129 1608 a
3163 1540 3501 1623 peccatorum

1927 1658 2052 1703 sunt
2082 1647 2283 1716 laqueis
2311 1647 2561 1701 absoluti.
2594 1646 2701 1702 Sed
2733 1663 2853 1701 cum
2877 1646 3172 1702 dixerimus
3202 1645 3517 1700 Ecclesiam‘

1927 1740 2088 1793 variis
2120 1739 2394 1792 hominum
2425 1739 2665 1792 moribus
2690 1754 2813 1794 esse
2854 1740 3202 1808 completam,
3231 1736 3522 1806 quomodo

242 1861 273 1899 a
293 1844 483 1899 mundi
504 1840 774 1897 illecebris
798 1849 1131 1909 segregatus,
1155 1838 1297 1892 nulla
1324 1837 1506 1891 saeculi
1529 1835 1823 1891 ambitione
1859 1836 1898 1892 Β
1931 1830 2017 1884 hic
2047 1830 2175 1883 dicit
2202 1836 2431 1895 tantum,
2454 1830 2740 1883 innocentes
2767 1837 2815 1883 et
2842 1830 2967 1883 recti
2994 1829 3317 1883 adhwserunt
3342 1829 3502 1896 mihi,

244 1934 481 1991 refertus
502 1942 603 1988 est.
1178 1976 1192 1993 .

315 2025 475 2080 Ἴθι-ε.
503 2026 591 2078 16.
623 2024 756 2077 Pus.
809 2020 1187 2076 Tribulationes
1232 2018 1403 2072 cordis
1449 2017 1548 2070 mei
1597 2016 1828 2071 dilatata:

244 2128 365 2172 sunt
392 2132 412 2169 :
439 2116 506 2171 de
548 2113 931 2167 necessitatibus
976 2111 1099 2165 meis
1149 2110 1285 2178 eripe
1329 2124 1426 2161 me.
1475 2108 1697 2162 Dilatata
1745 2115 1830 2160 est

250 2207 507 2264 Ecclesia:
524 2206 821 2266 tribulatio,
847 2204 971 2257 dum
993 2204 1345 2271 cogitationes
1371 2216 1496 2253 suas
1522 2216 1614 2267 per
1642 2200 1828 2253 mundi

252 2299 603 2363 calamitates,
655 2296 745 2349 ubi
792 2302 878 2348 est
923 2294 1214 2355 seminata,
1269 2291 1544 2345 distendit.
1599 2289 1831 2344 Necesse

251 2398 337 2445 est
363 2391 500 2444 enim
529 2397 588 2441 ut
609 2388 830 2452 capioso
857 2385 998 2438 fasce
1027 2383 1383 2453 deprimatur,
1410 2381 1499 2448 qui
1523 2396 1621 2449 pro
1644 2381 1829 2434 multis

248 2480 521 2549 affligitur.
558 2476 633 2529 De
669 2473 1051 2529 necessitatibus
1087 2473 1231 2527 enim
1281 2472 1433 2538 dicit,
1479 2486 1612 2541 quas
1639 2487 1829 2540 perse-

247 2581 495 2627 cutorum
542 2577 703 2636 atque
746 2566 1118 2619 haereticorum
1163 2563 1462 2632 patiebatur
1510 2563 1740 2617 insidiis.
1767 2562 1830 2618 Hi

251 2671 384 2717 sunt
423 2660 564 2714 enim
612 2658 701 2727 qui
748 2671 933 2711 necem
982 2656 1180 2709 inferre
1221 2654 1443 2722 cupiunt
1486 2655 1833 2710 Christianis.

256 2753 400 2809 Suas
427 2751 569 2805 enim
606 2760 747 2803 recte
770 2749 1021 2813 dicebat,
1051 2760 1185 2815 quas
1222 2747 1398 2800 studio
1437 2747 1715 2800 charitatis
1744 2761 1831 2801 as-

252 2848 579 2910 sumpserat.

327 2933 487 2985 Vers.
522 2931 607 2984 17.
637 2928 800 2983 ΖΑυε.
831 2928 964 2982 Vide
990 2928 1326 2981 humilitatem
1352 2943 1515 2979 meam
1539 2939 1586 2980 et
1614 2928 1836 2980 laborem

250 3038 455 3085 meum,
499 3029 546 3073 et
575 3020 771 3073 dimitte
795 3020 967 3073 omnia
1016 3027 1224 3086 peccata
1274 3034 1402 3070 mea.
1443 3017 1603 3082 Vide,
1653 3018 1703 3071 id
1750 3026 1833 3073 est.

254 3114 523 3183 propitius
571 3114 802 3181 respice.
859 3110 1138 3164 Humililas
1184 3119 1267 3164 est
1314 3120 1491 3164 autem
1544 3112 1833 3175 Ecclesiae,

1930 1920 2081 1989 quasi
2126 1928 2182 1974 et
2226 1920 2346 1973 illos
2377 1935 2481 1973 non
2522 1920 2715 1974 habeat
2763 1920 3058 1989 permixtos
3108 1922 3199 1989 qui
3247 1919 3507 1988 improbis

1932 2011 2173 2065 moribus
2219 2010 2563 2077 polluuntur?
2607 2012 2715 2066 Sed
2762 2012 3047 2066 considera
3098 2011 3307 2080 pondus
3354 2009 3506 2065 verbi

1932 2104 2119 2172 istius,
2170 2113 2225 2158 ut
2253 2105 2541 2159 innocentes
2583 2116 2629 2160 et
2673 2117 2834 2159 rectos
2873 2104 3148 2159 adhaesisse
3194 2104 3297 2159 sibi
3344 2105 3508 2169 dicat.

1933 2205 2184 2263 tanquam
2215 2197 2291 2251 illi
2318 2197 2516 2252 fuerint
2543 2198 2731 2252 sociati
2759 2207 2919 2266 atque
2946 2197 3292 2267 conglutinati
3316 2238 3333 2261 ,
3362 2197 3508 2267 quod

1932 2287 2001 2342 ab
2034 2301 2258 2359 utraque
2290 2299 2441 2359 parte
2471 2305 2680 2343 morum
2737 2290 2973 2359 probitas
3004 2290 3219 2346 videtur
3263 2289 3501 2346 efﬁcere.

1935 2382 2147 2452 Reliqui
2174 2390 2351 2437 autem
2378 2398 2497 2437 cum
2528 2383 2715 2439 labore
2740 2384 2953 2439 tolerati
2982 2391 3106 2437 sunt
3136 2384 3311 2450 potius
3351 2395 3510 2450 quam

1933 2472 2294 2527 adhaeserunt.
2325 2473 2562 2529 Sustinui
2584 2488 2712 2528 vero
2737 2474 2893 2540 dicit,
2930 2473 3159 2529 viriliter
3186 2488 3344 2543 passa
3389 2486 3511 2528 sum

1936 2563 1988 2615 in
2041 2562 2144 2618 hoc
2189 2563 2387 2618 mundo
2419 2564 2724 2633 frequentes
2751 2565 3056 2634 angustias;
3106 2564 3201 2619 sed
3244 2580 3349 2619 una
3377 2564 3512 2621 mihi

1938 2654 2035 2705 fuit
2057 2654 2377 2719 consolatio,
2408 2665 2456 2708 te
2487 2654 3046 2715 Dominwnsustinere.
3079 2657 3146 2710 Et
3174 2655 3508 2725 inspiceris!

1936 2761 2125 2799 versus
2163 2746 2317 2800 istius
2338 2790 2352 2812 ,
2402 2747 2522 2813 quia
2556 2749 2848 2802 innocentes
2874 2760 2921 2802 et
2946 2759 3111 2803 rectos
3137 2749 3260 2803 ideo
3288 2749 3392 2804 sibi
3416 2752 3512 2803 ad-

1936 2837 2142 2890 haesisse
2177 2836 2326 2902 dicit,
2356 2837 2605 2905 quoniam
2649 2839 2891 2893 sustinuit
2932 2839 3247 2903 Dominum;
3279 2840 3513 2908 alioquin

1938 2943 2041 2980 non
2073 2935 2281 2996 poterat
2310 2929 2451 2981 tales
2472 2942 2689 2992 amare,
2717 2927 2816 2984 nisi
2843 2939 2898 2984 et
2927 2929 3039 2999 ipsa
3068 2929 3139 2984 de
3181 2936 3327 2985 tanta
3357 2929 3512 2986 vide-

1938 3031 2087 3074 retur
2121 3020 2370 3073 lirmitate
2402 3035 2750 3088 praesumere.

2013 3112 2165 3166 Vers.
2194 3111 2283 3165 2|.
2306 3110 2531 3166 Redime
2557 3128 2667 3177 me,
2704 3112 2841 3167 Deus
2870 3112 3060 3177 Israel,
3089 3130 3154 3170 ea:
3172 3117 3402 3172 omnibus
3419 3133 3516 3171 art-

255 3205 469 3274 quando
500 3203 925 3272 indisciplinalos
966 3214 1020 3255 et
1064 3216 1256 3269 pravos
1298 3201 1543 3255 docendo
1585 3202 1833 3265 sustinet,
1863 3186 2121 3279 C‘gustiis
2144 3206 2286 3256 meis.
2305 3202 2436 3256 Cum
2461 3202 2592 3272 dicit
2620 3202 2834 3257 Redime
2863 3221 2963 3270 me,
2989 3206 3274 3262 adventum
3305 3208 3515 3262 Domini

253 3304 310 3348 et
339 3306 509 3349 teetos
534 3304 695 3362 atque
720 3294 956 3346 latentes
984 3291 1181 3361 patitur
1204 3291 1388 3344 divino
1411 3291 1676 3345 reservari
1695 3290 1838 3361 judi-

253 3387 361 3441 cio.
392 3385 566 3438 Labor
610 3384 751 3435 enim
783 3381 950 3449 ipsius
980 3390 1097 3445 est,
1140 3382 1262 3451 quia
1296 3382 1478 3435 multis
1509 3382 1837 3450 persecutio-

255 3475 415 3529 nibus
468 3473 741 3542 multaque
790 3471 1135 3526 contentione
1189 3471 1473 3537 fatigatur;
1519 3481 1572 3525 et
1629 3487 1841 3541 semper

255 3579 547 3635 pravorum
575 3562 969 3631 objectionibus
998 3562 1244 3616 lacessita
1274 3602 1289 3626 ,
1338 3562 1482 3617 nulla
1530 3563 1615 3616 hic
1641 3573 1839 3629 ortatae

257 3656 407 3724 pacis
438 3648 998 3723 requieconquiescit.
1034 3654 1223 3707 Merito
1249 3667 1379 3722 ergo
1409 3664 1527 3722 post
1550 3665 1694 3708 tanta
1719 3669 1841 3723 qua:

256 3742 490 3812 patitur,
526 3744 726 3798 remitti
755 3743 854 3796 sibi
882 3753 1096 3813 peccata
1128 3746 1306 3797 omnia
1335 3745 1654 3812 deprecatur
1675 3786 1691 3810 ,
1718 3747 1840 3815 quia

257 3839 364 3907 pize
396 3837 696 3893 tolerantize
744 3836 1064 3892 durissimus
1094 3836 1243 3892 labor
1276 3839 1615 3894 clementiam
1641 3839 1841 3909 judicis

251 3943 368 3983 sem
377 3916 474 3994 per
493 3934 793 3997 exspectat.

328 4020 489 4074 Vere.
544 4020 632 4075 18.
673 4018 803 4074 Res.
847 4019 1059 4089 Respice
1096 4020 1329 4075 inimicos
1368 4037 1505 4076 meos
1531 4061 1547 4087 ,
1599 4022 1847 4091 quoniam

251 4109 593 4178 multiplicati
618 4117 757 4175 sunt,
800 4118 846 4162 et
876 4110 994 4163 odio
1021 4111 1197 4175 iniquo
1219 4111 1434 4165 oderam
1458 4127 1558 4165 me.
1587 4112 1839 4177 Dicendo,

252 4204 482 4270 Respice
512 4202 743 4255 inimicos
774 4217 947 4266 meos,
996 4217 1092 4270 pro
1134 4202 1263 4269 ipsis
1312 4214 1451 4265 orat,
1509 4213 1565 4256 ut
1623 4204 1848 4258 redeant

250 4293 378 4365 luis.
400 4294 492 4355 Α..
512 4290 600 4356 3.,
622 4289 718 4356 F.,
736 4290 975 4362 credunt]
996 4310 1009 4346 :
1027 4292 1150 4362 quia
1180 4308 1315 4362 quos
1342 4292 1432 4347 ille
1457 4294 1697 4362 respicit,
1726 4296 1845 4350 sine

244 4385 522 4436 dilatione
548 4384 831 4445 convertit,
859 4383 996 4436 sicut
1022 4381 1075 4435 in
1107 4385 1391 4453 Evangelia
1420 4384 1638 4439 Petrum
1670 4386 1847 4440 Domi-

242 4492 354 4529 nus
384 4473 626 4542 respesit
652 4484 709 4526 ut
737 4472 889 4526 ﬂeret
912 4471 1065 4544 (Luc.
1089 4490 1218 4541 χχιι,
1249 4477 1361 4543 (ii).
1386 4475 1602 4529 Addidit
1625 4492 1840 4530 Caunum

1941 3294 2231 3348 savatoris
2277 3295 2537 3362 exposcit,
2583 3293 2739 3363 cujus
2778 3297 3039 3365 sanguine
3089 3297 3402 3367 redempta,
3452 3300 3518 3354 de

1943 3385 2209 3439 diabolica
2237 3394 2322 3438 est
2348 3386 2655 3453 captivitate
2683 3386 2926 3441 liberata.
2949 3387 3090 3440 Deus
3113 3386 3304 3456 Israel,
3334 3390 3386 3444 id
3408 3399 3519 3457 est,

1945 3477 2085 3530 Deus
2135 3487 2186 3532 te
2217 3478 2531 3543 videntium,
2561 3479 2681 3545 quia
2726 3478 2871 3546 ipsos
2917 3493 3103 3534 revera
3146 3491 3327 3549 gratos
3360 3482 3520 3541 habet

1943 3568 2136 3637 quibus
2184 3577 2528 3636 conspectum
2578 3583 2688 3621 sua:
2737 3570 3204 3638 contemplationis
3256 3570 3517 3641 indulget.

1942 3664 2320 3734 Subjungeudo
2343 3666 2508 3731 enim,
2531 3663 2613 3718 Ea:
2634 3665 2865 3718 omnibus
2880 3667 3130 3737 angustiis
3152 3666 3296 3731 meis,
3325 3667 3537 3723 nullam.

1948 3756 1998 3809 in
2030 3770 2088 3819 se
2139 3755 2400 3809 maculam
2446 3755 2716 3809 desiderat
2765 3757 3014 3820 invi-nlri,
3060 3758 3313 3825 quoniam
3368 3754 3523 3811 aliter

1945 3846 2162 3901 Christo
2189 3861 2293 3899 non
2326 3852 2505 3913 potest
2531 3848 2780 3915 conjungi
2811 3856 2995 3901 sancta
3019 3861 3235 3915 sponsa,
3266 3845 3372 3905 nisi
3400 3844 3523 3905 fue-

1945 3942 2036 4004 rit,
2065 3944 2122 3990 ut
2144 3935 2346 3990 dictum
2374 3944 2489 4002 est,
2519 3949 2637 3989 Sllle
2666 3937 2870 3990 macula
2896 3943 2952 3991 et
2979 3951 3130 4006 ruga.

2479 4049 2751 4104 Cortclttsio
2787 4051 2968 4120 psalmi

2022 4160 2311 4214 Audiamus
2339 4159 2784 4226 quemadmodum
2810 4157 2983 4212 adhuc
3007 4158 3059 4212 in
3084 4160 3343 4228 angustiis
3365 4160 3522 4231 hujus

1949 4253 2129 4305 mundi
2162 4251 2330 4318 posita
2356 4290 2372 4315 ,
2424 4263 2518 4318 per
2562 4260 2728 4303 totum
2759 4249 3019 4317 psalmum
3068 4250 3135 4304 ad
3180 4250 3524 4307 liberatorem

1950 4357 2101 4396 suum
2133 4342 2327 4396 clamet
2370 4343 2634 4406 Ecclesia;
2688 4350 2744 4395 et
2790 4342 3100 4396 desinamus
3152 4342 3526 4407 tribulationes

1952 4442 2158 4487 nostras
2182 4434 2519 4501 impatienter
2540 4433 2703 4497 ferre,
2727 4448 2847 4487 cum
2869 4433 3034 4501 ipsam
3062 4444 3289 4488 matretn
3319 4443 3526 4490 constet

240 4580 355 4631 qua
396 4525 576 4627 petrire
605 4576 706 4613 non
737 4525 966 4615 debeant
999 4578 1013 4614 :
1049 4525 1302 4627 Quoniam
1321 4525 1669 4633 [multiplicati
1700 4575 1839 4619 sunt.
1873 4558 1925 4616 D
1952 4525 2366 4633 {"9
2388 4526 3517 4633 ⁸ῩΫ¹³Ϋ¹¹Ῠ¹Ῠ⁹Ῐ,ῗηὲῗδυ-ίζδ,,ῗξίέ¹¹ς¹¹ῗ⁵ἷέζῨθμ

240 4653 420 4709 Pauci
444 4654 588 4706 enim
611 4652 958 4708 crederentur
978 4654 1211 4707 fortasse
1229 4658 1526 4721 contemni,
1547 4657 1838 4712 multorum

238 4760 385 4800 vero
418 4742 654 4811 perditio
681 4746 797 4798 sine
822 4743 1055 4796 maximo
1078 4744 1268 4798 dolore
1291 4760 1396 4798 non
1430 4757 1637 4814 p0terat
1668 4749 1833 4801 susti-

237 4835 394 4889 neri.
431 4834 706 4899 Sequitur,
740 4835 858 4898 quia
892 4836 1010 4886 odio
1052 4836 1228 4903 iniquo
1259 4837 1478 4890 oderunt
1517 4852 1614 4889 me.
1652 4837 1842 4893 Eccle-

235 4926 387 4979 siam
424 4938 613 4975 revera
643 4923 816 4991 iniquo
843 4924 964 4976 odio
990 4926 1202 4977 οάριταηι
1223 4965 1246 4989 τ
1269 4928 1400 4993 quia
1421 4926 1546 4980 dum
1576 4942 1674 4995 pro
1703 4927 1837 4994 ipsis

234 5020 566 5071 orationem
599 5013 873 5075 funderet,
926 5015 998 5068 illi
1044 5026 1223 5069 tamen
1254 5031 1372 5070 eam
1404 5019 1651 5085 persequi
1697 5020 1851 5073 nulla,

233 5103 663 5163 intermissione
700 5107 1000 5159 cessabant.
1036 5108 1100 5159 Et
1124 5106 1243 5161 ideo
1268 5107 1471 5161 addidit
1495 5110 1614 5162 odio
1643 5110 1841 5180 iniquo,

232 5199 376 5269 quia
413 5192 541 5249 esse
571 5195 777 5247 videtur
802 5205 851 5249 et
875 5194 1077 5263 justum
1104 5238 1119 5260 ,
1148 5199 1285 5251 sicut
1314 5209 1369 5252 ct
1395 5200 1519 5254 illud
1557 5217 1570 5253 :
1607 5199 1843 5271 Perfecto

229 5289 372 5344 odio
402 5286 617 5339 oderam
640 5285 755 5337 illos
783 5283 953 5352 (Psul.
984 5302 1241 5352 cxxxvnt,
1270 5288 1386 5355 εξ).

319 5380 495 5434 Vers.
530 5378 613 5431 19.
655 5378 765 5432 Sm.
799 5376 1008 5430 Custodi
1035 5380 1257 5433 animam
1288 5398 1451 5435 meam
1477 5394 1526 5438 et
1556 5386 1695 5452 eripe
1724 5401 1840 5439 me:

228 5490 353 5530 non
378 5471 701 5540 confundor,
724 5472 960 5539 quoniam
986 5472 1213 5524 invocavi
1234 5484 1299 5526 te.
1324 5473 1366 5527 Ρ
1373 5474 1509 5528 idem
1535 5492 1684 5530 suam
1711 5482 1840 5546 petit

229 5548 510 5621 Ecclesia
526 5562 888 5627 rectissimam
911 5561 1187 5624 custodiri,
1211 5571 1267 5615 ut
1294 5572 1502 5617 servata
1526 5580 1555 5616 a
1580 5566 1843 5620 schisma-

230 5656 405 5717 sicis,
440 5652 587 5706 nulla
637 5662 798 5722 qurat
853 5654 1202 5722 perversitate
1250 5654 1540 5721 confundi,
1590 5657 1683 5712 sed
1725 5658 1843 5713 sine

232 5745 475 5806 macula
521 5752 573 5798 et
618 5758 745 5812 ruga
787 5720 1003 5813 Sponsd
1026 5760 1123 5798 suo
1153 5754 1339 5799 ornata
1388 5746 1508 5799 fidei
1562 5746 1843 5803 virtutibus

1952 4626 2123 4670 tomus
2150 4617 2392 4683 adversa,
2429 4617 2653 4669 Domino
2672 4615 2921 4684 juvante,
2960 4614 3213 4680 viriliter;
3241 4631 3522 4684 speremus

1946 4708 2012 4761 de
2050 4708 2164 4777 ejus
2213 4709 2409 4776 pietate
2439 4716 2747 4763 constanter
2767 4751 2782 4773 ,
2838 4708 2962 4775 quia
2993 4707 3038 4761 si
3084 4722 3182 4761 nos
3213 4707 3264 4761 in
3296 4707 3523 4776 Sponsa:

1948 4801 2187 4867 partibus
2217 4814 2607 4867 permanemus,
2635 4799 2747 4852 Deo
2777 4798 3057 4866 largiente,
3082 4813 3204 4851 cum
3230 4799 3340 4867 ipsa
3363 4801 3525 4854 simul

1948 4890 2011 4942 ad
2058 4900 2257 4942 aeterna
2305 4889 2497 4958 gaudia
2551 4890 2941 4956 perveniemus.
2992 4888 3259 4943 Numerus
3291 4891 3393 4946 iste
3443 4890 3525 4945 bis

1948 4982 2225 5035 duodenus
2274 4982 2527 5051 mysteria
2571 4981 2725 5034 nobis
2772 4996 3002 5045 superna
3053 4981 3331 5048 declarat,
3381 4972 3555 5053 quod"

1949 5072 2131 5140 viginti
2178 5083 2406 5139 quatuor
2449 5073 2690 5125 seniores
2742 5070 3021 5124 indefessis
3067 5074 3305 5140 vocibus,
3342 5076 3523 5129 laudes

1950 5161 2174 5216 Domino
2190 5165 2339 5216 suavi
2369 5162 2728 5216 modulatione
2746 5162 3145 5229 concelebrent,
3176 5178 3527 5219 cotnmonens

1950 5260 2005 5303 ut
2035 5252 2103 5304 ad
2144 5252 2544 5306 similitudinem
2577 5266 2762 5305 eorum
2784 5292 2798 5314 ,
2846 5262 2900 5305 et
2932 5269 3028 5307 nos
3066 5255 3326 5322 psalmum
3362 5252 3525 5309 istum

1953 5343 2281 5411 frequentata
2312 5343 2597 5396 devotione
2624 5351 2923 5398 cantemus.

2229 5453 2592 5541 EXPOSITIO
2634 5454 2694 5508 ΙΝ
2739 5456 3059 5512 PSALMUM
3098 5456 3259 5513 XXV.

2508 5544 2754 5601 l’salnuts
2791 5548 2975 5603 David.

2026 5659 2158 5713 Cum
2189 5660 2414 5728 psalmus
2462 5658 2720 5728 signiticet
2757 5661 2805 5713 itt
2852 5663 3060 5718 actibus
3107 5664 3306 5719 nostris
3330 5679 3522 5720 conve-

1957 5751 2211 5809 nientiam
2258 5750 2613 5813 spintualium
2663 5767 2872 5813 rerum,
2927 5753 3091 5807 Dat-id
3136 5764 3315 5810 autem
3360 5769 3522 5815 manu
