4004 6342
488 334 591 391 185

1689 335 1762 390 tt.
1806 324 2085 393 AUREUI
2119 337 2514 395 casswnont
2558 320 2561 321 ⁷

3640 332 3753 393 188

480 449 639 506 fortis
685 459 847 521 atque
889 449 1288 512 desiderabilis,
1324 455 1463 504 lctus
1507 446 1591 501 hic
1623 456 1801 503 testus
1826 449 1893 502 ad
1936 463 2056 518 pcr-
2086 458 2131 512 Λ
2159 452 2317 506 caecis
2340 454 2603 505 mentibus
2625 450 2956 506 indocamnr.
2990 450 3134 505 Bene
3157 464 3286 519 ergo
3311 448 3568 520 propheta
3601 454 3749 518 petis

481 544 677 600 tectum
705 545 968 613 aptandus
993 555 1075 601 est
1100 544 1461 599 Christianum
1487 582 1501 607 ,
1541 543 1629 611 qui
1678 542 1904 597 Domino
1952 544 2058 597 lar-

481 634 663 705 giente
690 636 1022 692 diverson
1055 636 1211 689 laude
1239 634 1552 688 meritorum
1584 634 1635 687 in
1668 633 1909 688 Ecclesia
1938 632 2055 703 ejus

479 730 746 783 constanti
793 730 971 783 animo
1019 741 1402 797 perseverans,
1448 726 1639 779 divinis
1682 739 1740 778 se
1783 723 2057 778 beneﬁciis

479 818 810 873 consolatur.
839 818 941 873 Sed
967 808 1138 872 tamen
1161 832 1282 870 cum
1315 817 1435 870 talis
1457 816 1919 886 bymnnsdicitur,
1954 829 2055 869 ne-

479 923 635 965 cesse
661 918 742 965 est
771 919 822 962 ut
851 908 917 963 ad
944 908 1212 962 Christum
1248 906 1527 961 Dominum
1560 905 1918 975 intelligentiae
1949 906 2055 958 vir-

479 1008 594 1056 tute
622 1001 899 1056 referatur.

1041 1109 1237 1163 Divisio
1278 1108 1463 1176 psalmi

436 1217 443 1226 ’
545 1219 773 1277 Sanctus
812 1221 915 1275 iste
959 1234 1117 1290 quem
1168 1220 1422 1282 diximus,
1469 1219 1641 1288 primo
1670 1217 1834 1273 modo
1866 1218 2054 1287 psalmi

476 1314 845 1369 innocentiam
872 1328 1023 1368 suam
1054 1312 1244 1381 respici
1275 1311 1616 1381 deprecatur,
1651 1312 1771 1380 quia
1804 1325 1928 1365 cum
1954 1311 2058 1366 ini-

475 1404 594 1476 quis
622 1404 933 1458 hominibus
959 1418 1066 1458 non
1106 1402 1289 1457 habuit
1318 1404 1637 1470 portionem.
1662 1401 1911 1458 Secundo
1931 1416 2057 1472 snp-

476 1495 640 1566 plicat
662 1510 731 1552 ne
752 1496 1018 1551 haereticis
1043 1506 1133 1549 aut
1154 1494 1511 1550 schismaticis
1539 1495 1591 1549 in
1615 1494 1816 1564 judicio
1841 1494 2056 1549 Domini

477 1587 803 1654 misceatur,
835 1588 1087 1657 quoniam
1116 1586 1334 1642 domum
1365 1584 1482 1656 ejus
1518 1600 1577 1641 se
1605 1585 1863 1641 dilexisse
1891 1593 2057 1641 testa-

476 1689 563 1735 ttls
597 1690 698 1735 est.

1014 1792 1284 1864 Expositio
1315 1793 1518 1864 psalmi.

504 1932 505 1937 η
550 1912 703 1968 Vers.
746 1913 797 1968 Ι.
829 1912 1020 1968 Indica
1039 1930 1138 1978 me,
1175 1913 1409 1978 Domine,
1441 1916 1682 1981 quoniam
1702 1928 1795 1982 ego
1820 1911 1876 1965 in
1901 1911 2073 1964 ἔκηα-⁵

476 2005 643 2059 rentia
675 2020 785 2057 mea
813 2005 1070 2076 ingressus
1113 2022 1260 2069 sum;
1290 2015 1337 2058 el
1365 2005 1419 2057 in
1460 2003 1683 2057 Domino
1709 2019 1921 2070 sperans
1951 2017 2053 2055 non

476 2097 797 2165 inﬁrmnlwr.
852 2096 1155 2151 Periculosa
1209 2096 1425 2166 quidem
1465 2094 1649 2165 iudicii
1681 2093 1894 2148 videtur
1934 2108 2054 2149 esse

476 2187 682 2254 petilio,
712 2185 805 2241 sed
834 2187 1189 2254 sequestralio
1237 2186 1499 2240 malorum
1525 2224 1541 2250 ,
1586 2200 1707 2255 qua:
1740 2187 1795 2238 ﬁt
1825 2187 1876 2239 in
1926 2200 2054 2239 exa-

477 2278 621 2331 mine
646 2277 875 2340 Domini,
898 2276 1238 2345 cognoscitur
1265 2292 1294 2330 a
1326 2276 1461 2332 bene
1479 2278 1668 2329 merito
1685 2270 2069 2343 competenter

477 2369 673 2437 optari.
697 2368 1033 2438 Quapropter
1052 2377 1259 2421 nonest
1282 2366 1365 2420 llic
1395 2366 1723 2422 detestabilis
1750 2368 2053 2435 arrogantia

479 2460 792 2514 meritorum
813 2501 829 2526 ,
861 2459 956 2514 sed
980 2457 1125 2527 justa
1156 2459 1342 2526 petitio
1372 2457 1599 2512 ﬁdeliter
1635 2456 1918 2511 servientis
1939 2495 1955 2520 ,
1992 2467 2050 2509 ut

478 2558 844 2620 sequestrelur
863 2564 893 2605 a
923 2549 1189 2620 pessimis,
1214 2565 1281 2603 ne
1299 2563 1419 2604 cum
1448 2548 1602 2602 malis
1633 2548 1823 2602 habeat
1854 2546 2057 2617 portio-

477 2655 625 2695 nem.
661 2639 901 2695 Postulat
928 2640 1070 2694 enim
1104 2639 1183 2693 vir
1206 2648 1424 2694 sanctus
1450 2638 1649 2709 judicia
1670 2677 1686 2702 ,
1718 2638 1840 2707 quia
1873 2650 2055 2693 certus

477 2741 598 2788 erat
625 2732 693 2787 de
719 2731 835 2801 ejus
874 2731 1271 2798 misericordia,
1302 2732 1441 2786 sicut
1490 2733 1562 2784 ait
1610 2732 1900 2799 Apostolus
1933 2747 1945 2782 :
1980 2729 2056 2783 De

475 2820 659 2878 «utero
682 2824 909 2892 reposita
935 2829 1009 2876 est
1036 2821 1160 2875 mihi
1198 2838 1387 2875 corona
1414 2821 1633 2893 justitia:
1653 2860 1671 2885 ,
1701 2837 1851 2889 quam
1880 2821 2058 2875 reddet

475 2915 607 2970 mihi
632 2913 884 2969 Dominus
909 2915 960 2967 in
982 2912 1076 2966 illa
1106 2912 1190 2966 die
1202 2914 1380 2985 jttsttts
1399 2914 1569 2983 judea:
1592 2910 1679 2981 (Il
1708 2911 1844 2965 Tim.
1869 2926 1943 2976 tv,
1973 2910 2053 2981 δ).

475 3007 546 3062 ιη
575 3007 867 3061 innocentia
895 3019 1023 3061 vero
1051 3019 1145 3059 sua
1172 3006 1489 3076 ingreditur,
1517 3004 1637 3073 qui,
1669 3004 1806 3057 sicut
1833 3001 2057 3057 inferius

476 3098 627 3165 dicit,
672 3108 844 3169 sperat
870 3098 926 3152 in
954 3096 1195 3162 Domino,
1244 3112 1343 3152 nec
1370 3097 1439 3151 de
1466 3096 1577 3150 suis
1605 3094 1896 3165 quidquam
1929 3094 2057 3148 viri-

2160 542 2343 597 dicens
2368 560 2382 597 :
2420 542 2590 597 Proba
2618 560 2715 608 me,
2746 542 2986 608 Domine,
3008 554 3055 597 et
3078 552 3215 595 tenta
3235 558 3335 607 me,
3368 543 3423 595 in
3454 542 3550 595 ista
3580 553 3747 610 parte

2160 647 2278 699 qua
2311 633 2514 687 Domini
2542 643 2645 697 est.
2676 644 2734 686 ut
2775 646 2883 687 non
2910 633 2962 686 in
2998 632 3139 685 illam
3165 633 3511 687 tentationem
3550 632 3752 685 diabo-

2163 723 2317 777 licam
2367 724 2740 789 induceretur;
2795 724 2882 778 ubi
2912 723 3154 792 sequitur
3187 722 3341 777 :Sed
3385 722 3546 781 libera
3586 736 3692 774 nos
3720 737 3759 774 a

2162 815 2302 867 malo
2328 815 2541 884 (Matth.
2572 831 2643 880 vt,
2677 816 2787 885 l3),
2816 815 2869 869 id
2898 824 2981 869 est
3010 814 3077 867 ab
3116 815 3232 883 ip~o
3260 813 3494 867 diabolo.

2233 904 2389 959 Vers.
2408 907 2462 961 5.
2489 906 2743 972 Quoniam
2773 906 3122 959 misericordia
3148 913 3234 958 tua
3258 915 3375 958 ante
3402 905 3577 956 acutos
3603 917 3761 955 meo:

2163 1003 2258 1059 est,
2285 1005 2334 1047 et
2355 995 2644 1062 comiilacui
2663 995 2716 1048 in
2741 995 2949 1049 veritate
2971 1004 3077 1048 tua.
3118 994 3233 1048 Hoc
3260 1004 3376 1047 erat
3403 994 3543 1047 unde
3570 1003 3752 1045 lenta-

2164 1086 2366 1141 tionum
2414 1088 2643 1156 pericula
2688 1101 2795 1140 non
2843 1085 3096 1151 timebat,
3144 1087 3267 1156 quia
3313 1083 3752 1140 misericordiam

2159 1180 2277 1249 ejus
2308 1195 2412 1235 non
2444 1188 2650 1250 poterat
2676 1180 2941 1235 oblivisci.
2973 1178 3183 1247 .lngiler
3212 1178 3354 1234 enim
3393 1177 3499 1230 sibi
3538 1175 3752 1229 sobve-

2162 1272 2265 1325 niri
2290 1272 2437 1337 facit,
2462 1272 2547 1326 cui
2576 1272 2829 1327 collatum
2859 1271 3176 1326 beneﬁcium
3219 1278 3346 1323 ante
3384 1268 3572 1321 oculos
3595 1281 3751 1319 sern-

2162 1378 2257 1433 pcr
2290 1364 2514 1418 assistit.
2544 1362 2658 1430 Qua
2702 1363 2771 1419 de
2802 1377 2861 1417 re
2904 1363 3065 1417 etiam
3115 1363 3340 1415 Domino
3367 1357 3756 1427 coinptacuisse

2159 1470 2219 1511 se
2240 1454 2391 1510 dicit.
2425 1453 2754 1522 Complacere
2800 1463 2883 1509 est
2928 1461 3107 1506 autem
3138 1465 3260 1505 cum
3291 1449 3491 1504 sanctis
3522 1445 3747 1500 Domini

2158 1553 2410 1599 aeternam
2455 1546 2676 1615 gratiam
2729 1544 3041 1613 promereri.
3077 1540 3146 1595 In
3170 1542 3416 1605 veritate,
3448 1539 3504 1594 id
3547 1548 3637 1594 est
3689 1538 3749 1593 in

2157 1635 2373 1689 Christo
2404 1646 2515 1702 tuo,
2562 1635 2655 1705 qui
2702 1636 2818 1690 ait:
2849 1634 2961 1706 Ego
3010 1649 3126 1688 sum
3172 1632 3277 1699 via,
3323 1631 3513 1684 veritas
3554 1640 3605 1683 et
3634 1629 3747 1682 vita

2161 1725 2338 1797 (Joan.
2377 1742 2486 1791 xlv,
2520 1727 2599 1795 6).
2632 1726 2802 1780 Aliter
2848 1727 2990 1780 enim
3025 1723 3165 1777 Patri
3213 1738 3316 1776 non
3363 1731 3539 1789 potest
3588 1722 3761 1773 como'

2082 1824 2131 1884 B
2160 1821 2393 1888 piat-ere,
2427 1818 2526 1872 nisi
2556 1818 2645 1887 qui
2669 1817 2759 1873 tali
2789 1817 2949 1872 fuerit
2976 1814 3293 1871 credulitate
3325 1814 3588 1866 ﬁrmatus.

2235 1910 2386 1963 Vers.
2419 1912 2472 1963 4.
2507 1908 2631 1962 Νοη
2651 1910 2761 1963 sedi
2792 1910 2849 1963 in
2879 1909 3096 1962 concilio
3130 1906 3390 1969 vanitatis,
3421 1914 3469 1957 et
3496 1919 3616 1957 cum
3643 1903 3749 1955 ini-

2156 1998 2260 2069 qua
2281 2000 2563 2070 gerentibus
2590 2014 2691 2051 non
2718 1999 2959 2053 introibo.
2986 1996 3391 2065 Comwacuisse
3420 2008 3480 2047 se
3510 1993 3745 2046 Domino

2156 2096 2365 2160 egregia
2383 2091 2538 2145 nimis
2554 2090 2859 2145 narratione
2875 2090 3131 2143 declarat.
3154 2086 3517 2140 Innocentiam
3534 2085 3744 2153 quippe

2155 2197 2304 2237 suam
2338 2185 2521 2236 nititur
2548 2183 2865 2247 ostendere,
2896 2181 3104 2235 duobus
3132 2179 3376 2235 versibus
3414 2176 3745 2246 refugiendo

2156 2292 2275 2346 qua:
2309 2291 2464 2343 prava
2488 2286 2640 2339 sunt;
2671 2275 2792 2328 aliis
2823 2289 2948 2329 vero
2974 2273 3187 2327 duobus
3200 2271 3411 2340 agendo
3437 2283 3558 2340 quae
3588 2278 3746 2323 recta

2156 2378 2297 2422 sunt.
2330 2368 2481 2433 Quod
2504 2376 2873 2435 argumentum
2902 2366 2954 2419 in
2984 2365 3173 2431 topicis
3201 2364 3395 2417 dicitur
3417 2376 3482 2416 ex
3515 2360 3761 2414 contra‘-'

2157 2460 2271 2515 riis.
2306 2458 2593 2513 Concilium
2619 2459 2762 2511 enim
2794 2457 3062 2520 vanitatis,
3108 2465 3163 2511 et
3191 2455 3538 2524 congregatio
3588 2452 3743 2506 inno-

2156 2553 2387 2605 centium
2410 2550 2628 2603 omnino
2651 2551 2918 2604 contraria
2942 2559 3084 2602 sunt.
3115 2548 3403 2601 Ebumerat
3424 2546 3568 2600 enim
3594 2557 3743 2597 nunc

2157 2658 2297 2711 quae,
2333 2642 2556 2697 Domino
2582 2641 2839 2711 largiente
2865 2681 2880 2704 ,
2911 2641 3210 2709 peregerit,
3242 2640 3387 2694 unde
3418 2654 3477 2693 sc
3502 2626 3743 2707 compla.

2157 2739 2336 2790 ruisse
2373 2744 2597 2789 testatus
2644 2742 2745 2788 est.
2795 2732 2915 2787 Non
2959 2734 3087 2786 sedit
3133 2733 3185 2785 in
3225 2731 3443 2786 cont-ilio
3477 2730 3745 2791 uanitatis.

2157 2830 2245 2895 qui
2280 2828 2593 2879 tractatibus
2633 2824 2934 2893 iniquorum
2973 2825 3114 2877 nulla
3163 2822 3374 2877 consilii
3406 2821 3489 2875 sui
3524 2819 3743 2890 partici-

2160 2920 2373 2985 patione
2397 2918 2680 2970 consentit.
2711 2915 2850 2967 Fieri
2873 2917 3014 2968 enim
3043 2922 3218 2981 ροιθει
3247 2922 3303 2966 ιιι
3332 2912 3494 2966 homo
3523 2921 3743 2966 sanctus

2160 3023 2288 3060 casu
2334 3010 2511 3076 aliquo
2560 3007 2625 3059 ad
2652 3007 2931 3059 concilium
2961 3006 3133 3058 veniat
3181 3005 3501 3073 iniquorum.
3536 3002 3628 3056 ubi
3663 2999 3746 3055 vel

2158 3099 2450 3167 incongrua
2475 3098 2559 3152 vel
2581 3113 2717 3151 vana
2745 3098 3065 3152 referuntur.
3095 3097 3200 3151 Sed
3228 3098 3351 3149 dunt
3381 3097 3508 3149 talia
3534 3109 3741 3163 cogno-

476 3190 601 3256 bus,
623 3190 716 3245 sed
743 3188 810 3245 dc
830 3188 1007 3244 divina
1032 3188 1274 3257 largitate
1295 3189 1590 3258 praesumit.
1614 3188 1867 3257 Sequitur
1898 3186 2057 3257 hujus
2084 3199 2131 3261 ο
2162 3193 2317 3258 verit,
2345 3207 2515 3262 neque
2533 3206 2653 3246 cum
2675 3192 2753 3245 eis
2779 3190 2949 3254 sedet,
2977 3206 3149 3258 neque
3174 3186 3537 3243 delectatione
3558 3187 3743 3256 aliqua

478 3278 560 3338 rei
586 3281 781 3337 decora
813 3281 1097 3351 probatio,
1126 3286 1247 3349 quia
1285 3279 1338 3334 in
1373 3278 1599 3333 Domino
1626 3278 1944 3333 coulidendo
1971 3280 2056 3331 in-

478 3373 748 3427 ﬁrmalum
764 3387 823 3426 se
839 3387 960 3426 esse
978 3386 1082 3426 non
1105 3373 1316 3426 asserit.
1344 3371 1469 3424 Ilaec
1486 3380 1569 3424 cst
1581 3370 1724 3425 enim
1740 3369 2056 3437 innocentia,

479 3479 636 3533 quam
663 3465 909 3533 superius
937 3462 1090 3533 disit,
1135 3464 1185 3516 id
1225 3472 1311 3517 est
1330 3462 1381 3517 in
1418 3463 1629 3517 Domini
1658 3463 1856 3518 virtute
1885 3464 2059 3519 conﬁ-

479 3556 628 3623 dere,
662 3571 731 3611 ne
782 3554 950 3625 possit
990 3569 1114 3610 eum
1162 3555 1339 3625 aliqua
1399 3570 1737 3624 pecca=orum
1779 3556 2060 3611 inﬁrmitas

478 3647 780 3716 ingravate.

552 3738 706 3793 Vere.
737 3738 793 3791 2.
823 3736 996 3792 Proba
1024 3753 1123 3803 me,
1157 3737 1388 3802 Domine,
1418 3746 1466 3791 et
1489 3747 1628 3791 tenta
1652 3753 1734 3790 me
1758 3753 1777 3791 :
1807 3754 1897 3791 ure
1916 3753 2062 3792 renes

480 3845 621 3885 meos
660 3823 715 3885 st
743 3845 835 3884 cor
858 3845 1044 3883 meum.
1076 3828 1247 3883 Proba
1276 3839 1324 3884 et
1353 3839 1511 3895 tenta,
1541 3843 1646 3884 non
1681 3832 2061 3899 prtesumptive

478 3917 691 3988 dicitur,
725 3918 819 3974 sed
849 3918 951 3974 hoc
971 3919 1363 3975 emendationis
1391 3920 1562 3990 gratia
1592 3920 1707 3975 ﬁeri
1738 3924 2053 3987 postulatur.

477 4010 612 4067 Nam
643 4010 858 4081 quando
908 4012 999 4066 ille
1044 4021 1409 4080 perscrutalur
1443 4021 1500 4067 et
1539 4022 1747 4079 lentat,
1802 4014 1932 4069 facit
1963 4030 2061 4069 nos

473 4109 752 4169 peccatum
797 4101 1094 4171 intelligere
1120 4111 1391 4168 nostrum,
1422 4112 1476 4157 et
1512 4102 1580 4156 ad
1612 4102 1842 4159 fructum
1875 4106 2049 4174 paeni-

476 4191 659 4247 tentia:
721 4192 1026 4261 pervenire.
1094 4192 1345 4261 Alioquin
1416 4193 1462 4248 si
1515 4193 1658 4248 nulla
1708 4210 1806 4250 nos
1855 4195 1910 4251 in
1956 4198 2060 4252 hoc

474 4282 674 4337 saeculo
701 4283 1021 4337 adversilale
1068 4293 1426 4348 commoneat,
1474 4283 1576 4338 sub
1618 4285 1863 4353 neglecto
1893 4286 2059 4341 relin-

475 4374 690 4441 quimus
730 4387 791 4427 ea
843 4387 939 4441 pro
987 4372 1178 4438 quibus
1222 4374 1534 4429 satisfacere
1568 4374 1910 4430 deberemus.
1942 4376 2063 4444 Ipse

474 4466 618 4519 enim
650 4464 1039 4533 subsequenler
1068 4465 1308 4532 exponit,
1337 4480 1433 4519 cur
1458 4479 1517 4518 se
1545 4464 1754 4531 probari
1779 4476 1833 4520 et
1871 4469 2061 4523 tentari

2162 3294 2544 3345 commoratur,
2592 3281 2683 3336 sed
2738 3296 2956 3349 pratum
2997 3282 3233 3333 studium
3284 3288 3378 3331 aut
3426 3276 3746 3343 dissuadet,

2122 3432 2125 3435 λ
2160 3383 2254 3427 ant
2281 3374 2509 3427 deserit.
2540 3373 2875 3442 Quaprotiler
2916 3385 3037 3424 cum
3078 3385 3137 3425 se
3186 3371 3333 3439 prius
3365 3380 3614 3437 negasset
3660 3384 3743 3423 se-

2161 3464 2304 3518 disse
2329 3480 2450 3518 cum
2483 3463 2658 3530 malis,
2706 3463 2863 3516 modo
2904 3476 2965 3516 se
3011 3462 3143 3528 proﬁ
3172 3471 3291 3515 elur
3342 3476 3445 3513 non
3490 3460 3747 3517 introisse

2160 3571 2281 3611 cum
2312 3556 2575 3623 pessimis.
2604 3558 2740 3609 Ante
2765 3553 2907 3608 enim
2943 3561 3225 3607 tractatum
3255 3554 3495 3631 ipsogum
3524 3552 3746 3618 vitavit,

2164 3654 2284 3715 post
2312 3653 2367 3699 et
2407 3643 2541 3697 facta
2572 3642 2828 3698 deseruit.
2858 3642 3109 3696 lnlroitus
3136 3650 3220 3697 est
3249 3642 3393 3696 enim
3423 3640 3492 3694 ad
3528 3642 3744 3707 scelus,

2161 3750 2281 3789 cum
2316 3733 2433 3790 ﬁeri
2462 3733 2659 3803 aliquid
2692 3734 2945 3789 audacter
2985 3733 3251 3802 incipitur.
3293 3732 3548 3787 lnlroilus
3591 3734 3740 3788 enim

2162 3824 2372 3881 initium
2403 3823 2670 3894 signiﬁcat
2697 3822 3049 3891 operationis,
3074 3822 3218 3892 quod
3245 3822 3328 3876 vir
3349 3830 3569 3876 sanctus
3589 3836 3621 3875 a
3642 3835 3742 3876 sua

2163 3913 2489 3969 conscientia
2519 3913 2802 3982 prolitelur
2828 3913 3083 3967 alienum.
3242 3920 3245 3923 ‘

2236 4005 2397 4062 \‘ers.
2429 4007 2486 4062 5.
2521 4004 2672 4059 Oditii
2698 4008 3137 4074 congregationem
3164 4006 3527 4078 malignorum,
3555 4021 3605 4067 et
3630 4026 3745 4068 cum

2161 4104 2329 4173 impiis
2369 4120 2469 4158 non
2517 4104 2719 4158 sedebo.
2752 4102 2925 4157 Minus
2953 4102 3124 4158 luerat
3169 4114 3355 4159 sancto
3384 4106 3502 4160 viro
3537 4109 3740 4162 malum

2163 4198 2361 4251 vitasse
2376 4196 2683 4260 concilium,
2703 4193 2806 4248 nisi
2826 4205 2880 4248 et
2900 4193 3339 4265 congregationem
3360 4194 3548 4249 odisset
3571 4197 3747 4252 omni-

2165 4288 2338 4342 modis
2353 4285 2722 4341 subdolorum.
2749 4284 2937 4336 Odium
2953 4286 3095 4338 enim
3113 4283 3378 4353 signiﬁcat
3398 4284 3745 4353 divisionem,

2163 4378 2304 4432 sicut
2331 4386 2415 4432 est
2454 4378 2506 4431 in
2536 4390 2720 4431 amore
2764 4374 3069 4443 collegium.
3117 4375 3185 4429 Et
3233 4390 3356 4430 cum
3401 4378 3651 4446 superius
3690 4392 3748 4435 se

2164 4468 2361 4525 dixerit
2408 4471 2461 4523 in
2513 4468 2765 4523 vanitatis
2794 4467 3021 4522 concilio
3065 4483 3171 4523 non
3225 4468 3460 4531 sedisse,
3494 4469 3656 4524 modo
3687 4486 3748 4525 se

475 4554 845 4618 desideraret,
895 4552 1078 4622 utique
1122 4562 1182 4607 ut
1211 4563 1644 4607 urerenturcrenes
1689 4564 1737 4607 et
1781 4572 1869 4608 cor
1908 4555 2054 4625 ejus;
2088 4569 2139 4627 1)
2168 4560 2443 4628 proﬁtetur
2471 4575 2586 4611 cum
2618 4559 2789 4623 impiis
2830 4576 2929 4611 non
2969 4558 3164 4613 sedere.
3199 4557 3498 4628 Utrumque
3526 4559 3748 4629 quidem

476 4654 741 4713 quatenus
769 4643 1152 4698 delectationes
1179 4654 1234 4699 et
1260 4644 1610 4714 cogitationes
1634 4646 1878 4700 bumanre
1906 4649 2057 4703 verbi

474 4732 687 4789 Domini
717 4732 896 4787 calore
942 4741 1334 4801 purgarentur,
1390 4732 1479 4801 qui
1534 4749 1684 4790 more
1732 4734 2053 4805 fornacium,

472 4824 724 4880 vitiorum
779 4823 966 4878 sordes
1010 4821 1338 4891 absumens,
1389 4825 1597 4878 animas
1653 4826 1928 4882 hominum
1986 4831 2052 4885 ad

473 4912 907 4970 emundalionem
958 4913 1332 4982 perfectissimi
1376 4913 1589 4971 decoris
1636 4916 1874 4972 adducit.
1927 4918 2057 4975 Per-

474 5006 822 5061 scrutandum
846 5016 928 5060 est
948 5016 1123 5062 autem
1149 5022 1246 5062 cur
1271 5006 1358 5063 hic
1384 5016 1528 5076 petat
1547 5024 1607 5063 se
1626 5010 1826 5065 debere
1850 5014 2053 5080 tentari,

473 5112 599 5152 cum
625 5098 678 5152 in
707 5096 1012 5164 evangelica
1052 5098 1293 5153 oratione
1323 5100 1395 5153 sit
1427 5101 1655 5167 posEtum
1691 5118 1707 5158 :
1739 5100 1821 5156 Ne
1840 5103 2055 5157 inducas

472 5204 567 5242 nos
608 5189 663 5243 in
714 5188 1040 5241 tentationem
1081 5187 1297 5258 (Matth.
1328 5205 1399 5254 vt,
1438 5192 1544 5260 l5).
1589 5191 1715 5246 Dua-
1741 5203 1867 5247 sunt
1899 5195 2057 5263 igitur

473 5281 837 5336 tentationes:
871 5284 973 5335 una
1007 5280 1237 5343 Domini.
1289 5299 1390 5350 qua
1442 5284 1611 5339 bonos
1643 5293 1831 5352 tentat,
1879 5297 1937 5340 ut
1962 5303 2057 5343 eos

472 5380 844 5442 competenter
871 5370 1099 5438 erudiat,
1132 5372 1270 5427 sicut
1298 5374 1486 5443 legitur
1514 5376 1564 5428 in
1593 5375 1787 5432 Genesi
1813 5392 1828 5431 :
1862 5377 2054 5431 Tenta-

472 5464 545 5518 uit
588 5464 837 5519 Dominus
877 5463 1137 5518 Abraham
1158 5464 1312 5535 (Gen.
1341 5482 1484 5532 ml,
1519 5467 1607 5535 l);
1640 5469 1722 5523 vel
1756 5468 1889 5523 illud
1915 5470 2056 5537 quod

473 5556 604 5613 dicit
632 5556 843 5630 Moyses
876 5574 890 5610 :
924 5556 1108 5612 Tentat
1133 5572 1218 5612 vos
1252 5556 1503 5612 Dominus
1530 5558 1666 5614 Deus
1687 5570 1848 5615 vester
1872 5559 2056 5630 (Deut.

474 5662 602 5718 aut,
645 5650 722 5719 5).
754 5648 934 5705 Altera
962 5661 1093 5703 vero
1118 5647 1314 5703 diaboli
1344 5657 1459 5717 est,
1506 5664 1625 5718 qua:
1663 5665 1876 5719 semper
1905 5650 2059 5706 ducit

473 5742 543 5800 ad
592 5750 866 5801 mortem:
898 5740 967 5799 de
1015 5753 1119 5810 quia
1171 5753 1454 5811 precamur
1505 5755 1573 5798 ne
1617 5741 1670 5798 in
1718 5740 1843 5811 ejus
1874 5750 2058 5813 partes

2162 4661 2278 4707 crat
2304 4653 2521 4705 omnino
2557 4652 2934 4705 deserendum.
2985 4650 3091 4706 Sed
3144 4652 3234 4707 alii
3282 4663 3409 4708 sunt
3459 4652 3620 4718 vani,
3651 4651 3745 4707 alii

2162 4741 2330 4809 impii.
2355 4739 2488 4793 Vani
2518 4749 2642 4793 rlllll.
2662 4741 2751 4809 qui
2779 4740 2995 4793 caducis
3019 4739 3454 4810 inquisitionibus
3480 4756 3747 4812 occupan-

2162 4842 2278 4900 tur,
2324 4842 2379 4885 et
2421 4832 2474 4885 in
2519 4830 2785 4899 superﬂua
2816 4839 3023 4900 tempus
3054 4833 3363 4888 narratione
3390 4843 3739 4889 consumunt.

2167 4923 2314 4991 lmpii
2345 4933 2545 4984 autem,
2577 4920 2832 4983 lu-reluci,
2864 4921 2953 4987 qui
2980 4922 3369 4990 quaestionibus
3387 4923 3495 4995 87
3518 4924 3744 4994 perﬁdis

2164 4996 2471 5081 Scripturas
2532 5012 2738 5064 divinas
2796 5010 3091 5077 depravare
3150 5012 3532 5080 contendunt,
3602 5017 3745 5071 sicut

2164 5101 2355 5157 Petrus
2386 5101 2655 5169 apostolus
2679 5100 2753 5154 ait
2778 5119 2789 5154 :
2822 5098 3170 5171 Depravantes
3191 5119 3278 5157 eas
3298 5104 3367 5158 ad
3393 5120 3543 5159 suum
3564 5107 3746 5162 interi-

2160 5206 2268 5248 tum
2297 5204 2342 5247 et
2379 5192 2710 5262 perditionem
2742 5190 2825 5256 (Il
2860 5190 3007 5249 Petr.
3034 5208 3111 5259 ιιι,
3147 5194 3262 5265 16).
3282 5194 3392 5251 ﬂos
3413 5211 3542 5267 ergo
3568 5208 3741 5253 utros-

2162 5303 2265 5358 qtte
2283 5286 2404 5354 jure
2432 5295 2619 5338 monet
2641 5299 2763 5339 esse
2788 5282 3086 5354 fugiendos,
3109 5286 3233 5355 quia
3251 5287 3325 5341 illi
3344 5278 3740 5358 superﬂuitates

2165 5380 2412 5447 diligunt,
2440 5377 2527 5431 isti
2559 5377 2659 5430 tela
2690 5376 3050 5446 perversitatis
3094 5379 3340 5448 inﬁgunt.
3752 5436 3759 5441 _

2235 5468 2390 5522 γει-ε.
2422 5465 2474 5520 6.
2508 5466 2713 5520 Lavabo
2763 5468 2893 5521 inter
2940 5468 3229 5522 innocentes
3267 5486 3451 5525 manus
3493 5487 3652 5538 meas,
3694 5479 3741 5528 et

2164 5559 2437 5613 circumibo
2459 5560 2620 5612 altare
2642 5568 2805 5620 tuum,
2828 5557 3068 5613 Domine.
3097 5559 3282 5616 Potest
3303 5563 3427 5617 talia
3454 5562 3622 5634 loqui,
3652 5561 3741 5633 qui

2165 5660 2327 5721 caput
2364 5664 2516 5705 suum
2548 5653 2786 5721 sequitur
2813 5650 3106 5721 Christum,
3136 5656 3228 5725 qui
3258 5663 3468 5712 terrena
3493 5656 3740 5727 despicit,

2166 5755 2217 5801 sl
2249 5743 2487 5801 cmleslia
2511 5742 2872 5815 concupiscit,
2909 5745 3052 5803 sicut
3082 5745 3371 5819 Apostolus
3403 5748 3479 5808 ait
3507 5767 3522 5808 ι
3552 5748 3744 5807 Nostra
