4004 6342
208 382 290 438 185

1088 363 1444 423 Εχροδιτιο
1483 363 1548 419 IN
1585 361 2041 420 PSALTEBIUM.
2085 365 2271 420 l’SiL.
2313 366 2474 422 XXV.

3312 373 3412 428 ἰθὺ

205 505 344 551 autem
366 487 665 544 conversatio
706 485 761 539 in
787 482 923 539 cadis
963 490 1040 537 est
1066 481 1290 553 (Philip.
1322 495 1378 534 nt
1399 520 1416 545 ,
1447 478 1562 549 ευ).
1598 477 1742 532 Inter
1771 478 1824 537 Λ
1847 479 1988 543 quod
2019 482 2303 535 multarum
2353 483 2698 550 pecuniarum
2750 484 3018 542 oblatione
3066 497 3276 558 gravata
3319 489 3412 542 sit.

205 593 457 640 innocentes
500 580 642 632 enim
699 577 837 630 lavat
890 589 1074 627 manus
1120 586 1267 636 suas,
1314 571 1554 639 quisquis
1603 567 1738 622 facta

205 674 386 746 propria
412 670 584 724 studio
613 668 764 722 bonae
787 663 1206 719 conversationis
1227 661 1494 716 emendat.
1519 659 1581 712 Et
1606 660 1740 712 bene

203 766 372 820 addidit
393 802 408 827 ,
444 761 574 813 inter
605 759 927 821 innocentes,
969 755 1090 823 quia
1119 760 1341 822 possunt
1366 753 1536 805 lavare
1565 765 1742 801 manus

202 857 336 910 etiam
363 852 448 921 qui
489 857 744 904 nocentes
771 855 921 909 sunt,
950 846 1088 900 sicut
1129 846 1251 898 fecit
1295 843 1513 896 Pontius
1545 841 1742 894 Pilatus

201 942 387 1011 (Μαιρὰ.
431 957 598 1004 xxvn,
632 938 724 1008 24)
749 978 763 1002 ,
802 938 889 1006 qui
918 937 1041 990 dum
1071 937 1299 989 animam
1336 947 1486 987 suam
1515 929 1743 985 nefanda

201 1033 382 1089 Domini
410 1030 694 1085 traditione
716 1027 998 1098 pollueret,
1025 1039 1212 1078 manus
1233 1037 1356 1078 suas
1381 1022 1561 1075 satruli
1591 1020 1744 1074 istius

201 1125 381 1192 liquore
408 1119 714 1175 mundabat.
735 1118 840 1175 Sed
863 1116 1210 1186 Spiritualiter
1232 1130 1412 1168 manus
1435 1116 1569 1166 lavat
1597 1111 1748 1180 quis-

181 1213 300 1283 quis
342 1223 486 1266 actus
535 1223 663 1264 suos
712 1207 1038 1278 laerymabili
1096 1205 1458 1261 satisfactione
1506 1204 1772 1258 dilueritu

168 1303 459 1358 "Circumibo
489 1317 616 1357 vero
659 1301 820 1365 dixit,
850 1299 902 1354 id
949 1307 1031 1353 est
1061 1298 1366 1368 frequenter
1411 1295 1637 1358 iterabo,
1688 1301 1746 1346 ιιι

198 1392 536 1447 assiduitatem
579 1390 930 1445 sanctissimae
953 1387 1252 1443 devotionis
1281 1384 1609 1439 ostenderet.
1649 1383 1743 1435 Αι-

199 1493 292 1536 tarc
312 1485 444 1536 enim
475 1481 544 1536 ab
581 1480 866 1535 altitudine
887 1480 1086 1532 dictum
1117 1489 1197 1532 est
1217 1515 1235 1540 ,
1278 1474 1431 1542 quasi
1469 1475 1590 1526 altae
1615 1487 1746 1534 ara»,

141 1628 146 1632 _
199 1572 276 1633 ubi
305 1571 522 1625 Domino
547 1571 913 1634 sacriﬁcatur,
944 1578 1002 1622 ut
1025 1566 1398 1635 conspectibus
1429 1563 1747 1632 populorum

198 1660 555 1715 misericordia:
579 1659 744 1728 ipsius
765 1659 903 1712 dona
928 1657 1246 1726 pandantur.

257 1753 396 1807 νεεδ.
420 1754 473 1806 7.
497 1751 566 1806 Ut
582 1753 789 1806 audiam
803 1766 971 1804 vocem
992 1750 1160 1802 laudis
1181 1757 1305 1814 tute,
1324 1755 1371 1799 et
1383 1760 1609 1799 enarrem
1634 1746 1750 1796 uni-

1843 567 1912 620 Et
1939 572 2218 625 considera
2267 573 2410 640 quod
2445 575 2556 628 lucc
2603 576 2926 644 accipientes
2965 578 3171 645 judices
3199 580 3416 634 univer-

1842 661 2025 714 saliter
2053 673 2378 716 exsecratur.
2423 665 2551 717 Nam
2585 675 2639 717 et
2662 670 2750 735 qui
2777 666 3039 733 justitiam
3067 669 3267 734 vendit,
3301 683 3417 723 mtt—

1844 753 2043 804 neribus
2085 756 2340 806 dexteram
2382 759 2569 824 replet;
2615 768 2670 812 ct
2713 761 2801 828 qui
2856 773 3109 816 nocentes
3156 761 3414 829 absolvit,

1845 841 1984 895 idem
2011 857 2159 895 suam
2182 847 2436 896 dexteram
2462 863 2739 900 urunerum
2771 851 3078 918 acceptione
3105 850 3412 917 complevit.

1846 933 1934 986 Sic
1963 947 2266 1001 utrumque,
2297 949 2352 987 ut
2383 938 2629 1002 arbitror,
2659 941 2722 992 ad
2750 941 2918 994 virum
2946 942 3258 1010 sanguinum
3284 958 3416 998 cou-

1845 1036 2096 1092 gruenter
2124 1029 2408 1091 aptaudum
2439 1039 2540 1082 est.

1921 1117 2070 1170 Vers.
2125 1122 2206 1173 ll.
2259 1119 2368 1189 Ego
2396 1132 2563 1174 autem
2607 1123 2661 1174 in
2706 1123 2994 1177 innocentia
3024 1140 3134 1176 mea
3159 1123 3418 1194 ingressus

1847 1222 1960 1258 sum
1990 1223 2010 1260 :
2038 1209 2227 1263 redime
2259 1227 2364 1275 me,
2397 1221 2442 1263 et
2479 1213 2713 1266 miserere
2740 1215 2862 1267 mei.
2895 1214 3122 1267 Schema
3161 1213 3419 1284 syncrisis

1847 1305 1949 1359 est,
1978 1314 2098 1350 cum
2121 1314 2335 1353 causam
2358 1316 2506 1355 suam
2524 1304 2644 1370 quis
2663 1304 2729 1356 ab
2750 1303 3071 1356 adversariis
3091 1303 3202 1356 suis
3229 1305 3418 1357 nititur

1848 1389 2064 1445 el‘licere
2091 1392 2388 1446 meliorem.
2419 1393 2546 1446 Nam
2570 1409 2690 1448 cum
2716 1394 2789 1448 illi
2815 1394 3127 1459 accipiendo
3151 1394 3418 1448 fallaciter

1849 1478 2112 1546 gaudeant
2144 1480 2416 1535 dexteram
2456 1498 2605 1535 suam
2639 1482 2952 1536 muneribus
2992 1483 3154 1536 luisse
3180 1481 3421 1550 comple-

1852 1579 1982 1636 tam,
2013 1585 2072 1623 se
2092 1571 2219 1625 dicit
2250 1573 2312 1624 ad
2338 1573 2658 1626 innocentia:
2684 1575 2934 1628 introisse
2952 1573 3184 1627 divitias.
3213 1571 3421 1642 Ingres-

1851 1675 1938 1712 sus
1983 1660 2125 1713 enim
2158 1661 2208 1714 itt
2241 1662 2522 1716 thesauros
2571 1663 2878 1728 spirituales
2928 1664 3096 1718 multo
3141 1665 3321 1717 verius
3364 1678 3424 1716 se

1852 1749 2162 1802 consolatus
2215 1762 2319 1815 est,
2373 1767 2532 1818 quant
2587 1753 2660 1805 illi
2707 1768 2868 1820 super
2910 1751 3199 1806 mundanis
3224 1751 3424 1805 divitiis

195 1859 322 1896 uersa
346 1843 606 1896 mirabilia
632 1853 736 1896 tua.
770 1842 1056 1896 Provectus
1083 1840 1148 1891 ad
1180 1839 1419 1892 ctelestia
1468 1837 1588 1888 ideo
1620 1834 1744 1887 illud
1782 1828 1828 1886 Β
1853 1838 2086 1904 gaudere
2117 1841 2434 1906 potuissent.
2489 1841 2696 1894 Redime
2725 1857 2824 1904 me,
2869 1841 2920 1895 id
2949 1852 3031 1895 est
3059 1841 3320 1896 adventus
3349 1841 3424 1894 tui

195 1936 433 2004 spirituali
483 1935 666 1988 animo
711 1933 1024 1988 circumibat
1067 1933 1272 1995 altare,
1323 1939 1382 1983 ut
1429 1939 1746 1984 concentum

193 2031 454 2085 dominicae
483 2030 655 2083 laudis
682 2029 909 2082 audiret.
944 2027 1103 2080 Forte
1133 2025 1261 2078 illud
1289 2023 1450 2086 dicit,
1481 2021 1620 2091 quod
1654 2036 1752 2074 co-

194 2133 292 2172 ram
313 2123 425 2188 ipso
442 2118 709 2172 indefessa
731 2131 860 2171 voce
886 2114 1192 2184 prtecinitur
1217 2131 1228 2164 :
1257 2113 1496 2172 Sanctus,
1520 2123 1752 2177 sanctus,

193 2225 377 2265 sanctus
427 2209 680 2264 Dominus
738 2208 873 2262 Dens
922 2206 1149 2262 Sabaoth
1201 2203 1332 2276 (Isa.
1375 2221 1448 2267 vn,
1479 2205 1512 2256 5
1540 2204 1582 2273 ).
1625 2205 1753 2268 Qua:

193 2318 297 2357 cum
326 2303 555 2366 audiret,
586 2311 640 2354 et
667 2301 954 2355 devotione
983 2299 1210 2351 maxima
1251 2297 1607 2364 cognovisset,
1633 2309 1754 2346 uar-

193 2405 318 2446 raret
339 2392 550 2461 populis
570 2393 813 2444 universa
838 2389 1096 2443 mirabilia
1121 2404 1238 2454 qum
1265 2387 1527 2455 hodieque
1552 2386 1602 2438 in
1625 2400 1750 2438 sau-

193 2489 382 2534 ctarum
409 2480 771 2534 celebratione
801 2478 1082 2530 inissatum
1131 2477 1282 2529 beata
1321 2476 1463 2527 canit
1497 2474 1752 2527 Ecclesia.

258 2570 404 2624 Vers.
434 2571 489 2625 8.
524 2570 760 2633 Domine,
803 2569 961 2621 dilexi
1007 2573 1239 2622 decorent
1267 2568 1444 2618 domus
1485 2574 1582 2618 tute
1606 2573 1650 2616 et
1680 2565 1757 2616 lo-

192 2676 290 2712 cum
313 2659 644 2713 habitationis
687 2659 865 2727 gloriae
914 2665 1032 2710 tute.
1067 2656 1415 2710 Beatissimus
1463 2655 1552 2708 ille
1597 2669 1756 2722 quem

193 2749 460 2816 diximus,
512 2749 802 2802 secundum
859 2746 1074 2799 modum
1131 2746 1388 2797 orationis
1443 2743 1756 2812 ingreditur,

193 2841 492 2910 supplicans
519 2848 596 2903 ut,
631 2852 754 2892 cum
780 2836 1010 2889 decorem
1049 2836 1227 2888 damus
1252 2833 1461 2888 Domini
1501 2833 1759 2898 dilexerit,

194 2932 288 2986 illis
314 2932 405 3001 qui
444 2932 514 2984 ab
550 2928 738 2984 eodem
769 2928 929 2981 alieni
959 2936 1082 2981 sunt
1111 2927 1415 2980 nullatenus
1447 2927 1757 2989 misceatur,

194 3025 276 3084 sed
299 3025 349 3078 in
370 3023 491 3092 ejus
515 3021 750 3076 Ecclesia
777 3027 1104 3087 perseveret.
1132 3017 1375 3071 Decorem
1400 3017 1580 3068 domus
1607 3015 1756 3080 dicit,

195 3129 290 3169 non
314 3113 764 3184 pulchritudinem
792 3110 1048 3180 parietum
1071 3118 1162 3162 aut
1194 3107 1610 3160 ministeriorum
1639 3119 1760 3172 pre-

196 3204 508 3258 tiosissimas
551 3209 856 3270 apparatus,
893 3199 985 3251 sed
1018 3200 1250 3265 ipsorum
1278 3205 1490 3248 actuum
1519 3192 1760 3247 beatissi-
1787 3185 1834 3249 C

196 3309 324 3346 utam
354 3294 691 3364 qualitatem,
726 3291 777 3344 in
820 3291 1010 3356 quibus
1035 3297 1224 3342 cuncta
1258 3287 1454 3355 gaudet
1483 3285 1718 3340 Ecclesia
1742 3324 1758 3350 ,

196 3383 242 3437 id
269 3394 371 3449 est,
415 3385 469 3438 in
507 3386 828 3453 psalmorum
855 3381 1196 3451 jubilatione,
1226 3381 1276 3432 in
1319 3393 1536 3447 precum
1567 3375 1765 3430 sancti-

196 3483 313 3540 tate,
346 3479 397 3530 in
426 3475 717 3530 Christiani
751 3474 933 3544 populi
957 3473 1249 3527 humillima
1271 3472 1574 3525 devotione.
1605 3469 1760 3522 Prius

194 3565 328 3617 enim
372 3566 441 3620 de
485 3563 777 3619 universali
827 3563 960 3616 dixit
1005 3561 1262 3625 Ecclesia,
1317 3575 1454 3614 nunc
1503 3559 1646 3613 venit
1695 3559 1762 3612 ad

195 3667 432 3720 sanctos,
465 3654 520 3709 in
553 3655 748 3723 quibus
775 3653 939 3722 gloria
972 3652 1062 3706 Dei
1095 3651 1335 3705 habitare
1378 3651 1715 3718 cognoscitur
1743 3662 1760 3700 :

193 3745 472 3813 de'quibus
510 3745 803 3813 Apo~tolus
841 3744 969 3798 dicit
999 3760 1014 3797 :
1048 3743 1316 3810 Templum
1345 3743 1480 3794 enim
1522 3741 1616 3794 Dei
1643 3757 1765 3794 san-

193 3844 324 3888 ctum
348 3845 442 3900 est,
473 3836 611 3906 quod
632 3835 751 3888 estis
773 3850 857 3888 vos
889 3831 943 3904 (Ι
970 3833 1088 3887 Cor.
1121 3849 1203 3897 ιιι,
1223 3833 1332 3903 l7).
1364 3831 1600 3887 Dicenda
1617 3831 1761 3884 enim

193 3925 512 3981 habitationis
544 3925 737 3989 locum,
763 3925 979 3979 humani
1007 3926 1238 3994 pectoris
1268 3924 1589 3993 signiﬁcavit
1617 3935 1764 3975 arca-

195 4031 347 4082 num;
376 4017 696 4073 mirabiliter
737 4017 1062 4086 subjungens
1083 4057 1099 4082 ,
1129 4016 1309 4086 gloria:
1347 4025 1469 4080 tuas,
1496 4016 1619 4084 quia
1647 4013 1767 4068 ubi-

193 4119 393 4176 cunque
441 4108 676 4172 habitat,
717 4109 882 4178 gloria
932 4116 1040 4162 est.
1095 4107 1402 4162 Cloriosum
1433 4106 1575 4159 enim
1601 4102 1766 4158 efﬁcit

195 4196 443 4266 quidquid
473 4198 776 4252 inhabitare
802 4199 1082 4267 dignatur,
1131 4206 1187 4252 et
1213 4197 1280 4250 ab
1317 4196 1542 4266 hospitis
1572 4195 1769 4250 merito

195 4291 381 4343 crescit
406 4289 630 4356 hospitii
656 4290 978 4358 magnitudo.

261 4378 410 4435 νει-δ.
433 4382 488 4436 9.
517 4379 603 4434 Ne
621 4380 775 4433 simul
797 4380 982 4446 perdas
1002 4397 1116 4432 cum
1146 4380 1314 4449 impiis
1329 4380 1555 4432 animum
1578 4395 1763 4444 meam,

195 4476 240 4521 et
275 4485 388 4524 cum
413 4473 537 4524 viris
575 4471 882 4541 sanguinum
913 4471 1064 4523 vitam
1109 4487 1292 4524 meam.
1327 4471 1477 4525 Juste
1506 4481 1658 4537 rogat
1697 4487 1764 4525 ne

1854 1929 2112 1998 sanguine
2144 1931 2380 1995 pretioso
2419 1931 2642 1986 liberum
2675 1933 2859 1996 redde,
2891 1947 2998 1999 quo
3027 1931 3306 1986 absolutus
3342 1941 3425 1986 est

1857 2021 2108 2086 mundus,
2142 2021 2230 2089 qui
2273 2023 2504 2089 peccatis
2534 2023 2816 2076 tenebatur
2857 2022 3149 2076 obnoxius.
3183 2021 3250 2074 Et
3278 2023 3426 2076 mise-

1855 2127 1965 2165 rere
1993 2114 2110 2179 mei,
2145 2112 2348 2166 scilicet
2379 2112 2430 2166 in
2461 2111 2561 2166 hoc
2588 2113 2809 2178 mundo,
2843 2113 2931 2167 tibi
2964 2111 3193 2167 ﬁdeliter
3220 2112 3424 2181 suppli-

1851 2205 2099 2258 cantibus
2131 2207 2321 2273 parcis.

1931 2296 2081 2352 νει-ε.
2118 2297 2206 2352 12.
2237 2296 2338 2351 Pes
2384 2299 2515 2352 enim
2563 2315 2704 2352 mens
2746 2300 2883 2353 stetit
2921 2300 2972 2353 in
3032 2300 3112 2352 via
3159 2307 3330 2362 recta;
3376 2297 3429 2350 ir.

1851 2389 2076 2442 ecclesiis
2162 2388 2454 2443 benedicam
2506 2390 2800 2444 Dominum.
2866 2391 3007 2443 Inter
3065 2389 3430 2442 concutientes

1859 2482 2093 2534 Itazreses
2115 2489 2168 2534 et
2196 2481 2379 2534 mundi
2415 2481 2647 2547 graviter
2676 2483 2960 2535 saevientes
3003 2480 3301 2547 angustias,
3331 2477 3431 2530 hoc

1858 2570 1994 2624 bene
2025 2572 2106 2623 vir
2132 2572 2426 2625 catholicus
2456 2572 2766 2640 proﬁtetur,
2800 2574 2924 2640 quia
2972 2588 3060 2639 pes
3099 2569 3215 2638 ejus
3245 2571 3432 2622 immo-

1860 2662 1983 2716 bilis
2013 2664 2349 2730 perduravit;
2379 2664 2468 2732 qui
2503 2664 2626 2717 licet
2658 2665 2975 2731 importunis
3004 2661 3433 2715 tribulationibus

1862 2750 2100 2813 ﬂuctuet,
2134 2752 2186 2803 in
2220 2764 2370 2817 parte
2401 2752 2520 2804 llslei
2553 2752 2718 2805 nescit
2744 2752 3070 2820 quibuslibet
3100 2748 3434 2802 necessitati-

1863 2841 1961 2894 bus
1988 2842 2336 2894 commoveri.
2387 2841 2614 2894 Possunt
2645 2844 2785 2893 enim
2835 2844 2964 2892 tales
2990 2882 3004 2904 ,
3039 2851 3092 2892 et
3122 2841 3205 2892 bis
3235 2838 3436 2891 similes

1863 2931 1963 2986 hoc
1992 2933 2210 2997 dicere,
2255 2933 2322 2986 de
2371 2932 2563 3000 quibus
2611 2932 2724 3000 ip~e
2773 2932 3027 2984 Dominus
3073 2931 3436 2985 testimonium

1863 3025 2136 3093 pcrhibct,
2191 3035 2246 3076 ut
2290 3033 2372 3076 est
2421 3023 2591 3076 illud:
2627 3023 2827 3091 Reliqui
2873 3021 2998 3073 mihi
3041 3030 3231 3089 septem
3275 3019 3438 3072 millia

1861 3116 2104 3178 virorum,
2132 3115 2219 3184 qui
2240 3131 2341 3167 non
2362 3123 2864 3182 curvaveruntgenua
2881 3124 2995 3165 ante
3021 3110 3150 3164 Baal
3166 3109 3282 3180 (ΙΙΙ
3307 3109 3436 3180 Reg.

1864 3228 1977 3275 xtx,
2014 3211 2125 3280 18).
2161 3209 2225 3264 In
2259 3211 2339 3263 via
2368 3221 2528 3274 recta,
2566 3208 2616 3262 id
2650 3217 2732 3262 est
2772 3207 2824 3261 in
2858 3205 3123 3261 mandatis
3152 3205 3289 3268 tttis,
3319 3217 3438 3270 quae

1864 3313 2008 3355 recta
2039 3309 2185 3368 sunt,
2215 3310 2270 3354 et
2293 3309 2467 3354 rectos
2497 3299 2693 3352 iaciunt
2718 3296 3051 3350 obedientcs.
3078 3295 3209 3348 Nam
3232 3293 3440 3362 quoties

1863 3392 2052 3462 plurali
2109 3407 2330 3446 numero
2394 3391 2645 3444 dicuntur
2687 3389 2929 3443 ecclesia:
2963 3427 2978 3451 ,
3037 3385 3221 3440 mundi
3288 3383 3441 3436 istius

1863 3484 2152 3539 Christiani
2187 3482 2362 3551 populi
2403 3481 2804 3550 signiﬁcantur,
2837 3478 2926 3547 qui
2950 3477 3018 3531 de
3048 3476 3276 3530 diversis
3305 3489 3438 3543 gen-

1865 3576 2006 3629 tibus
2035 3575 2328 3644 probantur
2354 3587 2475 3627 esse
2519 3571 2750 3625 collecti.
2787 3569 2985 3622 Futura
3030 3575 3114 3620 est
3150 3565 3291 3620 enim
3337 3577 3439 3616 una

1863 3678 1915 3724 et
1949 3669 2180 3736 perlecta
2209 3665 2523 3728 Jerusalem,
2561 3679 2680 3732 qua:
2713 3662 2974 3714 malorum
3008 3655 3440 3726 sequestratione

1864 3757 2192 3827 purgabitur.
2222 3755 2360 3810 Dicit
2379 3768 2512 3824 ergo
2542 3756 2728 3806 beatus
2745 3753 2845 3806 iste
2868 3764 3027 3819 quem
3050 3747 3304 3811 diximus,
3335 3759 3442 3798 non

1864 3848 1918 3902 in
1951 3847 2223 3909 Ecclesia,
2256 3845 2349 3899 sed
2397 3847 2450 3898 in
2477 3844 2700 3898 ecclesiis
2728 3857 2788 3897 se
2818 3841 3044 3895 Domino
3073 3848 3405 3893 cantaturum
3424 3874 3442 3899 ,

1864 3939 1985 4009 quia
2030 3954 2122 4008 per
2165 3938 2471 3992 universum
2519 3935 2778 3990 mundum
2830 3946 3026 3986 nomen
3073 3937 3282 3984 constat
3322 3938 3443 3981 esse

1864 4029 2206 4084 catholicum.

2406 4153 2677 4207 Conclusio
2707 4150 2908 4222 psalmi.

1939 4289 2352 4347 Consideremus
2385 4287 2598 4357 qualem
2632 4284 2786 4340 nobis
2817 4283 3044 4336 formam
3074 4279 3196 4333 vita:
3223 4276 3443 4348 religio-

1870 4401 1962 4442 sus
1993 4386 2094 4438 iste
2136 4381 2434 4437 tradiderit.
2487 4379 2622 4433 Dicit
2663 4381 2806 4432 enim
2856 4376 2974 4430 ideo
3013 4389 3072 4429 se
3122 4373 3208 4428 hic
3241 4372 3445 4426 vitasse

1878 4475 2157 4546 pessimos,
2182 4489 2247 4528 ne
2269 4474 2320 4527 itt
2340 4472 2544 4542 judicio
2572 4471 2778 4525 Domini
2799 4484 2919 4524 cum
2950 4469 3101 4522 malis
3129 4466 3299 4534 Possit
3325 4478 3445 4519 esse

198 4571 309 4613 cum
338 4563 517 4629 impiis
541 4562 721 4614 anima
751 4561 865 4628 ejus
891 4571 1073 4629 pereat
1099 4562 1149 4615 in
1182 4563 1358 4616 futuro
1383 4563 1608 4632 judicio,
1638 4579 1760 4618 cum
1797 4537 1846 4598 θ
1871 4571 2124 4633 sociatus,
2149 4568 2445 4620 admonens
2461 4573 2520 4617 ut
2541 4565 2841 4633 iniquorum
2863 4559 3134 4614 consortia
3159 4556 3444 4625 fugientes,

199 4650 380 4717 quibus
407 4653 494 4705 hic
526 4665 866 4706 communem
900 4666 1004 4704 non
1037 4653 1218 4704 habuit
1257 4653 1549 4706 actionem.
1575 4654 1766 4707 Merito

199 4749 333 4802 enim
362 4751 432 4804 ab
454 4753 535 4805 eis
561 4750 631 4804 ibi
659 4764 716 4803 se
745 4749 1068 4816 sequestrari
1101 4748 1284 4814 petiit,
1312 4761 1342 4799 a
1373 4746 1566 4815 quibus
1597 4746 1682 4798 hic
1711 4759 1770 4799 se

199 4835 307 4905 ipse
339 4841 544 4896 divisit.
578 4841 900 4912 Sanguinum
923 4841 1064 4895 enim
1087 4841 1180 4892 viri
1201 4849 1345 4904 sunt,
1372 4838 1460 4906 qui
1485 4838 1770 4891 carnaliter

199 4930 394 4997 vivunt,
422 4944 476 4987 et
503 4932 645 4986 nulla
672 4939 816 4998 iussa
847 4946 931 4986 cce
953 4933 1086 4986 estia
1111 4932 1514 4996 concupiscunt.
1540 4929 1772 4984 Pereunt

200 5034 320 5090 ergo
348 5028 483 5080 tales
505 5026 572 5080 de
595 5026 762 5080 futura
791 5025 1112 5089 Jerusalem,
1141 5024 1230 5094 qui
1258 5039 1353 5093 pro
1373 5039 1467 5078 sua
1499 5023 1771 5092 impietate

199 5111 482 5169 damnandi
515 5127 658 5170 sunt.

231 5202 422 5261 .Vers.
472 5208 562 5260 10.
619 5206 682 5259 In
731 5223 946 5274 quorum
992 5207 1225 5259 manibus
1275 5206 1564 5276 iniquitates
1608 5215 1770 5259 sunt:

199 5291 402 5348 dextera
426 5313 605 5350 eorum
633 5300 823 5368 repleta
844 5309 915 5351 est
943 5299 1250 5350 muneribus.
1284 5298 1511 5364 Exponit
1535 5300 1622 5366 qui
1645 5307 1768 5351 sunt

199 5384 289 5437 viri
309 5388 644 5454 sanguinum,
672 5390 722 5442 iu
745 5404 969 5458 quorum
986 5387 1369 5442 consuetudine
1390 5389 1630 5442 videmus
1651 5403 1770 5442 esse

200 5478 554 5544 nequiSsimas
582 5480 840 5532 actiones.
869 5478 1052 5531 Manus
1078 5478 1220 5532 enim
1251 5486 1442 5530 ltuslrw
1472 5479 1770 5545 signiﬁcant

198 5568 476 5628 generales
507 5579 863 5638 operationes,
897 5586 1027 5638 quas
1053 5569 1283 5638 gerimus
1317 5567 1368 5620 itt
1401 5569 1498 5622 hac
1527 5570 1643 5622 luce
1670 5569 1768 5624 de-

197 5670 404 5723 gentes.
456 5661 556 5716 llic
597 5663 802 5728 dextera
848 5665 1144 5730 specialiter
1189 5664 1382 5732 judicis
1430 5662 1766 5718 venalitatem

201 5750 536 5816 pronuntiat,
564 5769 716 5822 quam
748 5754 865 5808 ideo
895 5756 1020 5808 dicit
1047 5757 1288 5823 repletam
1309 5769 1416 5807 esse
1437 5753 1725 5808 muneribus
1751 5773 1768 5807 :

1873 4660 2117 4714 ﬁdelibus
2131 4658 2327 4713 Chriin
2345 4655 2603 4723 spirituali
2631 4667 2842 4718 semper
2861 4651 3123 4704 cbaritate
3135 4648 3445 4715 iungamur,

1874 4749 1997 4819 quia
2050 4764 2116 4803 ex
2161 4748 2362 4801 diutina
2414 4745 2687 4799 hominum
2736 4739 3181 4804 conversatione,
3236 4749 3444 4790 morum

1876 4855 2089 4908 semper
2109 4839 2476 4894 contrahimus
2505 4837 2831 4902 qualitatem.
2868 4832 2978 4885 lloe
3009 4830 3150 4884 enim
3179 4836 3233 4883 et
3263 4837 3447 4881 sextus

1879 4933 2114 5000 paulmus
2155 4931 2426 4994 admouet,
2458 4944 2578 4981 cum
2610 4926 2739 4980 dicit
2770 4941 2784 4977 :
2820 4922 3075 4976 Discedite
3101 4939 3132 4974 a
3156 4936 3234 4973 me
3274 4935 3447 4973 omnes
3487 4931 3489 4936 ‘

1877 5025 1960 5092 qui
1990 5022 2270 5090 operamini
2305 5021 2616 5088 iniquitatem
2647 5015 2821 5084 (Psal.
2852 5028 2926 5077 νι,
2965 5013 3052 5080 9);
3086 5011 3262 5064 hocet
3301 5009 3448 5063 deri-

1877 5127 1995 5166 mus
2041 5111 2299 5175 septimus
2345 5110 2434 5177 qui
2478 5108 2552 5159 ait
2580 5125 2594 5159 :
2627 5105 2754 5158 Cum
2783 5112 2958 5156 sancto
3003 5113 3206 5155 sanctus
3235 5103 3356 5163 eris,
3404 5109 3448 5151 et

1876 5221 1986 5257 cum
2018 5205 2126 5256 viro
2152 5203 2418 5254 innocente
2446 5199 2683 5250 innocens
2709 5195 2809 5247 eris
2828 5239 2841 5256 ,
2873 5203 2918 5247 et
2945 5209 3059 5246 cum
3085 5191 3244 5244 electo
3264 5193 3448 5245 electus

1876 5298 1995 5360 eris,
2025 5307 2072 5349 et
2100 5311 2216 5348 cum
2244 5307 2474 5361 perverso
2512 5289 2808 5341 subveneris
2836 5285 3006 5354 (Psal.
3031 5301 3160 5351 xvu,
3196 5285 3311 5351 26).
3345 5285 3448 5338 He-

1875 5403 1999 5440 vera
2047 5394 2104 5439 ut
2148 5390 2564 5451 cognosceretur
2619 5379 2803 5445 ingens
2859 5377 3096 5439 malum,
3145 5376 3283 5444 quod
3337 5385 3444 5428 tam

1875 5477 2066 5531 crebro
2088 5475 2401 5527 mouebatur
2442 5485 2562 5524 esse
2599 5467 2924 5538 fugiendum.
2963 5471 3301 5534 Quapropter
3334 5476 3447 5518 stu-

1873 5568 2023 5620 diose
2069 5578 2372 5633 qttmratttus
2416 5561 2705 5631 gloriosum
2756 5559 2914 5611 nimis
2943 5566 3230 5624 aptumque
3278 5557 3417 5608 colle

1872 5660 2036 5729 gium,
2056 5655 2194 5724 qttod
2217 5672 2312 5708 uos
2330 5655 2610 5708 virtutibus
2625 5653 2852 5714 erudia',
2885 5658 2937 5702 et
2959 5648 3228 5701 de-iderio
3253 5645 3448 5698 divinat-

1873 5751 2148 5805 charitatis
2177 5748 2391 5803 accendt
2415 5758 2453 5813 t,
2490 5764 2557 5802 ne
2588 5747 2641 5800 in
2675 5743 3026 5800 retributione
3048 5741 3160 5811 88
3185 5739 3446 5793 malorum
