4004 6342
187 433 274 489 iss
1081 392 1439 481 exrusrrio
1480 422 1541 477 IN
1583 420 2034 477 I’SALTL‘RIUM.
2077 418 2265 475 PSAL.
2310 418 2500 475 xxvi.
3286 374 3420 469 im
3460 404 3463 407 '

183 542 360 596 dicitur
386 535 676 607 anaphora,
705 536 916 606 quoties
946 552 1111 590 unum
1136 538 1355 591 verbum
1391 551 1487 604 per
1511 548 1736 588 comma-
1768 539 1865 596 At
1888 539 2002 591 tus,
2055 545 2214 598 supra
2263 545 2398 597 quos
2445 541 2597 582 mcns
2642 535 2824 581 nostra
2871 525 3124 580 decenter
3169 522 3421 595 erigitur,

182 644 281 687 tum
308 631 558 699 principia
592 628 885 696 repetitur;
937 629 1080 695 quod
1124 636 1181 682 et
1224 629 1277 681 in
1318 630 1495 695 capite
1546 623 1735 693 psalmi
1840 620 2054 691 quando
2086 619 2271 673 divino
2300 620 2561 673 beneficio
2599 633 2723 687 pura
2746 626 3011 672 servatur.

181 729 373 778 constat
400 719 667 784 cﬂ'cctum,
698 719 748 772 id
780 729 880 783 est,
910 717 1179 781 Dominus,
1217 718 1488 770 Dominus.
1919 708 2072 764 Vers.
2099 709 2183 763 l0.
2221 706 2508 761 Circumibo
2538 720 2582 761 et
2606 709 2874 760 immo'abo
2894 708 2947 759 in
2965 707 3287 759 tabernaculo
3306 708 3423 777 ejus

246 812 387 865 γωδ.
404 809 455 863 6.
487 807 654 861 Unam
676 808 794 875 petii
811 824 844 860 a
865 807 1255 873 Domino,ltanc
1277 808 1551 874 requiram.
1572 804 1739 859 Unam
1839 802 2059 854 hostiam
2077 800 2429 871 jubitationis;
2457 798 2672 852 cantabo
2717 806 2764 851 et
2809 795 3062 867 psalmum
3104 796 3271 848 dicam
3305 793 3422 846 Do-

179 917 279 956 rem
299 901 510 970 quidem
541 901 740 969 petiisse
768 914 827 954 se
852 899 980 952 dicit
1005 915 1036 951 a
1059 898 1305 963 Domino,
1332 912 1488 965 quam
1520 897 1740 965 exponit
1839 893 1999 944 mino.
2024 890 2273 944 Decursis
2295 888 2566 943 beneﬁciis
2595 904 2714 957 quae
2741 896 2792 941 et
2820 888 2886 941 de
2913 886 3089 940 loturo
3128 895 3182 940 et
3207 886 3260 939 in
3286 899 3420 952 prae-

178 991 403 1045 inferius.
427 988 534 1043 Sed
566 989 841 1042 videamus
867 990 912 1041 si
942 1004 1116 1053 unum,
1134 997 1189 1041 et
1214 1002 1320 1041 non
1348 986 1515 1054 magis
1537 988 1736 1039 omnia.
1841 983 1980 1038 senti
2007 995 2069 1037 se
2096 991 2423 1049 cognoverat
2458 980 2760 1047 accepisse,
2802 992 2944 1031 nunc
2973 976 3223 1044 gaudium
3265 989 3419 1028 suum

176 1081 376 1137 Calculo
411 1080 628 1151 quidem
668 1080 947 1148 singularis
992 1090 1106 1144 est,
1151 1079 1246 1134 sed
1288 1094 1466 1133 rerum
1508 1079 1739 1133 utilitate

176 1184 473 1234 numerosa;
499 1181 724 1239 angusta
756 1172 1020 1240 precatio,
1070 1171 1235 1224 latum
1283 1171 1581 1240 praemium;
1611 1169 1739 1223 bre-

176 1264 299 1318 viter
324 1263 602 1331 quae-ritur,
635 1264 728 1317 sed
777 1264 1051 1331 granditer
1098 1264 1434 1334 impetratur.
1473 1263 1738 1318 Bonorum

175 1369 289 1427 ergo
315 1369 427 1407 mos
456 1364 541 1409 est
570 1355 786 1408 domum
820 1354 1028 1407 Domini
1057 1354 1225 1409 solam
1255 1362 1530 1423 expetere,
1557 1355 1609 1407 in
1636 1369 1737 1423 qua

174 1447 298 1499 lona
315 1446 494 1499 omnia
519 1446 879 1499 continentur.
902 1444 1021 1498 Mali
1040 1454 1215 1499 autem
1234 1454 1443 1499 terrena
1468 1447 1741 1499 voluntate

173 1536 385 1603 discissi,
417 1538 546 1590 dum
576 1537 853 1591 sanitatem
883 1536 1127 1603 corporis
1151 1544 1355 1604 petttnt,
1383 1551 1504 1589 cum
1528 1535 1740 1588 divitias

172 1636 457 1693 precantur,
481 1642 608 1680 cum
636 1626 979 1680 inimicorum
1011 1625 1341 1695 dejectiones
1363 1627 1702 1694 expostulent
1720 1666 1739 1691 ,

173 1716 386 1783 petendo
416 1716 728 1785 fatigantur,
760 1724 813 1770 et
832 1716 1102 1775 interdum
1134 1718 1371 1784 peritura
1395 1718 1737 1786 conquirunt.

232 1807 380 1864 Vers.
400 1809 452 1861 7.
477 1808 546 1862 Ut
561 1808 836 1861 inhabilem
858 1810 910 1861 in
923 1809 1073 1861 domo
1090 1807 1297 1861 Domini
1318 1810 1549 1862 omnibus
1565 1808 1740 1861 diebus

1843 1074 2076 1129 mirabili
2122 1073 2430 1129 narratione
2480 1070 2753 1126 describit.
2784 1068 3074 1123 Circumibo
3121 1068 3272 1133 dicit,
3317 1067 3420 1121 hoc

1848 1174 1933 1220 est
1955 1167 2136 1218 animo
2167 1162 2543 1230 perscrutabor
2570 1175 2674 1230 qua
2726 1161 2963 1230 potentia
3014 1162 3181 1214 ctelos
3219 1159 3420 1223 fecerit,

1848 1255 2034 1309 stellas
2064 1253 2390 1318 fundaverit,
2418 1254 2586 1306 maria
2609 1250 3065 1311 determinaverit,
3092 1258 3288 1323 terram
3316 1256 3421 1302 sta-

1842 1345 2119 1409 biliverit,
2167 1352 2449 1412 totumque
2496 1340 2750 1394 mundum
2804 1338 2954 1393 varia
2983 1339 3237 1391 virtutum
3270 1337 3425 1390 laude

1842 1437 2218 1505 compleverit.
2254 1438 2316 1489 Et
2346 1450 2467 1489 cum
2497 1434 2611 1486 haec
2632 1433 2809 1487 omnia
2839 1431 3020 1485 animo
3042 1429 3422 1490 circtnnivcrit,

1841 1527 2105 1597 int-violare
2131 1542 2188 1581 se
2216 1526 2344 1579 dicit
2371 1527 2423 1578 in
2448 1524 2775 1577 tabernaculo
2822 1524 2935 1587 eius
2980 1521 3199 1574 hostiam
3232 1520 3424 1591 jubila~

1843 1620 2029 1684 tionis,
2082 1619 2131 1671 id
2188 1618 2350 1671 estin
2407 1615 2650 1670 Ecclesia
2697 1616 2814 1682 cjus
2858 1614 3057 1669 olTerre
3109 1613 3424 1666 sacrificium

1843 1711 2036 1764 laudis.
2062 1709 2433 1762 Jubilationem
2464 1708 2659 1776 quippe
2687 1708 2910 1760 dicimus
2939 1721 3005 1759 ex
3032 1719 3098 1759 eo
3137 1703 3277 1773 quod
3328 1719 3426 1756 nos

1839 1800 1989 1869 juvat
2034 1798 2253 1852 laudare
2285 1817 2295 1851 :
2330 1798 2547 1865 quando
2581 1796 2911 1851 delectantes
2942 1811 3062 1847 cun
3108 1810 3313 1847 summa
3340 1791 3425 1861 ju-

170 1900 270 1951 ritte
297 1914 418 1952 mete
440 1915 458 1951 :
490 1908 545 1951 ut
574 1900 769 1951 videam
790 1896 1100 1953 voluntatem
1128 1899 1358 1963 Domini,
1381 1910 1427 1954 ει
1449 1910 1684 1969 protegar
1709 1916 1740 1951 a
1774 1903 1817 1960 Β
1845 1891 2118 1945 cuuditate
2156 1893 2356 1957 gratias
2402 1887 2607 1943 referre
2636 1888 3030 1942 contendimus.
3069 1886 3305 1939 Diximus
3334 1899 3423 1938 su-

169 1988 335 2050 templo
368 1997 551 2041 sancto
590 1990 717 2059 ejus.
774 1971 898 2042 llam
939 2003 1021 2043 esr.
1067 2005 1171 2042 una
1214 1990 1554 2060 supplicatio,
1581 2003 1741 2058 quam

168 2084 398 2148 superius
420 2067 735 2151 expetebat.
760 2080 829 2133 Et
851 2082 972 2137 vide
998 2081 1118 2149 quia
1144 2083 1233 2135 nul
1258 2097 1285 2134 a
1314 2090 1511 2146 castra,
1540 2082 1741 2134 nullum

170 2170 391 2237 praelium
421 2182 661 2227 metuere
679 2173 880 2237 debuit,
900 2172 1100 2242 qudali
1123 2188 1181 2227 se
1196 2174 1493 2227 munitione
1505 2173 1738 2226 vallavit.

170 2259 284 2327 Quae
316 2269 442 2315 sunt
469 2262 614 2317 enim
645 2265 887 2318 civitates
923 2263 1147 2327 similes,
1188 2264 1279 2331 qui
1309 2271 1436 2317 sunt
1476 2264 1743 2316 exercitus

168 2351 432 2418 fortiores,
460 2369 620 2423 quam
651 2356 878 2408 habitare
904 2356 959 2408 in
996 2356 1148 2408 domo
1179 2352 1420 2420 Domini,
1461 2355 1551 2408 ubi
1600 2355 1736 2408 nihil

167 2440 442 2499 humanum
468 2486 483 2509 ,
519 2446 647 2500 nihil
677 2446 996 2501 diabolicum
1026 2457 1232 2503 certum
1276 2456 1357 2499 est
1384 2446 1729 2514 pertimescit

167 2531 225 2586 Et
253 2535 349 2589 hoc
375 2552 486 2589 non
518 2552 679 2604 parvo
708 2548 963 2607 tempore,
1010 2540 1103 2592 sed
1134 2538 1366 2591 omnibus
1409 2538 1586 2591 diebus
1620 2539 1737 2590 vitta

167 2641 279 2679 suis.
311 2624 575 2692 Quando,
609 2643 766 2697 rogo,
817 2639 1053 2694 metuat,
1082 2630 1165 2681 cui
1199 2630 1373 2683 omnis
1403 2630 1508 2683 vita
1553 2643 1742 2681 secura

167 2715 266 2768 est?
301 2715 460 2769 Videt
490 2718 649 2770 etiam
697 2717 1006 2769 voluntatem
1050 2715 1293 2779 Domini,
1337 2717 1428 2786 qui
1475 2724 1739 2782 prmeepta

167 2805 267 2873 ejus
296 2805 579 2875 intelligit,
607 2807 695 2874 qni
738 2808 951 2876 puritati
992 2807 1157 2876 ipsius
1187 2816 1295 2861 tota
1324 2822 1382 2861 se
1412 2817 1591 2861 mente
1614 2808 1739 2861 sub-

167 2898 367 2952 diderit.
410 2897 682 2967 Propheta
730 2900 872 2954 enim
908 2900 1157 2968 postulat
1203 2901 1397 2970 protegi
1442 2918 1473 2953 a
1501 2902 1740 2967 corporis

168 2986 353 3043 Christi
381 2989 594 3060 templo,
631 2991 772 3044 unde
806 3002 857 3044 et
886 2991 1278 3046 firmamentum
1319 2992 1478 3059 fidei,
1510 3004 1561 3044 et
1607 2992 1739 3045 invi-

167 3091 302 3134 ctum
330 3081 496 3135 robur
519 3082 849 3137 defensionis
877 3083 1153 3153 accipitur.
1187 3084 1263 3136 Ad
1296 3083 1421 3136 illud
1449 3082 1587 3135 enim
1612 3099 1733 3151 per-

170 3181 376 3225 venerat
414 3172 586 3225 aninti
633 3172 861 3237 virtute,
908 3173 1050 3242 quod
1100 3175 1271 3227 adhuc
1300 3189 1404 3226 non
1444 3175 1651 3227 videbat
1682 3174 1734 3227 in

170 3263 351 3329 specie.

230 3351 377 3407 Vers.
402 3353 454 3407 8.
509 3353 765 3419 Quoniam
796 3354 1060 3408 abscondit
1090 3373 1167 3409 me
1192 3356 1244 3408 in
1268 3357 1594 3410 tabernaculo
1619 3373 1732 3422 suo,

170 3442 215 3495 in
242 3442 318 3497 die
343 3445 597 3497 malorum
627 3446 844 3513 protexit
870 3460 950 3496 me
988 3446 1041 3497 in
1085 3447 1378 3499 abscondito
1427 3447 1737 3499 tabernaculi

171 3533 239 3585 sui
263 3551 282 3587 .'
310 3535 361 3587 in
401 3544 549 3604 petra
578 3535 821 3588 exultavit
869 3552 967 3589 me.
1000 3535 1229 3589 Versum
1260 3536 1401 3590 hunc
1430 3538 1583 3604 paulo
1613 3537 1735 3591 dili-

171 3628 367 3694 gentius
408 3641 829 3697 perSt-rutemur.
858 3631 945 3684 Ait
969 3632 1109 3684 enim
1138 3650 1151 3684 :
1193 3633 1447 3698 Quoniam
1476 3634 1737 3688 abrcondit

170 3730 241 3767 me
265 3718 316 3769 in
347 3718 671 3772 tabernaculo
692 3736 783 3772 suo
810 3721 860 3772 in
887 3720 968 3773 die
996 3723 1267 3787 malorum,
1285 3724 1587 3791 signiﬁcans
1605 3722 1734 3777 illud

169 3814 369 3875 tempus
403 3809 621 3878 quando
652 3811 813 3866 Saule
838 3821 1197 3881 persequente
1245 3814 1427 3865 multis
1474 3814 1600 3867 locis
1644 3828 1738 3882 per

172 3899 461 3966 squalentes
487 3901 774 3968 speluncas
813 3911 868 3955 et
915 3903 1185 3977 montium
1216 3912 1425 3958 secreta
1475 3902 1732 3957 latitabat.

172 3989 306 4055 Quod
338 3994 408 4048 illi
440 4010 635 4049 revera
662 3997 1045 4049 tabernaculum
1078 3997 1209 4061 fuit,
1242 3998 1361 4065 quia
1395 4012 1545 4049 mens
1576 3998 1740 4065 ipsius
1776 3988 1779 3991 ’

171 4094 420 4152 nunquam
441 4100 480 4137 ε
503 4086 780 4155 religionis
805 4086 1005 4155 pietate
1029 4088 1295 4141 di~cessit.
1320 4088 1391 4143 Se
1413 4089 1591 4154 mitur,
1621 4103 1740 4163 pro-

172 4176 281 4225 tezit
302 4192 375 4229 me
398 4178 457 4230 in
485 4178 784 4229 abscondito
824 4178 1139 4229 tabernaculi
1163 4178 1260 4231 sui.
1287 4177 1546 4245 Superius
1573 4176 1736 4240 dixit,
1784 4244 1787 4247 _

175 4262 443 4331 abscondit;
484 4281 622 4320 nunc
649 4267 793 4328 dicit.
821 4267 1059 4335 protecit.
1092 4266 1341 4319 Altscondi
1366 4278 1447 4320 est
1496 4281 1741 4335 quaeren-

177 4351 289 4406 tium
321 4358 493 4413 oculis
543 4372 647 4410 non
698 4359 960 4424 prmberi;
1012 4358 1205 4426 protegi
1247 4367 1462 4423 autem,
1500 4360 1566 4410 ab
1595 4359 1737 4411 οηιηί

178 4426 302 4498 uictu
340 4448 688 4517 periculoque
718 4448 951 4501 liberari.
988 4445 1073 4499 In
1103 4447 1398 4500 abscondito
1430 4448 1742 4500 tabernaculi
1780 4432 1787 4436 ’

179 4536 273 4599 sui,
300 4538 440 4605 dicit,
478 4537 530 4591 id
560 4547 640 4592 est
669 4539 720 4589 in
755 4537 1057 4591 Divinitatis
1083 4549 1313 4604 secreto,
1339 4539 1402 4590 ad
1432 4538 1571 4606 quod
1601 4553 1741 4591 sem-

1848 1983 2027 2049 perius
2047 1978 2187 2032 aliud
2216 1993 2336 2032 esse
2360 1987 2590 2040 cantare,
2626 1977 2766 2030 aliud
2792 1975 3043 2045 psalmum
3089 1976 3277 2029 dicere.
3300 1972 3425 2028 Can-

1846 2083 1955 2124 tere
1984 2082 2069 2125 est
2101 2058 2214 2124 sola
2267 2084 2397 2123 voce
2446 2068 2631 2122 laudes
2679 2083 2909 2130 canere;
2943 2068 3193 2134 psalmum
3236 2067 3425 2131 dicere,

1845 2163 1999 2217 bonis
2042 2160 2295 2231 operibus
2346 2161 2566 2229 gloriam
2600 2158 2806 2213 Domini
2859 2159 3170 2226 pra-dicare.
3205 2155 3425 2210 Cantare

1842 2252 1987 2308 enim
2017 2262 2063 2305 et
2089 2253 2343 2322 psalmum
2375 2250 2575 2315 dicere,
2608 2252 2717 2317 ipsa
2748 2259 2832 2302 est
2864 2248 3031 2301 Ito~tia
3054 2246 3416 2325 jubilationis.

1914 2365 2065 2420 Vers.
2098 2364 2184 2417 ll.
2216 2362 2456 2428 Exaudi,
2489 2360 2741 2426 Domine,
2771 2377 2941 2425 vocem
2970 2376 3132 2414 meam
3174 2376 3289 2429 qua,
3316 2360 3426 2414 cla-
3464 2422 3469 2427 ι

1840 2457 1974 2509 moui
2004 2455 2071 2509 sd
2097 2464 2144 2508 te
2166 2470 2184 2507 :
2211 2456 2446 2507 miserere
2479 2455 2572 2506 mei
2616 2461 2665 2506 et
2712 2453 2896 2506 exaudi
2942 2469 3038 2505 me.
3065 2450 3219 2505 Venit
3248 2450 3314 2505 ad
3342 2465 3425 2506 ses

1838 2546 2065 2599 cundam
2101 2545 2441 2612 positionem,
2487 2543 2541 2597 in
2574 2559 2675 2612 qua
2708 2559 2800 2612 per
2828 2543 3115 2609 gratiarum
3140 2542 3406 2605 actionem

1842 2634 2151 2702 psalmoditc
2180 2649 2405 2698 manus,
2428 2633 2942 2703 quodpromiserat,
2970 2632 3272 2699 exhiberet,
3292 2646 3425 2698 prae.

1840 2726 2012 2793 sentia
2064 2724 2434 2792 superioribus
2485 2726 2737 2793 iungens.
2792 2724 3039 2776 Clamavit
3098 2710 3465 2787 enim,cutu'

1841 2812 2036 2864 diceret
2066 2824 2085 2862 :
2118 2809 2184 2864 Ut
2204 2809 2481 2865 inhabilem
2504 2812 2557 2862 in
2576 2812 2727 2862 domo
2757 2809 2962 2861 Domini
2989 2810 3222 2861 omnibus
3246 2811 3423 2861 diebus
3442 2850 3455 2863 ρ

1839 2903 1952 2955 rita:
1972 2917 2115 2955 metu.
2143 2902 2205 2955 Et
2231 2916 2350 2955 cum
2374 2901 2620 2969 superius
2641 2902 2857 2971 dixerit,
2902 2902 3129 2955 hostiam
3155 2917 3213 2955 se
3230 2902 3424 2968 jubila~

1842 2992 2003 3046 tionis
2034 2992 2251 3056 offerre,
2285 2993 2407 3060 quia
2452 2994 2660 3046 diversa
2712 2994 2779 3047 sit
2811 3007 3030 3047 munera
3082 3003 3425 3058 consecutus,

1842 3096 1983 3135 nunc
2008 3148 2011 3151 _
2033 3086 2225 3135 iterum
2256 3092 2407 3149 rogat
2438 3090 2497 3135 ut
2543 3083 2867 3137 exaudiatur.
2898 3082 3005 3136 Nec
3027 3081 3297 3135 desiderio
3324 3068 3425 3136 suo

1838 3172 2013 3225 adhuc
2043 3171 2325 3238 satisfacit,
2363 3171 2462 3224 nisi
2498 3172 2596 3224 hoc
2625 3171 2895 3241 frequenti
2918 3172 3308 3239 supplicatione
3339 3186 3425 3224 ro-

1761 3262 1804 3321 C
1838 3262 2065 3331 gaverit,
2097 3262 2303 3327 scilicet
2331 3261 2453 3329 quia
2481 3260 2777 3315 divinarum
2818 3276 3003 3316 rerum
3033 3262 3175 3315 nulla
3201 3260 3426 3317 satietas

1838 3364 1954 3405 est:
1988 3353 2081 3405 sed
2105 3361 2303 3418 quanto
2331 3360 2573 3419 gustatur
2603 3350 2884 3417 Dominus,
2918 3361 3065 3405 tanto
3089 3352 3308 3424 suavius
3329 3367 3426 3421 ape

1837 3443 2054 3511 petitur:
2088 3442 2227 3494 sicut
2256 3452 2309 3495 et
2352 3441 2406 3494 in
2447 3443 2550 3494 alio
2583 3440 2791 3506 psalmo
2822 3441 2952 3496 dicit
2979 3459 2992 3494 :
3026 3439 3242 3496 Gustate
3278 3456 3325 3496 et
3353 3444 3426 3496 υἰ-

1836 3538 1947 3585 dcte
1977 3532 2219 3585 auoniam
2246 3532 2417 3584 suavis
2436 3542 2506 3583 est
2536 3530 2785 3584 Dominus
2811 3530 2981 3601 (Psal.
3007 3547 3204 3594 xxxnl,
3237 3530 3317 3601 9).

1908 3644 2066 3699 Vers.
2094 3643 2181 3698 i2.
2231 3643 2347 3698 Tibi
2374 3645 2505 3697 dixit
2555 3660 2642 3697 cor
2687 3659 2894 3699 meum:
2920 3643 3185 3711 Exquisiui
3229 3644 3433 3699 vultum

1840 3743 2005 3801 tuum;
2030 3733 2225 3787 vultum
2238 3746 2407 3799 tuum,
2422 3731 2667 3798 Domine,
2692 3732 2972 3801 requiram.
2989 3732 3425 3791 Cordesiderium
3450 3732 3462 3738 ’

1840 3825 2054 3878 tacitum
2077 3823 2271 3892 prodit,
2310 3823 2452 3892 quod
2482 3823 2599 3890 plus
2623 3824 2770 3877 audit
2794 3821 3059 3877 Divinitas
3082 3838 3242 3893 quam
3264 3837 3429 3891 popu-

1843 3916 2022 3974 lorum
2053 3916 2456 3969 tonantissimas
2483 3927 2673 3977 voces;
2696 3913 3012 3982 sicutﬂoysi
3035 3913 3259 3967 dicitur:
3292 3912 3427 3979 Quid

1844 4007 2037 4060 clamas
2066 4008 2134 4059 ad
2164 4022 2243 4059 me
2283 4004 2477 4072 (Exod.
2510 4020 2617 4066 xiv,
2650 4003 2775 4071 15)?
2804 4016 2927 4056 cum
2972 4003 3182 4056 locatus
3225 4002 3433 4069 aliquid

1844 4112 1949 4160 non
1983 4098 2210 4164 legatur.
2239 4091 2438 4145 Fidelis
2468 4094 2643 4159 itaque
2666 4091 2747 4144 vir
2772 4105 2866 4143 cor
2892 4105 3045 4145 suum
3071 4091 3295 4144 dixitad
3321 4095 3422 4144 Do-

1841 4182 2045 4237 minum
2076 4181 2240 4247 loqui,
2268 4178 2518 4246 quoniam
2551 4179 2650 4232 hoc
2677 4178 2957 4231 videbatur
2989 4178 3133 4246 quod
3154 4179 3429 4246 cogitabat

1842 4273 2056 4329 oll‘erre.
2095 4270 2303 4324 Vultum
2333 4278 2513 4323 autem
2544 4266 2755 4323 Domini
2784 4269 3004 4338 quaerit,
3034 4270 3123 4337 qui
3147 4284 3211 4329 se
3233 4279 3420 4327 sancta
3474 4328 3477 4331 ,

1841 4363 2254 4420 conversatione
2301 4365 2643 4428 tractaverit;
2695 4364 2764 4417 de
2812 4362 3005 4431 quibus
3058 4365 3427 4421 dictantest:

1842 4454 1992 4509 Beati
2004 4459 2196 4509 mundo
2218 4455 2390 4518 corde,
2404 4455 2641 4520 quoniam
2663 4454 2762 4516 ipsi
2778 4452 2938 4507 Deum
2962 4454 3196 4507 videbunt
3210 4452 3427 4523 (Matth.

1845 4544 2251 4616 v,2).Gentinat
2279 4560 2488 4613 quoque
2505 4542 2646 4613 quod
2675 4544 2870 4596 dictum
2900 4553 3003 4609 est,
3036 4545 3229 4595 uultum
3256 4551 3426 4608 tuum,

182 4635 265 4691 per
290 4628 511 4683 devotus
533 4630 743 4681 animus
768 4627 1051 4683 festinabat
1077 4671 1091 4694 ,
1131 4629 1256 4682 dum
1290 4626 1358 4682 ibi
1390 4629 1489 4682 sibi
1518 4644 1635 4683 esse
1660 4631 1737 4682 vi-
1764 4620 1818 4679 D
1847 4638 2093 4703 οοηιίηε,
2123 4638 2399 4705 requiram.
2437 4636 2549 4690 Una
2580 4634 2795 4703 quidem
2828 4648 2945 4699 res,
2978 4633 3071 4687 sed
3096 4633 3431 4701 frequentata

183 4713 402 4784 tlebatur,
433 4719 524 4773 ubi
555 4719 672 4788 ejus
704 4720 930 4774 intentio
981 4716 1331 4789 perdurabat.
1356 4721 1507 4785 Quod
1562 4731 1739 4774 autem

184 4805 323 4859 dicit:
348 4808 410 4863 In
436 4821 585 4873 petra
610 4809 855 4864 exultavit
878 4827 985 4874 me,
1005 4811 1069 4863 ad
1096 4812 1515 4873 incarnationem
1537 4811 1741 4865 Domini

186 4899 424 4965 pertinet;
456 4902 709 4969 quoniam
732 4902 800 4956 de
828 4902 944 4971 ejus
964 4901 1169 4956 semine
1192 4912 1345 4954 natus
1361 4914 1440 4954 est
1463 4901 1706 4955 Clirisnis
1726 4942 1741 4966 ,

186 4989 367 5055 quiest
393 4994 539 5063 lapis.
558 4994 799 5048 adunans
829 4996 1050 5063 populos
1077 4995 1366 5063 angularis.

249 5080 394 5137 Ven.
419 5085 475 5140 9.
512 5083 666 5137 Nunc
689 5096 859 5138 autem
904 5085 1141 5137 exultavit
1184 5092 1338 5153 caput
1382 5101 1548 5138 meum
1592 5100 1746 5153 super
1794 5090 1797 5095 ’

186 5170 401 5229 inimicos
424 5188 580 5229 meos.
610 5175 896 5244 Postquam
920 5174 1054 5228 dixit
1080 5176 1296 5241 prtemia
1314 5191 1431 5242 quas
1454 5176 1519 5229 de
1537 5178 1743 5231 Domini

190 5271 331 5316 erant
376 5266 744 5321 incarnatione
770 5275 1028 5329 ventura,
1078 5280 1217 5317 nunc
1259 5265 1388 5319 dicit
1429 5267 1743 5334 pra'sentia,

186 5361 300 5405 cum
330 5368 451 5410 eum
480 5357 550 5410 ab
576 5356 807 5410 inimicis
830 5357 962 5423 suis,
991 5356 1105 5409 sive
1131 5355 1462 5415 carnalibus.
1496 5359 1608 5411 sive
1637 5358 1745 5425 spi-

192 5436 458 5499 ritualibus
481 5455 691 5501 constat
718 5460 840 5500 esse
870 5446 1172 5498 liberatum.
1199 5443 1363 5511 Caput
1383 5461 1547 5497 meum
1564 5487 1578 5510 ,
1608 5447 1744 5501 lii-ne

192 5533 374 5589 tuentis
396 5536 608 5591 oculum
635 5535 875 5591 videmur
904 5534 1168 5603 accipere,
1223 5532 1313 5602 qui
1355 5549 1539 5589 revera
1587 5544 1747 5604 caput

189 5632 414 5681 nostrum
456 5637 577 5693 est,
629 5643 737 5696 quo
784 5634 1066 5696 vegetante
1133 5640 1418 5694 possumus
1476 5627 1741 5680 contueri.

188 5708 308 5769 Nam
337 5719 641 5790 plerumque
675 5720 804 5773 illud
836 5719 1063 5772 dicimus
1090 5725 1275 5784 caput,
1313 5716 1452 5786 quod
1504 5716 1745 5773 eminere

187 5816 519 5867 monstratur.
554 5811 722 5879 Super
748 5813 998 5874 inimicos,
1035 5799 1260 5865 vitiosos
1291 5809 1551 5879 significat
1579 5824 1744 5879 appe-

1841 4727 2108 4795 precatio;
2152 4726 2357 4791 st-iebat
2394 4724 2536 4778 enim
2573 4738 2731 4792 quam
2783 4723 3073 4790 pretiosum
3125 4719 3429 4797 est,lquod

1841 4818 2050 4871 ardenti
2081 4817 2258 4872 studio
2289 4817 2446 4870 toties
2472 4814 2780 4884 expetebat.

1917 4907 2070 4962 Vers.
2106 4906 2190 4961 l5.
2230 4905 2308 4960 Ne
2339 4916 2537 4981 avertas
2576 4905 2761 4975 faciem
2787 4915 2925 4957 tuam
2952 4919 2983 4955 a
3014 4919 3127 4971 me,
3161 4888 3319 4975 neque
3341 4902 3432 4959 de-

1852 5000 2009 5051 clines
2031 4998 2083 5049 in
2107 4998 2181 5048 ira
2206 5014 2237 5049 a
2259 5014 2400 5049 serra
2428 5006 2532 5049 tuo.
2558 4995 2826 5048 Desideria
2854 5008 2947 5046 sua
2976 5005 3131 5047 caute
3154 4994 3431 5049 decenter-

1853 5106 1957 5160 que
1984 5091 2320 5158 exsequitur.
2342 5086 2633 5155 Superiore
2658 5084 2856 5152 quippe
2881 5100 3036 5139 versu
3063 5086 3333 5154 professus
3347 5094 3430 5139 est

1852 5180 2056 5237 vultum
2109 5181 2317 5236 Domini
2371 5194 2430 5233 se
2478 5179 2847 5232 desideranter
2875 5184 3187 5247 exquirere;
3218 5190 3430 5246 etquo-

1853 5272 1991 5325 niam
2032 5288 2137 5323 non
2186 5280 2268 5325 est
2309 5270 2360 5323 in
2412 5277 2673 5334 potestate
2722 5268 2954 5323 hominis
2989 5284 3143 5322 suum
3184 5268 3429 5323 obtinere

1852 5362 2179 5417 desiderium
2196 5402 2211 5425 ,
2237 5371 2482 5430 precatur
2496 5376 2559 5414 ne
2569 5370 2758 5413 avertat
2781 5362 2960 5427 {aciem
2982 5375 3131 5414 suam
3148 5359 3425 5426 Dominus,

1851 5469 2012 5524 quam
2040 5452 2129 5507 ille
2155 5466 2474 5521 magnopere
2499 5450 2816 5520 postulabat.
2839 5451 3006 5520 Ipsius
3030 5451 3169 5509 enim
3193 5449 3429 5504 muneris
3486 5510 3489 5513 η

1851 5553 1964 5607 est,
1998 5557 2057 5597 se
2088 5552 2339 5609 prmstare
2368 5540 2692 5611 fidelissimis
2722 5542 3111 5615 contuendum.
3142 5539 3426 5608 Sequitur:
3484 5606 3491 5613 ἱ

1854 5633 2036 5703 Neque
2063 5633 2282 5687 declines
2307 5633 2359 5685 in
2390 5635 2470 5687 ira
2501 5650 2533 5685 a
2558 5648 2702 5687 seruo
2730 5643 2837 5688 tuo.
2862 5631 3017 5701 Satpe
3042 5630 3273 5685 diximus
3300 5631 3430 5682 iram

1853 5725 1976 5793 poni
2006 5722 2187 5792 judicii
2226 5732 2465 5791 tempus,
2511 5739 2631 5777 cum
2677 5723 2946 5777 discernet
2994 5723 3163 5775 malos
3191 5734 3221 5773 a
3251 5718 3429 5774 bonis.
3484 5760 3489 5767 .

1853 5812 1961 5869 Illis
2010 5814 2152 5870 etiim
2192 5813 2347 5868 irasci
2386 5814 2643 5878 creditur,
2685 5811 2774 5879 qui
2822 5810 3017 5865 infelici
3061 5806 3432 5879 segregatione
