3996 6346
484 347 619 404 ΙΜ·

1687 334 1770 389 Μ.
1803 328 2087 389 Αυιιειιι
2116 328 2533 390 CASSIODORI!
2762 338 2795 355 ‘
2864 384 2865 387 η

3656 321 3793 388 ιρι.

482 452 771 513 damnandi
809 460 952 510 sunt.
984 450 1154 520 Rogat
1183 460 1309 517 ergo
1348 459 1415 503 ne
1454 452 1578 498 tunc
1607 444 1673 496 ab
1704 444 1819 510 ιιι-ο
1850 444 2064 493 destinet
2096 444 2146 502 Α
2176 439 2345 493 Testes
2373 456 2499 508 ergo
2532 436 2701 505 iniqui
2732 429 2941 490 filerunt
2991 429 3167 492 ιιοπωιι
3206 436 3497 504 ldommus,
3537 448 3806 515 ejusque“

486 548 780 610 Dominus,
812 540 1025 612 quando
1056 535 1254 591 sanctis
1280 534 1481 587 vultum
1513 545 1624 585 sua:
1656 530 1950 599 maiestatis
1980 528 2062 579 in-

484 636 735 690 dulserit.
790 632 965 688 Homo
1006 625 1233 681 carnalis
1275 623 1443 677 Deum
1504 622 1683 683 timet,
1728 635 1801 673 ne
1837 618 2067 685 νροιιτιιε

486 704 890 796 ingravantibus
909 730 997 773 aut
1026 715 1376 772 substantiam
1403 714 1609 780 perdat,
1643 723 1731 764 aut
1751 711 1888 763 filios
1911 709 2072 760 amit-
2110 782 2113 785 γ

487 817 721 885 tat,90
751 824 840 865 aut
869 808 1017 876 copia
1045 806 1160 859 auri
1186 804 1497 871 argentique
1528 800 1823 853 minuatur:
1854 807 2069 849 satiatus
2110 864 2117 869 ἱ

486 920 662 961 autem
691 906 766 957 vir
794 906 892 955 hoc
920 910 1123 953 tantum
1156 897 1365 958 metuit,
1397 910 1465 945 nc
1485 909 1512 943 a
1541 894 1685 944 vultu
1718 888 1925 942 Domini
1952 888 2075 941 red-
2112 960 2115 963 _

487 999 644 1050 datur
663 995 889 1047 alienus.

561 1083 713 1138 Vers.
746 1080 833 1135 14.
864 1079 1083 1146 Adiutor
1128 1090 1270 1128 meus
1319 1083 1452 1135 esto,
1490 1085 1553 1123 ne
1585 1066 1910 1135 derelinquas
1957 1080 2079 1128 me,

487 1193 523 1229 n
548 1170 644 1243 que
690 1172 949 1241 despicias
986 1183 1064 1220 me
1089 1207 1102 1230 ,
1155 1165 1291 1217 Deus
1330 1160 1575 1214 salutaris
1616 1173 1775 1210 naeus.
1810 1155 1910 1210 Ubi
1950 1161 2075 1206 sunt

488 1242 587 1334 qui.
626 1264 871 1318 humanis
923 1260 1128 1312 meritis
1182 1256 1366 1308 dicunt
1419 1248 1618 1319 aliquid
1662 1242 2076 1317 applicandum?

489 1355 633 1410 Petit
674 1368 774 1408 rex
794 1361 853 1406 et
873 1348 1157 1420 propheta,
1201 1346 1389 1412 plenus
1428 1341 1598 1409 gratia
1627 1348 1681 1391 et
1704 1334 2075 1390 benedictione
2100 1341 2105 1345 ’

490 1446 720 1509 οωιθδιὶ,
748 1458 815 1497 ne
842 1442 1120 1494 deseratur
1138 1454 1167 1490 a
1200 1433 1572 1490 Domino..Scit
1598 1431 1739 1484 enim
1765 1427 1885 1498 quia
1909 1426 1954 1479 si
1986 1425 2079 1479 ille

490 1535 800 1605 reliquerit,
845 1534 986 1586 nulla
1032 1546 1090 1585 se
1124 1514 1362 1597 potestas
1392 1539 1577 1592 regere
1609 1518 2078 1590 prtevtilebit-l\‘ec

492 1628 660 1681 semel
689 1627 737 1679 ei
768 1625 985 1691 petiisse
1010 1620 1227 1687 sufﬁcit,
1261 1619 1358 1671 nisi
1394 1616 1495 1669 hoc
1525 1614 1699 1680 ipsum
1730 1612 1831 1665 sub
1878 1611 2076 1675 repeti-
2118 1608 2121 1613 ’

498 1723 645 1771 tione
665 1716 987 1784 geminaret.
1010 1711 1215 1780 Despit‘i
1232 1711 1373 1763 enim
1397 1720 1610 1773 semper
1635 1702 1830 1757 addicti
1853 1713 1955 1765 est,
1980 1715 2078 1755 nec

2178 533 2406 596 similes,
2436 532 2525 599 qui
2555 548 2677 587 eum
2711 532 3057 600 prodiderunt
3078 531 3233 591 Sauli
3265 546 3294 584 a
3316 532 3575 602 propheta
3599 531 3756 587 Acbi-
3804 583 3813 597 ,

2172 625 2378 679 melech
2423 625 2589 678 fuisse
2617 636 2945 691 susceptum,
2976 634 3031 677 et
3048 624 3281 695 gladium
3313 624 3389 678 illi
3410 632 3756 694 sumptusque
3806 682 3807 687 η

2171 715 2524 782 datos;.qnnd
2556 702 2654 766 rex
2687 714 2983 766 sacerdotis
3009 724 3168 782 atque
3197 712 3424 768 ﬁliorum
3445 713 3565 782 ejus
3585 720 3755 769 morte

2173 805 2451 858 rt-seravit.
2486 802 2684 856 Μανιηῆ
2731 814 2854 855 sunt
2902 804 3045 855 enim
3090 805 3330 856 dicentes
3359 810 3545 855 contra
3575 814 3757 867 regem

2177 894 2391 948 Sit-ilum
2421 894 2582 945 David
2613 894 2836 947 consilia
2870 894 3032 946 fuisse
3056 893 3209 957 data,
3255 892 3530 960 Deumque
3571 905 3668 959 pro
3693 904 3770 947 eo.

2174 984 2196 1035 f
2214 975 2336 1055 {lese
2358 982 2730 1049 deprecatum;
2756 981 2895 1049 quod
2931 981 3088 1034 latius
3120 980 3321 1050 Regum
3351 990 3528 1034 textos
3549 980 3759 1050 eloqui-

2176 1084 2261 1128 tur
2282 1078 2300 1143 (
2321 1072 2347 1126 ι
2379 1073 2500 1144 lieg.
2528 1074 2681 1142 χχιι).
2709 1066 3075 1128 Pulcherrime
3104 1081 3279 1125 autem
3307 1071 3444 1125 dixit
3480 1070 3623 1138 sibi,
3641 1069 3759 1139 quia

2178 1148 2438 1217 mendacii
2478 1163 2563 1217 sui
2607 1177 2792 1232 prunas
2825 1162 3015 1232 recipit
3039 1162 3139 1231 qui
3176 1161 3366 1215 falsum
3393 1160 3761 1216 testimonium

2179 1253 2417 1323 proferre
2442 1265 2599 1308 conte
2624 1254 2736 1308 vdit.
2768 1253 2891 1307 Sive
2909 1244 2933 1318 ,‘
2960 1264 3018 1306 ut
3057 1252 3148 1307 alii
3190 1253 3407 1314 dicunt,
3454 1252 3653 1306 idioma
3684 1259 3772 1305 est

2179 1347 2472 1415 Scriptura:
2500 1347 2718 1410 divinat,
2750 1356 2805 1398 ut
2836 1362 2932 1415 pro
2960 1345 3211 1414 singulari
3256 1344 3479 1415 pluralis
3506 1357 3759 1396 numerus

2177 1447 2500 1509 apponatur;
2532 1448 2587 1492 et
2626 1439 2817 1492 iterum
2852 1428 3208 1506 pluralis‘pro
3252 1436 3506 1504 singulari
3539 1448 3777 1489 numero.

2179 1532 2478 1587 inveniatur
2504 1530 2802 1599 adjunctus;
2831 1530 2971 1583 sicut
2995 1516 3064 1583 de
3091 1528 3545 1585 Herode-mortuo
3572 1529 3770 1596 legitur.

2179 1618 2378 1677 dictum
2414 1638 2425 1672 :
2470 1618 2661 1673 Morini
2708 1628 2826 1673 sunt
2872 1618 3293 1688 quiquterebant
3338 1619 3564 1671 animant
3620 1618 3775 1687 pueri

2182 1708 2395 1785 (nauli.
2432 1727 2489 1773 tt,
2514 1710 2641 1780 20);
2676 1712 2754 1763 vel
2781 1709 2947 1780 Moysi
2980 1708 3045 1762 de
3066 1700 3342 1762 Pharaone
3369 1710 3765 1778 pronuntiatum

495 1820 717 1862 securus
746 1805 896 1859 reddi
929 1811 1121 1872 potest,
1155 1800 1253 1853 ltiSl
1285 1815 1441 1868 quem
1468 1794 1669 1864 μεωείὸ
1700 1807 1923 1848 serenus
1945 1807 2074 1846 οω-
2111 1821 2156 1879 Β
2184 1799 2299 1858 ρειξ
2336 1802 2469 1866 Quia
2515 1801 2704 1854 mortui
2740 1809 2859 1853 sum
2899 1800 2984 1869 qui
3027 1799 3317 1870 qum-ebant
3355 1788 3582 1857 animm”
3630 1810 3777 1852 tum

498 1900 582 1952 lus
605 1897 859 1951 intuetur.

428 1962 431 1965 ἱ
570 1987 719 2041 Vers.
748 1984 837 2039 15.
869 1982 1122 2049 Quoniam
1158 1991 1300 2050 pater
1323 1994 1460 2031 meus
1484 1986 1535 2031 et
1563 1985 1726 2030 mater
1756 1992 1872 2028 mea
1897 1974 2084 2027 dereli-

497 2086 711 2148 querttnt
736 2092 814 2129 me
838 2091 857 2128 :
890 2073 1142 2127 Dominus
1186 2080 1359 2122 mitem
1400 2068 1674 2134 assumpsit
1726 2082 1824 2118 me.
1878 2062 2091 2117 Patrem

492 2184 656 2225 unum
684 2167 854 2222 Adam
885 2164 1113 2234 primum
1147 2162 1414 2215 hominem
1437 2161 1586 2224 dicit,
1618 2165 1833 2210 ntatrem
1859 2170 2081 2207 uxorem

500 2262 619 2329 ejus
663 2258 861 2321 Evam,
911 2256 1051 2309 unde
1080 2252 1354 2322 generatio
1388 2254 1617 2303 humana
1661 2247 1957 2300 descendit.
1996 2245 2083 2299 Isti

501 2365 630 2419 ergo
678 2349 1011 2416 reliquerunt
1058 2344 1369 2398 conditione
1418 2339 1662 2401 llltrl’lali,
1695 2352 1792 2390 nec
1846 2337 2087 2389 euut-rire

505 2438 1035 2507 vatuerunt,quaudo
1056 2435 1124 2489 d'e
1146 2438 1247 2486 hac
1273 2436 1389 2485 luce
1412 2430 1652 2484 translati
1675 2436 1817 2480 sunt.
1834 2426 2088 2490 Quamvis

505 2530 646 2586 istud
668 2530 737 2584 de
761 2529 879 2598 ejus
897 2526 1231 2596 genitoribus
1254 2523 1421 2592 possit
1449 2520 1697 2589 intelligi:
1722 2519 1844 2587 quia
1865 2519 2084 2569 domum

507 2623 676 2691 patris
704 2619 785 2674 sui
816 2628 1107 2685 matrisque
1129 2625 1256 2669 tunc
1285 2611 1593 2680 dereliquit,
1626 2608 1837 2680 quando
1867 2623 1897 2660 a
1927 2623 2090 2674 popu-

508 2714 574 2768 lis
604 2711 843 2766 llebrteis
882 2709 946 2761 ad
990 2707 1136 2777 regni
1179 2705 1393 2759 culmen
1442 2712 1661 2756 evectus
1684 2712 1793 2755 est.
1817 2700 2099 2769 Sequitur,

506 2804 762 2857 Dominus
802 2809 969 2853 autem
1018 2796 1295 2867 assumpsit
1346 2811 1456 2859 me,
1513 2793 1566 2846 itt
1600 2793 1719 2846 loco
1746 2790 1950 2846 scilicet
1978 2790 2091 2844 veri

507 2896 767 2964 parentis.
804 2892 963 2945 Pater
988 2902 1065 2945 est
1099 2889 1219 2959 quia
1271 2888 1530 2951 condidit,
1567 2890 1688 2955 quia
1731 2886 1899 2956 regit;
1932 2896 2092 2938 mater

504 2986 629 3055 quia
657 2983 824 3046 fovet,
855 2985 979 3050 quia
1014 2982 1256 3033 inﬁrmos
1282 2989 1337 3033 et
1368 2979 1621 3046 parvulos
1652 2976 1835 3030 lactat.
1880 2979 2094 3029 Assum-

506 3076 607 3147 psit
646 3090 775 3130 vero
818 3072 975 3139 dixit,
1029 3072 1132 3124 hoc
1180 3080 1293 3136 est,
1340 3070 1415 3124 de
1451 3069 1653 3137 privata
1687 3067 1994 3122 conditione
2039 3066 2093 3118 in

508 3180 674 3235 regno
702 3161 900 3234 posuit.
1546 3248 1565 3250 _
2118 3192 2163 3250 (Σ

579 3255 739 3312 Vere.
773 3255 861 3310 i6.
888 3251 1070 3325 Legem
1092 3251 1217 3305 mihi
1242 3251 1510 3313 constitue,
1534 3248 1783 3316 Domine,
1804 3251 1858 3303 in
1878 3250 1958 3303 eiu
1982 3261 2090 3316 tuo,

511 3358 560 3403 et
585 3347 750 3417 dirige
777 3361 856 3399 me
883 3348 935 3397 in
962 3344 1142 3399 semita
1171 3353 1307 3396 recta
1336 3336 1541 3413 propter
1562 3342 1791 3395 inimicos
1819 3358 1974 3395 meos.
2001 3341 2095 3394 Le-

509 3456 623 3513 gem
649 3439 751 3495 sibi
771 3437 932 3491 statui
960 3437 1104 3491 illam
1132 3435 1307 3505 potius
1332 3433 1542 3487 Domini
1569 3435 1890 3500 deprecatur
1911 3432 2096 3486 Salva-

512 3532 671 3600 toris,
702 3545 807 3600 qua
849 3529 1118 3584 debitores
1150 3525 1391 3580 noscitur
1420 3526 1681 3579 liberasse
1725 3539 1819 3593 per
1845 3525 2098 3592 gratiam.

516 3623 689 3695 Moysi
716 3623 857 3676 enim
889 3620 973 3675 lex
1002 3618 1096 3673 illo
1138 3625 1380 3687 tempore
1413 3614 1526 3685 jam
1551 3615 1675 3669 data
1704 3624 1851 3680 erat;
1886 3613 2095 3669 Domini

510 3722 691 3769 autem
738 3712 1058 3781 sperabatur
1097 3722 1221 3765 esse
1249 3715 1506 3774 ventura,
1538 3720 1697 3776 quam
1726 3705 1827 3760 sibi
1864 3706 2097 3775 postulat
2136 3706 2137 3709 “

509 3803 713 3859 debere
737 3800 997 3855 constitui.
1022 3797 1089 3853 In
1116 3798 1196 3851 via
1217 3806 1327 3863 tua,
1352 3795 1405 3850 id
1426 3804 1510 3851 est
1532 3796 1584 3850 in
1611 3795 1825 3883 Christo
1847 3806 1936 3849 tuo
1956 3834 1971 3861 ,
2001 3794 2095 3865 qui

510 3902 595 3949 est
618 3893 730 3958 sia,
760 3891 977 3956 veritas,
1008 3898 1056 3943 et
1098 3889 1202 3941 vita
1228 3886 1418 3957 (Joan.
1450 3901 1557 3952 xrv,
1582 3886 1671 3956 ϐ).
1708 3886 1803 3940 ιιιι»
1845 3887 1986 3941 enim
2013 3900 2097 3940 ve.

514 3985 696 4038 niente
718 3983 863 4052 juste
886 3981 1262 4051 praesumebat,
1284 3982 1408 4051 quia
1429 3994 1550 4035 eam
1571 3988 1627 4035 et
1648 3984 1844 4035 dot-ere
1864 3990 2091 4050 poterat,
2138 4002 2139 4005 η

508 4086 564 4133 et
611 4075 818 4145 impleri
847 4089 1003 4145 posse
1038 4074 1343 4143 praestabat.
1379 4072 1629 4130 Semitam
1660 4087 1786 4128 vero
1814 4074 1924 4142 jam
1955 4072 2093 4135 disi-

510 4180 631 4221 ntus
665 4168 731 4221 ad
785 4168 1181 4234 Scripturarum
1212 4160 1615 4236 intelligentiam
1646 4168 1931 4235 pertinere.
1963 4164 2091 4220 Pre-

508 4265 663 4314 eatur
682 4270 812 4327 ergo
832 4257 1087 4326 propheta
1112 4263 1169 4310 ut
1187 4255 1393 4311 Veteris
1408 4257 1740 4312 Testamenti
1765 4268 1908 4311 recte
1929 4258 2096 4311 libros
2142 4264 2145 4267 '

514 4348 806 4416 intelligat,
837 4357 891 4401 et
913 4360 1196 4401 venturum
1227 4349 1279 4401 in
1310 4350 1387 4402 eis
1415 4347 1698 4403 Dominum
1729 4364 1849 4403 esse
1896 4364 2095 4417 cogno-

509 4451 645 4497 seat.
667 4439 887 4509 Propter
907 4438 1136 4494 inimicos
1163 4448 1339 4494 autem
1364 4441 1521 4506 dicit,
1562 4442 1615 4496 id
1652 4450 1736 4496 est
1778 4442 2090 4511 luereticos,

2213 1896 2377 1950 Exod.
2401 1911 2474 1958 tv,
2502 1896 2615 1961 i9).
3076 1950 3083 1957 ,
3426 1952 3427 1955 η

2184 1898 2377 1969 (Exod.
2401 1911 2474 1958 tv,
2502 1898 2615 1961 l9).
3076 1950 3083 1957 ,
3426 1952 3427 1955 η

2257 1986 2411 2041 Vers.
2447 1986 2530 2038 l8.
2555 1982 2722 2037 Credo
2746 1984 2915 2037 videre
2942 1982 3070 2035 bona
3097 1978 3303 2043 Domini
3327 1982 3379 2034 in
3424 1991 3558 2034 terra
3599 1980 3772 2035 viven-

2184 2078 2333 2131 tium.
2370 2074 2625 2143 Exspecta
2683 2074 2976 2127 Dominum.
3029 2060 3314 2142 Postquam
3367 2072 3548 2127 multis
3595 2072 3785 2128 modis»

2186 2168 2468 2222 Dominum
2516 2167 2834 2225 deprecatus
2889 2156 3084 2218 estne
3115 2165 3561 2232 persequentibus
3594 2164 3771 2217 trade-

2186 2269 2363 2321 retur,
2382 2256 2455 2309 ad
2475 2256 2810 2310 conﬁdenti.»
2832 2269 2940 2307 sine
2965 2255 3101 2308 redit
3124 2256 3402 2317 misiliam,
3436 2254 3645 2321 sibique
3673 2254 3783 2323 ipsi.

2190 2349 2447 2419 promittit
2477 2344 2619 2416 quod
2668 2348 2798 2398 bona
2826 2346 2991 2398 rideat
3021 2346 3071 2397 in
3100 2354 3234 2399 terra
3272 2336 3568 2408 virentium,
3600 2344 3648 2398 id
3696 2351 3787 2400 est

2192 2440 2243 2492 iu
2277 2439 2448 2491 futura
2478 2438 2586 2490 vita
2607 2478 2622 2501 ,
2662 2436 2747 2489 ubi
2780 2438 2913 2488 bona
2944 2445 3065 2489 sunt
3096 2426 3439 2505 sempiterna.
3466 2425 3532 2489 Et
3559 2437 3785 2505 proprie

2190 2530 2391 2584 dictum
2430 2537 2513 2582 est
2541 2536 2729 2580 terram
2757 2525 2901 2579 illam
2935 2542 3053 2581 esse
3077 2514 3368 2601 viventium,
3392 2527 3644 2595 quoniam
3678 2527 3775 2581 ista

2193 2623 2512 2675 morientum
2546 2628 2647 2673 est.
2677 2618 2775 2684 Qui
2807 2629 2978 2672 status
3004 2618 3141 2687 apud
3174 2628 3415 2673 oratores
3442 2618 3636 2673 dicitur
3657 2618 3772 2674 θοι·
3804 2684 3805 2687 η

2194 2710 2681 2778 lectivus,quando
2702 2724 2777 2762 es
2810 2700 3019 2776 scr'pto‘
3045 2694 3339 2783 colligitur,
3359 2708 3409 2762 id
3452 2692 3597 2776 quod
3644 2707 3774 2762 seri—

2194 2814 2339 2872 ptum
2374 2818 2477 2855 non
2503 2810 2605 2867 est,
2640 2810 2701 2852 ut
2734 2816 2837 2873 per‘
2851 2798 2903 2852 id
2934 2801 3187 2853 doceatur
3209 2786 3328 2855 esse
3354 2792 3417 2854 ac
3450 2800 3496 2855 si
3518 2800 3773 2870 scriptum

2196 2895 2400 2947 fuisset.
2438 2891 2509 2945 Ita
2538 2900 2593 2944 ct
2631 2892 2719 2944 hic
2764 2891 2935 2943 futura
2979 2890 3195 2959 prtemia
3233 2906 3301 2945 ex
3340 2882 3790 2946 antecedentibus-

2198 2982 2469 3036 beneﬁciis
2507 2982 2605 3034 ’sibi
2647 2980 2819 3034 caedit
2842 2995 2961 3034 esse
2992 2990 3233 3035 ventura.
3272 2976 3687 3036 Terram‘autetn
3711 2979 3788 3034 ei-

2196 3075 2435 3140 ventium,
2467 3073 2678 3142 proprie
2719 3073 2995 3139 Scriptura
3027 3082 3411 3126 commemorat
3438 3060 3648 3125 divina.
3677 3069 3783 3126 Ad-

2197 3168 2362 3221 ditum
2385 3177 2467 3220 est
2497 3183 2511 3217 :
2544 3163 2797 3231 Exspecta
2829 3162 3127 3227 Dominum,
3166 3164 3373 3217 scilicet
3413 3164 3505 3233 qui
3552 3150 3789 3234 promih

2198 3258 2363 3310 tendo
2390 3272 2497 3310 non
2534 3254 2697 3320 fallit,
2747 3255 2833 3324 qui
2875 3256 3177 3324 praestando
3206 3270 3311 3308 non
3355 3246 3787 3326 imputat,sicut

2194 3348 2427 3405 Jacobus
2454 3349 2727 3416 apostolos
2757 3349 2867 3401 ait:
2903 3346 3002 3412 Qui
3044 3347 3130 3400 dat
3160 3348 3391 3401 omnibus
3427 3348 3717 3415 aﬂuenter,
3738 3357 3780 3402 et

2195 3457 2297 3493 non
2321 3442 2634 3511 improperat
2663 3438 2803 3508 (Jac.
2840 3455 2886 3503 ι,
2914 3440 2993 3505 5).

2272 3532 2420 3586 Vers.
2460 3531 2541 3586 lt).
2580 3528 2805 3585 Viriliter
2832 3524 2959 3599 age,
2977 3522 3025 3583 et
3055 3530 3373 3600 confortetur
3397 3544 3490 3584 cor
3530 3540 3682 3585 tuum
3701 3571 3718 3599 ,
3740 3536 3781 3585 et

2195 3623 2388 3676 sustine
2415 3620 2709 3674 Dominum.
2734 3616 2999 3688 Quoniam
3022 3622 3283 3690 superiori
3302 3636 3456 3676 versu
3478 3622 3782 3678 crediderat

2197 3714 2380 3769 videre
2410 3728 2469 3769 se
2512 3714 2654 3768 bona
2700 3713 2935 3779 Domini,
2982 3729 3124 3769 nunc
3161 3713 3290 3768 dicit
3328 3714 3791 3783 quemadmodum

2198 3806 2382 3861 videre
2401 3806 2586 3876 possit.
2613 3804 2723 3859 Hoc
2746 3816 2923 3860 autem
2951 3805 3196 3871 verbum,
3222 3804 3456 3871 viriliter,
3482 3819 3591 3860 non
3612 3805 3789 3860 solum

2196 3900 2359 3964 viris,
2388 3897 2483 3953 sed
2512 3906 2565 3952 et
2594 3897 2818 3952 feminis
2830 3897 3110 3954 credamus
3139 3913 3259 3954 esse
3287 3898 3626 3955 mandatum.
3657 3899 3781 3956 Nam

2196 4000 2252 4045 et
2272 3991 2367 4044 viri
2391 4005 2513 4044 cum
2535 3989 2877 4057 mollescunt,
2903 3991 3082 4044 animo
3104 3991 3330 4045 femineo
3349 4000 3502 4056 sunt;
3525 4003 3581 4046 et
3600 3993 3781 4047 mulie-

2198 4096 2285 4136 res
2314 4080 2495 4134 viriles
2525 4079 2860 4146 efﬁciuntur,
2880 4095 3002 4135 cum
3029 4081 3081 4135 in
3108 4081 3253 4137 bono
3284 4072 3559 4151 proposito
3588 4082 3782 4139 mentis

2197 4169 2391 4224 robore
2425 4178 2789 4239 perseverant.
2811 4168 3081 4238 Sequitur,
3102 4178 3147 4223 et
3168 4170 3481 4239 eonfortetur
3501 4186 3593 4225 cor
3618 4180 3795 4237 tustttt,

2197 4275 2266 4313 ne
2288 4259 2439 4327 quasi
2464 4259 2639 4314 lassus
2669 4260 3080 4325 inimus-mures,
3102 4269 3158 4314 et
3195 4260 3355 4315 taedio
3395 4260 3662 4331 fatigante
3697 4262 3786 4316 de-

2196 4365 2403 4419 speres.
2430 4350 2535 4405 Sed
2561 4351 2850 4406 conﬁdenti
2875 4353 3055 4408 animo
3080 4363 3239 4423 atque
3266 4368 3456 4408 securo
3482 4354 3614 4408 dicit
3640 4372 3657 4411 :
3688 4352 3795 4408 Es-

2197 4450 2367 4507 speeta
2394 4439 2669 4493 Dominum
2686 4480 2701 4504 ,
2728 4442 2815 4510 qui
2844 4444 3015 4495 nescit
3036 4442 3337 4497 subducere
3357 4459 3475 4514 quae
3502 4445 3793 4514 promittit.

509 4534 624 4589 sive
650 4534 956 4589 incredulos
987 4532 1199 4587 tudaeos
1245 4533 1334 4602 qui
1373 4548 1466 4588 eos
1493 4533 1799 4588 nitebantur
1822 4551 1982 4604 prava
2012 4534 2094 4591 in-
2120 4547 2176 4612 ι)
2200 4528 2411 4584 Sustine
2445 4542 2573 4582 vero
2602 4536 2657 4583 et
2681 4540 2936 4597 exspecta,
2969 4530 3204 4600 perfecw
3230 4531 3426 4586 dicitur
3449 4530 3785 4588 Christiano:

510 4627 750 4682 tentione
776 4626 1109 4679 subvertere.

571 4717 739 4772 '~Vers.
770 4717 857 4770 i7.
887 4715 968 4771 Ne
998 4715 1268 4768 tradideris
1292 4730 1368 4768 me
1395 4715 1447 4768 in
1477 4715 1674 4769 animus
1690 4719 2094 4787 persequentium

508 4826 588 4864 me
611 4825 629 4863 :
659 4811 899 4879 quoniam
921 4812 1302 4863 insurrexerunt
1329 4810 1381 4860 in
1404 4825 1481 4861 me
1507 4817 1655 4862 testes
1675 4811 1859 4880 iniqui,
1882 4821 1927 4864 et
1949 4827 2092 4866 men-

509 4903 604 4953 tita
631 4909 703 4953 est
731 4900 969 4970 iniquitas
999 4899 1115 4953 sibi.
1159 4898 1463 4953 Secundum
1506 4899 1778 4954 historiam
1810 4904 1985 4971 potest
2013 4904 2089 4957 iu-

510 4991 672 5060 telligi
710 4991 778 5045 de
825 4990 1014 5055 Saulte,
1062 4991 1148 5060 qui
1202 5007 1324 5045 eum
1356 4994 1621 5045 acerrimo
1648 4993 1772 5048 odio
1804 5009 2091 5063 perseque-

509 5082 683 5136 batur.
708 5080 812 5135 Sed
833 5082 1085 5151 quoniam
1112 5097 1206 5137 rex
1233 5091 1345 5136 erat
1366 5123 1381 5148 ,
1411 5099 1510 5138 nec
1536 5093 1740 5151 poterat
1760 5087 1907 5140 solus
1928 5102 2087 5157 agere

507 5171 647 5240 quod
673 5170 930 5240 iubebat,
960 5180 1082 5241 apte
1112 5187 1369 5228 numerus
1392 5174 1609 5240 ιιΙιιΓιιΙιε
1639 5175 1722 5231 hic
1751 5179 1953 5246 positus
1980 5194 2082 5235 est.

507 5265 680 5321 Simili
717 5266 880 5323 modo
923 5280 1045 5322 curn
1086 5266 1263 5321 Doecb
1302 5268 1566 5323 [dominus
1609 5286 1731 5325 eum
1787 5271 2086 5340 prodidisse

511 5357 747 5427 legatur,
788 5357 980 5429 plurali
1030 5374 1251 5413 numero
1294 5362 1505 5430 posuit,
1543 5372 1686 5417 testes
1732 5363 1914 5435 iniqui.
1948 5365 2087 5420 Fieri

505 5449 649 5504 enim
682 5452 855 5520 potuit
887 5461 944 5507 ut
968 5452 1178 5522 quando
1199 5470 1319 5509 emn
1348 5456 1457 5525 regi
1490 5459 1781 5520 accusavit,
1812 5475 1904 5526 per
1925 5470 2091 5515 testes

505 5539 642 5593 alios
671 5540 810 5596 dicta
830 5558 924 5597 sua
950 5544 1176 5613 probare
1198 5545 1471 5600 volttiSset.
1497 5548 1834 5618 Quapropter
1856 5568 2090 5621 t’tlllgl'llo

509 5630 715 5698 positus
739 5633 960 5704 pluralis
987 5652 1241 5694 numerus
1268 5637 1591 5707 advertitur,
1623 5641 1834 5711 quando
1864 5658 2088 5711 persona

504 5716 633 5775 talis
656 5734 757 5788 per
797 5738 961 5781 unum
1010 5735 1211 5782 tantum
1261 5744 1366 5785 non
1401 5738 1612 5799 potttrat
1642 5730 1793 5789 facile
1825 5732 2085 5787 accusari.

2196 4633 2260 4680 ac
2289 4618 2335 4673 si
2363 4619 2695 4686 admoneret,
2725 4621 2918 4675 sustine
2942 4623 3082 4703 quod
3114 4625 3332 4693 pateris,
3352 4634 3407 4679 et
3434 4626 3579 4695 quod
3612 4625 3798 4683 credis.

2196 4721 2449 4781 exspecta.

2720 4802 2993 4860 Conclusio
3037 4806 3245 4877 psalmi.

2271 4913 2411 4971 inter
2440 4917 2757 4991 multiplices
2786 4927 2841 4973 et
2869 4919 3152 4975 stevientes
3172 4908 3477 4989 angustias,
3503 4922 3635 4991 quid
3660 4936 3787 4992 spet-

2195 5009 2403 5063 cialiter
2430 5008 2801 5065 desideremus
2828 5010 3308 5071 reverendissimus
3338 5012 3602 5081 propheta
3635 5024 3788 5083 pate-

2194 5101 2337 5166 fecit,
2372 5111 2432 5157 ut
2459 5101 2550 5155 inh
2569 5102 2755 5156 ibitare
2781 5101 2978 5157 Christi
3006 5103 3304 5160 Ecclesiam
3334 5104 3508 5159 modis
3526 5107 3793 5160 omnibus

2190 5202 2521 5265 appenninus.
2556 5192 2666 5247 Hoc
2714 5195 2908 5261 patulis
2953 5194 3169 5249 auribus
3214 5194 3533 5259 audientes,
3559 5196 3789 5252 assidua

2191 5284 2580 5351 supplicatione
2626 5285 3017 5352 deprecemur;
3059 5287 3186 5355 quia
3238 5300 3340 5340 nec
3378 5285 3594 5342 brevius
3627 5286 3789 5356 quid-

2194 5391 2351 5443 quam
2384 5385 2553 5444 potntt
2593 5374 2696 5431 dici
2718 5414 2734 5439 ,
2781 5391 2881 5429 nec
2918 5376 3077 5430 latius
3105 5375 3407 5446 impetrari.
3443 5376 3505 5431 In
3558 5392 3790 5433 nantem

2193 5473 2368 5519 autem
2411 5468 2691 5534 praesentis
2733 5466 2952 5534 psalmi,
2997 5476 3052 5521 et
3078 5469 3437 5539 quorumdam
3468 5469 3560 5539 qui
3588 5470 3791 5526 subse-

2192 5564 2447 5623 quuntur,
2494 5571 2824 5625 nequaquam
2870 5556 3139 5624 potuimus
3208 5558 3534 5613 calculorum
3590 5558 3786 5627 singu-

2195 5644 2359 5697 larem
2411 5650 2647 5715 rcperire
2699 5645 2995 5712 rationem;
3050 5647 3254 5703 scilicet
3305 5648 3485 5717 qualis
3535 5657 3789 5703 creatura

2195 5732 2450 5798 vigesimo
2477 5745 2660 5803 sexto,
2703 5746 2791 5791 aut
2839 5737 3096 5805 vigesimo
3125 5739 3374 5809 septimo,
3405 5746 3499 5796 aut
3524 5737 3787 5809 vigesimo
