4004 6342
204 347 312 404 195

146 550 148 552 ’
215 562 361 612 mus,
390 559 444 600 ut
484 548 772 600 secundum
808 549 1048 617 exempla
1076 563 1192 617 qua:
1218 549 1357 604 dicta
1388 557 1511 602 sunt
1533 588 1548 612 ,
1581 548 1793 617 quando

193 653 319 691 'non
369 637 644 691 inveniunt
692 636 947 690 rationem
993 637 1043 690 in
1097 653 1318 692 numero
1348 637 1625 706 singulari,
1660 647 1784 691 tunc

195 727 416 794 'aliquas
444 727 819 781 similitudines
842 729 892 780 in
922 729 1113 797 partito
1135 729 1342 783 calculo
1364 772 1379 796 ,
1411 728 1524 784 sive
1552 729 1655 792 bis,
1680 731 1793 782 sive

213 822 371 875 tertio
401 820 631 873 debeant
660 819 933 890 indagare.
973 822 1122 875 Verbi
1164 823 1351 890 gratia,
1386 832 1441 874 ut
1472 822 1652 890 viginti
1698 815 1794 873 sex

214 911 509 975 partiantur
544 911 592 961 in
623 911 942 978 vigesimum
971 915 1044 965 'et
1089 914 1357 964 senarium
1410 927 1712 973 ntunerttm,
1743 919 1796 964 et

193 1001 406 1052 'ltcrum
431 1000 607 1066 viginti
635 1011 839 1067 septem
873 1001 925 1053 in
955 1011 1034 1054 ter
1057 1016 1267 1055 novem.
1288 1001 1436 1054 Tunc
1460 1002 1668 1055 facilius
1688 1002 1796 1055 cal-

213 1090 349 1143 culis
388 1091 594 1154 divisis,
624 1090 852 1145 ‘fortasse
881 1102 1196 1159 competens
1234 1093 1367 1146 ratio
1409 1094 1604 1161 poterit
1651 1094 1798 1145 iuve-

215 1182 340 1234 niri.
371 1181 503 1248 Quid
529 1182 670 1235 enim
705 1184 924 1237 interest
947 1187 989 1236 si
1022 1183 1174 1237 binas
1216 1194 1305 1238 aut
1335 1193 1514 1239 ternas
1543 1194 1797 1238 metretas

172 1271 429 1340 .,capiant
474 1287 596 1324 vasa
651 1273 1013 1339 psalmorum?
1060 1273 1114 1326 Si
1166 1289 1294 1327 vero
1339 1289 1438 1327 nec
1485 1274 1553 1328 ibi
1600 1273 1796 1343 aliquid

195 1363 601 1418 convenienter
649 1365 961 1432 agnoveris,
998 1364 1218 1418 credere
1264 1365 1369 1436 91
1399 1366 1649 1418 convenit
1674 1365 1797 1419 caeli

223 1461 495 1521 terraque
521 1451 850 1514 Creatorem,
880 1455 1218 1522 operationes
1241 1465 1296 1508 et
1324 1453 1462 1507 dicta
1487 1469 1582 1508 sua
1607 1470 1702 1524 per
1722 1455 1800 1506 di-

203 1556 497 1596 -versortttn
552 1543 876 1596 ealculorum
915 1543 1251 1598 distribuisse
1295 1543 1412 1598 sine
1455 1545 1800 1612 ambiguitate

201 1635 475 1698 \virtutes,
516 1633 606 1702 qui
637 1633 814 1686 omnia
837 1673 853 1697 ,
899 1633 1036 1687 sicut
1066 1634 1256 1699 legitur
1286 1632 1441 1699 (ϐαρ.
1468 1648 1548 1690 ιι.
1588 1634 1705 1699 21),
1748 1631 1800 1686 in

205 1723 460 1793 pondere
480 1766 495 1790 ,
524 1738 777 1788 numero,
800 1737 1158 1791 mensuraque
1188 1721 1428 1788 perfecit.
1456 1722 1638 1789 Neque
1659 1720 1799 1776 enim

1093 345 1451 406 EXI‘OSITIO
1493 344 1555 398 ΙΝ
1596 343 2052 400 ΡΞΑΕΤΕΒΠΞΜ.
2097 343 2283 400 PSAL.
2341 341 2549 398 XXVII.

138 473 149 526 ε
195 469 400 512 'octavo
421 471 642 512 iiumero
669 456 872 528 legatur
893 465 1088 526 aptata.
1117 456 1220 512 Sed
1254 457 1506 512 studiosis
1533 456 1787 526 relinqni-
1818 459 1864 515 Α

1889 1095 2050 1135 'canet
2068 1085 2112 1136 is
2164 1103 2175 1135 :

3375 347 3473 405 [94

1970 452 2033 504 Et
2069 455 2250 506 similis
2287 470 2374 506 ero
2415 454 2830 507 deiecitdettfbus
2871 457 2923 508 in
2971 457 3164 513 lacum.
3197 456 3254 512 Id
3280 469 3382 520 est,
3428 464 3474 514 si

1895 544 2131 607 silueris,
2163 560 2256 598 ero
2280 545 2467 597 similis
2497 550 2547 597 in
2576 546 2752 598 mundi
2783 547 2934 612 hujus
2964 548 3320 614 profunditate
3348 565 3478 604 ver-

1897 635 2156 686 santibus.
2192 633 2361 686 Lacus
2396 636 2538 687 enim
2579 635 2788 705 quidam
2826 637 2926 690 hoc
2955 640 3206 692 saeculum
3237 647 3356 704 est,
3387 655 3479 702 qui

1895 726 2044 792 quasi
2088 724 2418 779 delectabilis
2459 742 2522 780 ac
2567 728 2878 796 tranquillus
2918 729 3174 794 creditur,
3205 730 3301 784 sed
3344 746 3480 800 quas

1900 816 2280 882 pt'ol'unditates
2317 825 2377 869 et
2419 832 2684 870 mersuras
2737 819 2925 872 haheat
2971 821 3265 888 ignoratur.
3307 821 3478 875 Lacus

1898 905 2090 971 quippe
2135 905 2348 970 dicitur,
2383 906 2522 973 quod
2562 905 2664 960 sub
2695 907 2808 974 ipso
2841 919 2980 962 terra
3013 911 3192 964 lateat.
3221 910 3480 968 Precatur

1899 1009 2026 1061 ergo
2075 995 2372 1048 humanitas
2422 996 2600 1061 Verbi,
2653 1012 2720 1050 ne
2765 1000 2946 1051 similis
2994 1009 3133 1054 esset
3172 1002 3479 1058 hominibus

2231 1086 2351 1153 quia
2398 1086 2495 1139 etsi
2542 1102 2873 1141 communem
2917 1091 3276 1147 conditionem
3305 1094 3480 1150 carnis

1897 1177 2216 1244 assumpsit,
2241 1179 2615 1233 exrellentiam
2643 1189 2816 1234 tamen
2847 1183 3083 1237 otnnium
3113 1197 3480 1244 creaturarum

1904 1265 2011 1317 Deo
2039 1267 2182 1318 unita
2221 1270 2545 1332 promeruit;
2580 1271 2644 1321 de
2689 1286 2788 1338 qua
2835 1272 2961 1324 dicit
3008 1277 3292 1339 Apostolus
3335 1275 3481 1330 τω

1907 1368 2077 1410 autem
2109 1361 2383 1428 aliquando
2412 1364 2706 1431 angelorum
2737 1365 2866 1416 dixit
2899 1380 2918 1418 :
2948 1362 2997 1415 Γ
3000 1367 3121 1418 ilius
3150 1384 3288 1422 meus
3317 1386 3369 1422 es
3395 1382 3479 1436 tu,

1904 1463 1996 1517 ego
2034 1450 2187 1501 'ltodie
2219 1451 2371 1518 genui
2417 1461 2464 1505 te
2488 1452 2508 1521 (
2535 1451 2694 1504 Hebr.
2743 1468 2792 1516 ι,
2824 1455 2855 1506 5
2878 1454 2934 1522 )ἳ
2959 1453 3082 1509 Sive
3111 1455 3278 1508 lacum
3304 1453 3483 1526 sepulv

1903 1554 2054 1591 crum
2084 1539 2245 1602 dicit,
2278 1541 2363 1593 ubi
2397 1552 2606 1608 peracta
2640 1558 2886 1611 passzonc
2917 1546 3183 1611 repositus
3211 1557 3314 1604 est.

1979 1631 2016 1684 γ
2055 1648 2130 1688 rs.
2169 1635 2223 1687 ἓ.
2268 1631 2492 1698 Exaudi,
2523 1636 2752 1701 Domine,
2777 1655 2944 1691 vocem
2966 1640 3336 1709 deprecationis
3357 1657 3486 1697 meta

1905 1723 2025 1776 dum
2062 1741 2150 1778 aro
2180 1725 2248 1776 ad
2278 1735 2352 1789 te,
2383 1731 2505 1779 dum
2534 1729 2720 1780 extollo
2750 1745 2928 1782 manus
2960 1747 3095 1784 meas
3135 1733 3202 1783 ad
3241 1733 3484 1799 templum

205 1817 341 1884 quia
370 1823 533 1884 guttae
578 1815 894 1884 pluviarum,
924 1815 1093 1869 stella:
1131 1813 1274 1879 cali,
1307 1813 1389 1868 vel
1447 1828 1606 1868 arena
1641 1813 1803 1868 maris
1840 1816 1877 1871 Β
1906 1831 2028 1864 sime
2049 1831 2136 1865 um
2158 1824 2324 1867 tuum.
2351 1815 2581 1884 Tempus
2601 1817 2860 1886 signiﬁcat
2879 1822 3255 1877 sacratissima:
3278 1823 3485 1892 passio-

211 1907 378 1960 uobis
407 1905 754 1960 numerabilis
797 1921 902 1959 non
953 1915 1056 1968 est,
1087 1906 1225 1973 apud
1257 1905 1403 1957 illum
1444 1919 1546 1958 non
1600 1915 1807 1958 constat

211 2009 347 2050 esse
377 1997 475 2048 sub
505 2008 751 2050 numero.
776 1995 906 2050 Natu
935 1994 1034 2050 etsi
1065 1995 1218 2049 nobis
1246 1997 1540 2062 probantur
1569 1995 1803 2058 occulta,

224 2087 422 2140 divina:
444 2094 568 2140 sunt
586 2095 762 2140 tamen
787 2096 907 2140 nota
932 2086 1205 2156 putentur.
1233 2085 1491 2140 Rcstatut
1511 2086 1642 2140 illud
1665 2090 1808 2154 quod

212 2178 426 2233 dictum
452 2187 536 2232 est
581 2177 895 2233 definitione
927 2179 1190 2245 majonim
1233 2177 1455 2231 credere
1490 2179 1806 2240 debeamus,

227 2271 281 2320 in
327 2269 564 2322 numeris
595 2268 781 2335 positis
839 2276 998 2335 atque
1040 2268 1272 2321 delinits
1323 2267 1544 2320 virtutes
1571 2269 1809 2320 omnium

215 2359 518 2414 convenire
539 2359 886 2428 psalmorum.

483 2477 842 2534 EXPOSJTIO
881 2477 942 2533 ΙΝ
984 2478 1307 2533 PSALMUM
1347 2477 1560 2532 XXVII.

735 2590 970 2644 Psalmus
999 2592 1096 2660 ipsi
1127 2591 1308 2643 David.

215 2764 218 2768 ι
303 2702 545 2756 Diximus
574 2704 737 2755 David
760 2703 1062 2772 significare
1085 2719 1242 2756 manu
1269 2704 1478 2758 fortem.
1510 2703 1572 2756 Et
1599 2703 1812 2770 quando

215 2796 338 2847 ‘tale
361 2808 557 2846 nomen
583 2792 766 2845 debuit
793 2796 937 2861 ριιιιὶ,
965 2794 1069 2846 nisi
1095 2808 1216 2845 cum
1248 2793 1510 2860 passionis
1531 2792 1813 2844 dominica:

213 2882 466 2954 .gloriosa
495 2883 788 2935 certamina
819 2881 1156 2936 referuntur?
1186 2881 1358 2935 Foxtis
1391 2885 1573 2950 utique
1615 2897 1774 2934 manu
1799 2922 1812 2942 ,

217 2976 324 3044 ~qui
358 2989 450 3043 per
482 2975 816 3028 tolerantiam
845 2991 994 3027 suam
1027 2979 1313 3042 prossravit
1345 2975 1636 3041 principem
1669 2983 1816 3026 tene-

214 3067 450 3121 --brarum
473 3104 488 3129 ,
513 3066 602 3134 qui
630 3075 856 3119 tnurtem
885 3066 1163 3118 moriendo
1193 3067 1484 3130 superavit,
1513 3065 1602 3133 qtti
1632 3069 1820 3117 buma-

1911 1918 1941 1954 n
1967 1917 2012 1967 s,
2033 1915 2083 1956 et
2105 1914 2222 1958 orat
2241 1913 2297 1956 ut
2312 1905 2425 1972 ejus
2441 1905 2685 1960 audiatur
2701 1911 2890 1971 oratio,
2906 1912 3044 1978 quod
3065 1911 3189 1966 fecit
3203 1922 3484 1983 antequam

1911 1998 2237 2060 traderetur;
2258 1999 2452 2052 relictis
2471 2001 2610 2053 enim
2633 2001 2903 2070 discipulis
2925 2007 3143 2060 secessit
3157 2018 3212 2061 et
3231 2009 3396 2062 oravit
3413 2011 3486 2062 di-

1907 2100 2033 2138 cens
2051 2103 2072 2137 γε
2102 2085 2279 2153 Pater,
2302 2087 2346 2140 si
2367 2088 2481 2156 ﬁeri
2503 2100 2684 2157 potest,
2707 2102 2927 2145 transeat
2948 2111 2980 2146 a
2997 2112 3079 2148 me
3098 2099 3232 2150 calia:
3251 2099 3378 2161 iste;
3404 2115 3487 2150 ve-

1909 2189 2189 2232 rumtamen
2218 2195 2320 2233 non
2344 2182 2475 2234 sicut
2505 2199 2595 2252 ego
2624 2185 2756 2249 volo,
2785 2185 2872 2238 sed
2898 2187 3026 2240 sicut
3063 2197 3117 2240 tu
3146 2190 3222 2243 vis
3255 2190 3273 2261 (
3297 2189 3486 2244 Matth.

1913 2284 2063 2333 χχι-ι,
2090 2269 2214 2339 59).
2251 2272 2398 2340 Quod
2424 2284 2597 2328 autem
2623 2275 2770 2342 dicit,
2808 2282 2873 2328 ad
2898 2280 3137 2347 templum
3160 2291 3409 2342 sanctum,
3434 2290 3488 2335 ut

1912 2361 2040 2414 mihi
2066 2363 2292 2419 videtur.
2316 2365 2457 2418 illam
2478 2368 2914 2421 consuetudinem
2940 2368 3148 2423 Hebrzci
3180 2372 3354 2438 populi
3384 2372 3489 2424 lor-

1914 2458 2053 2503 tasse
2099 2454 2297 2506 mavult
2340 2454 2391 2506 in
2417 2456 2589 2524 elligi,
2643 2457 2728 2510 cui
2768 2467 3087 2526 pra‘ceptum
3125 2459 3295 2512 luerat
3334 2470 3393 2514 ut
3435 2461 3488 2514 iu

1913 2543 2148 2608 qualibet
2167 2555 2308 2598 esset
2333 2547 2537 2613 positus
2557 2548 2794 2616 regione,
2813 2549 2878 2602 ad
2902 2551 3041 2602 illam
3061 2560 3261 2619 partem
3279 2565 3491 2616 semper

1915 2646 2004 2683 ora
2015 2642 2094 2685 ret
2112 2633 2198 2685 ubi
2222 2634 2514 2688 JernSaIcm
2539 2645 2760 2690 noverat
2776 2639 3146 2700 c0ustitutam;
3170 2641 3308 2693 sicut
3324 2650 3376 2693 ct
3397 2639 3492 2692 Ι).ι-

1917 2719 2109 2772 nielem
2143 2721 2278 2787 apud
2315 2722 2638 2791 Babylonem
2673 2727 2828 2777 tertio
2860 2727 2910 2778 in
2939 2725 3027 2779 die
3053 2727 3273 2793 legimus
3303 2728 3321 2795 (
3349 2726 3490 2781 Dan.

1920 2824 2000 2870 vt,
2027 2810 2091 2862 ll)
2116 2812 2133 2877 )
2158 2812 2429 2876 olfecisse;
2462 2829 2566 2882 quo
2581 2817 2598 2865 ,Ι
2634 2830 2850 2868 nctesse
2875 2827 2988 2869 erat
3015 2815 3285 2869 Christum
3316 2817 3494 2871 Domi-

1921 2917 2041 2952 nmn
2070 2901 2260 2964 f..cere,
2291 2903 2377 2968 qui
2408 2919 2506 2954 non
2532 2916 2732 2956 venerat
2764 2906 2920 2973 legem
2941 2907 3148 2967 solvere,
3174 2907 3266 2958 sed
3288 2907 3494 2973 implere

1920 2994 1936 3060 (
1965 2991 2147 3044 Matt/1.
2165 2999 2232 3057 ν,
2267 2993 2328 3044 17
2422 2995 2544 3046 Sive
2572 2996 2638 3045 ad
2666 2995 2904 3062 templum
2931 3005 3178 3059 sanctum,
3207 2996 3272 3048 ad
3299 3000 3492 3050 caelum

1923 3090 2033 3133 vult
2062 3077 2318 3151 intelligi,
2338 3084 2477 3151 quod
2505 3095 2720 3136 orantes
2747 3086 2987 3138 homines
3012 3087 3182 3138 facere
3205 3101 3493 3140 causueve-

217 3172 366 3210 4mm
392 3171 560 3224 genus
585 3157 851 3223 captivum
882 3153 1245 3209 cruciﬁxionis
1273 3169 1385 3208 sua:
1414 3154 1815 3217 dispensatione

1923 3186 2064 3227 runt.
2091 3175 2222 3228 Nam
2248 3175 2572 3228 desiderium
2609 3177 2985 3240 posutlantium
3016 3165 3126 3239 est,
3152 3188 3205 3228 ut
3232 3175 3354 3230 licet
3376 3176 3494 3230 ubi-

221 3245 507 3300 liberavit.
557 3242 668 3312 Ipsi
710 3253 888 3298 autem
931 3259 1054 3298 cum
1100 3244 1316 3307 dicitur,
1347 3243 1550 3296 nullum
1593 3243 1815 3297 alterum

229 3335 458 3404 intelligi
509 3349 666 3403 posse
714 3334 1035 3394 declaratur,
1073 3333 1172 3387 nisi
1235 3334 1405 3398 ipsum
1462 3332 1814 3385 mediaturem

223 3427 509 3481 Christum
548 3427 850 3492 Dominum,
895 3427 984 3495 qui
1036 3441 1130 3494 per
1181 3425 1322 3478 hunc
1353 3425 1524 3477 totum
1557 3426 1816 3491 psalmum

239 3517 474 3587 loquitur
500 3533 514 3569 :
548 3531 710 3572 orans
741 3517 808 3572 ab
837 3518 1133 3570 humilitate
1168 3527 1432 3583 suscepta:
1456 3515 1662 3579 carnis,
1695 3531 1818 3583 per-

223 3606 547 3665 Jecutorum
573 3609 779 3664 debitas
809 3609 1048 3662 indicans
1081 3622 1264 3673 poenas
1294 3623 1398 3659 non
1435 3607 1610 3661 smdio
1645 3609 1816 3661 male~

243 3699 513 3762 volentiaz,
541 3702 632 3753 sed
675 3701 1064 3752 contestatione
1104 3698 1370 3749 vindicum.
1407 3697 1709 3749 Notandum
1738 3706 1822 3751 est

227 3792 412 3861 -igitur
439 3791 578 3845 hunc
608 3793 868 3860 psalmum
902 3792 1110 3842 tertium
1137 3805 1256 3842 esse
1288 3789 1474 3842 horum
1508 3789 1596 3855 qui
1623 3791 1826 3856 passio-

223 3895 372 3942 .uem
424 3890 476 3934 et
529 3880 977 3934 resurrectionem
1030 3879 1355 3932 Dotninicam
1408 3883 1508 3932 sub
1561 3879 1824 3934 brevitate

231 3981 688 4026 commemorant.

825 4059 883 4112 Β.
895 4063 1016 4115 visio
1059 4061 1260 4130 psalmi.

314 4172 497 4226 Prima
526 4172 763 4225 sectione
790 4179 908 4224 orat
939 4171 1194 4224 Dominus
1222 4168 1465 4222 Christus
1497 4182 1589 4233 per
1613 4167 1664 4219 id
1687 4167 1827 4234 quod

242 4265 412 4317 homo
431 4273 513 4318 est
541 4273 598 4316 ut
622 4265 736 4330 ejus
758 4263 1001 4314 audiatur
1025 4261 1196 4312 oratio
1219 4261 1395 4311 futuro
1427 4268 1666 4325 tempore
1699 4273 1828 4324 pas-
1868 4255 1876 4264 '

237 4359 436 4410 sinitis.
468 4355 716 4410 Secundo
744 4356 941 4422 gratias
972 4353 1104 4421 agit,
1136 4355 1386 4420 quoniam
1419 4350 1699 4402 exauditus
1743 4357 1828 4401 est

241 4447 304 4501 in
350 4447 432 4501 his
460 4464 577 4514 quae
619 4448 728 4500 fieri
761 4445 1084 4514 pusulabat.
1125 4444 1184 4496 in
1233 4444 1334 4495 line
1383 4440 1572 4509 psalmi
1606 4441 1833 4507 subjun-

1920 3282 2021 3334 que
2053 3266 2214 3318 Deum
2247 3281 2366 3319 esse
2399 3283 2500 3319 non
2531 3268 2817 3336 ambigunt,
2847 3267 2914 3320 de
2941 3273 3077 3321 caelo
3103 3271 3200 3321 sibi
3240 3269 3495 3322 auxilium

1921 3356 2102 3408 venire
2122 3356 2415 3409 confidant.
2446 3355 2594 3410 U.:de
2635 3368 2685 3409 ct
2716 3357 2764 3409 in
2797 3356 3066 3409 Dominica
3098 3357 3335 3410 oratione
3365 3358 3496 3411 dici-

1923 3462 2038 3500 mus
2064 3464 2077 3498 :
2107 3446 2258 3499 Pater
2287 3460 2474 3511 noster,
2501 3447 2660 3516 quies
2683 3449 2736 3497 iu
2763 3448 2902 3498 cazlis
2925 3446 2942 3508 l
2965 3446 3150 3499 Matth.
3179 3463 3258 3511 γι,
3281 3447 3354 3515 9).
3382 3447 3495 3501 Non

1921 3546 2002 3587 est
2043 3551 2170 3603 ergo
2209 3537 2495 3588 absurdum
2525 3538 2766 3603 teiup'lum
2792 3536 2964 3603 accipi
2989 3537 3185 3590 cadum
3205 3581 3221 3605 ,
3248 3540 3497 3606 quoniam

1923 3626 2131 3680 Domini
2162 3629 2316 3679 sedes
2338 3627 2512 3678 divina
2548 3629 2681 3678 lectu
2709 3641 2772 3678 ne
2802 3637 3142 3680 m0nstratur.

2000 3717 2055 3768 ν.
2077 3733 2148 3772 rs.
2190 3717 2243 3768 5.
2289 3716 2371 3769 Ne
2398 3719 2550 3769 simul
2573 3717 2748 3769 tradas
2773 3733 2884 3769 cum
2905 3717 3253 3786 peccatoribus
3274 3719 3500 3772 animam

1926 3824 2120 3871 meam,
2152 3818 2196 3860 et
2228 3824 2341 3860 cum
2373 3811 2695 3874 aperautibus
2740 3809 3051 3875 iniquitatem
3089 3824 3152 3861 ue
3188 3810 3370 3876 perdas
3400 3825 3502 3862 me.

1927 3898 2062 3964 Quia
2095 3899 2410 3951 moriturum
2441 3912 2501 3951 se
2532 3905 2770 3962 noverat,
2805 3897 2996 3950 tuerito
3025 3899 3234 3964 petebat
3265 3911 3332 3950 tte
3370 3897 3503 3952 infe-

1929 3995 2001 4041 ris
2032 3992 2222 4042 tradita
2253 3993 2368 4058 ejus
2409 3989 2586 4042 anima
2613 4004 2734 4041 cum
2766 3991 3135 4056 peccatoribus
3165 3990 3500 4054 misceretur,

1930 4093 2021 4137 aut
2052 4100 2164 4135 cum
2192 4082 2519 4149 operantibus
2549 4083 2866 4149 iniquitatem
2893 4080 3111 4132 haberet
3131 4079 3360 4146 aliquam
3385 4094 3506 4146 por.

1934 4175 2154 4226 tionem.
2186 4172 2293 4227 Sed
2327 4173 2546 4224 omnino
2575 4169 2881 4222 salutariter
2911 4169 3009 4221 ista
3041 4168 3292 4220 d.scretio
3318 4167 3387 4221 ab
3417 4168 3507 4222 illo

1932 4265 2151 4336 petitur,
2181 4275 2239 4320 ut
2265 4273 2446 4318 nostra
2470 4277 2593 4332 spes
2620 4262 2683 4315 ad
2711 4271 2826 4315 vota
2857 4261 2977 4314 talia
3009 4262 3335 4324 concitetur;
3364 4262 3506 4330 quod

1935 4372 2118 4410 revera
2151 4356 2399 4423 impleus,
2434 4354 2701 4408 hominem
2734 4369 2762 4405 a
2793 4369 2852 4407 se
2885 4354 2999 4406 fieri
3031 4352 3350 4420 deprecatur
3377 4354 3505 4408 alie-

1937 4463 2083 4499 nmn.
2119 4443 2213 4501 Ubi
2242 4453 2364 4498 sunt
2396 4444 2468 4497 illi
2498 4445 2590 4513 qui
2619 4444 2888 4496 Christum
2925 4452 3109 4511 putant
3137 4444 3368 4495 animam
3400 4459 3503 4496 non

245 4551 408 4605 gens,
435 4548 491 4590 ut
519 4537 657 4590 sicut
698 4537 810 4603 ipse
840 4537 1126 4588 suscitatus
1155 4544 1236 4587 est
1280 4541 1546 4600 potestate
1575 4529 1830 4583 divimta-
1865 4525 1912 4582 D
1941 4535 2218 4589 habuisse?
2247 4534 2350 4588 Sed
2381 4532 2494 4587 ha-c
2521 4532 2647 4585 mihi
2676 4533 2920 4584 videntur
2950 4541 3040 4584 aut
3067 4546 3170 4583 non
3196 4529 3391 4599 legere,
3420 4539 3509 4585 aut

249 4630 320 4684 tis
349 4643 492 4694 sum,
538 4629 607 4681 ita
647 4629 827 4681 salvus
869 4626 960 4678 liat
996 4625 1220 4694 populus
1260 4623 1376 4692 ejus
1418 4625 1618 4676 nonnni
1650 4621 1825 4674 t-redi-

244 4731 422 4774 ιιιτυε.
1446 4715 1450 4718 ”

787 4809 1052 4879 Expositio
1093 4807 1293 4879 psalmi.

325 4923 479 4978 Vere.
520 4924 571 4978 I.
613 4923 692 4975 Ad
733 4931 810 4984 le,
848 4919 1092 4984 Domine,
1127 4917 1338 4970 clamavi
1359 4931 1377 4980 ;
1409 4915 1545 4968 Deus
1574 4929 1733 4977 meus,
1767 4931 1827 4967 ne

257 5015 409 5067 sileas
456 5031 487 5065 a
535 5029 634 5067 me.
681 5010 926 5065 Christus
972 5010 1227 5062 Dominus
1265 5009 1460 5061 clamat
1505 5005 1571 5058 ad
1618 5006 1824 5057 Patrem

257 5117 498 5172 tempore
528 5104 808 5174 passionis,
842 5119 907 5157 ne
932 5103 998 5157 ab
1025 5104 1140 5171 ipso
1169 5103 1343 5168 sileat,
1381 5103 1481 5154 hoc
1505 5113 1619 5164 est,
1649 5119 1712 5154 nc
1740 5115 1847 5169 pc-‘

259 5197 395 5250 lenti
420 5196 440 5268 [
461 5199 538 5249 ed.
559 5237 574 5260 ,
605 5192 859 5263 patienti]
889 5208 992 5246 non
1020 5202 1246 5254 annuat,
1287 5191 1380 5244 sed
1413 5193 1583 5259 magis
1609 5207 1828 5261 respou-

257 5289 402 5342 deat.
435 5287 798 5341 Pulcherrima
828 5299 1038 5353 quoque
1065 5283 1349 5336 verborth
1381 5291 1465 5334 est
1493 5282 1833 5338 factadiver-

260 5381 411 5432 sitas.
440 5378 637 5432 Clamat
683 5377 842 5429 humo
871 5392 930 5427 ne
958 5375 1098 5427 sileat
1123 5373 1282 5434 Deus,
1313 5372 1434 5439 quia
1465 5384 1648 5424 nostro
1673 5373 1836 5423 silen-

259 5471 338 5525 tio
364 5471 452 5525 ille
477 5480 644 5532 tacet,
672 5479 727 5523 et
755 5469 907 5521 nobis
935 5467 1259 5535 negligentih
1283 5481 1325 5514 IS
1355 5464 1404 5515 in
1439 5464 1696 5515 memoria
1732 5481 1836 5515 nun

261 5560 541 5614 habemur.
591 5556 787 5612 Contra
837 5558 911 5620 si,
967 5556 1191 5608 Dmnfno
1245 5561 1570 5620 praestante,
1620 5553 1838 5620 τρες)ῐοί-

262 5667 414 5717 mus,
448 5651 695 5720 respicit;
727 5651 770 5705 si
813 5650 1131 5714 clautamus,
1163 5644 1407 5710 exaudit;
1452 5643 1497 5698 si
1537 5643 1833 5713 diligimus,

263 5759 512 5800 amamur

1933 4643 2049 4696 qme
2079 4627 2301 4693 legerint
2330 4624 2650 4676 omnimodis
2675 4624 2945 4676 oblivisci.

2013 4721 2162 4774 Vers.
2205 4717 2236 4769 ιι
2301 4716 2428 4769 Cum
2458 4716 2536 4768 Itis
2563 4717 2648 4784 qui
2679 4716 2954 4784 loquuntur
2982 4729 3159 4781 pacem
3192 4727 3305 4763 cum
3336 4711 3512 4780 proxi-

1937 4829 2018 4864 mo
2043 4827 2157 4874 suo,
2191 4810 2326 4862 mala
2350 4819 2518 4862 autem
2543 4819 2660 4860 suut
2698 4809 2750 4859 ia
2793 4809 3026 4859 cordibus
3069 4821 3264 4858 eorum.
3297 4803 3512 4861 Judaei

1926 4911 2342 4967 commemorat,
2366 4901 2452 4970 qui
2479 4903 2524 4954 ei
2549 4901 2796 4955 dicebant
2819 4907 3082 4953 tentantes
3112 4915 3126 4952 :
3158 4897 3367 4954 Scimus
3387 4902 3508 4964 quia

1929 5015 1961 5049 a
1993 4997 2093 5048 Deo
2124 4998 2300 5049 veni~tt
2331 4997 2564 5064 magister
2587 4991 2777 5064 (Joan.
2812 5006 2895 5054 Ill,
2918 4989 3009 5058 9.).
3043 4991 3096 5044 In
3127 4992 3344 5045 istorum
3374 5006 3506 5061 ergo

1933 5090 2086 5142 labiis
2112 5099 2226 5141 erat
2266 5103 2385 5155 pas.
2417 5087 2508 5139 sed
2538 5086 2586 5136 iu
2618 5083 2778 5136 corde
2819 5082 3038 5135 malitia.
3066 5083 3194 5148 Quae
3226 5083 3388 5150 ﬁgura
3418 5083 3501 5135 di-

1932 5183 2070 5234 citur
2113 5179 2158 5232 ir
2181 5180 2305 5242 una,
2339 5175 2388 5229 id
2418 5186 2497 5228 est
2528 5173 2732 5236 irrisio,
2761 5171 3205 5242 quotiesqaliquid
3240 5171 3383 5241 quod
3413 5169 3514 5224 sub

1935 5274 2090 5327 laude
2111 5273 2302 5326 dicitur
2324 5310 2337 5331 ,
2364 5267 2687 5319 intellectum
2713 5264 3118 5332 vituperationis
3142 5263 3340 5333 habere
3363 5279 3516 5316 mon-

1939 5377 2156 5420 strator.
2211 5362 2452 5414 Proximo
2498 5374 2613 5422 suo,
2663 5358 2729 5411 de
2774 5372 2834 5411 se
2876 5357 3038 5416 dicit,
3073 5355 3195 5424 quia
3233 5354 3312 5408 eis
3338 5354 3514 5407 carnis

1939 5460 2144 5526 urigine
2184 5455 2519 5523 jungebatur.
2566 5451 2661 5516 Qui
2701 5451 2842 5518 juste
2883 5447 3361 5508 maledicebantur,
3393 5443 3516 5512 quia

1945 5531 2239 5616 prmitntittt
2273 5544 2533 5597 malitiose
2567 5543 2787 5610 perdere
2820 5540 3158 5593 festinabant.

2021 5639 2166 5690 V'crs.
2211 5633 2261 5689 5.
2310 5635 2386 5687 Da
2413 5635 2516 5686 illis
2545 5635 2821 5686 scentulum
2849 5647 3001 5697 opera
3031 5643 3204 5680 eorum
3222 5667 3236 5690 ,
3265 5634 3310 5679 et
3337 5641 3517 5678 secuit-

1946 5733 2063 5785 tlum
2113 5727 2382 5792 nequitiam
2434 5727 2712 5779 studiorum
2758 5725 3003 5792 ipsorum.
3055 5717 3223 5772 iudaii
3271 5716 3514 5770 volente!
