3996 6346
490 484 491 487 γ
544 410 644 468 ιεδ

1748 397 1819 452 Μ.
1853 396 2133 452 AURELII
2164 391 2563 451 CASSIODORI

3702 388 3797 449 1’86

546 526 751 594 operati
795 530 917 576 sunt
960 519 1173 588 quidem
1219 516 1437 577 malum,
1474 511 1566 567 sed
1612 511 1851 567 iecerunt
1880 511 2124 564 nolentes
2152 514 2202 571 Α
2230 509 2440 562 destruit
2477 508 2542 561 ad
2588 515 3009 573 correctionem,
3054 505 3187 560 alios
3230 505 3415 576 dejieit
3462 504 3529 559 ad
3575 507 3795 562 ruinam.

552 618 781 675 bonum;
816 624 872 665 ut
899 617 1120 664 mortem
1150 608 1403 660 inferrent
1432 602 1670 667 Christo,
1700 618 1802 671 qua
1836 616 1981 654 mors
2011 603 2123 668 ipsa

552 708 826 768 ﬁniretur;
857 703 1165 770 sanguinem
1197 698 1507 757 funderent,
1537 710 1642 763 quo
1675 694 1853 747 mutuli
1901 694 2124 746 crimina

551 797 875 850 lavarentur.
903 794 1025 846 ideo
1054 791 1181 859 petit
1222 789 1324 842 illis
1354 790 1466 841 dari
1500 788 1777 841 secundum
1813 803 1966 856 apera
1993 787 2128 855 ipso-

551 904 686 950 rum,
718 888 766 940 id
797 895 878 938 est
908 884 1270 944 voluntatem;
1328 884 1448 950 quia
1481 882 1842 949 unusquisque
1872 880 1971 933 hoc
1999 894 2129 948 ope-

551 991 698 1036 ratur
724 976 863 1046 quod
891 977 1025 1028 vult.
1058 972 1187 1026 Nam
1218 974 1525 1039 frequenter
1553 980 1609 1026 et
1638 980 1888 1037 praestant
1916 970 2005 1036 qui
2034 984 2129 1020 no-

544 1083 672 1121 cere
697 1064 1053 1128 contendunt,
1080 1073 1137 1115 ιιι
1161 1062 1403 1114 diabolus
1435 1061 1575 1128 facit,
1606 1061 1694 1130 qui
1723 1062 1848 1113 dum
1874 1060 2128 1113 innocen-

549 1157 688 1212 tibus
710 1156 900 1221 ingerit
922 1156 1107 1207 mortis
1131 1169 1333 1221 pinnas,
1358 1154 1665 1205 transmittit
1689 1162 1949 1221 martyres
1965 1154 2031 1205 ad
2049 1167 2130 1205 co-

549 1264 727 1302 ronas.
756 1248 1036 1313 Ettpressit
1064 1260 1273 1313 quoque
1305 1261 1422 1311 qua:
1451 1242 1692 1310 superius
1711 1243 1862 1303 dixit.
1881 1241 2127 1305 dicendo,

552 1336 845 1389 Secundum
877 1335 1154 1402 nequitiam
1178 1333 1465 1385 studiorum
1492 1335 1739 1402 ipsorum,
1770 1332 1821 1385 id
1848 1340 1932 1385 est
1956 1333 2129 1385 ambi-

553 1438 661 1481 tum
696 1428 914 1493 malum,
948 1435 1002 1477 ut
1040 1425 1254 1478 innoxio
1279 1432 1560 1488 nocerent;
1587 1434 1642 1478 et
1670 1424 1757 1492 qui
1796 1424 1860 1476 ad
1890 1438 1983 1478 eos
2020 1424 2130 1477 sal-

534 1518 760 1571 ‘vandos
788 1525 1028 1581 venerat,
1060 1515 1219 1569 morti
1253 1515 1462 1569 tradere
1493 1514 1822 1569 maluissent.

620 1611 729 1679 92
758 1608 909 1661 Vers.
944 1607 995 1661 6.
1026 1605 1316 1662 Secundum
1337 1606 1675 1673 operationem
1696 1621 1938 1658 manuum
1957 1620 2135 1659 eorum

550 1700 771 1751 retribue
793 1698 892 1749 illi‘
909 1711 929 1759 ;
949 1697 1105 1749 redde
1125 1695 1508 1748 retributionem
1530 1710 1705 1747 eorum
1728 1694 1870 1762 ipsis.
1895 1694 2137 1760 Quatuor

555 1800 679 1844 sunt
716 1791 921 1857 species
962 1788 1371 1841 retributionum
1418 1804 1430 1837 :
1472 1800 1697 1855 quarum
1737 1800 1838 1838 una
1868 1795 1982 1850 est,
2012 1801 2133 1840 cum

2228 602 2446 655 Paulum
2478 600 2783 663 destruxit,
2827 607 2888 655 ut
2934 599 2985 652 in
3034 597 3223 651 melius
3258 606 3630 660 construeret,
3659 596 3799 650 etde

2229 702 2569 758 persecutore
2600 690 2894 758 apostolum
2929 692 3156 751 taceret;
3192 686 3285 739 sed
3319 685 3539 752 impium
3573 684 3799 738 Pharao-

2230 798 2351 835 nem
2393 798 2513 835 cum
2545 783 2704 835 tantis
2736 780 3065 834 mirabilibus
3093 794 3197 831 non
3239 776 3520 839 crederet,
3557 776 3804 830 demersit

2229 875 2532 929 Altissimus
2561 882 2619 927 ut
2648 874 2865 939 periret.
2898 870 2989 925 Sic
3019 884 3145 938 ergo
3176 870 3295 923 illos
3327 868 3453 921 dicit
3493 867 3719 929 destrui,
3757 877 3808 921 ut

2232 984 2337 1022 non
2389 967 2581 1019 iterum
2624 966 2853 1019 debeant
2901 961 3174 1015 aediﬁcari.
3220 959 3370 1026 Quod
3412 960 3649 1023 dictum,
3682 958 3810 1011 sicut

2233 1072 2378 1124 stupe
2409 1058 2745 1117 monuimus,
2788 1054 2852 1108 ad
2886 1054 3216 1123 prophetiam
3251 1051 3426 1119 potius
3457 1050 3665 1105 tidetur
3696 1064 3808 1118 per-

2237 1150 2409 1201 tinere
2433 1162 2591 1217 quam
2621 1146 2686 1201 ad
2721 1146 3011 1198 iracundite
3039 1143 3373 1212 qualitatem.

2305 1240 2458 1295 Vers.
2501 1241 2554 1292 8.
2598 1237 2904 1292 Benedictus
2954 1235 3235 1298 Dominus,
3280 1235 3525 1304 quoniam
3565 1234 3810 1286 exaudivit

2234 1350 2406 1388 uocem
2438 1332 2808 1399 deprecationis
2833 1347 2976 1385 mete.
3004 1330 3190 1385 Sciens
3216 1330 3533 1399 complenda
3561 1343 3684 1383 esse
3708 1343 3811 1382 om-

2236 1427 2320 1480 nia
2359 1440 2479 1494 quae
2522 1424 2766 1492 petebat,
2800 1435 3005 1490 partem
3048 1421 3298 1477 secundat
3342 1420 3601 1475 sectiouis
3640 1421 3811 1485 ingre-

2236 1516 2379 1569 ditur
2405 1531 2419 1570 :
2451 1514 2650 1583 gratias
2677 1529 2841 1582 agens
2882 1513 3022 1583 quod
3056 1512 3353 1567 vindicatus
3393 1512 3464 1567 sit
3492 1515 3560 1566 de
3591 1512 3813 1565 inimicis

2236 1608 2378 1671 suis,
2418 1606 2545 1660 dum
2584 1607 2761 1659 adhuc
2796 1607 3098 1660 nullatenus
3125 1606 3473 1673 exstitissent.
3506 1604 3633 1658 Haec
3659 1604 3813 1673 ﬁgura

2237 1695 2434 1749 dicitur
2474 1693 2771 1764 prolepsis,
2815 1693 3004 1749 Latine
3034 1694 3448 1762 praeoccupatis),
3477 1695 3699 1759 quando
3740 1709 3812 1751 res

2238 1796 2502 1842 secutura:
2542 1801 2637 1855 pro
2683 1785 2970 1853 praeteritis
3014 1795 3306 1854 ponuntur.
3338 1785 3443 1840 Sed
3476 1784 3815 1841 discutiamus

558 1882 861 1935 tribuuntur
892 1879 957 1934 ab
981 1878 1282 1932 hominibus
1310 1877 1447 1930 mala
1481 1892 1573 1944 pro
1597 1876 1774 1940 bonis,
1802 1876 1941 1929 sicut
1966 1876 2138 1930 Judaei
2173 1882 2216 1941 Β
2243 1876 2370 1943 quid
2408 1876 2509 1932 sibi
2554 1878 2683 1931 velit
2722 1877 3005 1945 dispositio
3038 1878 3137 1931 ista
3170 1876 3455 1930 verborum
3475 1917 3489 1937 .
3522 1875 3815 1931 Benedictus

555 1973 769 2028 Christo
794 1970 1151 2033 retribuerunt,
1176 1969 1263 2037 qui
1286 1983 1405 2020 cum
1435 1965 1499 2020 ad
1528 1980 1620 2021 eos
1648 1966 1932 2020 salvaudos
1957 1968 2133 2021 venis-

557 2071 662 2127 set,
685 2060 759 2114 illi
779 2075 899 2113 eum
924 2059 1236 2127 cruciﬁgere
1252 2056 1618 2111 decreverunt.
1638 2055 1816 2109 Altera
1842 2072 1961 2109 cum
1986 2058 2131 2111 retri-

561 2152 733 2204 buitur
771 2151 963 2204 bonum
1008 2163 1105 2217 pro
1146 2148 1306 2209 bono,
1355 2146 1566 2214 quando
1612 2146 1753 2200 dicet
1782 2147 1920 2201 Deus
1936 2149 2136 2202 ‘electis

555 2244 666 2300 suis
709 2261 723 2296 :
757 2242 959 2305 Venite,
995 2224 1241 2295 bEnedicti
1289 2238 1463 2293 Patris
1490 2240 1619 2304 mei,
1665 2240 1902 2307 percipite
1930 2256 2135 2306 regnum

554 2336 693 2409 quod
714 2335 852 2388 vobis
884 2342 1118 2401 paratum
1147 2345 1218 2385 est
1259 2333 1322 2385 ab
1361 2334 1504 2385 initia
1543 2333 1718 2384 mundi
1744 2330 1975 2403 (Matth.
2007 2347 2132 2396 xxv,

561 2426 630 2478 54
652 2426 693 2495 ).
723 2424 905 2479 Tertia
935 2439 1054 2477 cum
1083 2421 1323 2475 retribuet
1354 2421 1547 2473 malum
1594 2436 1691 2490 pro
1732 2421 1892 2485 malo,
1924 2420 2137 2488 quando

555 2516 792 2572 dicturus
818 2523 902 2570 est
929 2515 1107 2584 impiis
1136 2532 1148 2566 :
1180 2511 1261 2566 Ite
1290 2515 1343 2566 in
1371 2513 1533 2582 ignem
1566 2523 1807 2567 internum
1825 2554 1839 2577 ,
1872 2515 1958 2581 qui
1984 2528 2138 2581 paru-

555 2617 635 2662 tus
656 2614 733 2660 est
748 2606 949 2659 diabolo
972 2613 1020 2657 et
1041 2604 1233 2674 angelis
1255 2605 1365 2672 ejus
1387 2603 1403 2670 (
1423 2600 1616 2654 Ibidem
1632 2642 1644 2663 ,
1671 2601 1730 2653 41
1760 2603 1814 2671 );
1840 2603 2133 2656 secundum

550 2695 717 2761 illud,
762 2694 1006 2749 Hensura
1042 2709 1144 2762 qua
1185 2694 1341 2745 mensi
1386 2693 1615 2761 fueritis,
1660 2691 1712 2745 in
1749 2692 1924 2745 eodem
1972 2708 2135 2745 reme-

554 2791 703 2843 tietur
725 2789 864 2842 vobis
888 2789 905 2858 (
930 2787 1057 2840 Luc.
1088 2801 1170 2848 vt,
1197 2785 1264 2839 38
1287 2785 1330 2854 ).
1364 2785 1556 2851 Quarta
1587 2799 1706 2837 cum
1738 2786 1970 2838 retribuit
1993 2784 2134 2852 quod

550 2882 641 2935 hic
669 2881 830 2944 dicit,
863 2881 1060 2933 bonum
1095 2892 1190 2944 pro
1221 2878 1381 2938 malo,
1416 2885 1473 2930 ut
1502 2877 1588 2944 qui
1624 2885 1995 2945 persecutores
2033 2893 2132 2930 ex-

550 2974 817 3034 stiterunt,
851 2973 977 3022 ﬁant
1006 2969 1289 3031 conversi,
1321 2978 1502 3036 postea
1553 2967 1882 3025 laudatores.
1937 2968 2132 3023 Verum

551 3060 651 3114 ista
680 3059 856 3113 omnia
887 3074 1004 3125 quze
1031 3060 1099 3112 de
1144 3057 1375 3113 inimicis
1404 3061 1516 3112 suis
1560 3060 1827 3127 praedicit,
1874 3074 1978 3113 non
2011 3072 2136 3115 sunt

551 3159 674 3204 vota
720 3149 967 3212 malitiae,
1018 3147 1113 3202 sed
1164 3150 1501 3217 prmseieutia
1550 3148 1869 3204 futurorum.
1916 3150 2047 3205 Nam
2080 3152 2132 3205 in

2239 1967 2513 2033 Dominus,
2538 1969 2781 2038 quoniam
2804 1969 3099 2032 exaudivit;
3120 1970 3214 2037 qui
3235 1976 3318 2029 est
3342 1969 3528 2037 utique
3546 2009 3562 2032 ,
3592 1972 3697 2022 etsi
3730 1986 3816 2022 non

2237 2060 2521 2124 exaudiat,
2580 2058 2888 2112 benedictus.
2940 2058 3044 2112 Sed
3093 2057 3410 2111 benedictum
3453 2058 3672 2127 proprie
3703 2058 3817 2111 dzci-

2239 2168 2379 2217 mus,
2412 2152 2498 2204 cui
2525 2150 2727 2219 gratias
2754 2151 2982 2219 agimus,
3018 2149 3070 2203 id
3099 2158 3184 2203 est
3208 2150 3422 2217 quando
3454 2149 3527 2202 illi
3558 2150 3818 2204 benedici-

2240 2260 2376 2297 mus.
2407 2246 2545 2310 Apte
2570 2257 2699 2312 ergo
2725 2243 2955 2311 positum
2977 2252 3091 2307 est,
3114 2242 3427 2304 benedictus,
3455 2241 3547 2310 qui
3575 2243 3819 2296 exaudire

2240 2333 2489 2403 dignatus
2515 2343 2616 2387 est.

2322 2422 2471 2475 νει-ε.
2512 2423 2568 2476 9.
2613 2420 2863 2476 Dominus
2892 2424 3103 2494 adjutor
3134 2441 3273 2480 meus
3299 2434 3344 2479 et
3376 2435 3627 2492 protector
3657 2435 3819 2488 metu;

2240 2520 2288 2563 et
2313 2511 2366 2563 in
2391 2512 2498 2575 ipsa
2526 2513 2742 2580 speravit
2771 2527 2857 2564 cor
2881 2529 3073 2578 meum,
3102 2523 3147 2567 et
3172 2516 3383 2585 adjutus
3412 2532 3545 2568 sum.

2310 2602 2462 2654 Vers.
2507 2603 2592 2655 ιιι.
2633 2601 2701 2654 Et
2734 2596 2965 2670 reﬂoruit
3002 2621 3123 2658 caro
3172 2621 3317 2669 mea,
3364 2616 3411 2659 et
3454 2623 3522 2660 ex
3569 2606 3820 2659 voluntate

2239 2710 2350 2747 mea
2376 2694 2653 2761 conﬁtebor
2674 2695 2772 2747 illi.
2801 2695 3024 2761 Adiutor
3050 2695 3116 2750 ad
3147 2697 3380 2765 pericula
3411 2696 3533 2750 vim:
3563 2696 3809 2765 pertinet,

2239 2802 2357 2854 qua!
2385 2787 2501 2854 ipso
2543 2787 2832 2854 adiuvante
2874 2788 3169 2856 superavit.
3218 2788 3504 2852 Protector,
3550 2789 3679 2856 quia
3712 2803 3819 2841 eunt

2247 2876 2316 2931 ab
2371 2876 2577 2931 insidiis
2618 2877 2895 2932 diabolicis
2935 2892 3030 2931 sua
3076 2878 3387 2933 defensione
3435 2879 3680 2932 vallavit.
3732 2876 3821 2932 Sed

2243 2975 2522 3035 postquam
2550 2967 2648 3022 ista
2673 2968 2811 3021 facta
2831 2977 2958 3024 sunt
2978 3008 2993 3030 .
3022 2967 3251 3022 ﬁdeliter
3277 2983 3336 3023 se
3359 2968 3488 3022 dicit
3510 2983 3745 3033 sperasse
3767 2967 3824 3020 de

2242 3056 2487 3111 Domino.
2516 3058 2644 3111 Nam
2674 3072 2797 3111 cum
2827 3057 2987 3123 dicit,
3026 3074 3115 3112 cor
3144 3075 3339 3120 nicum,
3367 3058 3561 3112 animus
3589 3059 3824 3128 designat

2245 3162 2499 3202 arcanum
2516 3186 2533 3211 ,
2554 3147 2697 3217 quod
2726 3149 3045 3204 sacriﬁcium
3070 3159 3281 3204 constat
3306 3163 3426 3205 esse
3446 3149 3700 3220 iustitia.
3727 3151 3825 3205 Ad-

554 3239 841 3309 Evangelio
871 3239 999 3294 dicit
1029 3256 1043 3293 :
1077 3237 1251 3303 Pater,
1285 3239 1482 3292 dimitte
1509 3239 1635 3303 illis,
1670 3258 1769 3293 non
1797 3243 1929 3294 enim
1972 3244 2137 3295 sciunl
2169 3233 2213 3295 C
2244 3236 2375 3291 didit
2397 3251 2612 3305 quoque
2633 3236 3075 3310 iterum,adjutus
3095 3248 3326 3303 sum;ut
3344 3249 3602 3310 quantum
3628 3242 3825 3309 impen-

551 3332 675 3400 quid
714 3332 907 3397 faciunt
945 3328 1113 3400 (Luc.
1160 3343 1317 3393 stin,
1350 3328 1482 3399 5i).
1516 3329 1619 3383 Sed
1662 3340 1944 3400 utrmnque
1989 3331 2132 3401 pium

550 3430 661 3485 est;
694 3420 779 3473 hic
805 3419 947 3473 enim
974 3418 1333 3472 comminatur
1362 3428 1418 3470 ut
1449 3427 1687 3482 terreat,
1716 3436 1782 3473 ne
1808 3423 2009 3475 seelera
2042 3437 2131 3476 sua

551 3509 968 3578 praesumptione
1012 3508 1295 3575 desperata
1348 3509 1654 3574 perﬁciant;
1692 3510 1760 3562 ibi
1803 3521 1977 3566 autem
2012 3529 2133 3567 eum

552 3599 772 3666 patitur,
804 3606 922 3651 orat
948 3606 1004 3649 nt
1029 3597 1095 3649 ad
1124 3598 1507 3660 paenitudinem
1534 3616 1720 3652 eorum
1749 3606 1908 3654 ειιιιιίςι
1945 3607 2133 3672 ρετιιυο

551 3698 653 3741 eat.
683 3687 788 3741 Nec
818 3695 966 3740 vacat
994 3685 1134 3755 quod
1169 3687 1325 3740 toties
1355 3688 1674 3741 sententiam
1711 3691 1876 3758 ipsius
1910 3696 2134 3746 terroris

552 3777 794 3841 iteravit,
827 3787 884 3831 ut
913 3778 1072 3831 corda
1107 3776 1313 3846 lapidea
1346 3794 1555 3848 magna:
1590 3783 2018 3836 eonnninationis
2048 3786 2133 3838 iit-

550 3870 743 3925 cendio
771 3870 1129 3924 salvarentur.

622 3960 777 4017 Vers.
819 3961 871 4014 7.
915 3962 1170 4029 Quoniam
1204 3980 1302 4018 non
1332 3966 1684 4019 intellexerunt
1712 3984 1865 4036 opera
1900 3968 2130 4037 Dom‘ni,

508 4066 521 4071 “
548 4052 672 4105 etin
694 4067 846 4121 Opera
868 4069 1109 4105 manuum
1131 4057 1239 4127 ejus
1267 4072 1367 4108 non
1397 4058 1837 4111 consideruoerunt
1866 4077 1884 4121 ;
1912 4060 2137 4115 destrues

547 4142 698 4207 illos,
730 4159 821 4196 nec
847 4143 1123 4212 azdiﬁcabis
1149 4162 1254 4200 eos.
1286 4145 1631 4212 Superiorem
1660 4151 1857 4204 excolit
1887 4167 2129 4208 sensum.

556 4232 691 4287 Dicit
714 4235 855 4287 enim
875 4274 890 4296 ,
923 4234 1042 4288 ideo
1090 4235 1288 4289 debere
1317 4237 1421 4291 illis
1452 4239 1619 4297 reddi.
1651 4241 1771 4309 quia
1807 4257 1907 4293 non
1933 4244 2135 4296 intelle-

547 4331 737 4376 tertsnt
772 4337 926 4390 opera
958 4321 1184 4378 Domini.
1234 4324 1402 4393 Opera
1447 4328 1712 4397 siquidem
1758 4332 1877 4395 eius
1913 4333 2042 4397 fuit,
2079 4342 2137 4386 ut

454 4404 459 4409 ⁷
549 4410 763 4465 doceret
795 4412 1045 4478 populum
1076 4416 1213 4465 viam
1248 4417 1485 4469 veritatis
1516 4429 1569 4470 et
1598 4419 1752 4481 ﬁdei,
1784 4431 1837 4473 et
1869 4439 1931 4474 ex
1969 4439 2139 4478 saera:

551 4501 932 4555 incarnationis
984 4516 1182 4556 arcano
1233 4506 1598 4559 reconciliaret
1656 4508 1926 4565 hominem
1987 4511 2130 4573 Deo;

2242 3330 2463 3386 iebatur
2480 3346 2608 3399 pura
2630 3332 2865 3397 devotio,
2880 3341 3083 3388 tantum
3100 3342 3156 3389 et
3168 3335 3418 3404 adjutorii
3434 3348 3712 3391 cresceret
3728 3351 3829 3389 ma-

2242 3422 2487 3492 gnitudo.
2516 3422 2660 3477 Bene
2686 3433 2869 3479 autem
2897 3424 3031 3480 dixit
3062 3443 3076 3478 τ
3109 3427 3362 3495 Reﬁoruit
3392 3443 3514 3481 caro
3542 3444 3685 3492 mea,
3713 3427 3825 3495 quia

2238 3526 2296 3567 et
2324 3516 2496 3580 primo
2532 3514 2715 3570 ﬂoruit
2744 3532 2761 3570 :
2797 3516 2995 3584 quippe
3034 3531 3154 3584 qun-
3194 3532 3259 3571 ex
3305 3517 3519 3586 Virgine
3558 3518 3684 3571 sine
3714 3530 3829 3586 prc-

2240 3614 2362 3657 cato
2391 3615 2639 3673 tanquam
2664 3606 3005 3674 pulcherrimi
3035 3607 3181 3662 ﬁoris
3206 3609 3472 3678 singulare
3501 3594 3678 3666 decus
3703 3610 3829 3663 emi-

2237 3698 2377 3759 cuit,
2407 3698 2546 3752 sicut
2574 3697 2738 3751 Isaias
2759 3698 2887 3753 dicit
2915 3716 2930 3753 :
2964 3698 3031 3752 Et
3060 3700 3155 3769 ﬂos
3179 3700 3241 3752 de
3263 3702 3437 3754 radice
3457 3702 3567 3771 ejus
3598 3704 3830 3757 ascendet

2242 3786 2395 3855 (lsa.
2448 3803 2531 3854 xi,
2580 3789 2672 3857 1).
2719 3787 2972 3857 Re/taruit
3009 3804 3138 3859 ergo
3180 3790 3447 3859 signiﬁcat
3483 3795 3827 3849 resurrexit:

2240 3880 2393 3949 quasi
2413 3879 2466 3934 in
2484 3880 2749 3935 aethereus
2759 3895 2915 3935 auras
2927 3881 3225 3938 admirabili
3243 3885 3438 3939 decore
3453 3889 3725 3957 prorupit.
3743 3888 3833 3943 Se-

2242 3971 2444 4038 quitur,
2467 3982 2516 4025 et
2542 3987 2606 4024 ea:
2632 3971 2889 4026 voluntate
2915 3989 3028 4026 mea
3056 3974 3332 4042 conﬁtebor
3360 3974 3473 4043 illi,
3505 3987 3632 4045 post
3662 3993 3834 4033 resur-

2244 4063 2538 4115 rectionem
2579 4061 2818 4131 seilicet,
2863 4066 3077 4133 quando
3106 4065 3333 4119 humana
3375 4079 3560 4120 natura
3605 4070 3835 4123 lucrata

2240 4153 2587 4220 corruptione
2630 4151 2889 4221 liberata,
2929 4165 2985 4209 et
3023 4154 3091 4208 ad
3134 4156 3559 4212 inaestimabilem
3599 4160 3834 4227 gloriam

2243 4260 2583 4315 permanens,
2613 4244 2665 4298 in
2694 4244 2854 4301 Verbi
2885 4244 3090 4303 unitate
3118 4245 3395 4313 perducta.

2312 4336 2465 4391 Vers.
2511 4338 2597 4391 ιι.
2632 4336 2884 4391 Dominus
2911 4338 3165 4407 fortitudo
3189 4338 3349 4406 plebis
3389 4354 3525 4401 sure,
3562 4350 3616 4392 et
3662 4350 3836 4409 prote-

2242 4435 2351 4478 ctor
2378 4426 2683 4480 salutarium
2704 4425 2892 4481 Christi
2918 4428 2995 4481 sui
3024 4438 3118 4481 est.
3150 4427 3331 4482 Brevis
3364 4441 3670 4497 magnaque
3700 4431 3836 4484 deli.

2244 4518 2397 4570 nitio.
2420 4517 2557 4582 Quid
2578 4529 2659 4571 est
2684 4516 2935 4571 Dominus
2950 4520 2976 4572 ?
3001 4520 3249 4585 fortitudo
3278 4520 3437 4587 plebis
3464 4535 3593 4575 suc.
3616 4522 3839 4587 Merito,

548 4604 810 4660 quatenus
838 4592 923 4647 ubi
953 4608 1056 4645 non
1087 4602 1294 4656 poterat
1319 4596 1498 4647 vitiata
1528 4610 1715 4648 natura
1745 4602 2129 4669 conscendere,
2170 4612 2218 4671 ι)
2241 4609 2455 4674 quando
2485 4608 2710 4665 adversa
2748 4620 2941 4662 cuncta
2989 4610 3105 4677 ipso
3141 4609 3436 4665 auxiliante
3480 4626 3837 4680 superamur.

549 4683 841 4739 Dominica:
867 4685 1187 4739 visitationis
1215 4701 1433 4738 munere
1462 4690 1781 4754 perveniret.
1815 4691 1879 4743 Et
1904 4710 1970 4745 ne
2000 4693 2129 4749 Filio

550 4774 640 4826 Dei
674 4787 797 4826 vera
827 4771 1040 4827 docenti
1087 4788 1238 4828 meus
1276 4775 1543 4830 anIiuata
1588 4794 1689 4831 non
1728 4781 1992 4847 crederet,
2031 4787 2129 4841 hoc

548 4876 762 4930 quoque
789 4866 1165 4919 miraculorum
1201 4866 1491 4934 ingentium
1540 4870 1732 4925 virtute
1778 4873 2032 4942 ﬁrmavit;
2075 4890 2129 4932 ut

546 4952 687 5019 quod
736 4954 1092 5022 intelligerent
1130 4954 1299 5009 .lndtei
1328 4971 1665 5013 communem
1712 4962 1980 5019 hominem
2015 4985 2122 5023 non

546 5055 703 5109 posse
751 5042 954 5107 lacere,
1001 5044 1103 5098 hoc
1130 5046 1402 5101 evidenter
1432 5063 1784 5118 agnoscerent
1829 5060 2119 5124 potentiam

546 5132 851 5187 Divinitatis
880 5135 1120 5204 implere.
1154 5139 1256 5193 Sed
1288 5140 1358 5193 illi
1391 5141 1667 5198 dementes
1687 5189 1702 5212 ,
1734 5148 1858 5202 dum
1892 5161 2123 5205 tantum-

544 5223 706 5276 modo
729 5224 997 5280 hominem
1021 5228 1274 5294 credunt,
1292 5231 1488 5288 Filium
1512 5234 1605 5290 Dei
1628 5236 1730 5291 dici
1756 5240 2124 5310 indignissime

544 5314 899 5381 pertulerunt.
928 5318 1199 5387 Sequitur,
1239 5333 1287 5375 et
1325 5325 1378 5377 in
1416 5342 1569 5392 apera
1612 5346 1854 5385 manuum
1881 5337 1993 5402 ejus
2020 5352 2122 5389 non

541 5407 1006 5463 consideraoerunt.
1037 5410 1223 5480 Utique
1245 5415 1288 5468 si
1313 5420 1763 5486 considerassent,
1786 5426 2124 5491 expavissent

543 5496 719 5562 iustius
742 5514 901 5567 quam
931 5508 1289 5569 sprevissent,
1325 5509 1623 5576 plorassent
1652 5529 1808 5582 quam
1835 5518 2122 5585 conspuis-

541 5598 692 5652 εσιιιι,
735 5592 1047 5649 adorassent
1075 5613 1232 5665 quam
1264 5602 1676 5658 crucitixissent.
1710 5604 1838 5659 Tale
1860 5622 1923 5659 en
1951 5624 2000 5661 ιιι
2030 5624 2119 5662 sa-

538 5680 813 5750 crilegium
860 5685 978 5741 aliis
1021 5691 1306 5757 provenire
1349 5707 1453 5746 non
1501 5695 1703 5763 potuit,
1755 5696 1852 5751 nisi
1900 5699 2001 5752 illis
2031 5702 2119 5768 qni

538 5771 776 5829 veritatis
806 5772 1208 5839 intelligentiam
1238 5782 1605 5842 perdidi-runt.
1643 5785 1782 5840 Deus
1812 5789 1953 5841 enim
1984 5791 2121 5844 alios

2237 4697 2506 4753 Protector
2535 4709 2618 4753 est
2644 4700 2836 4762 etiam,
2869 4701 3119 4768 quoniam
3152 4716 3245 4755 eos
3275 4702 3404 4771 tegit
3441 4710 3497 4756 et
3540 4703 3751 4758 liberat
3775 4705 3842 4757 alt

2237 4791 2635 4843 imminentibus
2661 4791 2838 4858 malis.
2864 4789 3220 4855 Salutarium,
3245 4806 3307 4849 ac
3328 4793 3371 4845 si
3392 4791 3596 4847 diceret
3617 4835 3635 4858 ,
3661 4795 3842 4863 justo-

2235 4896 2383 4943 rum,
2414 4895 2638 4950 quorum
2678 4881 2825 4934 salus
2855 4890 2939 4936 est
2974 4881 3250 4937 Dominus.
3292 4882 3436 4939 Bene
3463 4891 3650 4959 autem
3682 4888 3843 4943 addi-

2232 4976 2343 5041 dit,
2378 4972 2566 5028 Christi
2604 4974 2703 5036 sui,
2744 4983 2802 5028 ut
2840 4973 3030 5030 Filium
3074 4977 3166 5031 Dei
3207 4976 3485 5034 debuisses
3512 4979 3839 5037 advertere.

2231 5063 2421 5119 Christi
2458 5065 2599 5119 enim
2641 5066 2955 5119 dicebantur
2997 5080 3050 5120 et
3094 5069 3310 5133 caeteri,
3341 5086 3474 5139 quos
3506 5080 3604 5127 aut
3648 5075 3843 5129 unctio

2230 5157 2444 5224 regalis,
2470 5164 2559 5206 aut
2589 5157 2939 5211 sacerdotalis
2964 5159 3129 5227 gloria
3158 5158 3472 5216 decorabat.

2302 5248 2451 5299 νισι-ε.
2494 5246 2582 5301 19..
2623 5246 2840 5303 Salvum
2874 5250 2960 5318 [ac
2998 5252 3244 5318 populum
3284 5262 3460 5322 tuum,
3492 5252 3762 5321 Domine,
3792 5266 3843 5310 et

2225 5337 2427 5391 beneJic
2455 5336 2805 5391 harreditatem
2845 5348 3025 5407 tuam;
3059 5352 3104 5394 et
3145 5358 3261 5413 rege
3293 5360 3411 5407 eos,
3439 5354 3486 5399 et
3514 5348 3720 5412 extollo
3752 5364 3844 5401 eos

2226 5443 2381 5496 usque
2410 5429 2462 5480 in
2492 5438 2755 5481 internum.
2798 5429 2925 5484 Orat
2955 5430 3256 5485 humanitas
3299 5433 3454 5489 Verbi
3498 5450 3594 5504 pro
3624 5441 3845 5508 populo

2226 5519 2553 5584 Christiano,
2588 5532 2802 5588 propter
2839 5537 2997 5589 quem
3033 5533 3083 5577 et
3129 5529 3383 5594 probatur
3423 5538 3748 5597 assumpta;
3787 5541 3847 5587 ut

2225 5608 2586 5663 satishct-one
2619 5610 2758 5663 ﬁdeli
2786 5611 2966 5664 salvus
3009 5613 3097 5665 tiat
3139 5614 3189 5667 in
3225 5614 3325 5669 hoc
3351 5616 3573 5684 mundo,
3603 5620 3709 5673 ubi
3742 5640 3845 5675 es-

2228 5703 2392 5767 pmita
2429 5698 2732 5752 .lndzeorum
2778 5701 3100 5768 probabatur
3139 5718 3259 5759 esse
3291 5708 3555 5774 periculis.
3588 5706 3844 5765 Benedic

2227 5805 2404 5846 autem
2448 5790 2788 5843 lian'editatem
2818 5799 2981 5859 tuam,
3014 5796 3078 5848 ad
3105 5795 3337 5852 futurum
3361 5800 3622 5869 judicium
3659 5803 3843 5871 ρει-ιιι
