3996 6346
1915 250 2002 299 ’ςηε

531 330 633 388 199

1771 335 1839 389 ll.
1882 289 2158 394 Αυῖέὲιιι
2194 338 2594 395 εΑεδιοηυιιι

3686 353 3783 404 ιυυ

528 458 717 510 mone,
754 443 945 503 Latine
974 444 1220 515 repetitio
1248 445 1431 502 crebra
1464 447 1762 514 sermonis,
1790 463 1909 518 quae
1939 450 2179 527 multaA
2208 450 2354 506 llanc
2399 454 2703 518 superbiam
2756 470 2853 509 vos:
2894 453 3106 509 Domini
3150 458 3459 530 confringit,
3508 456 3737 517 dicendo
3768 478 3782 515 :

527 536 726 605 colligit
746 535 905 589 unius
933 536 1081 590 verbi
1109 536 1387 589 iteratione
1408 536 1651 591 decursa.
1673 538 1942 607 Sequitur.
1971 539 2098 591 ado-

529 633 636 679 rate
664 622 938 678 Dominum
980 625 1033 678 in
1070 624 1190 677 aula
1215 641 1323 678 san.
1338 634 1389 677 ta
1422 626 1571 691 eius;
1601 627 1653 681 itl
1679 635 1762 681 est
1790 628 1950 682 colite
1977 644 2096 683 ettut

529 717 582 771 in
613 716 934 771 conscientia
964 724 1139 768 vestra
1172 716 1542 771 mundissima.
1573 717 1686 784 Ipsa
1711 726 1795 772 est
1813 720 1954 772 enim
1979 718 2099 772 aula

528 806 721 875 regalis
754 814 810 861 et
847 805 1101 859 habitatio
1128 804 1358 873 Spiritus
1386 806 1588 872 sancti,
1622 808 1761 862 sicut
1789 808 1919 862 dicit
1955 810 2099 875 Apo-

526 899 694 953 stolus
732 915 746 951 :
774 897 906 961 Quia
928 898 1171 963 templun
1197 895 1294 949 Dei
1321 898 1473 962 estis,
1501 907 1548 951 et
1579 898 1805 969 Spiritus
1834 898 1926 953 Dei
1952 897 2100 952 habi-

527 998 598 1043 tat
623 990 675 1041 in
703 989 840 1043 vobis
868 986 923 1056 (I
951 987 1070 1041 Cor.
1106 1004 1193 1050 Ill,
1230 988 1340 1056 16).

517 1077 522 1080 ’
600 1078 748 1134 Vera.
784 1079 839 1134 3.
887 1078 999 1131 Vos
1028 1077 1233 1131 Domini
1261 1094 1414 1145 super
1442 1096 1630 1150 aquas,
1662 1079 1797 1157 Deus
1820 1083 2099 1153 majestatis

526 1169 776 1231 intonuit;
802 1168 1051 1221 Dominus
1075 1184 1228 1238 super
1252 1185 1411 1235 aquas
1434 1172 1641 1225 multas.
1671 1170 1831 1226 Venit
1858 1172 1926 1227 ad
1954 1173 2100 1228 ordi-

524 1276 645 1316 nem
672 1260 997 1322 secundum,
1030 1262 1085 1314 in
1115 1275 1223 1329 quo
1253 1275 1351 1328 per
1380 1263 1600 1330 ﬁguram
1627 1264 1909 1330 epimone,
1939 1279 2097 1333 quam

524 1354 769 1421 superius
816 1352 1083 1416 diximus,
1132 1353 1439 1424 frequenter
1482 1371 1580 1425 per
1623 1356 1802 1427 capita
1847 1372 2097 1415 versuum

524 1434 686 1495 otium
732 1452 977 1509 repetens
1022 1442 1272 1508 verbum,
1322 1446 1592 1513 prazconia
1640 1445 1874 1517 Spiritus
1924 1452 2096 1505 sancti

524 1531 823 1599 septenaria
860 1532 1060 1588 virtute
1103 1533 1474 1600 concelebrat;
1507 1536 1648 1605 quod
1679 1539 1791 1592 suis
1822 1539 1970 1606 locis,
2008 1540 2097 1610 ju-

526 1627 687 1673 vante
721 1617 982 1686 Domino,
1008 1621 1247 1676 conabor
1274 1638 1561 1692 exponere.
1596 1625 1805 1682 Primus
1830 1627 1931 1682 iste
1957 1628 2101 1698 ejus-

524 1707 646 1761 dem
677 1708 754 1763 rei
784 1720 1109 1777 versusest,
1140 1727 1237 1765 vos:
1264 1710 1473 1767 Domini
1501 1731 1654 1781 super
1693 1733 1874 1786 aquas,
1922 1717 1973 1772 id
2017 1726 2100 1773 est

2204 538 2343 594 Deus
2388 543 2618 610 superbis
2661 546 2881 608 resistit;
2921 547 3200 601 humilibus
3240 558 3411 602 autem
3442 547 3532 603 dat
3563 552 3782 620 gratiam

2201 631 2357 697 (Jac.
2383 648 2454 697 tv,
2481 634 2567 700 6).
2593 635 2803 702 Repetit
2824 653 3036 706 quoque
3066 655 3081 693 :
3113 639 3179 692 Et
3207 640 3495 712 confringet
3526 641 3777 696 Dominus

2201 722 2379 776 cedrus
2409 722 2610 779 Libani.
2642 724 2749 779 Sed
2777 729 3022 795 quamvis
3047 730 3415 798 superioribus
3448 730 3564 787 haec
3584 730 3781 787 similia

2200 811 2501 878 videantur,
2536 822 2709 869 tamen
2739 833 2844 871 uno
2874 818 3037 874 verbo
3064 821 3269 888 addito,
3296 820 3497 889 Libani,
3528 838 3635 878 non
3664 840 3784 895 par-

2200 916 2319 955 vam
2348 904 2594 959 videntur
2642 907 2879 965 indicare
2924 911 3256 969 distantiam.
3287 914 3440 968 Codri
3467 915 3615 970 enim
3661 932 3782 986 quas

2198 992 2323 1046 alihi
2352 1005 2641 1051 nasi-untur
2670 1014 2774 1053 non
2805 1002 3026 1056 omnino
3052 1018 3287 1097 proc'ierte
3315 1014 3479 1071 sunt;
3509 1007 3563 1063 in
3587 1006 3784 1063 Libano

2200 1093 2378 1135 autem
2409 1083 2542 1138 tales
2573 1086 2931 1156 inveniuntur,
2972 1099 3034 1145 ut
3068 1083 3255 1146 om'ites
3282 1094 3596 1151 altitudines
3626 1097 3785 1152 arbo-

2201 1183 2316 1223 rum
2347 1184 2600 1237 superare
2632 1174 2932 1231 videantur.
2980 1179 3120 1246 Ergo
3167 1181 3349 1237 mundi
3391 1184 3546 1239 istius
3574 1184 3784 1242 nobiles

2200 1274 2264 1314 ac
2286 1276 2460 1329 reges,
2488 1265 2578 1333 qui
2609 1266 2841 1334 reliquos
2867 1267 3113 1327 homines
3145 1280 3396 1343 tanquam
3426 1275 3648 1329 humilia
3670 1276 3783 1333 fru-

2199 1358 2307 1405 teta
2329 1352 2630 1422 despiciunt
2649 1398 2665 1422 ,
2692 1358 2862 1413 virtus
2887 1361 3063 1415 divina
3087 1363 3389 1435 confringit,
3412 1365 3627 1433 quando
3656 1382 3783 1433 pau-

2202 1457 2359 1511 peres
2382 1454 2439 1499 et
2466 1445 2695 1503 humiles
2718 1451 2897 1520 elegit.
2923 1451 3014 1507 lsti
3041 1454 3186 1507 enim
3212 1454 3409 1510 virtute
3434 1466 3779 1522 superantur,

2201 1529 2277 1586 illi
2302 1533 2439 1588 inter
2465 1534 2676 1592 divitias
2703 1552 2828 1594 suas
2853 1548 2946 1594 aut
2973 1540 3385 1610 cogitationibus
3412 1553 3656 1614 gemunt,
3689 1555 3780 1601 aut

2200 1623 2340 1689 turpi
2383 1624 2674 1680 ambitione
2718 1628 3019 1685 solvuntur.
3056 1631 3333 1687 Ponuntur
3361 1635 3522 1689 etiam
3552 1637 3689 1689 cedri
3727 1646 3780 1692 et

2200 1711 2254 1764 in
2286 1711 2475 1767 bonam
2509 1722 2745 1781 partem,
2777 1718 2917 1773 sicut
2945 1718 2997 1773 in
3025 1720 3131 1774 alio
3159 1723 3361 1790 psalmo
3399 1724 3530 1780 dicit
3567 1742 3585 1780 :
3626 1725 3778 1781 Cedri

524 1797 756 1867 Spiritus
802 1802 1097 1869 sapientiai.
1151 1802 1270 1872 Ipse
1310 1804 1452 1858 enim
1498 1804 1667 1874 legem
1713 1806 1952 1862 condidit
1995 1825 2097 1877 qua
2135 1826 2179 1886 Β
2206 1800 2391 1856 Libani
2417 1820 2543 1874 quas
2576 1805 2823 1862 Dominus
2853 1810 3101 1876 plantavit
3126 1812 3145 1883 (
3171 1812 3318 1868 Psal.
3347 1830 3470 1881 cttt,
3503 1818 3636 1889 16).

524 1889 854 1944 credentium
898 1891 1051 1945 turba
1094 1902 1398 1962 regeretur;
1442 1910 1566 1949 nam
1615 1895 1863 1964 leguntur
1913 1897 2104 1953 tabula

525 1979 852 2035 Testamenti
877 1970 1043 2049 digito
1070 1984 1161 2037 Dei
1188 1984 1397 2053 scriptae
1422 1984 1615 2056 (Deut.
1642 2001 1719 2051 tx,
1752 1986 1880 2056 l0);
1909 1987 2107 2056 digitus

523 2079 702 2125 autem
749 2069 842 2125 Dei
886 2072 1192 2139 specialiter
1234 2074 1548 2145 intelligitur
1590 2075 1822 2144 Spiritus
1863 2090 2101 2133 sanctus.

523 2160 675 2228 Quod
698 2175 823 2215 vero
843 2160 978 2215 dixit
1001 2178 1015 2215 :
1041 2160 1208 2228 Super
1227 2180 1405 2233 aquas,
1426 2164 1646 2234 pupnlos
1663 2166 1945 2237 signiﬁcat,
1967 2171 2106 2223 sicut

529 2258 585 2305 et
613 2250 749 2304 alter
779 2252 1013 2317 psalmus
1039 2253 1112 2307 ait
1143 2270 1155 2304 :
1189 2253 1401 2308 Salvum
1437 2270 1515 2308 me
1554 2258 1667 2326 fac,
1708 2256 1949 2325 Domine,
1979 2275 2105 2329 quo-

523 2342 663 2394 niam
701 2340 811 2414 94
842 2343 1155 2398 intraverunt
1195 2360 1341 2415 aqum
1383 2362 1542 2416 usque
1580 2348 1649 2399 ad
1687 2349 1911 2401 animam
1940 2366 2104 2416 meant

522 2430 712 2501 (Psal.
746 2449 935 2500 vaut,
964 2433 1074 2502 2);
1104 2444 1160 2490 et
1188 2436 1240 2489 itt
1284 2438 1603 2508 Apocalypsi
1635 2438 1826 2507 legitur
1857 2454 1872 2494 :
1914 2438 2103 2494 Civitas

522 2529 699 2583 sedens
727 2545 879 2599 super
919 2546 1079 2599 aquas
1119 2533 1305 2585 multas
1333 2532 1532 2601 (Apoc.
1565 2548 1700 2598 xvtt,
1734 2534 1755 2586 l
1789 2534 1833 2603 ).
1863 2532 2103 2602 Quapro-

522 2627 643 2686 pter
671 2621 786 2675 istis
813 2621 1161 2675 allusionibus
1193 2624 1293 2677 hoc
1320 2623 1604 2692 signiﬁcari
1637 2626 1971 2680 manifestum
2015 2633 2102 2680 est

521 2709 771 2780 Spiritum
799 2710 1074 2780 sapientia:
1105 2714 1270 2780 legem
1299 2715 1504 2781 populis
1544 2714 1868 2769 condidisse.
1895 2715 2088 2783 Sequi-

520 2808 626 2866 tur,
670 2798 808 2856 Deus
847 2803 1128 2872 majestatis
1155 2804 1397 2856 intonuit.
1431 2804 1541 2860 Hoc
1569 2806 1728 2860 etiam
1760 2807 1988 2872 pertinet
2024 2805 2090 2860 ad

520 2891 769 2961 Spiritum
808 2892 1106 2963 sapientiae.
1151 2895 1290 2949 Dicit
1321 2897 1462 2951 enim
1494 2898 1710 2966 quando
1738 2897 1879 2952 diem
1908 2898 2095 2965 iudicii

521 2982 846 3049 praedicavit,
870 2998 988 3035 cum
1010 2984 1265 3052 gehenme
1289 3001 1471 3054 poenas
1501 2986 1856 3041 inaestimabili
1889 2995 2096 3043 terrore

519 3072 793 3138 pratdixit,
822 3082 881 3125 ut
904 3087 1007 3126 non
1034 3081 1140 3126 tam
1170 3074 1314 3143 loqui
1343 3090 1500 3145 quam
1532 3077 1775 3130 intonare
1799 3076 2087 3131 videretur.

2282 1893 2430 1950 νει-ε.
2470 1896 2522 1951 6.
2565 1895 2632 1951 Et
2667 1900 2971 1956 comminuet
3001 1919 3085 1957 eas
3116 1914 3355 1975 tanquam
3382 1909 3596 1963 vitulum
3626 1911 3777 1966 Liba-

2206 1983 2291 2049 ni,
2320 1995 2366 2039 et
2389 1987 2630 2041 dilectum
2656 1991 2787 2043 sicut
2817 1992 2952 2051 ﬁlios
2983 1994 3399 2053 unicornuornm.
3436 1998 3503 2053 Et
3534 2000 3622 2055 hic
3648 2016 3778 2072 quo-

2206 2089 2311 2142 que
2336 2090 2521 2131 versus
2550 2077 2615 2132 ad
2643 2078 2899 2147 Spiritum
2926 2081 3135 2137 virtutis
3166 2087 3416 2152 pertinet.
3456 2086 3659 2142 Vitulos
3686 2106 3779 2144 au-

2207 2172 2313 2218 tem
2338 2164 2519 2219 Libani
2542 2169 2817 2225 sacriﬁciis
2846 2173 3151 2242 frequenter
3177 2178 3465 2246 antiquitas
3489 2178 3746 2236 oﬂ’erebat
3762 2221 3777 2247 ,

2205 2253 2291 2322 qui
2349 2264 2568 2325 propter
2615 2259 2878 2315 luxuriam
2929 2263 3167 2320 dulcium
3218 2269 3503 2325 herbarum
3536 2271 3776 2343 pingues

2204 2355 2360 2399 erant
2407 2347 2694 2404 admodum
2739 2359 2797 2406 et
2840 2352 3044 2410 decori.
3092 2356 3198 2411 Eos
3250 2362 3451 2415 mavult
3495 2344 3777 2420 mundanis

2203 2438 2599 2492 summitatibus
2617 2455 2949 2511 comparare,
2972 2461 3091 2515 quae
3111 2448 3190 2501 sic
3213 2452 3614 2508 comminuendc
3632 2465 3774 2522 sunt,

2201 2536 2455 2595 tanquam
2506 2528 2583 2583 illi
2630 2532 2717 2599 qui
2760 2533 3039 2590 sacriﬁciis
3069 2538 3385 2595 videbantur
3412 2542 3619 2598 oﬂerri.
3646 2545 3774 2601 Nam

2201 2625 2256 2672 et
2300 2619 2397 2686 ipsi
2440 2627 2563 2675 sunt
2591 2622 2832 2691 victima,
2864 2624 2988 2679 dum
3023 2631 3270 2685 conversi
3302 2632 3520 2688 Christo
3552 2635 3775 2691 Domino

2200 2708 2383 2763 nitidis
2408 2710 2676 2766 mentibus
2695 2712 3011 2772 oﬁ‘eruntur.
3034 2718 3140 2774 Sed
3170 2736 3237 2775 ne
3264 2723 3365 2777 sibi
3397 2722 3648 2781 homines
3675 2728 3775 2780 du-

2202 2812 2315 2852 ram
2365 2800 2532 2869 legem
2577 2811 2928 2870 quererentur
2971 2806 3295 2876 impositam,
3327 2813 3486 2866 etiam
3532 2815 3772 2869 dilectum

2201 2885 2392 2940 Filium
2439 2888 2533 2942 Dei
2564 2889 2694 2944 dicit
2734 2905 2856 2947 esse
2886 2896 3201 2950 moriturum
3233 2915 3249 2953 :
3279 2901 3345 2954 tle
3373 2916 3479 2968 quo
3518 2907 3772 2973 scriptum

2196 2987 2277 3030 est
2308 2993 2321 3029 :
2352 2976 2452 3030 Hic
2472 2987 2545 3032 est
2567 2981 2703 3045 ﬁlius
2726 2998 2865 3037 meus
2890 2985 3123 3051 dilectus,
3152 2989 3204 3041 in
3222 3005 3323 3059 quo
3343 2991 3469 3044 mihi
3493 2993 3617 3048 bene
3639 3011 3773 3049 eoat-

2197 3067 2367 3134 placui
2390 3070 2408 3137 (
2431 3067 2617 3124 Hatth.
2647 3087 2733 3137 ιιι,
2768 3074 2829 3127 17
2852 3073 2889 3145 ).
2925 3075 3146 3145 Propter
3174 3078 3599 3137 incarnationem
3631 3088 3769 3141 enim

518 3159 799 3228 Subjunxit
827 3162 1019 3225 etiam,
1052 3159 1302 3216 Dominus
1335 3180 1487 3231 super
1513 3180 1670 3230 aquas
1700 3166 1907 3229 multas,
1933 3165 1983 3219 id
2013 3175 2091 3221 est

2197 3154 2364 3209 lactus
2389 3163 2474 3211 est
2497 3159 2629 3212 sicut
2656 3160 2795 3228 filius
2820 3162 3219 3220 unicornuorum
3238 3208 3254 3233 ,
3280 3168 3332 3222 id
3357 3180 3440 3224 est
3461 3170 3770 3230 Judaeorum

519 3261 674 3316 super
704 3251 927 3319 populos
970 3252 1207 3320 gentium
1252 3252 1614 3318 diversarum,
1649 3269 1781 3323 quas
1810 3257 2094 3324 propheta-

518 3354 628 3394 rum
671 3348 831 3409 atque
872 3343 1235 3410 apostolorum
1280 3343 1654 3412 praedicatione
1706 3345 1940 3403 lucratus
1987 3355 2089 3401 est.

517 3429 604 3486 Sic
643 3440 698 3485 et
738 3432 791 3486 in
834 3432 937 3487 isto
982 3444 1247 3490 commate
1295 3435 1518 3504 populos
1565 3435 1912 3507 signiﬁcavit,
1957 3452 2094 3508 quos

514 3521 670 3577 etiam
701 3512 1201 3594 intelligi’superius
1232 3527 1436 3581 maluit.

582 3610 734 3666 Vera.
774 3611 828 3666 4.
874 3612 990 3667 Vos:
1021 3614 1225 3669 Domini
1251 3616 1304 3669 in
1329 3617 1533 3672 virtute.
1561 3617 1799 3673 Miranda
1828 3619 2087 3686 brevitas,

515 3700 609 3754 tria
637 3703 795 3755 verba
819 3718 976 3772 quam
1008 3720 1251 3773 magnam
1277 3708 1558 3775 explevere
1582 3710 1902 3763 sententiam
1924 3708 1939 3762 ι
1986 3708 2086 3763 Vo-

515 3805 616 3842 cem
667 3790 869 3844 Domini
908 3793 959 3845 in
1000 3794 1211 3859 virtute,
1243 3793 1500 3864 Spiritum
1530 3795 1661 3851 dicit
1688 3798 2086 3870 intelligentia,

514 3881 598 3948 qui
628 3879 930 3936 adversaria
973 3892 1163 3937 cuncta
1194 3883 1380 3954 dejitrit
1408 3894 1570 3955 atque
1601 3889 1910 3955 prosternit,
1952 3889 2090 3941 sicut

513 3974 697 4041 legitur
738 3990 753 4025 :
786 3972 853 4026 Et
883 3992 984 4029 non
1023 3986 1096 4030 est
1136 3980 1223 4047 qui
1264 3979 1421 4047 possit
1453 3981 1685 4035 resistere
1712 3982 1960 4034 voluntati
1989 3991 2090 4036 tua:

512 4063 738 4134 (Esther.
772 4081 864 4120 xm
884 4108 899 4130 ,
932 4067 1010 4135 9).
1052 4067 1240 4122 Merito
1278 4084 1409 4139 ergo
1444 4069 1558 4123 Vox
1587 4070 1793 4125 Domini
1821 4073 1875 4126 in
1906 4072 2089 4127 virtute

511 4168 625 4209 esse
649 4155 862 4219 dicitur,
895 4157 979 4211 cui
1010 4158 1168 4213 nullas
1196 4160 1485 4215 obstaculis
1512 4161 1779 4216 obviatur.

584 4241 696 4297 νοτ
734 4244 941 4300 Domini
967 4248 1019 4300 in
1051 4250 1450 4319 magniﬁcentia.
1482 4251 1577 4306 llic
1606 4253 1840 4321 Spiritus
1875 4256 2085 4311 consilii

448 4390 451 4393 Α
511 4334 730 4388 redolet.
776 4335 913 4402 Quid
960 4340 1102 4392 enim
1150 4341 1240 4394 illo
1288 4344 1753 4411 magniﬁcentius,
1804 4346 1894 4415 qui
1922 4348 2085 4402 corde

511 4424 807 4480 illuminato
851 4428 1036 4481 sentiri
1070 4428 1226 4494 iacit,
1258 4440 1313 4485 ut
1344 4442 1660 4501 appetantur
1686 4433 1849 4501 bona,
1877 4443 1933 4489 et
1958 4450 2081 4503 pes-

2198 3246 2539 3315 sipgulariter
2566 3264 2625 3305 se
2646 3254 3040 3310 extollentium.
3065 3258 3185 3313 Sive
3218 3261 3488 3316 unicornes
3518 3267 3771 3336 appellati

2196 3345 2322 3392 sunt
2363 3337 2562 3404 Judaei,
2611 3345 2732 3413 quia
2779 3362 2943 3401 unum
2991 3356 3199 3405 tantum
3241 3352 3490 3410 videntur
3526 3359 3773 3427 accipere

2194 3432 2612 3492 Testamentum.
2640 3440 2729 3498 Sic
2756 3458 2882 3512 ergo
2908 3443 3175 3500 Christum
3205 3445 3331 3499 dicit
3350 3460 3517 3502 carne
3543 3449 3771 3504 moritu-

2194 3538 2340 3589 rum,
2371 3528 2510 3582 sicut
2532 3536 2589 3585 et
2613 3531 2749 3586 ﬁlios
2777 3533 3112 3601 Judmorum,
3143 3537 3233 3606 qui
3264 3536 3626 3594 inaestimabili
3655 3542 3770 3611 pie-

2196 3622 2303 3668 tate
2346 3619 2708 3675 conditionem
2738 3637 2972 3678 nostram
3003 3628 3055 3679 in
3086 3638 3256 3682 morte
3282 3631 3549 3699 suscepit,
3580 3639 3642 3686 ut
3667 3648 3765 3688 no—

2195 3702 2276 3756 bis
2299 3705 2367 3758 de
2392 3720 2488 3759 sua
2518 3709 2920 3768 immortalitate
2949 3725 3245 3783 praestaret.

2266 3801 2415 3859 Vers.
2456 3806 2508 3860 7.
2556 3807 2670 3863 Vos:
2713 3811 2915 3866 Domini
2943 3815 3291 3872 intercidentis
3322 3820 3589 3888 ﬂammam
3616 3821 3772 3892 ignis.

2198 3889 2455 3960 Spiritum
2486 3897 2725 3954 scientiae
2750 3901 3043 3972 signiﬁcat,
3069 3907 3159 3975 qui
3188 3922 3347 3964 omne
3373 3889 3657 3965 consilium
3689 3912 3773 3966 vel

2189 3985 2421 4041 calorem
2452 3992 2775 4047 contrarium
2800 3995 3162 4064 intercidendo,
3190 3999 3242 4052 id
3272 4011 3352 4054 est
3376 4000 3662 4057 dividendo
3690 4004 3773 4057 di-

2190 4074 2412 4143 judicat.
2444 4080 2535 4135 Ille
2562 4083 2702 4136 enim
2731 4083 3033 4141 Judaeorum
3075 4089 3267 4157 ignitos
3295 4097 3351 4145 et
3377 4091 3654 4149 ﬂammeos
3694 4106 3774 4148 tu-

2193 4167 2392 4222 multus
2433 4172 2655 4226 scientia
2701 4189 2816 4230 sua:
2867 4179 3157 4245 maiestatis
3199 4179 3478 4247 exstinxit;
3528 4192 3585 4237 ut
3632 4185 3775 4251 quod

2190 4259 2437 4316 scelerati
2460 4263 2692 4319 fecerant
2713 4267 2856 4321 velut
2874 4268 2940 4322 ad
2960 4269 3132 4324 solum
3157 4271 3424 4326 hominem
3448 4276 3774 4344 negandum,

2188 4349 2245 4403 in
2274 4352 2555 4408 humanam
2583 4358 2806 4411 salutem
2834 4367 2889 4413 et
2913 4359 3139 4426 gloriam
3170 4371 3485 4417 verteretur.

2267 4448 2382 4503 Vox:
2410 4453 2611 4507 Domini
2632 4458 2961 4511 concutientis
2987 4460 3345 4527 solitudinem;
3365 4471 3415 4516 et
3438 4464 3775 4517 commovebit

511 4514 638 4623 illi"
669 4532 892 4621 (ιιιωξιυε
919 4517 1215 4623 (uitiantur;
1246 4532 1568 4623 ιξςειδειειιξιιιθ
1595 4534 1651 4578 ιη
1676 4524 2081 4623 ἀξξξηβξοΔΡεΓῘ
2109 4523 2161 4585 Ῑ)
2189 4539 2433 4596 Dominus
2477 4544 2730 4599 desertum
2769 4546 2947 4603 Cadra.
2993 4549 3089 4604 llic
3127 4514 3407 4621 Spiritu'mv
3425 4514 3777 4623 pietatis

510 4606 717 4662 ηοίκιιπ
747 4609 888 4679 Pius:
919 4610 985 4665 de
1010 4612 1220 4712 “Pilio
1257 4611 1410 4677 liber!
1442 4614 1510 4668 de
1538 4629 1704 4712 881⁸30.
1727 4615 1899 4670 “"05?
1927 4616 2083 4683 Ουοά
2186 4641 2473 4698 monstrat,
2496 4638 2585 4704 qui
2612 4638 2829 4694 fallaces
2850 4606 3200 4708 cogitationes
3221 4653 3273 4698 et
3294 4606 3469 4712 inept;
3494 4646 3777 4702 hominum

510 4696 611 4752 illis
633 4700 915 4767 provenire
937 4716 1043 4754 non
1069 4701 1287 4756 dubium
1318 4711 1431 4771 est,
1460 4719 1593 4773 quos
1614 4705 1846 4774 Spiritus
1869 4719 2086 4763 sanctus
2187 4733 2305 4775 νοω
2348 4696 2662 4795 conﬁnium,
2689 4727 2755 4781 ad
2805 4696 3043 4783 verﬁaus
3086 4732 3321 4786 studium
3369 4696 3644 4789 gon-ec...
3685 4744 3777 4789 ει.

509 4791 741 4857 potentia
769 4804 879 4844 sum
904 4791 1196 4859 maiestatis
1223 4790 1479 4848 invisitat.

581 4877 733 4933 Vere.
774 4880 828 4934 5.
878 4879 987 4935 Vos:
1013 4880 1221 4935 Domini
1246 4883 1610 4953 confringentis
1637 4887 1816 4941 cedros
1840 4903 1862 4943 :
1884 4898 1931 4941 et
1956 4904 2080 4942 con-

506 4974 695 5044 fringet
725 4974 975 5051 Dominus
1020 4975 1198 5030 cedros
1243 4975 1449 5031 Libani.
1494 4978 1591 5035 Hic
1617 4980 1845 5051 Spiritus
1872 4985 2081 5038 virtutis

509 5062 791 5126 eluccscit,
830 5046 921 5132 qtii
956 5065 1231 5135 confringit
1267 5069 1599 5136 superbiam,
1630 5046 1749 5140 quae
1788 5073 1839 5126 in
1870 5086 1929 5128 se
1955 5088 2081 5127 con-

510 5152 652 5218 ﬁdit,
682 5161 737 5207 et
781 5153 1129 5209 humilitatem
1173 5157 1362 5226 erigit,
1411 5175 1531 5229 qua:
1576 5161 1645 5216 de
1687 5162 1804 5231 ejus
1840 5162 2078 5220 bonitate

508 5246 799 5312 praesumit.
823 5242 1012 5297 (ἔρανοι
1032 5245 1173 5299 enim
1199 5248 1501 5317 superbiam
1528 5250 1785 5306 debemus
1807 5240 2074 5323 accipere,

507 5347 625 5401 qua:
645 5345 705 5387 se
726 5331 777 5385 in
801 5332 1132 5389 altitudinem
1155 5336 1389 5404 elevans,
1416 5354 1667 5408 proceras
1691 5341 1848 5411 hujus
1870 5343 2074 5397 arboris

506 5422 841 5477 summitates
866 5422 1119 5495 imitatur,
1169 5429 1399 5485 maxime
1432 5432 1554 5500 quia
1584 5441 1640 5486 et
1669 5432 1868 5500 lignum
1900 5436 2070 5502 ipsum

504 5526 613 5566 non
642 5522 726 5567 est
768 5515 924 5581 utile,
967 5517 1066 5572 nisi
1096 5520 1358 5575 succisum
1403 5520 1583 5577 fuerit.
1611 5523 1797 5579 Nullus
1834 5526 1979 5579 enim
2022 5528 2072 5579 in

506 5618 600 5658 sua
632 5604 805 5662 radice
834 5622 1083 5673 manens,
1110 5610 1377 5680 proﬁcnos
1401 5624 1626 5685 generat
1663 5614 1898 5680 fructus;
1938 5614 2074 5671 sicut

508 5713 602 5750 nec
628 5699 784 5755 elatio
809 5701 1164 5767 detestabilis,
1191 5719 1308 5770 qua:
1334 5714 1609 5771 peccatum
1642 5705 1821 5760 intulit
1850 5706 2069 5761 mundo.

2189 4815 2368 4869 trahit.
2400 4817 2465 4871 Et
2505 4818 2639 4872 bene
2674 4834 2885 4874 errores
2923 4837 3110 4877 eorum
3151 4825 3478 4879 solitudinem
3522 4830 3775 4897 vocavit,

2183 4906 2431 4970 quoniam
2479 4908 2830 4964 habitatorem
2865 4926 2970 4965 non
3018 4912 3179 4966 habet
3211 4913 3407 4981 Deum;
3439 4929 3541 4969 nec
3585 4916 3686 4985 ipsi
3720 4917 3776 4971 in

2185 4995 2532 5062 pravitatibus
2553 4997 2662 5051 suis
2684 4997 2884 5052 diutius
2912 5015 3130 5055 manere
3157 5010 3403 5070 possunt.
3435 5004 3655 5071 quando
3674 5018 3779 5058 eas

2182 5091 2273 5135 aut
2299 5082 2622 5141 lamentabili
2646 5092 2818 5138 morte
2839 5085 3111 5152 deserunt,
3137 5096 3228 5141 aut
3249 5088 3390 5143 felici
3410 5092 3779 5145 conversione

2181 5170 2576 5236 derelinquunt.
2612 5174 2894 5243 .Sequitur.
2924 5187 2971 5229 et
3014 5179 3339 5233 romurovebit
3383 5179 3640 5236 Dominus
3674 5183 3777 5236 de-

2180 5272 2375 5315 sertum
2396 5261 2579 5319 Cades.
2598 5265 2708 5320 lloc
2729 5268 2899 5321 adhuc
2919 5268 2985 5321 ad
3009 5268 3259 5337 Spiritum
3283 5272 3513 5339 pertinet
3531 5274 3772 5343 pietatis.

2178 5353 2288 5407 Sed
2321 5354 2463 5408 hunc
2491 5355 2666 5410 locum
2698 5359 2932 5412 narratio
2962 5360 3085 5416 libri
3107 5360 3323 5416 Numeri
3353 5363 3643 5433 diligenter
3664 5379 3769 5419 ex-

2179 5442 2326 5509 ponit
2353 5443 2373 5511 (
2396 5441 2558 5498 Nam.
2602 5461 2703 5512 xx,
2737 5447 2760 5500 l
2792 5446 2834 5515 ),
2873 5447 3105 5504 referens
3143 5464 3267 5503 cum
3314 5450 3640 5509 lsraeliticus
3669 5468 3779 5518 po-

2178 5533 2333 5599 pulus
2375 5533 2426 5587 in
2467 5536 2636 5590 Cadus
2681 5537 2946 5602 venisset,
2975 5540 3240 5610 nimiaque
3266 5541 3352 5596 siti
3383 5543 3487 5599 loci
3514 5545 3779 5601 ariditate

2178 5622 2468 5689 laboraret,
2495 5627 2709 5697 Moysen
2729 5628 2882 5697 jussu
2908 5630 3110 5685 Domini
3135 5647 3386 5701 percussa
3408 5646 3561 5705 petra
3584 5636 3777 5691 subito

2176 5709 2281 5765 illis
2307 5728 2562 5780 aquarum
2588 5715 2793 5784 copiam
2820 5719 3107 5775 contulisse
3124 5763 3138 5785 .
3164 5722 3408 5793 miroque
3433 5728 3598 5783 modo
3622 5726 3779 5783 facta
