4004 6342
187 402 276 463 20!
1090 401 1451 463 EXPOSITIO
1489 402 1560 462 IN
1597 402 2061 465 PSALTEBIUM.
2105 406 2304 470 PSAL.
2341 410 2538 472 XXIX.

3355 421 3465 483 202

186 530 256 578 cst
277 527 407 577 terra
429 517 657 598 irrigua,
680 532 798 591 qua:
819 518 964 575 arida
991 520 1235 578 siccitate
1250 522 1464 593 jacebat
1482 521 1740 593 squalida.
1770 523 1830 587 Α
1854 520 2059 590 Merito,
2095 526 2349 594 quoniam
2379 527 2505 582 illud
2535 526 2677 598 quod
2710 528 2909 588 factum
2948 538 3032 589 est
3069 533 3171 591 sub
3197 533 3332 603 Noe,
3366 538 3473 593 ιω..

188 614 276 669 Per
315 612 443 666 hanc
469 626 597 683 ergo
627 611 1030 669 similitudinem
1063 614 1190 671 dicit
1222 628 1561 694 peccatorum
1594 617 1757 673 corda

189 703 451 760 durissima
492 704 545 758 in
575 718 739 775 aquas
770 706 1049 776 sapientiae
1077 724 1236 780 posse
1264 711 1505 779 dissolvi,
1538 712 1758 767 iterum-

185 812 275 869 que
302 796 424 852 illud
455 799 759 868 exemplum
796 798 960 856 Gades
998 801 1052 857 in
1084 802 1328 859 humanis
1354 805 1607 863 cordibus
1636 820 1758 862 esse

186 889 481 945 iaciendum.
514 890 670 962 Saepe
698 892 844 948 enim
874 895 1131 949 desertum
1160 897 1405 968 ponitur,
1447 897 1537 954 ubi
1574 906 1631 954 et
1676 899 1759 954 in-

184 984 345 1040 lideles
369 985 545 1055 populi
575 988 865 1043 convenire
894 999 1212 1059 noscuntur,
1245 992 1388 1047 sicut
1418 994 1470 1047 in
1506 993 1755 1063 Evange-

182 1078 240 1132 lio
274 1077 452 1134 dicit:
506 1077 618 1135 Vox
644 1080 927 1137 clamantis
952 1083 1007 1137 in
1036 1084 1235 1139 deserto
1264 1084 1285 1156 (
1310 1083 1500 1140 Matth.
1537 1101 1623 1152 ιιι,
1653 1087 1687 1141 5
1708 1085 1752 1157 ).

180 1169 277 1228 Non
310 1171 444 1227 enim
476 1172 714 1231 Joannes
742 1177 1038 1247 praedicare
1068 1186 1278 1249 poterat
1307 1178 1360 1233 in
1391 1180 1632 1246 deserto,
1662 1179 1755 1236 uhi

179 1265 333 1319 nullus
361 1265 599 1333 audiret;
629 1268 723 1323 sed
753 1270 1009 1326 desertum
1048 1273 1301 1343 appellati
1341 1282 1496 1343 sunt,
1526 1276 1615 1346 qui
1654 1275 1753 1329 ad-

178 1358 266 1413 huc
294 1360 515 1416 necdum
548 1361 669 1417 ﬁdei
696 1362 836 1419 dona
867 1377 1245 1436 perceperant.

236 1452 376 1508 Vers.
416 1456 469 1511 8.
528 1454 637 1509 Vox
677 1455 887 1512 Domini
924 1460 1268 1529 prwparuntis
1297 1476 1496 1531 cervos,
1532 1471 1579 1517 et
1605 1477 1751 1516 reve-

179 1544 285 1598 labit
306 1546 593 1614 condensa;
619 1556 668 1603 et
689 1549 745 1602 in
772 1550 963 1618 templo
987 1553 1097 1623 ejus
1121 1566 1294 1606 omnes
1316 1553 1484 1607 dicent
1507 1553 1751 1624 gloriam.

177 1636 448 1708 Septimum
474 1642 611 1698 dicit
632 1643 890 1714 Spiritum
920 1645 1128 1702 timoris
1155 1648 1388 1703 Domini.
1423 1648 1572 1705 Cervi
1602 1651 1747 1705 enim

176 1743 282 1788 sunt
307 1734 470 1790 timidi
510 1736 749 1806 quidem,
785 1737 881 1794 sed
908 1755 1177 1797 venenosa
1208 1744 1509 1800 sorbentes.
1544 1746 1609 1800 Et
1638 1762 1753 1801 me-

176 1826 260 1881 rito
286 1826 381 1882 illis
407 1830 705 1899 comparati
736 1840 881 1897 sunt,
915 1833 1005 1903 qui
1049 1844 1104 1890 et
1147 1835 1486 1892 Divinitatem
1528 1838 1745 1903 timent,

1867 616 2130 685 ptismatis
2160 620 2300 674 sacri
2345 621 2567 690 gerebat
2611 623 2917 695 imaginem.
2950 626 3081 682 Nam
3127 628 3267 684 sicut
3315 630 3453 688 istud

1863 718 2054 780 purgat
2080 713 2286 768 animas
2308 714 2557 770 sordibus
2584 726 2942 787 peccatorum,
2968 721 3039 775 ita
3079 731 3131 776 et
3158 722 3288 777 illud
3317 724 3455 782 dile-

1860 804 2007 859 vium
2037 805 2221 860 mundi
2270 806 2498 862 crimina
2546 812 2806 878 probrosa
2849 811 3069 870 delevit.
3110 814 3297 871 Merito
3327 832 3459 889 ergo

1861 910 1961 966 pro
2000 897 2321 969 baptismate
2350 901 2602 955 diluvium
2641 905 2873 973 positum
2900 915 3004 974 est,
3029 908 3094 968 ad
3126 912 3277 980 cuius
3305 912 3460 968 simi-

1864 990 2144 1048 litudinem
2166 1002 2377 1049 constat
2398 993 2670 1054 ell'ectum.
2693 996 2824 1054 Nam
2852 1000 2992 1069 quod
3021 1002 3178 1069 ter'tio
3206 1001 3457 1062 Dominus

1861 1084 2097 1153 repetiit,
2131 1086 2250 1142 sine
2276 1086 2621 1144 distinctione
2662 1104 3032 1160 personarum,
3064 1091 3191 1148 licet
3230 1094 3458 1164 intelligi

1861 1176 2093 1245 primum
2121 1177 2324 1234 dictum
2355 1178 2422 1234 de
2451 1179 2650 1249 Spiritu
2682 1191 2887 1249 sancto,
2920 1183 3173 1240 Dominus
3206 1187 3455 1241 diluvium

1858 1266 2129 1323 inhabitat.
2171 1268 2444 1339 Sequitur,
2475 1282 2522 1325 et
2549 1273 2739 1327 sedebit
2781 1274 3036 1331 Dominus
3080 1278 3194 1334 Rea:
3221 1280 3276 1335 in
3304 1291 3451 1335 teter-

1774 1392 1779 1393 κ
1859 1374 2017 1426 num;
2046 1358 2148 1415 hoc
2178 1372 2356 1417 autem
2384 1362 2452 1417 de
2477 1362 2613 1418 Filio
2637 1373 2782 1420 recte
2804 1365 3168 1437 intelligimus.
3199 1368 3453 1429 Dominus

1856 1454 2090 1509 virtutem
2122 1457 2313 1527 papula
2352 1475 2444 1512 suo
2475 1458 2640 1527 dabit,
2673 1460 2741 1515 de
2770 1460 2927 1517 Patre
2968 1475 3338 1533 competenter
3365 1469 3452 1519 atl-

1859 1551 2141 1604 vertimus.
2175 1549 2379 1622 Populo
2406 1568 2523 1620 suo,
2553 1553 2820 1623 signiﬁcat
2845 1556 3172 1624 Christiano,
3205 1574 3363 1628 quem
3391 1559 3456 1614 de

1858 1640 1996 1695 sacri
2015 1640 2349 1709 baptismatis
2369 1658 2590 1699 munere
2605 1647 2945 1715 conquisivit.
2962 1647 3245 1719 Subjunxit
3262 1651 3421 1705 etiam
3442 1667 3453 1703 :

1858 1731 1927 1786 Et
1951 1732 2208 1788 benedice!
2239 1736 2489 1806 pupulum
2529 1754 2675 1792 suum
2707 1736 2760 1793 in
2800 1756 2945 1807 pace.
2977 1738 3091 1794 Non
3122 1740 3255 1795 dixit
3294 1742 3457 1797 benc-

1858 1823 2058 1891 dicent,
2107 1826 2200 1880 sed
2233 1826 2509 1894 benedicet,
2571 1828 2692 1897 quia
2736 1844 2873 1883 unus
2902 1837 2986 1884 est
3027 1830 3282 1886 Dominus
3318 1832 3457 1887 Deus

176 1926 219 1971 et
244 1920 502 1975 contraria
553 1935 780 1991 quaeque
827 1922 1116 1992 devorant;
1170 1943 1267 1983 nec
1311 1929 1380 1984 ab
1418 1931 1497 1983 eis
1529 1941 1746 1998 possunt

1861 1926 2061 1974 noster.
2088 1917 2155 1973 In
2178 1937 2322 1989 pace,
2349 1931 2567 1990 prepter
2589 1923 2719 1978 illud
2743 1924 3015 1995 Evangelii
3043 1942 3056 1978 :
3085 1923 3274 1979 Pacem
3293 1943 3457 1982 meam

176 2008 327 2080 decipi
352 2012 434 2067 vel
464 2015 687 2080 noceri,
720 2015 810 2085 qui
850 2017 1135 2074 adversum
1167 2020 1461 2077 Eeclesiam
1496 2022 1621 2089 Dei,
1657 2024 1753 2079 lel-

176 2099 254 2157 lita
273 2115 562 2161 noscuntur
587 2107 939 2167 altercatione
961 2116 1237 2168 resistere.
1261 2114 1617 2186 Consignatus
1646 2126 1749 2185 est,

176 2202 224 2252 ut
245 2198 481 2266 superius
509 2199 774 2270 diximus,
804 2204 1037 2274 Spiritus
1086 2209 1446 2280 septiformis,
1493 2227 1650 2284 quem
1697 2223 1754 2271 et

176 2291 530 2359 supputatione
556 2293 709 2350 facile
740 2297 981 2369 colliges,
1013 2308 1068 2356 et
1094 2305 1408 2372 operatione
1435 2321 1748 2377 cognosces.

175 2378 266 2435 Sed
288 2381 425 2439 hunc
450 2384 710 2455 Spiritum
735 2400 975 2446 sanctum
1006 2408 1167 2448 unttm
1193 2404 1353 2466 atque
1380 2398 1630 2454 eumdem
1659 2400 1755 2455 de-

174 2470 341 2531 bemus
385 2477 652 2549 accipere,
698 2481 850 2553 cujus
894 2488 989 2540 has
1036 2502 1168 2558 quas
1217 2488 1473 2559 diximus,
1521 2502 1753 2549 teSIante

174 2562 288 2620 Isaia
311 2565 461 2638 (Isa.
486 2586 573 2640 χι,
599 2571 655 2638 2,
681 2574 764 2643 '5),
794 2586 998 2646 septem
1027 2589 1238 2635 constat
1266 2596 1385 2637 esse
1413 2583 1667 2654 virtutes,
1699 2583 1753 2642 id

173 2666 241 2713 est
275 2660 499 2730 spiritus
544 2666 843 2733 sapientiae,
890 2670 1112 2739 Spiritus
1156 2672 1479 2741 intellectus,
1530 2678 1752 2746 spiritus

174 2754 397 2826 consilii,
428 2756 652 2827 spiritus
688 2758 927 2828 virtutis,
970 2764 1188 2833 spiritus
1234 2767 1501 2834 scientiae,
1532 2769 1754 2839 spiritus

173 2843 385 2913 pietatis,
417 2847 641 2917 spiritus
677 2848 883 2905 timoris
916 2852 1125 2909 Domini
1157 2856 1523 2915 :distribuens
1549 2861 1757 2917 unicui-

173 2950 259 3005 que
289 2949 445 3008 prout
478 2939 609 2995 vult.
641 2940 751 2998 Nec
777 2956 989 3000 moveat
1012 2948 1155 3017 quod
1185 2950 1379 3021 ubique
1408 2967 1595 3009 vocem
1627 2954 1753 3025 Spi-

174 3030 288 3085 ritus
312 3034 481 3089 sancti
514 3034 643 3090 dicit
672 3050 791 3091 esse
827 3052 1162 3108 sermonem;
1197 3040 1300 3097 hoc
1345 3045 1486 3099 enim
1529 3048 1752 3105 verbum

174 3124 413 3184 universa:
461 3128 711 3185 Trinitati
762 3142 973 3189 constat
1024 3146 1288 3206 aptatum.
1336 3139 1443 3211 95
1474 3140 1605 3196 Nam
1649 3143 1750 3197 Pa-

174 3214 256 3271 tris
285 3220 505 3291 legimus
546 3237 755 3292 vocem,
787 3240 906 3282 cum
947 3228 1077 3283 dicit
1114 3248 1127 3284 :
1167 3229 1265 3285 Hic
1307 3243 1382 3288 est
1411 3232 1579 3290 Filius
1610 3254 1751 3293 meus

1859 2008 1928 2061 do
1973 2010 2113 2063 vobis
2137 2050 2152 2075 ,
2204 2028 2380 2081 pacem
2419 2029 2586 2068 meam
2624 2014 2860 2086 relinquo
2896 2017 3032 2071 vobis
3084 2015 3283 2088 (Joan.
3324 2036 3458 2091 xw,

1856 2099 1970 2171 27).
2003 2100 2118 2157 Una
2148 2113 2233 2161 est
2260 2106 2401 2161 enim
2435 2120 2541 2176 pax
2571 2116 2627 2164 et
2658 2108 2852 2176 Patris,
2886 2118 2941 2166 et
2968 2109 3112 2180 Filii,
3145 2119 3199 2167 et
3225 2110 3457 2184 Spiritus

1859 2193 2055 2248 sancti.

2393 2292 2665 2350 Conclusio
2695 2296 2902 2367 psalmi.

1927 2403 2329 2464 Meminerimus
2362 2425 2536 2480 quam
2563 2411 2766 2483 ingenti
2799 2414 2924 2468 tuba
2956 2415 3199 2485 pSalmus
3245 2415 3346 2475 iste
3378 2427 3457 2475 to-

1857 2502 2035 2556 nuerit
2060 2541 2075 2567 ,
2107 2511 2164 2557 ut
2206 2503 2591 2569 detrectatores
2624 2506 2855 2576 Spiritus
2894 2509 3065 2563 sancti
3094 2525 3200 2567 non
3250 2513 3458 2582 possint

1857 2594 2176 2664 ignorantia:
2202 2600 2551 2653 excusatione
2585 2598 2818 2655 delendi.
2852 2601 2985 2657 Nam
3016 2606 3258 2673 potentia
3282 2604 3458 2677 ipsius

1857 2684 2161 2754 septiformi
2185 2688 2563 2746 distributione
2594 2691 2806 2747 laudata
2832 2704 2935 2762 est,
2970 2704 3028 2750 ut
3058 2695 3187 2751 nihil
3219 2697 3292 2752 ibi
3323 2698 3459 2755 inie-

1858 2776 1972 2832 rius
1996 2818 2012 2843 ,
2056 2778 2189 2833 nihil
2218 2794 2573 2849 cognosceres
2613 2798 2735 2839 esse
2776 2785 3008 2841 divisum
3041 2803 3056 2853 ;
3091 2788 3213 2857 quia
3257 2801 3457 2847 sancta:

1860 2869 2140 2926 Trinitatis
2166 2873 2339 2928 unitas
2370 2875 2424 2928 in
2453 2875 2558 2930 ﬁne
2588 2876 2858 2945 declarata
2895 2886 2999 2933 est.
3034 2879 3253 2935 Desinat
3283 2882 3459 2939 haere-

1861 2966 2091 3021 ticorum
2118 2968 2300 3022 insana
2332 2968 2555 3039 perlidia
2578 2984 2742 3025 vanas
2765 2986 3107 3029 commovere
3128 2975 3457 3034 calumnias:

1859 3055 2040 3129 legant
2072 3058 2383 3131 Didymum,
2430 3060 2611 3131 legant
2638 3062 2849 3119 beatum
2890 3065 3258 3135 Ambrosium,
3296 3079 3457 3126 caete-

1857 3165 2055 3221 rosque
2098 3152 2283 3207 Patres
2324 3152 2413 3223 qui
2442 3151 2511 3209 de
2543 3155 2641 3210 hac
2671 3170 2730 3210 re
2784 3156 3168 3226 perfectissima
3212 3160 3457 3231 disputa-

1861 3245 2007 3301 tione
2037 3246 2308 3301 dixernnt.
2341 3246 2581 3304 Aﬁ'erant
2622 3247 2913 3305 individua:
2941 3250 3193 3307 Trinitati
3231 3254 3455 3324 gloriam

176 3308 365 3418 :ilectus
389 3314 443 3369 in
470 3332 574 3386 quo
600 3318 728 3372 mihi
758 3335 869 3373 com
888 3322 1045 3375 itacui
1070 3324 1089 3395 (
1114 3321 1300 3381 Matth.
1336 3341 1426 3394 ιιι,
1457 3330 1523 3384 t7
1548 3329 1593 3400 ).
1621 3330 1750 3386 Item
1778 3320 1825 3385 C
1856 3345 1911 3392 et
1941 3337 2222 3409 honorem,
2256 3354 2356 3395 nec
2386 3339 2585 3397 faciant
2632 3341 2685 3397 in
2716 3343 3021 3413 aequalitate
3049 3308 3378 3418 distaniiam,
3409 3348 3456 3405 si

176 3399 275 3459 Filii
315 3406 545 3464 dicentis
588 3426 602 3464 :
656 3411 845 3477 Sau/e,
896 3413 1089 3484 Saule,
1134 3417 1259 3487 quid
1307 3434 1387 3473 me
1434 3424 1750 3493 persequeris

177 3493 317 3562 (Act.
360 3513 443 3567 ιχ,
486 3501 522 3555 4
548 3501 568 3572 )
595 3502 619 3556 ?
648 3502 904 3561 Similiter
942 3516 998 3562 et
1041 3510 1093 3563 in
1134 3509 1354 3565 Actibus
1383 3517 1746 3582 apostolorum

174 3586 230 3643 de
264 3589 453 3661 Spiritu
482 3606 678 3652 sancto
703 3597 897 3670 legitur
941 3618 956 3655 :
986 3602 1265 3677 Segregate
1294 3607 1419 3661 mihi
1446 3606 1672 3666 Paulum
1702 3620 1753 3667 et

172 3677 443 3777 Darnabam
487 3687 548 3742 in
575 3705 702 3758 opus
728 3692 797 3746 ad
821 3695 957 3762 quod
995 3700 1169 3752 vocavi
1196 3715 1280 3754 eos
1304 3700 1323 3772 (
1346 3699 1458 3756 Act.
1492 3718 1617 3771 xm,
1648 3704 1684 3758 2
1702 3704 1747 3777 ).

171 3770 267 3828 Sed
296 3775 423 3832 hanc
448 3784 889 3840 communionem
920 3787 1205 3845 verborum
1242 3770 1615 3851 sanctissimus
1642 3770 1753 3850 Au-

171 3868 392 3955 gustinus
437 3883 631 3930 contra
678 3876 905 3934 Arianos
951 3882 1194 3938 scribens
1238 3883 1454 3955 (Serm.
1506 3886 1639 3952 191,
1687 3888 1754 3944 de

172 3953 267 4013 SS.
306 3958 488 4021 Trinit.
519 3963 541 4036 )
574 3966 625 4020 in
668 3984 771 4024 uno
815 3971 949 4026 libro
989 3974 1108 4031 utili
1150 3953 1472 4036 adunatione
1501 3981 1747 4053 collegit,

173 4057 222 4103 ut
263 4058 616 4123 aequalitatem
665 4061 1013 4133 substantize,
1047 4067 1131 4123 vel
1163 4074 1416 4138 potentias
1460 4069 1752 4128 individua:

173 4139 425 4205 Trinitatis
469 4154 650 4208 omnis
699 4155 933 4223 prudens
982 4160 1150 4227 possit
1187 4142 1501 4232 agnoscere,
1534 4164 1752 4233 quando

173 4244 218 4290 et
243 4237 347 4309 ipsa
379 4246 546 4300 verba
580 4249 768 4317 probat
797 4266 918 4307 esse
945 4256 1269 4310 communia.
1304 4254 1563 4313 chlavit
1589 4259 1750 4317 etiam

173 4325 317 4386 timor
343 4335 558 4393 Domini
589 4342 865 4410 condensa,
891 4347 1105 4415 quando
1129 4348 1465 4419 ignoratione
1486 4352 1750 4423 deposita,

172 4424 227 4477 ad
255 4425 653 4505 intelligentiam
683 4436 880 4494 divina:
909 4439 1040 4510 legis
1069 4441 1246 4498 devoti
1273 4447 1450 4515 populi
1480 4461 1753 4505 conuene-

173 4528 297 4574 ruzit.
327 4523 422 4578 Pro
449 4544 558 4597 qua
585 4543 642 4583 re
672 4528 725 4583 in
756 4530 991 4587 Ecclesia
1015 4533 1130 4604 ejus
1157 4552 1343 4594 omnes
1374 4540 1613 4595 referunt
1635 4543 1751 4612 glo-

172 4610 317 4705 riain,
340 4629 495 4686 prout
531 4624 899 4693 unusquisque
931 4628 1133 4695 praelati
1162 4630 1391 4693 Spiritus
1419 4610 1750 4705 septiformis

1856 3431 2079 3503 perduci
2109 3448 2216 3488 non
2249 3433 2453 3505 eligunt
2478 3435 2545 3489 ad
2578 3436 2807 3492 ruinam.

2108 3547 2476 3605 EXPOSITIO
2515 3549 2582 3605 ΙΝ
2622 3550 2951 3609 PSALMUM
2988 3551 3185 3613 XXIX.

1916 3636 1917 3639 “
1996 3636 2239 3694 Psalmus
2268 3639 2457 3694 cantici
2482 3642 2536 3695 in
2562 3640 2883 3699 dedicatione
2913 3643 3096 3700 domus
3126 3645 3314 3704 David.

1929 3756 2131 3814 Psalmi
2160 3760 2348 3816 cantici
2387 3762 2602 3834 cognita
2632 3763 2955 3835 signiﬁcatio
2985 3776 3066 3824 est
3098 3784 3113 3822 :
3145 3782 3287 3824 nunc
3325 3784 3454 3825 con-

1854 3852 2157 3912 sideremus
2188 3870 2285 3912 cur
2329 3861 2501 3927 posita
2532 3858 2604 3915 sit
2645 3860 2827 3916 domus
2870 3862 3225 3920 dedicationis.
3255 3861 3453 3920 Domus

1856 3948 2125 4019 signiﬁcat
2150 3949 2406 4006 dominici
2436 3952 2681 4021 corporis
2712 3955 3005 4025 templum;
3037 3957 3291 4011 dedicatio
3324 3973 3454 4015 vero

1854 4042 2309 4099 resurrectionem
2338 4044 2581 4113 ejusdem
2623 4044 2835 4101 Domini
2863 4048 3035 4102 nostri
3064 4047 3191 4104 Jesu
3230 4047 3452 4107 Christi.

1855 4134 2009 4191 Tunc
2046 4136 2190 4191 enim
2218 4151 2415 4206 corpus
2442 4135 2561 4207 ejus
2596 4137 2650 4192 in
2679 4148 2935 4194 aeternam
2965 4139 3189 4209 gloriam
3220 4147 3453 4211 potesta-

1855 4233 2073 4296 temque
2101 4226 2420 4297 pertluctum
2449 4235 2551 4295 εει,
2582 4227 2724 4285 sicut
2754 4229 2808 4284 in
2830 4229 3119 4302 Evangelia
3144 4231 3259 4302 ipse
3287 4232 3453 4291 dicit:

1855 4316 1992 4374 Data
2012 4327 2085 4375 est
2112 4320 2240 4375 mihi
2262 4322 2429 4376 omnis
2456 4328 2679 4392 potestas
2700 4322 2755 4377 in
2773 4324 2899 4379 cazlo
2921 4333 2968 4380 et
2996 4324 3206 4380 interra
3235 4324 3451 4398 (Matth.

1855 4426 2025 4468 xxvm
2052 4458 2062 4481 ,
2098 4414 2166 4469 l8
2190 4411 2233 4484 ).
2271 4413 2530 4470 Dedicare
2558 4416 2754 4485 quippe
2783 4416 3011 4473 dicimus
3034 4460 3049 4487 ,
3092 4432 3212 4474 cum
3244 4419 3453 4478 novitas

1855 4506 2049 4563 domus
2069 4506 2301 4580 alicujus
2322 4507 2376 4563 iu
2399 4523 2554 4564 usum
2578 4509 2989 4568 celeberrimum
3012 4511 3319 4582 deputatur.
3345 4511 3452 4567 Do-

1856 4616 1969 4655 mus
1990 4609 2167 4657 autem
2195 4599 2363 4655 David
2388 4615 2610 4673 prepter
2633 4618 2815 4659 semen
2845 4606 2961 4674 ejus
2984 4613 3066 4660 est
3090 4606 3286 4675 posita,
3310 4606 3454 4661 unde

172 4699 292 4761 dona
318 4713 571 4783 suscepit.
612 4713 797 4772 Gloria
833 4693 1007 4789 enim,
1040 4721 1179 4777 sicut
1209 4724 1408 4781 dictum
1440 4693 1585 4799 stirpe
1628 4745 1746 4786 me-
1775 4712 1828 4775 Ῐ)
1856 4693 2101 4750 salvator
2122 4704 2307 4750 "om"
2326 4696 2699 4799 τίπίξίδξηκίξ
2725 4696 3009 4799 Ῡῖίδίηθηιξ
3038 4696 3142 4752 Ista
3163 4698 3345 4799 tum":
3368 4707 3454 4755 ⁸³⁸
3503 4756 3522 4791 -.

172 4798 402 4861 minimus
421 4848 434 4873 ,
462 4807 582 4864 laus
603 4820 685 4867 est
715 4812 852 4869 facta
881 4815 1242 4875 celebratione
1270 4798 1585 4879 multorum.

232 4890 374 4952 Vers.
405 4900 461 4955 9.
494 4900 746 4979 Dominus
774 4906 1024 4965 diluvium
1054 4910 1328 4983 inhabitat,
1359 4924 1405 4970 et
1428 4916 1616 4973 sedebit
1639 4917 1748 4974 Do-

172 4983 323 5043 minus
351 4991 462 5049 Rex
491 4996 547 5051 in
574 5006 843 5056 wternunt.

235 5078 373 5175 γει-ε.
408 5090 494 5144 10.
519 5088 774 5149 Dominus
804 5097 1038 5153 virtutem
1067 5101 1256 5171 papula
1285 5119 1379 5161 suo
1405 5104 1567 5175 dabit,
1592 5116 1637 5162 et
1660 5106 1746 5162 be-

170 5171 349 5261 nedicet
393 5184 647 5254 populum
692 5203 843 5243 suum
890 5190 944 5245 in
992 5207 1140 5261 pace.
1182 5194 1429 5253 Decursis
1459 5171 1745 5259 virtutibus

172 5257 380 5330 Spiritus
409 5276 775 5346 septiformis,
828 5279 883 5335 in
914 5257 1075 5338 tertio
1118 5284 1308 5343 ordine
1350 5290 1416 5344 ad
1463 5257 1744 5351 Trinitatis

170 5359 577 5452 complexionem
632 5371 865 5429 mirabili
922 5375 1276 5448 dispositione
1328 5386 1591 5452 pervenit.
1652 5388 1745 5444 Di-

170 5447 324 5506 cendo
361 5456 502 5512 enim
532 5459 585 5515 in
614 5460 696 5517 his
728 5463 937 5522 duobus
964 5447 1249 5526 versiculis
1293 5447 1449 5529 tertio
1475 5474 1743 5547 Dominus,

170 5543 388 5641 listendit
420 5562 655 5609 sanctam
698 5555 1012 5615 Trinitatem
1044 5562 1316 5633 diluvium,
1383 5566 1435 5621 id
1474 5578 1556 5624 est
1582 5543 1749 5641 aquas

172 5627 486 5729 baptismatis
507 5646 818 5718 inhabitare;
840 5652 979 5709 sicut
1007 5655 1059 5710 in
1091 5627 1382 5729 Evange'lio
1405 5660 1607 5717 dictum
1631 5627 1744 5722 est:

172 5720 354 5823 {illum
384 5737 631 5811 baptizate
660 5761 830 5801 omnes
858 5757 1027 5819 gentes
1052 5750 1103 5804 in
1126 5752 1331 5807 nomine
1360 5751 1554 5823 Patris,
1581 5766 1628 5811 et
1652 5755 1748 5814 Fi-

175 5816 244 5886 ίίῖ,
275 5836 319 5878 ct
349 5829 574 5901 Spiritus
602 5842 764 5894 sancti
797 5816 1010 5913 (Matth.
1046 5862 1231 5915 xxvm,
1262 5846 1370 5921 l9).
1406 5851 1508 5907 Sed
1539 5816 1744 5925 quarta-

174 5922 286 5977 NUB
300 5932 394 5981 cur
412 5923 498 5981 hic
517 5931 765 5987 diluvium
788 5950 886 6007 pro
912 5939 1079 5999 sacris
1104 5939 1344 6004 fontibus
1376 5922 1603 6021 positum
1627 5952 1746 6012 cst?

434 6019 709 6097 Ριτιιοι..
754 6030 954 6103 LXX.

1852 4800 1973 4855 quae
2020 4801 2163 4842 nunc
2190 4786 2390 4857 apertis
2439 4784 2642 4842 foribus
2671 4786 2937 4843 labiorum
2986 4787 3107 4843 lima
3150 4788 3449 4846 decantat:

1853 4876 2110 4934 Exaltabo
2140 4888 2188 4935 te
2210 4921 2227 4950 ,
2270 4880 2530 4949 Domine;
2560 4897 2680 4952 qua:
2724 4881 2978 4940 fabricata
3026 4890 3110 4938 est
3139 4884 3445 4957 nascendo,

1850 4971 1946 5026 sed
1995 4971 2051 5027 in
2078 4980 2267 5031 sancta
2314 4975 2712 5032 resurrectione
2759 4974 3100 5046 cognoscitur
3129 4992 3251 5036 esse
3293 4976 3445 5037 dedi—

1850 5075 1988 5125 cata.
2478 5110 2545 5147 ,γ

2422 5184 2619 5242 Divisio
2650 5187 2854 5257 psalmi.

1924 5298 2038 5357 Rex
2087 5310 2271 5358 noster
2315 5300 2577 5358 Dominus
2621 5302 2868 5361 Christus
2918 5305 3086 5377 prima
3136 5310 3444 5369 narratione

1852 5402 1975 5464 post
2020 5394 2473 5453 resurrectionem
2520 5395 2811 5469 gloriosam
2865 5399 3011 5456 Patri
3058 5400 3257 5475 gratias
3299 5403 3445 5475 agit,

1854 5486 1978 5555 quia
2008 5501 2130 5543 eum
2160 5488 2229 5544 de
2255 5488 2440 5544 mundi
2488 5490 2644 5547 istius
2672 5491 2991 5549 adversitate
3025 5494 3292 5565 lihcravit,
3326 5512 3448 5553 sana

1853 5576 2171 5647 ctisjubens
2208 5579 2420 5636 laudem
2447 5580 2629 5638 dicere
2670 5583 2916 5651 Domino,
2943 5586 3157 5656 quando
3196 5587 3446 5643 universa

1854 5672 1907 5727 in
1940 5671 2056 5742 ejus
2086 5683 2354 5745 potestate
2384 5686 2511 5732 sunt
2540 5678 2732 5747 posita.
2763 5677 3008 5735 Secunda
3039 5696 3097 5737 se
3118 5680 3247 5737 dicit
3282 5696 3312 5735 a
3350 5693 3447 5735 sua

1852 5768 2150 5822 constantia
2179 5784 2284 5823 non
2311 5770 2656 5838 movendum,
2688 5770 2909 5842 insuper
2938 5774 3142 5829 addens
3172 5771 3441 5842 prmeonia

1852 5862 2153 5918 Divinitatis
2184 5877 2212 5917 a
2245 5863 2378 5919 vivis
2427 5864 2605 5932 potius
2631 5906 2644 5932 ,
2697 5880 2804 5920 non
2835 5882 2865 5920 a
2896 5867 3121 5923 mortuis
3164 5878 3287 5921 esse
3333 5864 3447 5920 sole

1852 5956 2041 6016 venda.
2072 5954 2248 6015 Tertia
2280 5956 2422 6017 redit
2447 5957 2513 6015 ad
2545 5957 2997 6018 resurrectionem
3028 5973 3179 6017 suam
3203 5955 3360 6018 lactus
3388 5964 3446 6020 et

2999 6052 3040 6129 ’i
