3996 6346
500 425 608 488 203

1737 391 1810 458 Μ.
1855 393 2132 456 Λυηιῖιιι
2167 389 2566 453 CASSIODORI

3676 371 3777 450 204

504 545 798 611 exsultans,
853 535 1105 608 quoniam
1153 522 1328 585 eat-riis
1381 519 1668 593 fragilitate
1714 519 1986 588 deposita,
2034 515 2085 570 in
2117 516 2296 586 Αρει,
2330 529 2450 568 cum
2493 507 2789 568 resurrexit
2819 521 2847 564 a
2878 502 3129 574 mortuis,
3175 508 3229 560 et
3255 515 3401 560 mors
3425 500 3476 558 ei
3518 499 3662 556 ultra
3687 513 3778 556 no-

507 648 708 698 teterna
754 629 1049 704 maiestatis
1083 638 1197 680 sua:
1245 618 1412 691 gloria
1452 620 1781 686 perseverat,
1809 623 1960 666 more
1991 623 2091 665 suo

511 727 843 804 praeteritum
865 723 1070 787 dicens,
1093 712 1236 787 quod
1257 717 1481 767 noverat
1500 719 1624 764 esse
1642 713 1948 762 venturum.

1041 857 1309 932 Expositio
1341 851 1543 926 psalmi.

585 1019 732 1074 Vers.
767 1014 819 1069 l.
870 1005 1121 1066 Exaltabo
1151 1013 1231 1068 te,
1264 999 1515 1064 Domine,
1546 995 1787 1066 quoniam
1811 987 2097 1062 suscepisti

511 1130 607 1178 me,
647 1124 735 1164 nec
763 1101 1024 1160 delectasti
1071 1095 1302 1152 inimicos
1333 1105 1466 1146 meos
1515 1103 1668 1158 super
1709 1101 1809 1140 me.
1840 1081 2122 1138 Dominus

509 1176 753 1258 Christus
782 1193 929 1252 Patri
973 1189 1174 1264 gratias
1203 1185 1311 1254 agit
1355 1197 1450 1254 per
1478 1176 1962 1248 dispensationem,
1991 1187 2097 1242 qua

511 1292 806 1351 resurrexit
834 1304 863 1342 ti
895 1283 1142 1342 mortuis.
1175 1279 1307 1334 Nam
1353 1273 1586 1330 exaltabo
1613 1271 1774 1336 dicit,
1811 1269 1969 1323 latius
2015 1266 2097 1321 in-

513 1399 793 1445 notescere
823 1381 980 1446 l‘acio,
1009 1375 1149 1448 quod
1179 1379 1364 1429 sancta
1389 1367 1552 1425 Verbi
1581 1363 1946 1422 incarnatione
1980 1361 2124 1432 glow

513 1483 765 1552 rlosaque
808 1472 1204 1532 resurrectione
1231 1464 1557 1534 completum
1596 1471 1698 1516 est.
1730 1457 1923 1525 Quanti
1953 1454 2096 1511 enim

511 1589 636 1633 ante
678 1577 777 1630 hoc
825 1580 1036 1640 tempus
1065 1563 1348 1621 Dominum
1396 1555 1746 1630 Spiritualitcr
1773 1563 2099 1622 cognoscere

514 1675 822 1742 letuerunt,
847 1664 950 1720 nisi
972 1662 1088 1732 ejus
1115 1659 1344 1713 adventu
1369 1653 1567 1709 veritas
1599 1648 1859 1718 promissa
1877 1644 2099 1700 claruis-

513 1735 631 1821 set?
661 1761 767 1817 Sed
798 1759 958 1813 homo
989 1755 1108 1809 ideo
1134 1751 1358 1806 exaltare
1387 1744 1554 1800 valuit
1591 1755 1785 1797 nomen
1812 1735 2094 1804 Altissimi,

512 1856 761 1930 quoniam
789 1852 858 1906 ab
878 1849 1069 1906 eodem
1093 1853 1306 1900 constat
1334 1849 1661 1908 assumptus.
1691 1833 1821 1889 Nam
1843 1829 2100 1902 quemad-

513 1923 1016 2017 modum‘potuisset
1038 1949 1128 1996 aut
1159 1936 1364 1992 occulta
1393 1932 1486 1989 Dei
1510 1931 1756 2002 prodere,
1782 1935 1872 1981 aut
1897 1923 1954 1995 jtt

513 2045 605 2099 Dei
636 2042 813 2098 futura
843 2049 1082 2100 narrare,
1129 2031 1228 2086 nisi
1267 2029 1462 2084 virtute
1500 2023 1728 2089 caelesti,
1757 2035 1859 2090 qua
1891 2031 2096 2088 praeva-

512 2136 628 2198 lttit,
673 2147 768 2188 sua
800 2127 1075 2196 Patrisque
1119 2131 1326 2178 secreta
1378 2116 1656 2174 revelare?
1687 2114 1938 2183 Sequitur
1968 2123 2101 2164 nou-

512 2227 654 2283 nulla
675 2222 902 2296 quaestio
925 2236 940 2272 :
974 2216 1086 2272 Nec
1113 2211 1377 2270 delcctasti
1404 2211 1637 2264 inimicos
1665 2223 1800 2261 meos
1828 2218 1981 2274 super
2001 2218 2099 2257 me.

513 2316 792 2390 Quomodo
811 2314 953 2371 enim
975 2318 1230 2367 nousunt
1249 2291 1486 2360 delectati
1512 2289 1706 2355 inimici
1729 2299 1864 2368 ejus,
1890 2296 2102 2367 quando

515 2387 636 2470 eum
663 2406 1065 2479 colapbizanles
1095 2401 1342 2458 dicebant
1371 2412 1386 2451 :
1421 2394 1731 2464 PrOpkclisa
1760 2391 1926 2460 nobis,
1951 2387 2104 2443 Citri-

516 2519 608 2573 ste,
633 2507 746 2579 quis
770 2501 957 2574 estqui
996 2510 1044 2556 te
1069 2495 1315 2568 percussit
1346 2490 1556 2561 (Matth.
1589 2504 1732 2552 xxvi,
1764 2486 1896 2556 68)?
1923 2493 1978 2540 et
2008 2485 2106 2540 ite-

515 2577 865 2660 rumstantes
893 2601 1018 2650 ante
1046 2603 1264 2647 crucem
1287 2586 1536 2642 dicebant
1565 2599 1582 2638 :
1624 2580 1760 2636 Vah!
1779 2580 1869 2650 qui
1891 2577 2106 2634 destruit

516 2677 782 2763 templum,
801 2697 851 2742 et
872 2688 928 2741 in
949 2684 1120 2740 triduo
1144 2678 1424 2746 remdiﬁcat
1449 2675 1581 2730 illud
1609 2673 1772 2745 (Ibid.
1796 2686 1960 2733 xxv",
1989 2669 2109 2738 40)?

515 2779 979 2853 Quemadmodum
1005 2776 1168 2832 etiam
1209 2785 1314 2828 non
1345 2778 1466 2824 sunt
1493 2765 1749 2830 delectati,
1780 2763 1993 2834 quando
2022 2777 2108 2817 su-

515 2888 612 2948 per
633 2873 951 2930 vestimenta
979 2869 1096 2938 ejus
1118 2866 1383 2922 miserunt
1418 2859 1662 2917 sortem?
1689 2859 1793 2914 Sed
1829 2857 1940 2912 luce
1967 2855 2100 2926 fugi-

515 2967 623 3026 tiva
653 2965 936 3032 inanisque
959 2959 1142 3016 laetitia
1172 2958 1224 3012 in
1257 2953 1644 3026 pmnitudinem
1673 2950 1780 3006 illis
1809 2948 2109 3005 tristitiam-

517 3078 624 3136 que
661 3075 925 3118 conversa
969 3068 1090 3122 est;
1121 3056 1246 3110 dum
1275 3067 1396 3106 eum
1440 3058 1560 3119 post
1590 3047 1823 3108 triduum
1863 3045 2110 3102 viderunt

518 3171 823 3226 resurgere,
853 3167 1016 3224 quem
1055 3153 1410 3219 speravcrunt
1446 3144 1557 3215 96
1580 3154 1918 3198 communem
1967 3138 2108 3192 inte-

519 3260 680 3316 ritum
703 3253 992 3326 reperisse.
1025 3246 1305 3303 Delectasti
1335 3256 1466 3297 vero
1491 3237 1692 3310 posuit,
1721 3251 1814 3306 pro
1841 3233 2108 3289 delectare

519 3347 711 3406 fecisti.
741 3349 873 3414 Quae
901 3343 1070 3414 ﬁgura
1106 3338 1304 3393 dicitur
1331 3332 1624 3406 hypallage,
1658 3330 1868 3399 quoties
1895 3335 1986 3381 aut
2018 3341 2110 3394 ge-

520 3455 644 3508 nus,
671 3449 763 3494 aut
785 3434 935 3492 verbi
970 3430 1258 3487 declinatio
1287 3431 1665 3483 commutatur.
1696 3419 1864 3488 Super
1892 3433 1970 3472 me
2015 3431 2103 3469 au-

520 3544 628 3590 tem
669 3533 1138 3604 dixit,~postquant
1170 3523 1238 3578 de
1279 3519 1383 3578 hoc
1423 3515 1625 3574 mundo
1671 3512 1948 3577 transivit;
1986 3521 2110 3566 tunc

520 3625 746 3692 enimet
784 3602 985 3686 inimici
1027 3618 1208 3674 tristes
1235 3611 1410 3670 ell‘ecti
1439 3618 1583 3677 sunt,
1613 3618 1666 3664 et
1696 3604 1876 3674 devoti
1915 3602 2110 3677 gaudio

519 3727 716 3787 magno
744 3714 1081 3769 ﬂoruerunt-

589 3806 746 3861 Vers.
778 3803 832 3856 ‘2.
868 3800 1090 3868 Domine
1117 3797 1254 3851 Deus
1300 3809 1460 3858 meus,
1491 3791 1710 3847 clamavi
1739 3789 1804 3842 ad
1836 3797 1902 3851 te,
1952 3795 1998 3840 et
2027 3801 2111 3838 sa-

519 3896 651 3952 nasti
682 3911 779 3948 me.
806 3883 1267 3960 Quemadmodum
1293 3893 1501 3938 sanatus
1527 3891 1624 3948 est,
1661 3881 1748 3950 qui
1782 3894 1887 3934 non
1917 3877 2111 3946 legitur

517 3975 846 4064 aegrotasse'l
875 3983 980 4039 Sed
1028 3978 1238 4037 occulte
1268 3977 1358 4032 ille
1389 3974 1702 4048 mgrotahat,
1734 3970 1948 4041 quando
1993 3968 2112 4022 uni-

518 4098 728 4141 versum
754 4078 1027 4136 hominem
1059 4089 1154 4132 sua
1183 4071 1553 4129 incarnatione
1582 4067 1838 4134 suscepit,
1867 4064 1955 4133 qui
1996 4070 2111 4118 erat

516 4175 780 4232 obnoxius
806 4183 859 4228 et
887 4167 1093 4226 morbis
1117 4175 1173 4223 et
1200 4163 1485 4222 mortibus.
1528 4160 1635 4215 Sed
1657 4159 1781 4232 quia
1814 4157 1865 4212 in
1910 4157 2000 4212 illo
2026 4171 2107 4212 sa-

515 4271 626 4326 nati
655 4282 840 4324 sumus
867 4310 879 4330 ,
931 4271 1167 4319 sanatum
1196 4275 1255 4316 se
1285 4259 1401 4330 ipse
1437 4261 1736 4329 proﬁtetur.
1783 4253 1934 4308 Tunc
1965 4251 2107 4307 enim

517 4362 753 4416 salvatus
775 4367 859 4414 est
877 4355 1140 4411 Dominus
1166 4351 1434 4416 Christus,
1460 4348 1673 4421 quando
1699 4360 1916 4402 carnem
1953 4345 1984 4397 Ιί
2001 4343 2112 4415 agi-

518 4454 682 4509 litatis
709 4461 908 4507 nostra:
934 4445 1264 4515 resurgendo
1306 4443 1362 4496 in
1391 4449 1609 4496 aeternas
1630 4440 1753 4493 vita:
1780 4436 1971 4507 gaudia
2000 4435 2113 4488 col-

517 4545 744 4611 locavit;
775 4549 830 4598 et
855 4552 1044 4596 omnes
1064 4534 1198 4592 salvi
1221 4531 1344 4588 lacti
1369 4539 1516 4598 sunt,
1539 4532 1629 4600 qui
1657 4528 1710 4584 in
1736 4529 1853 4598 ipso
1882 4524 2112 4580 lideliter

518 4637 883 4695 crediderunt.

589 4730 744 4786 Vers.
793 4726 848 4782 5.
901 4721 1159 4786 Domine,
1209 4714 1502 4772 abstraxisti
1551 4714 1614 4768 ab
1659 4709 1840 4781 inferis

517 4835 721 4885 meam;
769 4815 975 4872 salvasti
1013 4827 1094 4866 me
1140 4827 1171 4862 α
1213 4804 1630 4862 descendentibus
1657 4803 1709 4856 in
1749 4800 1937 4854 lacum.
1973 4797 2110 4866 Quid

518 4912 748 4968 dicimus
775 4909 842 4962 de
879 4906 988 4962 illis
1015 4904 1102 4974 qui
1135 4899 1419 4957 Dominum
1459 4895 1729 4952 Christum
1758 4893 1990 4948 animam
2017 4891 2112 4946 ha-

518 5003 699 5061 buisse
722 5015 827 5056 non
855 4995 1118 5054 credunt?
1148 4993 1288 5048 Ecce
1331 4991 1444 5058 ipse
1469 4988 1626 5043 teties
1649 4987 1842 5042 clamat
1871 4984 1937 5038 ad
1970 4982 2108 5038 infe-

520 5111 610 5153 ros
653 5109 714 5150 oe
740 5091 972 5146 humana
999 5089 1116 5158 lege
1156 5083 1507 5155 perductum,
1556 5080 1856 5148 exindeque
1883 5079 2106 5133 animant

517 5203 669 5245 suam
719 5191 982 5255 potestate
1030 5193 1144 5238 sua:
1171 5177 1463 5232 divinitatis
1509 5174 1837 5232 abstractam.
1871 5172 1936 5228 Et
1983 5173 2107 5228 vide

519 5279 642 5360 quia
679 5277 986 5333 abstractam
1015 5271 1174 5335 dicit;
1208 5269 1413 5325 scilicet
1441 5266 1690 5340 quoniam
1739 5265 1988 5322 clauStris
2017 5265 2105 5320 in-

520 5358 659 5452 ferni
681 5369 931 5439 diruptis,
957 5365 1022 5422 ad
1049 5363 1242 5421 emittm
1271 5377 1439 5433 usque
1469 5362 1724 5432 perducta
1752 5368 1852 5416 est.
1888 5358 2107 5413 Descen-

521 5470 697 5525 dentes
725 5477 852 5520 vero
888 5462 944 5517 in
970 5460 1140 5516 locum
1166 5467 1292 5536 sunt
1319 5458 1406 5529 qui
1439 5457 1490 5512 in
1522 5454 1703 5511 saeculi
1731 5454 1883 5509 istius
1914 5451 2108 5530 iniqui-

523 5570 632 5624 tate
659 5563 962 5616 versantur.
1003 5553 1072 5610 Et
1099 5553 1234 5608 bene
1276 5549 1432 5621 dixit,
1488 5546 1922 5612 descendentibus,
1955 5541 2110 5615 quasi

521 5656 581 5714 ita
605 5651 925 5729 profundum
963 5647 1232 5713 euntibus,
1263 5646 1351 5718 qui
1395 5645 1564 5716 pressi
1597 5641 1832 5713 pondere
1863 5651 2110 5715 peccato-

522 5763 666 5818 rum,
685 5746 946 5802 altissima
969 5739 1329 5812 profunditate
1351 5737 1698 5796 devorantur.
1718 5732 1822 5789 Sed
1841 5732 2110 5804 quomodo

523 5841 749 5899 salvatus
783 5847 878 5904 est,
913 5850 1070 5908 quem
1098 5841 1310 5890 constat
1335 5828 1612 5886 occisum?
1641 5824 1882 5883 Salvatus
1909 5834 1980 5880 est
2006 5824 2110 5878 uti-

525 5949 631 6016 que
654 5948 688 6012 ᾳ
716 5932 935 6002 talibus,
963 5929 1014 5986 id
1048 5938 1132 5986 est
1151 5926 1220 5983 ab
1243 5938 1428 5982 eorum
1452 5920 1827 5984 communione
1859 5918 2110 5998 liberatus

2196 619 2322 662 cere
2349 619 2452 659 non
2481 601 2668 674 potuit.

2273 698 2423 754 Vers.
2457 697 2510 754 ὅ.
2554 693 2770 752 Psallite
2799 693 3058 760 Domino,
3089 691 3252 748 sancti
3298 693 3430 764 ejus,
3481 696 3529 744 et
3573 687 3779 757 conﬁtc-

2197 794 2324 850 mini
2373 792 2632 848 memoriae
2658 790 2946 846 sanctitatis
2993 789 3122 859 ejus.
3160 787 3286 845 Post
3333 781 3778 842 resurrectionem

2197 899 2348 940 suam
2379 881 2769 940 convenienter
2817 880 3058 952 praecipit
3087 877 3286 938 sanctis
3329 875 3570 944 psallere,
3615 882 3675 929 ut
3701 888 3780 934 re-

2198 988 2453 1049 surgente
2493 977 2666 1049 capite
2713 976 2952 1033 membra
2996 975 3304 1030 laetarentur
3329 1012 3344 1038 ,
3386 974 3622 1029 maxime
3665 987 3780 1026 euut

2198 1087 2323 1142 spes
2363 1087 2550 1130 eorum
2582 1070 2674 1128 tali
2715 1067 3116 1140 dispensatione
3155 1068 3364 1122 lirtnata
3389 1064 3500 1120 sit:
3535 1063 3780 1132 quoniam

2202 1173 2256 1224 et
2287 1164 2432 1234 ipsos
2475 1169 2690 1218 constat
2719 1160 2770 1215 in
2811 1158 2992 1214 laetitia
3039 1171 3360 1228 resurgere,
3407 1169 3542 1226 quos
3569 1155 3783 1222 contigit

2199 1253 2316 1325 ejus
2346 1252 2709 1326 praedicationi
2737 1251 3052 1308 credidisse.
3081 1248 3346 1304 Memoria:
3367 1248 3655 1302 sanctitatis
3677 1248 3784 1316 ejus

2199 1347 2333 1402 dixit
2362 1387 2376 1412 ,
2417 1345 2538 1416 quia
2572 1345 2740 1400 nostri
2783 1358 2991 1400 memor
3019 1357 3138 1398 esse
3165 1341 3414 1412 dignatus
3457 1348 3542 1396 est
3563 1379 3578 1405 ,
3611 1340 3704 1407 qui
3737 1338 3783 1392 in

2202 1441 2388 1496 umbra
2419 1440 2609 1496 mortis
2631 1479 2646 1505 ,
2698 1439 2850 1510 quasi
2881 1438 2937 1492 in
2965 1437 3132 1492 densa
3180 1444 3518 1504 peccatorum
3559 1428 3783 1502 caligine

2201 1533 2568 1600 versabamur.
2601 1531 2714 1586 Non
2757 1530 2900 1586 enim
2932 1543 3030 1584 nos
3073 1527 3214 1582 illius
3251 1539 3520 1582 memores
3550 1521 3781 1586 fuimus,

2199 1627 2290 1698 qui
2334 1640 2434 1682 nos
2461 1624 2698 1691 creavit;
2727 1622 2820 1679 sed
2847 1622 2933 1678 ille
2971 1620 3138 1678 nostri
3168 1617 3362 1690 potius,
3391 1630 3526 1688 quos
3553 1614 3782 1677 creavit;

2199 1719 2336 1778 sicut
2364 1720 2476 1790 ipse
2503 1720 2554 1774 in
2578 1716 2865 1788 Evangelio
2891 1715 3021 1772 dicit
3042 1737 3058 1776 ε
3087 1711 3206 1768 Non
3228 1727 3314 1766 nos
3340 1727 3418 1778 me
3437 1709 3682 1780 elegistis,
3705 1708 3784 1762 sed

2200 1830 2291 1884 ego
2317 1812 2446 1884 elegi
2475 1829 2561 1866 vos
2591 1809 2773 1884 (Joan.
2796 1825 2884 1876 xv,
2912 1805 3024 1878 16).
3057 1805 3125 1880 Et
3154 1805 3275 1864 ideo
3294 1801 3585 1872 confitenda
3606 1811 3660 1856 et
3678 1801 3784 1869 glo-

1960 1923 2098 1978 dicia

2213 1905 2458 1960 t'ilicauda
2494 1913 2577 1960 est
2602 1904 2845 1962 memoria
2873 1899 3158 1974 sanctitatis
3187 1899 3320 1969 ejus,
3349 1911 3466 1978 qua:
3503 1894 3784 1960 humanum

2203 2011 2372 2068 genus
2405 1999 2458 2052 in
2505 1994 2935 2052 recordationem
2981 2006 3134 2048 suam
3165 1989 3434 2046 deducens
3459 2029 3476 2055 ,
3524 1985 3664 2056 quod
3697 1998 3786 2040 nos

2203 2090 2413 2145 salt/are
2444 2088 2705 2160 potuisset
2735 2085 2930 2142 ell'ecit.

2278 2181 2434 2237 Vers.
2469 2179 2522 2235 5.
2558 2180 2813 2245 Quoniam
2855 2181 2936 2232 ira
2961 2177 3014 2230 in
3056 2172 3408 2247 indignatione
3436 2173 3547 2244 ejus
3571 2210 3587 2236 ,
3619 2177 3664 2226 et
3696 2167 3790 2244 vita

2203 2279 2258 2352 in
2289 2276 2542 2331 uoluntate
2583 2278 2694 2346 ejus
2723 2289 2743 2328 :
2774 2273 2841 2330 ad
2866 2286 3129 2344 vesperum
3157 2265 3504 2324 demorabitur
3530 2266 3710 2336 ﬂetus,
3751 2268 3790 2318 et

2206 2371 2272 2432 ad
2303 2370 2611 2424 matutinunt
2634 2366 2835 2423 laetitia.
2868 2362 3112 2420 Partibus
3135 2361 3245 2416 suis
3275 2357 3634 2428 intelligamus
3654 2354 3791 2414 hunc

2207 2477 2421 2520 versum
2445 2502 2460 2530 ,
2503 2462 2556 2516 in
2599 2475 2707 2532 quo
2745 2457 3008 2522 malorum
3049 2453 3491 2514 retributionem,
3529 2447 3790 2518 iustorum

2209 2556 2450 2627 prtetnia,
2479 2552 2742 2628 passionis
2769 2551 2888 2621 ejus
2920 2547 3213 2613 tristitiam,
3245 2540 3655 2617 resurrectionis
3678 2540 3791 2593 laeta

2209 2657 2630 2714 commemorat;
2659 2659 2830 2715 coque
2857 2643 2934 2709 lit,
2959 2651 3014 2696 ttt
3037 2655 3158 2694 cum
3186 2637 3382 2693 fuerint
3407 2633 3684 2699 dislincta,
3712 2645 3794 2686 ue-

2209 2747 2381 2810 sciant
2403 2742 2736 2800 confusionis
2765 2739 3032 2810 iniuriam.
3060 2735 3165 2791 Sed
3187 2748 3307 2806 cum
3330 2733 3410 2786 ira
3434 2740 3643 2806 nostra,
3663 2727 3795 2783 sicut

2211 2838 2429 2910 legitur,
2456 2843 2683 2891 mortem
2711 2840 2985 2902 operetur,
3011 2829 3065 2884 in
3089 2826 3262 2898 primo
3286 2830 3552 2880 commate
3577 2833 3672 2889 per
3701 2828 3794 2874 tro-

2211 2904 2474 2997 ptdtsgiant
2510 2925 2612 2980 hoc
2633 2923 2710 2994 de
2739 2921 2966 2977 Domino
3011 2915 3227 2980 dicitur,
3260 2914 3382 2985 quia
3421 2923 3616 2968 revera
3661 2904 3794 2963 indi-

2211 3023 2385 3096 gnatio
2410 3020 2554 3075 illius
2574 3032 2720 3073 mors
2741 3025 2826 3074 est
2845 3016 3025 3084 utique
3045 3009 3367 3082 peccatoris.
3390 3003 3643 3076 Dignatio
3666 3001 3796 3058 enim

2213 3121 2316 3182 est,
2345 3112 2560 3182 quando
2605 3123 2702 3163 nos
2728 3107 3022 3162 clementer
3064 3101 3319 3174 suscipit;
3367 3087 3797 3168 indignatio’cum

2214 3219 2312 3260 nos
2339 3204 2507 3260 iratus
2536 3201 2748 3272 abjicit;
2773 3213 2878 3255 non
2909 3197 3028 3268 quia
3059 3195 3148 3250 ille
3177 3192 3442 3256 irascitur,
3472 3188 3566 3244 sed
3594 3187 3669 3243 de
3695 3187 3798 3255 ejus

2137 3313 2181 3378 ο
2213 3297 2498 3353 aversione
2537 3310 2682 3350 mors
2707 3291 2910 3358 evenit,
2933 3305 3051 3360 qua:
3077 3289 3144 3343 de
3167 3285 3242 3342 ira
3271 3286 3502 3339 humana
3542 3279 3800 3353 procedit.

2213 3389 2488 3461 Sequitur,
2522 3398 2570 3442 et
2609 3387 2712 3441 vita
2753 3385 2806 3439 in
2832 3383 3094 3440 roluntate
3134 3382 3268 3461 ejus.
3311 3373 3453 3436 Nihil
3491 3381 3677 3443 potest
3707 3366 3802 3426 dici

2212 3481 2574 3554 pra‘stantius.
2620 3479 2748 3534 Nam
2780 3477 2918 3532 sicut
2959 3476 3012 3528 in
3051 3455 3404 3542 indignatione
3433 3479 3582 3522 mors
3607 3505 3626 3533 ,
3659 3463 3732 3518 ita
3757 3462 3803 3516 in

2210 3573 2468 3628 voluntate
2493 3575 2608 3643 ejus
2650 3571 2754 3624 ιεὶια
2787 3583 2906 3623 esse
2935 3563 3298 3635 dignoscitur;
3329 3574 3449 3630 qua:
3489 3566 3677 3612 tamen
3709 3568 3806 3610 non

2214 3667 2265 3721 in
2296 3663 2502 3720 meritis
2529 3660 2751 3730 nostris,
2795 3659 2887 3715 sed
2933 3658 2985 3714 itt
3030 3656 3196 3728 ipsius
3227 3653 3498 3707 voluntate
3539 3645 3806 3703 censislit.

2214 3759 2326 3834 lloc
2351 3763 2728 3828 argumentum
2757 3754 2808 3807 in
2841 3750 3031 3822 topieis
3058 3747 3253 3802 dicitur
3275 3759 3340 3800 ex
3381 3742 3681 3798 contrario.
3710 3737 3809 3794 Ad.

2207 3831 2360 3921 jecit,
2389 3849 2458 3903 ad
2495 3862 2756 3920 uesperum
2787 3843 3127 3900 demorabitur
3153 3841 3327 3911 ﬂetus.
3365 3835 3652 3905 Vesperum
3679 3831 3781 3888 dici

2214 3957 2354 4008 nius,
2385 3956 2504 3996 eum
2534 3928 2768 4012 peracto
2809 3937 2896 3993 die
2921 3935 2998 3990 sol
3025 3931 3241 3999 occidit,
3278 3938 3332 3984 et
3361 3927 3534 3984 noctis
3573 3924 3816 3986 tenebrat

2216 4029 2660 4106 consequuntur;
2717 4029 2860 4101 quod
2923 4026 3184 4083 accidisse
3248 4029 3459 4078 constat
3507 4019 3814 4083 Ecclesia.

2215 4127 2430 4210 quando
2451 4124 2694 4202 Christus
2720 4123 2977 4178 Dominus
3002 4128 3185 4175 noster
3205 4126 3289 4174 est
3311 4121 3650 4192 peremptus.
3668 4111 3820 4190 Tunc

2215 4205 2357 4279 enim
2386 4236 2513 4278 vere
2536 4221 2832 4274 demoratus
2857 4228 2928 4272 est
2951 4218 3121 4288 ﬂetus,
3152 4213 3276 4268 dum
3305 4225 3398 4283 per
3421 4208 3666 4266 triduum
3693 4205 3819 4261 [ideo

2219 4319 2348 4374 lium
2394 4317 2548 4372 turba
2591 4313 2916 4385 congemuit,
2944 4321 2996 4366 et
3046 4309 3225 4364 mundi
3257 4307 3423 4377 ipsius
3464 4311 3667 4359 natura
3697 4315 3823 4357 con-

2216 4400 2370 4488 cussa
2403 4419 2504 4478 est,
2547 4419 2602 4464 ut
2642 4415 2698 4464 et
2737 4409 2849 4477 ipse
2880 4404 3028 4460 orbis
3065 4419 3185 4458 eum
3217 4401 3451 4456 humano
3477 4412 3690 4469 genere
3726 4395 3824 4450 Do-

2215 4481 2347 4578 mini
2380 4500 2560 4570 lugere
2599 4499 2872 4554 videretur
2899 4495 3143 4552 exitium.
3175 4491 3491 4547 Matutinum
3522 4503 3663 4544 vero
3693 4481 3825 4542 dici-

2217 4611 2356 4663 mus,
2385 4592 2600 4666 quando
2621 4589 3021 4658 discedentibus
3047 4587 3282 4643 tenebris
3304 4582 3693 4653 crepusculum
3717 4593 3826 4636 cm-

1886 4709 2112 4761 animam
2139 4703 2194 4764 Β
2220 4689 2357 4761 perit
2378 4687 2612 4742 elucere.
2632 4686 2748 4754 Quo
2771 4693 3015 4754 tempore
3036 4678 3358 4736 resurrectio
3383 4674 3622 4743 Domini,
3649 4675 3828 4730 Evan-

2215 4779 2360 4852 gelio
2389 4787 2546 4843 teste,
2575 4777 2786 4847 vulgata
2809 4783 2926 4830 est:
2954 4773 3021 4842 de
3047 4787 3150 4844 qua
3186 4779 3339 4844 parte
3370 4767 3542 4823 beatis
3578 4767 3829 4822 crevisse

2213 4881 2425 4930 constat
2453 4872 2571 4927 sine
2600 4868 2932 4924 dubitatione
2975 4865 3234 4920 laetitiam.
3281 4863 3372 4918 Sic
3414 4859 3468 4916 in
3499 4875 3612 4914 uno
3663 4873 3825 4914 versu

2215 4977 2481 5023 tantarum
2505 4977 2685 5019 rerum
2716 4961 2902 5029 ingens
2923 4958 3184 5029 explicata
3209 4954 3466 5028 perfectio
3491 4959 3600 5010 est.

2285 5081 2440 5136 Vere.
2472 5077 2527 5134 6.
2579 5076 2694 5149 Ego
2723 5084 2888 5138 autem
2921 5072 3031 5128 dixi
3060 5076 3114 5126 in
3141 5086 3256 5126 mea
3285 5067 3606 5134 abundantia
3643 5083 3665 5121 :
3709 5062 3830 5119 Non

2215 5173 2450 5230 merebor
2475 5171 2528 5226 in
2557 5177 2823 5226 internum.
2871 5167 3156 5244 Postquam
3187 5163 3253 5220 de
3289 5160 3703 5234 resurrectione
3734 5174 3831 5212 sua

2214 5267 2412 5338 gratias
2447 5264 2574 5336 egit,
2609 5272 2662 5318 et
2689 5261 2888 5318 sanctis
2925 5255 3280 5330 psalmodiam
3307 5251 3622 5312 salutariter
3653 5252 3838 5322 impe-

2214 5359 2380 5425 ravit,
2404 5355 2636 5414 secunda
2666 5353 2974 5410 narratione
3001 5349 3140 5406 redit
3168 5348 3234 5404 ad
3265 5345 3531 5418 passionis
3558 5359 3687 5408 suae
3717 5344 3838 5416 glo-

2213 5453 2565 5509 riosissimam
2592 5462 2844 5513 causam;
2875 5457 2925 5502 et
2958 5459 3076 5516 qua:
3107 5442 3200 5498 illo
3231 5449 3471 5512 tempore
3497 5451 3702 5493 secum
3743 5449 3840 5490 co-

2212 5543 2478 5618 gitaverit,
2519 5542 2638 5614 pius
2665 5542 2852 5596 doctor
2880 5536 3063 5593 edicit.
3103 5535 3256 5592 Nunc
3285 5531 3562 5592 videamus
3590 5544 3728 5600 qua:
3761 5526 3839 5584 sit

2214 5640 2312 5715 ista
2354 5636 2696 5702 abundantia,
2729 5648 2825 5705 per
2853 5646 3012 5704 quam
3055 5644 3114 5684 se
3160 5627 3461 5684 nullatenus
3507 5623 3840 5694 monendum

2215 5713 2336 5788 esse
2380 5731 2680 5804 profitetur.
2713 5724 3040 5780 Abundantia
3086 5731 3204 5778 erat
3235 5719 3370 5776 Filio
3401 5729 3625 5786 semper
3662 5713 3846 5788 virgi-

2216 5827 2298 5882 nis
2327 5827 2529 5894 Marite,
2553 5822 2697 5895 quod
2735 5820 2955 5877 Verbum
2979 5834 3099 5874 caro
3129 5817 3330 5890 factum
3361 5821 3458 5878 est,
3489 5819 3536 5864 et
3569 5808 3850 5884 habitavit

2217 5920 2270 5976 in
2291 5919 2435 5974 nobis
2457 5915 2636 5990 (Joan.
2667 5931 2709 5984 ι,
2739 5912 2848 5988 Η).
2871 5911 3009 5984 Quid
3040 5910 3181 5970 enim
3209 5907 3300 5965 illa
3319 5905 3490 5980 gratia
3513 5903 3848 5978 copiosius,

3949 911 3951 1012 l

3949 1685 3951 1760 φ
