  <div class='ocr_page' id='page_1' title='image "/cluster/home/n/w/nwhite01/storage/ocr_20150623/70/hvd.32044015469356/108.png"; bbox 0 0 4004 6342; ppageno 0'>
   <div class='ocr_carea' id='block_1_1' title="bbox 214 409 311 471">
    <p class='ocr_par' dir='ltr' id='par_1_1' title="bbox 214 409 311 471">
     <span class='ocr_line' id='line_1_1' title="bbox 214 409 311 471; baseline -0.041 0"><span class='ocrx_word' id='word_1_1' title='bbox 214 409 311 471; x_wconf 68' lang='lat'><strong>9.05</strong></span> 
     </span>
    </p>
   </div>
   <div class='ocr_carea' id='block_1_2' title="bbox 1120 400 2558 467">
    <p class='ocr_par' dir='ltr' id='par_1_2' title="bbox 1120 400 2558 467">
     <span class='ocr_line' id='line_1_2' title="bbox 1120 400 2558 467; baseline 0.001 -4"><span class='ocrx_word' id='word_1_2' title='bbox 1120 400 1482 465; x_wconf 73' lang='lat' dir='ltr'><strong>EXPOSITIO</strong></span> <span class='ocrx_word' id='word_1_3' title='bbox 1522 405 1589 467; x_wconf 78' lang='lat' dir='ltr'><strong>IN</strong></span> <span class='ocrx_word' id='word_1_4' title='bbox 1631 403 2086 465; x_wconf 77' lang='lat' dir='ltr'><strong>PSALTERIUM.</strong></span> <span class='ocrx_word' id='word_1_5' title='bbox 2131 400 2321 465; x_wconf 76' lang='lat' dir='ltr'><strong>PSAL.</strong></span> <span class='ocrx_word' id='word_1_6' title='bbox 2363 406 2558 465; x_wconf 80' lang='lat' dir='ltr'><strong>XXIX.</strong></span> 
     </span>
    </p>
   </div>
   <div class='ocr_carea' id='block_1_3' title="bbox 3376 411 3481 479">
    <p class='ocr_par' dir='ltr' id='par_1_3' title="bbox 3376 411 3481 479">
     <span class='ocr_line' id='line_1_3' title="bbox 3376 411 3481 479; baseline -0.067 0"><span class='ocrx_word' id='word_1_7' title='bbox 3376 411 3481 479; x_wconf 68' lang='grc' dir='ltr'><strong>ὀὔ</strong></span> 
     </span>
    </p>
   </div>
   <div class='ocr_carea' id='block_1_4' title="bbox 214 519 3480 601">
    <p class='ocr_par' dir='ltr' id='par_1_4' title="bbox 214 519 3480 601">
     <span class='ocr_line' id='line_1_4' title="bbox 214 519 3480 601; baseline 0.002 -20"><span class='ocrx_word' id='word_1_8' title='bbox 214 539 323 597; x_wconf 68' lang='lat' dir='ltr'><strong>qua:</strong></span> <span class='ocrx_word' id='word_1_9' title='bbox 350 522 541 581; x_wconf 81' lang='lat' dir='ltr'><strong>habere</strong></span> <span class='ocrx_word' id='word_1_10' title='bbox 582 519 779 583; x_wconf 85' lang='lat' dir='ltr'><strong>meruit</strong></span> <span class='ocrx_word' id='word_1_11' title='bbox 807 521 1192 591; x_wconf 73' lang='lat' dir='ltr'><strong>plenitudinem</strong></span> <span class='ocrx_word' id='word_1_12' title='bbox 1228 522 1487 579; x_wconf 75' lang='lat' dir='ltr'><strong>Deitatis?</strong></span> <span class='ocrx_word' id='word_1_13' title='bbox 1524 522 1672 576; x_wconf 86' lang='lat' dir='ltr'><strong>Sicut</strong></span> <span class='ocrx_word' id='word_1_14' title='bbox 1701 519 1786 577; x_wconf 85' lang='lat' dir='ltr'><strong>di-</strong></span> <span class='ocrx_word' id='word_1_15' title='bbox 1818 521 1865 581; x_wconf 86' lang='lat' dir='ltr'><strong>A</strong></span> <span class='ocrx_word' id='word_1_16' title='bbox 1894 530 2106 579; x_wconf 67' lang='lat' dir='ltr'><strong>mterntc</strong></span> <span class='ocrx_word' id='word_1_17' title='bbox 2162 523 2507 580; x_wconf 66' lang='lat' dir='ltr'><strong>beatitudinis</strong></span> <span class='ocrx_word' id='word_1_18' title='bbox 2574 525 2962 597; x_wconf 83' lang='lat' dir='ltr'><strong>gratilicatioue</strong></span> <span class='ocrx_word' id='word_1_19' title='bbox 3024 528 3311 601; x_wconf 79' lang='lat' dir='ltr'><strong>mulcetur.</strong></span> <span class='ocrx_word' id='word_1_20' title='bbox 3371 532 3480 588; x_wconf 85' lang='lat' dir='ltr'><strong>Sed</strong></span> 
     </span>
    </p>
   </div>
   <div class='ocr_carea' id='block_1_5' title="bbox 212 612 1789 688">
    <p class='ocr_par' dir='ltr' id='par_1_5' title="bbox 212 612 1789 688">
     <span class='ocr_line' id='line_1_5' title="bbox 212 612 1789 688; baseline -0.005 -13"><span class='ocrx_word' id='word_1_21' title='bbox 212 619 278 675; x_wconf 74' lang='lat' dir='ltr'><strong>cit</strong></span> <span class='ocrx_word' id='word_1_22' title='bbox 303 614 580 685; x_wconf 84' lang='lat' dir='ltr'><strong>Apostolus</strong></span> <span class='ocrx_word' id='word_1_23' title='bbox 613 633 625 669; x_wconf 87' lang='lat'><strong>:</strong></span> <span class='ocrx_word' id='word_1_24' title='bbox 660 613 725 668; x_wconf 85' lang='lat' dir='ltr'><strong>In</strong></span> <span class='ocrx_word' id='word_1_25' title='bbox 754 631 853 684; x_wconf 87' lang='lat' dir='ltr'><strong>quo</strong></span> <span class='ocrx_word' id='word_1_26' title='bbox 882 616 1124 670; x_wconf 81' lang='lat' dir='ltr'><strong>habitavit</strong></span> <span class='ocrx_word' id='word_1_27' title='bbox 1154 617 1316 670; x_wconf 89' lang='lat' dir='ltr'><strong>omnis</strong></span> <span class='ocrx_word' id='word_1_28' title='bbox 1346 615 1611 688; x_wconf 75' lang='lat' dir='ltr'><strong>plenitudo</strong></span> <span class='ocrx_word' id='word_1_29' title='bbox 1644 612 1789 667; x_wconf 83' lang='lat' dir='ltr'><strong>Divi—</strong></span> 
     </span>
    </p>
   </div>
   <div class='ocr_carea' id='block_1_6' title="bbox 216 709 1785 781">
    <p class='ocr_par' dir='ltr' id='par_1_6' title="bbox 216 709 1785 781">
     <span class='ocr_line' id='line_1_6' title="bbox 216 709 1785 781; baseline -0.002 -16"><span class='ocrx_word' id='word_1_30' title='bbox 216 710 373 765; x_wconf 73' lang='lat' dir='ltr'><strong>nitatis</strong></span> <span class='ocrx_word' id='word_1_31' title='bbox 400 709 734 777; x_wconf 68' lang='lat' dir='ltr'><strong>corporaliter</strong></span> <span class='ocrx_word' id='word_1_32' title='bbox 763 710 981 779; x_wconf 84' lang='lat' dir='ltr'><strong>(Coloss.</strong></span> <span class='ocrx_word' id='word_1_33' title='bbox 1011 726 1049 766; x_wconf 87' lang='lat' dir='ltr'><strong>tt</strong></span> <span class='ocrx_word' id='word_1_34' title='bbox 1071 754 1085 778; x_wconf 92' lang='lat'><strong>,</strong></span> <span class='ocrx_word' id='word_1_35' title='bbox 1135 710 1227 781; x_wconf 88' lang='lat'><strong>9),</strong></span> <span class='ocrx_word' id='word_1_36' title='bbox 1261 711 1313 766; x_wconf 92' lang='lat' dir='ltr'><strong>id</strong></span> <span class='ocrx_word' id='word_1_37' title='bbox 1357 720 1441 766; x_wconf 84' lang='lat' dir='ltr'><strong>est</strong></span> <span class='ocrx_word' id='word_1_38' title='bbox 1470 710 1746 766; x_wconf 85' lang='lat' dir='ltr'><strong>verissime</strong></span> <span class='ocrx_word' id='word_1_39' title='bbox 1767 748 1785 775; x_wconf 91' lang='lat'><strong>,</strong></span> 
     </span>
    </p>
   </div>
   <div class='ocr_carea' id='block_1_7' title="bbox 222 803 1791 875">
    <p class='ocr_par' dir='ltr' id='par_1_7' title="bbox 222 803 1791 875">
     <span class='ocr_line' id='line_1_7' title="bbox 222 803 1791 875; baseline -0.003 -14"><span class='ocrx_word' id='word_1_40' title='bbox 222 803 623 861; x_wconf 84' lang='lat' dir='ltr'><strong>tubstautialiter</strong></span> <span class='ocrx_word' id='word_1_41' title='bbox 669 815 830 875; x_wconf 85' lang='lat' dir='ltr'><strong>atque</strong></span> <span class='ocrx_word' id='word_1_42' title='bbox 859 806 1111 874; x_wconf 78' lang='lat' dir='ltr'><strong>perfecte.</strong></span> <span class='ocrx_word' id='word_1_43' title='bbox 1142 804 1273 863; x_wconf 69' lang='lat' dir='ltr'><strong>iure</strong></span> <span class='ocrx_word' id='word_1_44' title='bbox 1316 819 1444 874; x_wconf 84' lang='lat' dir='ltr'><strong>ergo</strong></span> <span class='ocrx_word' id='word_1_45' title='bbox 1469 804 1702 868; x_wconf 86' lang='lat' dir='ltr'><strong>dicebat,</strong></span> <span class='ocrx_word' id='word_1_46' title='bbox 1734 803 1791 857; x_wconf 86' lang='lat' dir='ltr'><strong>in</strong></span> 
     </span>
    </p>
   </div>
   <div class='ocr_carea' id='block_1_8' title="bbox 130 896 1791 973">
    <p class='ocr_par' dir='ltr' id='par_1_8' title="bbox 130 896 1791 973">
     <span class='ocr_line' id='line_1_8' title="bbox 130 896 1791 973; baseline 0 -22"><span class='ocrx_word' id='word_1_47' title='bbox 130 968 139 973; x_wconf 29' lang='grc' dir='ltr'>θ</span> <span class='ocrx_word' id='word_1_48' title='bbox 224 908 437 957; x_wconf 66' lang='lat' dir='ltr'><strong>amnem</strong></span> <span class='ocrx_word' id='word_1_49' title='bbox 470 912 529 953; x_wconf 88' lang='lat' dir='ltr'><strong>se</strong></span> <span class='ocrx_word' id='word_1_50' title='bbox 558 898 748 953; x_wconf 79' lang='lat' dir='ltr'><strong>moveri</strong></span> <span class='ocrx_word' id='word_1_51' title='bbox 776 914 879 955; x_wconf 89' lang='lat' dir='ltr'><strong>non</strong></span> <span class='ocrx_word' id='word_1_52' title='bbox 904 912 1083 969; x_wconf 87' lang='lat' dir='ltr'><strong>posse,</strong></span> <span class='ocrx_word' id='word_1_53' title='bbox 1107 898 1190 954; x_wconf 90' lang='lat' dir='ltr'><strong>cui</strong></span> <span class='ocrx_word' id='word_1_54' title='bbox 1213 912 1307 953; x_wconf 90' lang='lat' dir='ltr'><strong>sua</strong></span> <span class='ocrx_word' id='word_1_55' title='bbox 1339 898 1592 968; x_wconf 75' lang='lat' dir='ltr'><strong>maiestas</strong></span> <span class='ocrx_word' id='word_1_56' title='bbox 1621 896 1791 953; x_wconf 81' lang='lat' dir='ltr'><strong>confi-</strong></span> 
     </span>
    </p>
   </div>
   <div class='ocr_carea' id='block_1_9' title="bbox 222 987 901 1058">
    <p class='ocr_par' dir='ltr' id='par_1_9' title="bbox 222 987 901 1058">
     <span class='ocr_line' id='line_1_9' title="bbox 222 987 901 1058; baseline -0.004 -11"><span class='ocrx_word' id='word_1_57' title='bbox 222 987 394 1047; x_wconf 69' lang='lat' dir='ltr'><strong>Ientiae</strong></span> <span class='ocrx_word' id='word_1_58' title='bbox 421 987 562 1044; x_wconf 91' lang='lat' dir='ltr'><strong>dona</strong></span> <span class='ocrx_word' id='word_1_59' title='bbox 594 990 901 1058; x_wconf 72' lang='lat' dir='ltr'><strong>prmstabat.</strong></span> 
     </span>
    </p>
   </div>
   <div class='ocr_carea' id='block_1_10' title="bbox 277 1082 1815 1169">
    <p class='ocr_par' dir='ltr' id='par_1_10' title="bbox 277 1082 1815 1169">
     <span class='ocr_line' id='line_1_10' title="bbox 277 1082 1815 1169; baseline 0.002 -27"><span class='ocrx_word' id='word_1_60' title='bbox 277 1086 423 1142; x_wconf 80' lang='lat' dir='ltr'><strong>Vers.</strong></span> <span class='ocrx_word' id='word_1_61' title='bbox 455 1082 507 1140; x_wconf 82' lang='lat'><strong>7.</strong></span> <span class='ocrx_word' id='word_1_62' title='bbox 544 1086 781 1153; x_wconf 86' lang='lat' dir='ltr'><strong>Domine,</strong></span> <span class='ocrx_word' id='word_1_63' title='bbox 810 1088 863 1141; x_wconf 90' lang='lat' dir='ltr'><strong>in</strong></span> <span class='ocrx_word' id='word_1_64' title='bbox 890 1089 1148 1143; x_wconf 79' lang='lat' dir='ltr'><strong>uoluntate</strong></span> <span class='ocrx_word' id='word_1_65' title='bbox 1177 1097 1267 1142; x_wconf 86' lang='lat' dir='ltr'><strong>tua</strong></span> <span class='ocrx_word' id='word_1_66' title='bbox 1306 1087 1587 1157; x_wconf 80' lang='lat' dir='ltr'><strong>prtestitisti</strong></span> <span class='ocrx_word' id='word_1_67' title='bbox 1617 1088 1815 1169; x_wconf 67' lang='lat' dir='ltr'><strong>decori</strong></span> 
     </span>
    </p>
   </div>
   <div class='ocr_carea' id='block_1_11' title="bbox 220 1178 1791 1248">
    <p class='ocr_par' dir='ltr' id='par_1_11' title="bbox 220 1178 1791 1248">
     <span class='ocr_line' id='line_1_11' title="bbox 220 1178 1791 1248; baseline 0 -16"><span class='ocrx_word' id='word_1_68' title='bbox 220 1192 310 1232; x_wconf 69' lang='lat' dir='ltr'><strong>meo</strong></span> <span class='ocrx_word' id='word_1_69' title='bbox 336 1179 568 1233; x_wconf 77' lang='lat' dir='ltr'><strong>virtutem</strong></span> <span class='ocrx_word' id='word_1_70' title='bbox 601 1192 619 1232; x_wconf 88' lang='lat'><strong><em>:</em></strong></span> <span class='ocrx_word' id='word_1_71' title='bbox 650 1178 876 1233; x_wconf 85' lang='lat' dir='ltr'><strong>arertisti</strong></span> <span class='ocrx_word' id='word_1_72' title='bbox 919 1178 1104 1247; x_wconf 80' lang='lat' dir='ltr'><strong>faciem</strong></span> <span class='ocrx_word' id='word_1_73' title='bbox 1147 1187 1287 1233; x_wconf 88' lang='lat' dir='ltr'><strong>tuam</strong></span> <span class='ocrx_word' id='word_1_74' title='bbox 1313 1194 1346 1231; x_wconf 89' lang='lat' dir='ltr'><strong>a</strong></span> <span class='ocrx_word' id='word_1_75' title='bbox 1378 1194 1454 1232; x_wconf 89' lang='lat' dir='ltr'><strong>me</strong></span> <span class='ocrx_word' id='word_1_76' title='bbox 1480 1220 1493 1244; x_wconf 93' lang='lat'><strong>,</strong></span> <span class='ocrx_word' id='word_1_77' title='bbox 1528 1186 1574 1232; x_wconf 86' lang='lat' dir='ltr'><strong>et</strong></span> <span class='ocrx_word' id='word_1_78' title='bbox 1623 1180 1791 1248; x_wconf 73' lang='lat' dir='ltr'><strong>{actus</strong></span> 
     </span>
    </p>
   </div>
   <div class='ocr_carea' id='block_1_12' title="bbox 217 1269 1787 1339">
    <p class='ocr_par' dir='ltr' id='par_1_12' title="bbox 217 1269 1787 1339">
     <span class='ocr_line' id='line_1_12' title="bbox 217 1269 1787 1339; baseline -0.002 -14"><span class='ocrx_word' id='word_1_79' title='bbox 217 1286 312 1325; x_wconf 79' lang='lat' dir='ltr'><strong>tum</strong></span> <span class='ocrx_word' id='word_1_80' title='bbox 360 1269 708 1325; x_wconf 73' lang='lat' dir='ltr'><strong>conturbatus.</strong></span> <span class='ocrx_word' id='word_1_81' title='bbox 747 1270 803 1324; x_wconf 90' lang='lat' dir='ltr'><strong>In</strong></span> <span class='ocrx_word' id='word_1_82' title='bbox 856 1270 956 1327; x_wconf 84' lang='lat' dir='ltr'><strong>hoc</strong></span> <span class='ocrx_word' id='word_1_83' title='bbox 982 1285 1144 1327; x_wconf 82' lang='lat' dir='ltr'><strong>versu</strong></span> <span class='ocrx_word' id='word_1_84' title='bbox 1195 1269 1474 1325; x_wconf 82' lang='lat' dir='ltr'><strong>cvi-lenter</strong></span> <span class='ocrx_word' id='word_1_85' title='bbox 1521 1270 1787 1339; x_wconf 68' lang='lat' dir='ltr'><strong>caponit,</strong></span> 
     </span>
    </p>
   </div>
   <div class='ocr_carea' id='block_1_13' title="bbox 214 1361 1793 1435">
    <p class='ocr_par' dir='ltr' id='par_1_13' title="bbox 214 1361 1793 1435">
     <span class='ocr_line' id='line_1_13' title="bbox 214 1361 1793 1435; baseline -0.003 -20"><span class='ocrx_word' id='word_1_86' title='bbox 214 1363 337 1416; x_wconf 85' lang='lat' dir='ltr'><strong>unde</strong></span> <span class='ocrx_word' id='word_1_87' title='bbox 368 1363 452 1415; x_wconf 85' lang='lat' dir='ltr'><strong>illa</strong></span> <span class='ocrx_word' id='word_1_88' title='bbox 484 1362 650 1418; x_wconf 81' lang='lat' dir='ltr'><strong>fuerit</strong></span> <span class='ocrx_word' id='word_1_89' title='bbox 678 1362 1027 1425; x_wconf 84' lang='lat' dir='ltr'><strong>abundantia,</strong></span> <span class='ocrx_word' id='word_1_90' title='bbox 1061 1379 1183 1435; x_wconf 74' lang='lat' dir='ltr'><strong>qua:</strong></span> <span class='ocrx_word' id='word_1_91' title='bbox 1213 1378 1320 1419; x_wconf 90' lang='lat' dir='ltr'><strong>non</strong></span> <span class='ocrx_word' id='word_1_92' title='bbox 1354 1361 1522 1432; x_wconf 90' lang='lat' dir='ltr'><strong>potuit</strong></span> <span class='ocrx_word' id='word_1_93' title='bbox 1553 1378 1793 1417; x_wconf 73' lang='lat' dir='ltr'><strong>commn-</strong></span> 
     </span>
    </p>
   </div>
   <div class='ocr_carea' id='block_1_14' title="bbox 212 1452 1793 1526">
    <p class='ocr_par' dir='ltr' id='par_1_14' title="bbox 212 1452 1793 1526">
     <span class='ocr_line' id='line_1_14' title="bbox 212 1452 1793 1526; baseline 0.001 -19"><span class='ocrx_word' id='word_1_94' title='bbox 212 1455 329 1508; x_wconf 86' lang='lat' dir='ltr'><strong>veri.</strong></span> <span class='ocrx_word' id='word_1_95' title='bbox 365 1452 619 1510; x_wconf 82' lang='lat' dir='ltr'><strong>Virtutem</strong></span> <span class='ocrx_word' id='word_1_96' title='bbox 649 1455 849 1526; x_wconf 79' lang='lat' dir='ltr'><strong>quippe</strong></span> <span class='ocrx_word' id='word_1_97' title='bbox 875 1470 935 1510; x_wconf 90' lang='lat' dir='ltr'><strong>se</strong></span> <span class='ocrx_word' id='word_1_98' title='bbox 964 1457 1031 1513; x_wconf 90' lang='lat' dir='ltr'><strong>de</strong></span> <span class='ocrx_word' id='word_1_99' title='bbox 1057 1456 1288 1511; x_wconf 86' lang='lat' dir='ltr'><strong>humana</strong></span> <span class='ocrx_word' id='word_1_100' title='bbox 1328 1467 1514 1510; x_wconf 88' lang='lat' dir='ltr'><strong>natura</strong></span> <span class='ocrx_word' id='word_1_101' title='bbox 1544 1454 1793 1517; x_wconf 80' lang='lat' dir='ltr'><strong>habuisse</strong></span> 
     </span>
    </p>
   </div>
   <div class='ocr_carea' id='block_1_15' title="bbox 210 1547 1789 1617">
    <p class='ocr_par' dir='ltr' id='par_1_15' title="bbox 210 1547 1789 1617">
     <span class='ocr_line' id='line_1_15' title="bbox 210 1547 1789 1617; baseline 0.001 -18"><span class='ocrx_word' id='word_1_102' title='bbox 210 1562 303 1599; x_wconf 88' lang='lat' dir='ltr'><strong>non</strong></span> <span class='ocrx_word' id='word_1_103' title='bbox 328 1547 471 1612; x_wconf 83' lang='lat' dir='ltr'><strong>dicit,</strong></span> <span class='ocrx_word' id='word_1_104' title='bbox 508 1547 603 1603; x_wconf 86' lang='lat' dir='ltr'><strong>sed</strong></span> <span class='ocrx_word' id='word_1_105' title='bbox 631 1547 863 1617; x_wconf 82' lang='lat' dir='ltr'><strong>desuper</strong></span> <span class='ocrx_word' id='word_1_106' title='bbox 885 1548 989 1605; x_wconf 86' lang='lat' dir='ltr'><strong>sibi</strong></span> <span class='ocrx_word' id='word_1_107' title='bbox 1018 1550 1210 1609; x_wconf 75' lang='lat' dir='ltr'><strong>asserit</strong></span> <span class='ocrx_word' id='word_1_108' title='bbox 1245 1548 1623 1605; x_wconf 81' lang='lat' dir='ltr'><strong>contributam.</strong></span> <span class='ocrx_word' id='word_1_109' title='bbox 1658 1547 1789 1613; x_wconf 83' lang='lat' dir='ltr'><strong>Nam</strong></span> 
     </span>
    </p>
   </div>
   <div class='ocr_carea' id='block_1_16' title="bbox 208 1640 1792 1712">
    <p class='ocr_par' dir='ltr' id='par_1_16' title="bbox 208 1640 1792 1712">
     <span class='ocr_line' id='line_1_16' title="bbox 208 1640 1792 1712; baseline 0 -17"><span class='ocrx_word' id='word_1_110' title='bbox 208 1654 424 1695; x_wconf 79' lang='lat' dir='ltr'><strong>decorem</strong></span> <span class='ocrx_word' id='word_1_111' title='bbox 472 1642 644 1711; x_wconf 87' lang='lat' dir='ltr'><strong>ipsius</strong></span> <span class='ocrx_word' id='word_1_112' title='bbox 696 1642 885 1710; x_wconf 89' lang='lat' dir='ltr'><strong>probat</strong></span> <span class='ocrx_word' id='word_1_113' title='bbox 934 1642 1061 1697; x_wconf 88' lang='lat' dir='ltr'><strong>illud</strong></span> <span class='ocrx_word' id='word_1_114' title='bbox 1109 1643 1411 1712; x_wconf 76' lang='lat' dir='ltr'><strong>exetnplum</strong></span> <span class='ocrx_word' id='word_1_115' title='bbox 1455 1656 1469 1693; x_wconf 90' lang='lat'><strong>:</strong></span> <span class='ocrx_word' id='word_1_116' title='bbox 1519 1640 1792 1709; x_wconf 78' lang='lat' dir='ltr'><strong>Speciosus</strong></span> 
     </span>
    </p>
   </div>
   <div class='ocr_carea' id='block_1_17' title="bbox 208 1733 1792 1806">
    <p class='ocr_par' dir='ltr' id='par_1_17' title="bbox 208 1733 1792 1806">
     <span class='ocr_line' id='line_1_17' title="bbox 208 1733 1792 1806; baseline 0.003 -21"><span class='ocrx_word' id='word_1_117' title='bbox 208 1734 361 1802; x_wconf 79' lang='lat' dir='ltr'><strong>[arma</strong></span> <span class='ocrx_word' id='word_1_118' title='bbox 385 1749 495 1804; x_wconf 75' lang='lat' dir='ltr'><strong>pra:</strong></span> <span class='ocrx_word' id='word_1_119' title='bbox 520 1733 647 1802; x_wconf 76' lang='lat' dir='ltr'><strong>ﬁliis</strong></span> <span class='ocrx_word' id='word_1_120' title='bbox 678 1734 942 1789; x_wconf 82' lang='lat' dir='ltr'><strong>hominum</strong></span> <span class='ocrx_word' id='word_1_121' title='bbox 972 1735 993 1806; x_wconf 90' lang='lat'><strong>(</strong></span> <span class='ocrx_word' id='word_1_122' title='bbox 1019 1735 1167 1790; x_wconf 87' lang='lat' dir='ltr'><strong>Psul.</strong></span> <span class='ocrx_word' id='word_1_123' title='bbox 1210 1750 1336 1790; x_wconf 60' lang='grc' dir='ltr'><strong>κων</strong></span> <span class='ocrx_word' id='word_1_124' title='bbox 1362 1776 1376 1800; x_wconf 83' lang='grc'><strong><em>,</em></strong></span> <span class='ocrx_word' id='word_1_125' title='bbox 1412 1734 1445 1787; x_wconf 77' lang='lat'><strong>5</strong></span> <span class='ocrx_word' id='word_1_126' title='bbox 1466 1734 1507 1804; x_wconf 93' lang='lat'><strong>).</strong></span> <span class='ocrx_word' id='word_1_127' title='bbox 1552 1734 1658 1788; x_wconf 86' lang='lat' dir='ltr'><strong>Sed</strong></span> <span class='ocrx_word' id='word_1_128' title='bbox 1690 1735 1792 1789; x_wconf 80' lang='lat' dir='ltr'><strong>ista</strong></span> 
     </span>
    </p>
   </div>
   <div class='ocr_carea' id='block_1_18' title="bbox 206 1824 1788 1897">
    <p class='ocr_par' dir='ltr' id='par_1_18' title="bbox 206 1824 1788 1897">
     <span class='ocr_line' id='line_1_18' title="bbox 206 1824 1788 1897; baseline 0.003 -19"><span class='ocrx_word' id='word_1_129' title='bbox 206 1824 533 1883; x_wconf 83' lang='lat' dir='ltr'><strong>immaculata</strong></span> <span class='ocrx_word' id='word_1_130' title='bbox 576 1835 633 1882; x_wconf 83' lang='lat' dir='ltr'><strong>et</strong></span> <span class='ocrx_word' id='word_1_131' title='bbox 676 1829 788 1883; x_wconf 88' lang='lat' dir='ltr'><strong>sole</strong></span> <span class='ocrx_word' id='word_1_132' title='bbox 818 1828 1016 1883; x_wconf 85' lang='lat' dir='ltr'><strong>clarior</strong></span> <span class='ocrx_word' id='word_1_133' title='bbox 1048 1829 1394 1884; x_wconf 81' lang='lat' dir='ltr'><strong>humanitatis</strong></span> <span class='ocrx_word' id='word_1_134' title='bbox 1427 1827 1788 1897; x_wconf 68' lang='lat' dir='ltr'><strong>pulchritudo,</strong></span> 
     </span>
    </p>
   </div>
   <div class='ocr_carea' id='block_1_19' title="bbox 1893 613 3487 693">
    <p class='ocr_par' dir='ltr' id='par_1_19' title="bbox 1893 613 3487 693">
     <span class='ocr_line' id='line_1_19' title="bbox 1893 613 3487 693; baseline 0.008 -28"><span class='ocrx_word' id='word_1_135' title='bbox 1893 613 2344 685; x_wconf 89' lang='lat' dir='ltr'><strong>quamadmodum</strong></span> <span class='ocrx_word' id='word_1_136' title='bbox 2377 615 2547 672; x_wconf 80' lang='lat' dir='ltr'><strong>iactus</strong></span> <span class='ocrx_word' id='word_1_137' title='bbox 2582 618 2652 673; x_wconf 89' lang='lat' dir='ltr'><strong>sit</strong></span> <span class='ocrx_word' id='word_1_138' title='bbox 2680 619 2910 690; x_wconf 87' lang='lat' dir='ltr'><strong>adjutor,</strong></span> <span class='ocrx_word' id='word_1_139' title='bbox 2941 622 3054 691; x_wconf 88' lang='lat' dir='ltr'><strong>ipse</strong></span> <span class='ocrx_word' id='word_1_140' title='bbox 3084 634 3487 693; x_wconf 74' lang='lat' dir='ltr'><strong>consequenter,</strong></span> 
     </span>
    </p>
   </div>
   <div class='ocr_carea' id='block_1_20' title="bbox 1893 711 3489 793">
    <p class='ocr_par' dir='ltr' id='par_1_20' title="bbox 1893 711 3489 793">
     <span class='ocr_line' id='line_1_20' title="bbox 1893 711 3489 793; baseline 0.008 -29"><span class='ocrx_word' id='word_1_141' title='bbox 1893 711 2111 780; x_wconf 80' lang='lat' dir='ltr'><strong>exponit</strong></span> <span class='ocrx_word' id='word_1_142' title='bbox 2139 728 2153 776; x_wconf 91' lang='lat'><strong>;</strong></span> <span class='ocrx_word' id='word_1_143' title='bbox 2183 720 2238 766; x_wconf 90' lang='lat' dir='ltr'><strong>et</strong></span> <span class='ocrx_word' id='word_1_144' title='bbox 2269 712 2392 769; x_wconf 90' lang='lat' dir='ltr'><strong>ideo</strong></span> <span class='ocrx_word' id='word_1_145' title='bbox 2426 721 2609 768; x_wconf 89' lang='lat' dir='ltr'><strong>nostra</strong></span> <span class='ocrx_word' id='word_1_146' title='bbox 2645 714 2805 783; x_wconf 73' lang='lat' dir='ltr'><strong>verba</strong></span> <span class='ocrx_word' id='word_1_147' title='bbox 2837 731 2942 777; x_wconf 86' lang='lat' dir='ltr'><strong>non</strong></span> <span class='ocrx_word' id='word_1_148' title='bbox 2969 716 3166 791; x_wconf 81' lang='lat' dir='ltr'><strong>debent</strong></span> <span class='ocrx_word' id='word_1_149' title='bbox 3208 716 3392 793; x_wconf 75' lang='lat' dir='ltr'><strong>adjici,</strong></span> <span class='ocrx_word' id='word_1_150' title='bbox 3425 729 3489 776; x_wconf 75' lang='lat' dir='ltr'><strong>ut</strong></span> 
     </span>
    </p>
   </div>
   <div class='ocr_carea' id='block_1_21' title="bbox 1893 803 3484 887">
    <p class='ocr_par' dir='ltr' id='par_1_21' title="bbox 1893 803 3484 887">
     <span class='ocr_line' id='line_1_21' title="bbox 1893 803 3484 887; baseline 0.008 -28"><span class='ocrx_word' id='word_1_151' title='bbox 1893 817 2081 859; x_wconf 86' lang='lat' dir='ltr'><strong>cursus</strong></span> <span class='ocrx_word' id='word_1_152' title='bbox 2110 803 2221 877; x_wconf 87' lang='lat' dir='ltr'><strong>ipse</strong></span> <span class='ocrx_word' id='word_1_153' title='bbox 2250 803 2517 877; x_wconf 83' lang='lat' dir='ltr'><strong>dictorum</strong></span> <span class='ocrx_word' id='word_1_154' title='bbox 2569 807 2787 883; x_wconf 79' lang='lat' dir='ltr'><strong>propria</strong></span> <span class='ocrx_word' id='word_1_155' title='bbox 2826 809 2995 887; x_wconf 75' lang='lat' dir='ltr'><strong>magis</strong></span> <span class='ocrx_word' id='word_1_156' title='bbox 3023 811 3359 883; x_wconf 78' lang='lat' dir='ltr'><strong>expositione</strong></span> <span class='ocrx_word' id='word_1_157' title='bbox 3386 811 3484 871; x_wconf 87' lang='lat' dir='ltr'><strong>de-</strong></span> 
     </span>
    </p>
   </div>
   <div class='ocr_carea' id='block_1_22' title="bbox 1894 892 3485 975">
    <p class='ocr_par' dir='ltr' id='par_1_22' title="bbox 1894 892 3485 975">
     <span class='ocr_line' id='line_1_22' title="bbox 1894 892 3485 975; baseline 0.006 -28"><span class='ocrx_word' id='word_1_158' title='bbox 1894 892 2148 949; x_wconf 88' lang='lat' dir='ltr'><strong>claretur.</strong></span> <span class='ocrx_word' id='word_1_159' title='bbox 2183 895 2295 950; x_wconf 89' lang='lat' dir='ltr'><strong>lloc</strong></span> <span class='ocrx_word' id='word_1_160' title='bbox 2324 895 2540 969; x_wconf 83' lang='lat' dir='ltr'><strong>schema</strong></span> <span class='ocrx_word' id='word_1_161' title='bbox 2565 898 2760 955; x_wconf 90' lang='lat' dir='ltr'><strong>dicitur</strong></span> <span class='ocrx_word' id='word_1_162' title='bbox 2785 900 3117 971; x_wconf 68' lang='lat' dir='ltr'><strong>epexegesis,</strong></span> <span class='ocrx_word' id='word_1_163' title='bbox 3149 901 3337 969; x_wconf 79' lang='lat' dir='ltr'><strong>Latine</strong></span> <span class='ocrx_word' id='word_1_164' title='bbox 3376 919 3485 975; x_wconf 49' lang='grc' dir='ltr'><strong>βμετ</strong></span> 
     </span>
    </p>
   </div>
   <div class='ocr_carea' id='block_1_23' title="bbox 1895 976 3480 1071">
    <p class='ocr_par' dir='ltr' id='par_1_23' title="bbox 1895 976 3480 1071">
     <span class='ocr_line' id='line_1_23' title="bbox 1895 976 3480 1071; baseline 0.011 -33"><span class='ocrx_word' id='word_1_165' title='bbox 1895 986 2153 1056; x_wconf 80' lang='lat' dir='ltr'><strong>planatio,</strong></span> <span class='ocrx_word' id='word_1_166' title='bbox 2180 987 2267 1041; x_wconf 91' lang='lat' dir='ltr'><strong>ubi</strong></span> <span class='ocrx_word' id='word_1_167' title='bbox 2300 990 2478 1057; x_wconf 82' lang='lat' dir='ltr'><strong>priora</strong></span> <span class='ocrx_word' id='word_1_168' title='bbox 2510 988 2651 1044; x_wconf 91' lang='lat' dir='ltr'><strong>dicta</strong></span> <span class='ocrx_word' id='word_1_169' title='bbox 2698 991 2875 1046; x_wconf 85' lang='lat' dir='ltr'><strong>verbis</strong></span> <span class='ocrx_word' id='word_1_170' title='bbox 2910 976 3363 1071; x_wconf 81' lang='lat' dir='ltr'><strong>subsequentibus</strong></span> <span class='ocrx_word' id='word_1_171' title='bbox 3390 1012 3480 1071; x_wconf 39' lang='lat' dir='ltr'><strong>exe</strong></span> 
     </span>
    </p>
   </div>
   <div class='ocr_carea' id='block_1_24' title="bbox 1897 1090 2185 1147">
    <p class='ocr_par' dir='ltr' id='par_1_24' title="bbox 1897 1090 2185 1147">
     <span class='ocr_line' id='line_1_24' title="bbox 1897 1090 2185 1147; baseline 0.021 -17"><span class='ocrx_word' id='word_1_172' title='bbox 1897 1090 2185 1147; x_wconf 87' lang='lat' dir='ltr'><strong>ponuntur.</strong></span> 
     </span>
    </p>
   </div>
   <div class='ocr_carea' id='block_1_25' title="bbox 1967 1156 3482 1250">
    <p class='ocr_par' dir='ltr' id='par_1_25' title="bbox 1967 1156 3482 1250">
     <span class='ocr_line' id='line_1_25' title="bbox 1967 1156 3482 1250; baseline 0.007 -24"><span class='ocrx_word' id='word_1_173' title='bbox 1967 1170 2121 1227; x_wconf 78' lang='lat' dir='ltr'><strong>Vers.</strong></span> <span class='ocrx_word' id='word_1_174' title='bbox 2158 1174 2245 1227; x_wconf 68' lang='lat'><strong>12.</strong></span> <span class='ocrx_word' id='word_1_175' title='bbox 2281 1171 2584 1229; x_wconf 82' lang='lat' dir='ltr'><strong>Convertisti</strong></span> <span class='ocrx_word' id='word_1_176' title='bbox 2632 1172 2891 1245; x_wconf 85' lang='lat' dir='ltr'><strong>planctum</strong></span> <span class='ocrx_word' id='word_1_177' title='bbox 2936 1156 3102 1232; x_wconf 78' lang='lat' dir='ltr'><strong>meum</strong></span> <span class='ocrx_word' id='word_1_178' title='bbox 3141 1178 3196 1233; x_wconf 81' lang='lat' dir='ltr'><strong>in</strong></span> <span class='ocrx_word' id='word_1_179' title='bbox 3240 1183 3482 1250; x_wconf 83' lang='lat' dir='ltr'><strong>gaudium</strong></span> 
     </span>
    </p>
   </div>
   <div class='ocr_carea' id='block_1_26' title="bbox 1895 1266 3481 1343">
    <p class='ocr_par' dir='ltr' id='par_1_26' title="bbox 1895 1266 3481 1343">
     <span class='ocr_line' id='line_1_26' title="bbox 1895 1266 3481 1343; baseline 0.008 -26"><span class='ocrx_word' id='word_1_180' title='bbox 1895 1266 2022 1318; x_wconf 83' lang='lat' dir='ltr'><strong>mihi</strong></span> <span class='ocrx_word' id='word_1_181' title='bbox 2044 1280 2063 1319; x_wconf 92' lang='lat'><strong><em>:</em></strong></span> <span class='ocrx_word' id='word_1_182' title='bbox 2093 1268 2390 1323; x_wconf 83' lang='lat' dir='ltr'><strong>conscidisti</strong></span> <span class='ocrx_word' id='word_1_183' title='bbox 2410 1283 2615 1323; x_wconf 85' lang='lat' dir='ltr'><strong>saccum</strong></span> <span class='ocrx_word' id='word_1_184' title='bbox 2652 1285 2842 1336; x_wconf 86' lang='lat' dir='ltr'><strong>meum,</strong></span> <span class='ocrx_word' id='word_1_185' title='bbox 2882 1279 2929 1325; x_wconf 87' lang='lat' dir='ltr'><strong>et</strong></span> <span class='ocrx_word' id='word_1_186' title='bbox 2958 1273 3271 1343; x_wconf 67' lang='lat' dir='ltr'><strong>pt‘tzcinxisti</strong></span> <span class='ocrx_word' id='word_1_187' title='bbox 3298 1290 3378 1327; x_wconf 80' lang='lat' dir='ltr'><strong>me</strong></span> <span class='ocrx_word' id='word_1_188' title='bbox 3404 1277 3481 1329; x_wconf 78' lang='lat' dir='ltr'><strong>la:-</strong></span> 
     </span>
    </p>
   </div>
   <div class='ocr_carea' id='block_1_27' title="bbox 1895 1356 3480 1437">
    <p class='ocr_par' dir='ltr' id='par_1_27' title="bbox 1895 1356 3480 1437">
     <span class='ocr_line' id='line_1_27' title="bbox 1895 1356 3480 1437; baseline 0.006 -24"><span class='ocrx_word' id='word_1_189' title='bbox 1895 1358 2027 1419; x_wconf 84' lang='lat' dir='ltr'><strong>titia.</strong></span> <span class='ocrx_word' id='word_1_190' title='bbox 2052 1356 2309 1433; x_wconf 77' lang='lat' dir='ltr'><strong>Planctus</strong></span> <span class='ocrx_word' id='word_1_191' title='bbox 2338 1360 2403 1415; x_wconf 90' lang='lat' dir='ltr'><strong>ad</strong></span> <span class='ocrx_word' id='word_1_192' title='bbox 2436 1370 2662 1423; x_wconf 66' lang='lat' dir='ltr'><strong>mortem</strong></span> <span class='ocrx_word' id='word_1_193' title='bbox 2692 1365 2901 1428; x_wconf 81' lang='lat' dir='ltr'><strong>attinet,</strong></span> <span class='ocrx_word' id='word_1_194' title='bbox 2940 1365 3191 1437; x_wconf 81' lang='lat' dir='ltr'><strong>gaudium</strong></span> <span class='ocrx_word' id='word_1_195' title='bbox 3214 1366 3480 1423; x_wconf 63' lang='lat' dir='ltr'><strong>adresure</strong></span> 
     </span>
    </p>
   </div>
   <div class='ocr_carea' id='block_1_28' title="bbox 1896 1452 3499 1536">
    <p class='ocr_par' dir='ltr' id='par_1_28' title="bbox 1896 1452 3499 1536">
     <span class='ocr_line' id='line_1_28' title="bbox 1896 1452 3499 1536; baseline 0.006 -31"><span class='ocrx_word' id='word_1_196' title='bbox 1896 1452 2229 1519; x_wconf 86' lang='lat' dir='ltr'><strong>rectionem;</strong></span> <span class='ocrx_word' id='word_1_197' title='bbox 2260 1454 2400 1524; x_wconf 88' lang='lat' dir='ltr'><strong>quod</strong></span> <span class='ocrx_word' id='word_1_198' title='bbox 2442 1454 2554 1526; x_wconf 86' lang='lat' dir='ltr'><strong>jam</strong></span> <span class='ocrx_word' id='word_1_199' title='bbox 2602 1465 2885 1525; x_wconf 83' lang='lat' dir='ltr'><strong>utrumque</strong></span> <span class='ocrx_word' id='word_1_200' title='bbox 2935 1464 3149 1511; x_wconf 80' lang='lat' dir='ltr'><strong>constat</strong></span> <span class='ocrx_word' id='word_1_201' title='bbox 3185 1457 3499 1536; x_wconf 85' lang='lat' dir='ltr'><strong>impletum._</strong></span> 
     </span>
    </p>
   </div>
   <div class='ocr_carea' id='block_1_29' title="bbox 1895 1548 3511 1625">
    <p class='ocr_par' dir='ltr' id='par_1_29' title="bbox 1895 1548 3511 1625">
     <span class='ocr_line' id='line_1_29' title="bbox 1895 1548 3511 1625; baseline -0.002 -18"><span class='ocrx_word' id='word_1_202' title='bbox 1895 1549 2096 1607; x_wconf 87' lang='lat' dir='ltr'><strong>Saccus</strong></span> <span class='ocrx_word' id='word_1_203' title='bbox 2126 1562 2256 1603; x_wconf 90' lang='lat' dir='ltr'><strong>vero</strong></span> <span class='ocrx_word' id='word_1_204' title='bbox 2284 1556 2367 1615; x_wconf 85' lang='lat' dir='ltr'><strong>est</strong></span> <span class='ocrx_word' id='word_1_205' title='bbox 2398 1549 2626 1602; x_wconf 80' lang='lat' dir='ltr'><strong>textrina</strong></span> <span class='ocrx_word' id='word_1_206' title='bbox 2679 1548 3020 1618; x_wconf 81' lang='lat' dir='ltr'><strong>grossissima</strong></span> <span class='ocrx_word' id='word_1_207' title='bbox 3063 1560 3224 1619; x_wconf 87' lang='lat' dir='ltr'><strong>atque</strong></span> <span class='ocrx_word' id='word_1_208' title='bbox 3259 1550 3511 1625; x_wconf 71' lang='lat' dir='ltr'><strong>aspera,&quot;</strong></span> 
     </span>
    </p>
   </div>
   <div class='ocr_carea' id='block_1_30' title="bbox 1896 1630 3507 1720">
    <p class='ocr_par' dir='ltr' id='par_1_30' title="bbox 1896 1630 3507 1720">
     <span class='ocr_line' id='line_1_30' title="bbox 1896 1630 3507 1720; baseline -0.001 -22"><span class='ocrx_word' id='word_1_209' title='bbox 1896 1644 1950 1698; x_wconf 91' lang='lat' dir='ltr'><strong>in</strong></span> <span class='ocrx_word' id='word_1_210' title='bbox 1981 1642 2247 1695; x_wconf 84' lang='lat' dir='ltr'><strong>humanos</strong></span> <span class='ocrx_word' id='word_1_211' title='bbox 2278 1655 2405 1695; x_wconf 89' lang='lat' dir='ltr'><strong>usos</strong></span> <span class='ocrx_word' id='word_1_212' title='bbox 2437 1640 2755 1710; x_wconf 90' lang='lat' dir='ltr'><strong>laboresque</strong></span> <span class='ocrx_word' id='word_1_213' title='bbox 2780 1640 3049 1709; x_wconf 84' lang='lat' dir='ltr'><strong>deputata,</strong></span> <span class='ocrx_word' id='word_1_214' title='bbox 3084 1642 3171 1711; x_wconf 88' lang='lat' dir='ltr'><strong>qui</strong></span> <span class='ocrx_word' id='word_1_215' title='bbox 3203 1644 3349 1697; x_wconf 87' lang='lat' dir='ltr'><strong>carui</strong></span> <span class='ocrx_word' id='word_1_216' title='bbox 3385 1630 3507 1720; x_wconf 28' lang='lat' dir='ltr'><strong>illi;</strong></span> 
     </span>
    </p>
   </div>
   <div class='ocr_carea' id='block_1_31' title="bbox 1895 1722 3515 1807">
    <p class='ocr_par' dir='ltr' id='par_1_31' title="bbox 1895 1722 3515 1807">
     <span class='ocr_line' id='line_1_31' title="bbox 1895 1722 3515 1807; baseline 0 -16"><span class='ocrx_word' id='word_1_217' title='bbox 1895 1749 2072 1791; x_wconf 84' lang='lat' dir='ltr'><strong>manae</strong></span> <span class='ocrx_word' id='word_1_218' title='bbox 2098 1742 2459 1803; x_wconf 86' lang='lat' dir='ltr'><strong>congruenter</strong></span> <span class='ocrx_word' id='word_1_219' title='bbox 2474 1741 2707 1802; x_wconf 82' lang='lat' dir='ltr'><strong>aptatur.</strong></span> <span class='ocrx_word' id='word_1_220' title='bbox 2730 1733 3026 1788; x_wconf 82' lang='lat' dir='ltr'><strong>Conscissus</strong></span> <span class='ocrx_word' id='word_1_221' title='bbox 3048 1744 3118 1801; x_wconf 84' lang='lat' dir='ltr'><strong>est</strong></span> <span class='ocrx_word' id='word_1_222' title='bbox 3142 1751 3268 1807; x_wconf 84' lang='lat' dir='ltr'><strong>ergo</strong></span> <span class='ocrx_word' id='word_1_223' title='bbox 3284 1753 3480 1803; x_wconf 79' lang='lat' dir='ltr'><strong>saccus,</strong></span> <span class='ocrx_word' id='word_1_224' title='bbox 3508 1722 3515 1729; x_wconf 54' lang='grc'>’</span> 
     </span>
    </p>
   </div>
   <div class='ocr_carea' id='block_1_32' title="bbox 1899 1827 3474 1903">
    <p class='ocr_par' dir='ltr' id='par_1_32' title="bbox 1899 1827 3474 1903">
     <span class='ocr_line' id='line_1_32' title="bbox 1899 1827 3474 1903; baseline 0.002 -21"><span class='ocrx_word' id='word_1_225' title='bbox 1899 1828 1951 1895; x_wconf 80' lang='lat' dir='ltr'><strong>id</strong></span> <span class='ocrx_word' id='word_1_226' title='bbox 1984 1836 2069 1883; x_wconf 91' lang='lat' dir='ltr'><strong>est</strong></span> <span class='ocrx_word' id='word_1_227' title='bbox 2096 1842 2295 1897; x_wconf 87' lang='lat' dir='ltr'><strong>corpus</strong></span> <span class='ocrx_word' id='word_1_228' title='bbox 2325 1827 2516 1897; x_wconf 89' lang='lat' dir='ltr'><strong>ipsius,</strong></span> <span class='ocrx_word' id='word_1_229' title='bbox 2542 1842 2660 1891; x_wconf 89' lang='lat' dir='ltr'><strong>cum</strong></span> <span class='ocrx_word' id='word_1_230' title='bbox 2689 1842 2786 1903; x_wconf 83' lang='lat' dir='ltr'><strong>pro</strong></span> <span class='ocrx_word' id='word_1_231' title='bbox 2817 1828 2973 1895; x_wconf 87' lang='lat' dir='ltr'><strong>nobis</strong></span> <span class='ocrx_word' id='word_1_232' title='bbox 2995 1828 3109 1899; x_wconf 85' lang='lat' dir='ltr'><strong>ipse</strong></span> <span class='ocrx_word' id='word_1_233' title='bbox 3135 1830 3268 1883; x_wconf 78' lang='lat' dir='ltr'><strong>muri</strong></span> <span class='ocrx_word' id='word_1_234' title='bbox 3300 1829 3474 1901; x_wconf 77' lang='lat' dir='ltr'><strong>digna-</strong></span> 
     </span>
    </p>
   </div>
   <div class='ocr_carea' id='block_1_33' title="bbox 205 1918 3485 2009">
    <p class='ocr_par' dir='ltr' id='par_1_33' title="bbox 205 1918 3485 2009">
     <span class='ocr_line' id='line_1_33' title="bbox 205 1918 3485 2009; baseline 0.002 -36"><span class='ocrx_word' id='word_1_235' title='bbox 205 1918 434 1987; x_wconf 83' lang='lat' dir='ltr'><strong>copulata</strong></span> <span class='ocrx_word' id='word_1_236' title='bbox 464 1919 642 1977; x_wconf 86' lang='lat' dir='ltr'><strong>Verbo</strong></span> <span class='ocrx_word' id='word_1_237' title='bbox 664 1922 912 1977; x_wconf 81' lang='lat' dir='ltr'><strong>virtutem</strong></span> <span class='ocrx_word' id='word_1_238' title='bbox 935 1922 1164 1989; x_wconf 56' lang='lat' dir='ltr'><strong>accepit,</strong></span> <span class='ocrx_word' id='word_1_239' title='bbox 1190 1939 1294 1992; x_wconf 88' lang='lat' dir='ltr'><strong>qua</strong></span> <span class='ocrx_word' id='word_1_240' title='bbox 1320 1923 1575 1979; x_wconf 86' lang='lat' dir='ltr'><strong>miracula</strong></span> <span class='ocrx_word' id='word_1_241' title='bbox 1598 1937 1787 1991; x_wconf 85' lang='lat' dir='ltr'><strong>magna</strong></span> <span class='ocrx_word' id='word_1_242' title='bbox 1821 1930 1864 1989; x_wconf 80' lang='grc' dir='ltr'><strong>Β</strong></span> <span class='ocrx_word' id='word_1_243' title='bbox 1895 1929 1979 1989; x_wconf 85' lang='lat' dir='ltr'><strong>tus</strong></span> <span class='ocrx_word' id='word_1_244' title='bbox 2004 1930 2107 1976; x_wconf 87' lang='lat' dir='ltr'><strong>est.</strong></span> <span class='ocrx_word' id='word_1_245' title='bbox 2140 1921 2279 1979; x_wconf 87' lang='lat' dir='ltr'><strong>Ante</strong></span> <span class='ocrx_word' id='word_1_246' title='bbox 2302 1918 2418 1992; x_wconf 72' lang='lat' dir='ltr'><strong>ejus</strong></span> <span class='ocrx_word' id='word_1_247' title='bbox 2446 1920 2640 1991; x_wconf 89' lang='lat' dir='ltr'><strong>quippe</strong></span> <span class='ocrx_word' id='word_1_248' title='bbox 2661 1920 2905 1988; x_wconf 78' lang='lat' dir='ltr'><strong>exitium,</strong></span> <span class='ocrx_word' id='word_1_249' title='bbox 2932 1936 3078 1999; x_wconf 84' lang='lat' dir='ltr'><strong>mors</strong></span> <span class='ocrx_word' id='word_1_250' title='bbox 3099 1936 3197 1977; x_wconf 91' lang='lat' dir='ltr'><strong>nos</strong></span> <span class='ocrx_word' id='word_1_251' title='bbox 3227 1923 3485 2009; x_wconf 66' lang='lat' dir='ltr'><strong>tortuosis</strong></span> 
     </span>
    </p>
   </div>
   <div class='ocr_carea' id='block_1_34' title="bbox 206 2011 1785 2084">
    <p class='ocr_par' dir='ltr' id='par_1_34' title="bbox 206 2011 1785 2084">
     <span class='ocr_line' id='line_1_34' title="bbox 206 2011 1785 2084; baseline 0.003 -19"><span class='ocrx_word' id='word_1_252' title='bbox 206 2011 440 2079; x_wconf 79' lang='lat' dir='ltr'><strong>iaciebat,</strong></span> <span class='ocrx_word' id='word_1_253' title='bbox 471 2014 615 2070; x_wconf 88' lang='lat' dir='ltr'><strong>sicut</strong></span> <span class='ocrx_word' id='word_1_254' title='bbox 641 2015 693 2069; x_wconf 92' lang='lat' dir='ltr'><strong>in</strong></span> <span class='ocrx_word' id='word_1_255' title='bbox 722 2015 1014 2084; x_wconf 83' lang='lat' dir='ltr'><strong>Evangelio</strong></span> <span class='ocrx_word' id='word_1_256' title='bbox 1039 2015 1156 2084; x_wconf 87' lang='lat' dir='ltr'><strong>ipse</strong></span> <span class='ocrx_word' id='word_1_257' title='bbox 1182 2024 1407 2071; x_wconf 88' lang='lat' dir='ltr'><strong>testatur</strong></span> <span class='ocrx_word' id='word_1_258' title='bbox 1435 2015 1619 2071; x_wconf 89' lang='lat' dir='ltr'><strong>dicens</strong></span> <span class='ocrx_word' id='word_1_259' title='bbox 1638 2033 1649 2069; x_wconf 87' lang='lat'><strong>:</strong></span> <span class='ocrx_word' id='word_1_260' title='bbox 1667 2014 1785 2072; x_wconf 83' lang='lat' dir='ltr'><strong>Sic-</strong></span> 
     </span>
    </p>
   </div>
   <div class='ocr_carea' id='block_1_35' title="bbox 204 2104 1786 2181">
    <p class='ocr_par' dir='ltr' id='par_1_35' title="bbox 204 2104 1786 2181">
     <span class='ocr_line' id='line_1_35' title="bbox 204 2104 1786 2181; baseline 0.001 -20"><span class='ocrx_word' id='word_1_261' title='bbox 204 2115 252 2161; x_wconf 79' lang='grc' dir='ltr'><strong>ιιι</strong></span> <span class='ocrx_word' id='word_1_262' title='bbox 290 2104 443 2161; x_wconf 79' lang='lat' dir='ltr'><strong>Peter</strong></span> <span class='ocrx_word' id='word_1_263' title='bbox 481 2106 628 2162; x_wconf 81' lang='lat' dir='ltr'><strong>habet</strong></span> <span class='ocrx_word' id='word_1_264' title='bbox 671 2108 824 2163; x_wconf 64' lang='lat' dir='ltr'><strong>vitam</strong></span> <span class='ocrx_word' id='word_1_265' title='bbox 848 2109 903 2162; x_wconf 89' lang='lat' dir='ltr'><strong>in</strong></span> <span class='ocrx_word' id='word_1_266' title='bbox 946 2110 1251 2181; x_wconf 82' lang='lat' dir='ltr'><strong>semetipso,</strong></span> <span class='ocrx_word' id='word_1_267' title='bbox 1295 2109 1368 2164; x_wconf 85' lang='lat' dir='ltr'><strong>sic</strong></span> <span class='ocrx_word' id='word_1_268' title='bbox 1403 2108 1543 2161; x_wconf 80' lang='lat' dir='ltr'><strong>dedit</strong></span> <span class='ocrx_word' id='word_1_269' title='bbox 1568 2116 1615 2162; x_wconf 84' lang='lat' dir='ltr'><strong>et</strong></span> <span class='ocrx_word' id='word_1_270' title='bbox 1648 2107 1786 2163; x_wconf 76' lang='lat' dir='ltr'><strong>Filio</strong></span> 
     </span>
    </p>
   </div>
   <div class='ocr_carea' id='block_1_36' title="bbox 202 2197 1784 2272">
    <p class='ocr_par' dir='ltr' id='par_1_36' title="bbox 202 2197 1784 2272">
     <span class='ocr_line' id='line_1_36' title="bbox 202 2197 1784 2272; baseline -0.001 -15"><span class='ocrx_word' id='word_1_271' title='bbox 202 2197 373 2257; x_wconf 68' lang='lat' dir='ltr'><strong>baberc</strong></span> <span class='ocrx_word' id='word_1_272' title='bbox 398 2200 557 2257; x_wconf 66' lang='lat' dir='ltr'><strong>vitam</strong></span> <span class='ocrx_word' id='word_1_273' title='bbox 584 2200 635 2255; x_wconf 90' lang='lat' dir='ltr'><strong>in</strong></span> <span class='ocrx_word' id='word_1_274' title='bbox 660 2202 929 2272; x_wconf 79' lang='lat' dir='ltr'><strong>semetipso</strong></span> <span class='ocrx_word' id='word_1_275' title='bbox 954 2200 1136 2272; x_wconf 85' lang='lat' dir='ltr'><strong>(Joon.</strong></span> <span class='ocrx_word' id='word_1_276' title='bbox 1167 2218 1218 2267; x_wconf 77' lang='grc' dir='ltr'><strong>ν,</strong></span> <span class='ocrx_word' id='word_1_277' title='bbox 1238 2201 1352 2271; x_wconf 75' lang='lat'><strong>‘26).</strong></span> <span class='ocrx_word' id='word_1_278' title='bbox 1385 2200 1638 2272; x_wconf 87' lang='lat' dir='ltr'><strong>Sequitur</strong></span> <span class='ocrx_word' id='word_1_279' title='bbox 1660 2217 1784 2271; x_wconf 87' lang='lat' dir='ltr'><strong>pro-</strong></span> 
     </span>
    </p>
   </div>
   <div class='ocr_carea' id='block_1_37' title="bbox 200 2288 1786 2369">
    <p class='ocr_par' dir='ltr' id='par_1_37' title="bbox 200 2288 1786 2369">
     <span class='ocr_line' id='line_1_37' title="bbox 200 2288 1786 2369; baseline 0.004 -22"><span class='ocrx_word' id='word_1_280' title='bbox 200 2288 333 2347; x_wconf 79' lang='lat' dir='ltr'><strong>batio</strong></span> <span class='ocrx_word' id='word_1_281' title='bbox 376 2294 662 2351; x_wconf 64' lang='lat' dir='ltr'><strong>sententia:</strong></span> <span class='ocrx_word' id='word_1_282' title='bbox 711 2297 1005 2366; x_wconf 81' lang='lat' dir='ltr'><strong>superioris</strong></span> <span class='ocrx_word' id='word_1_283' title='bbox 1041 2296 1325 2365; x_wconf 46' lang='lat' dir='ltr'><strong>advenisti</strong></span> <span class='ocrx_word' id='word_1_284' title='bbox 1374 2297 1555 2369; x_wconf 75' lang='lat' dir='ltr'><strong>faciem</strong></span> <span class='ocrx_word' id='word_1_285' title='bbox 1584 2307 1726 2351; x_wconf 87' lang='lat' dir='ltr'><strong>tuom</strong></span> <span class='ocrx_word' id='word_1_286' title='bbox 1753 2314 1786 2353; x_wconf 90' lang='lat' dir='ltr'><strong>a</strong></span> 
     </span>
    </p>
   </div>
   <div class='ocr_carea' id='block_1_38' title="bbox 202 2386 1781 2455">
    <p class='ocr_par' dir='ltr' id='par_1_38' title="bbox 202 2386 1781 2455">
     <span class='ocr_line' id='line_1_38' title="bbox 202 2386 1781 2455; baseline 0.006 -20"><span class='ocrx_word' id='word_1_287' title='bbox 202 2397 289 2447; x_wconf 86' lang='lat' dir='ltr'><strong>me,</strong></span> <span class='ocrx_word' id='word_1_288' title='bbox 313 2394 355 2438; x_wconf 87' lang='lat' dir='ltr'><strong>et</strong></span> <span class='ocrx_word' id='word_1_289' title='bbox 383 2386 555 2455; x_wconf 68' lang='lat' dir='ltr'><strong>[hctus</strong></span> <span class='ocrx_word' id='word_1_290' title='bbox 577 2402 693 2441; x_wconf 80' lang='lat' dir='ltr'><strong>sum</strong></span> <span class='ocrx_word' id='word_1_291' title='bbox 722 2390 1075 2443; x_wconf 72' lang='lat' dir='ltr'><strong>conturbatus.</strong></span> <span class='ocrx_word' id='word_1_292' title='bbox 1103 2392 1181 2444; x_wconf 80' lang='lat' dir='ltr'><strong>Ac</strong></span> <span class='ocrx_word' id='word_1_293' title='bbox 1208 2388 1252 2445; x_wconf 87' lang='lat' dir='ltr'><strong>si</strong></span> <span class='ocrx_word' id='word_1_294' title='bbox 1280 2387 1518 2444; x_wconf 91' lang='lat' dir='ltr'><strong>diceret:</strong></span> <span class='ocrx_word' id='word_1_295' title='bbox 1541 2388 1619 2444; x_wconf 89' lang='lat' dir='ltr'><strong>Tu</strong></span> <span class='ocrx_word' id='word_1_296' title='bbox 1649 2389 1781 2445; x_wconf 85' lang='lat' dir='ltr'><strong>mihi</strong></span> 
     </span>
    </p>
   </div>
   <div class='ocr_carea' id='block_1_39' title="bbox 198 2473 1785 2553">
    <p class='ocr_par' dir='ltr' id='par_1_39' title="bbox 198 2473 1785 2553">
     <span class='ocr_line' id='line_1_39' title="bbox 198 2473 1785 2553; baseline 0.006 -24"><span class='ocrx_word' id='word_1_297' title='bbox 198 2473 378 2533; x_wconf 80' lang='lat' dir='ltr'><strong>dedisti</strong></span> <span class='ocrx_word' id='word_1_298' title='bbox 407 2480 707 2535; x_wconf 86' lang='lat' dir='ltr'><strong>secundum</strong></span> <span class='ocrx_word' id='word_1_299' title='bbox 754 2496 972 2537; x_wconf 81' lang='lat' dir='ltr'><strong>carnem</strong></span> <span class='ocrx_word' id='word_1_300' title='bbox 1003 2497 1124 2553; x_wconf 82' lang='lat' dir='ltr'><strong>quae</strong></span> <span class='ocrx_word' id='word_1_301' title='bbox 1154 2482 1326 2537; x_wconf 89' lang='lat' dir='ltr'><strong>habeo</strong></span> <span class='ocrx_word' id='word_1_302' title='bbox 1352 2528 1366 2549; x_wconf 89' lang='lat'><strong>,</strong></span> <span class='ocrx_word' id='word_1_303' title='bbox 1412 2493 1470 2537; x_wconf 82' lang='grc' dir='ltr'><strong>ιιι</strong></span> <span class='ocrx_word' id='word_1_304' title='bbox 1513 2493 1565 2538; x_wconf 88' lang='lat' dir='ltr'><strong>te</strong></span> <span class='ocrx_word' id='word_1_305' title='bbox 1596 2498 1785 2539; x_wconf 87' lang='lat' dir='ltr'><strong>averso</strong></span> 
     </span>
    </p>
   </div>
   <div class='ocr_carea' id='block_1_40' title="bbox 198 2566 1785 2646">
    <p class='ocr_par' dir='ltr' id='par_1_40' title="bbox 198 2566 1785 2646">
     <span class='ocr_line' id='line_1_40' title="bbox 198 2566 1785 2646; baseline 0.008 -27"><span class='ocrx_word' id='word_1_306' title='bbox 198 2566 374 2624; x_wconf 87' lang='lat' dir='ltr'><strong>luerim</strong></span> <span class='ocrx_word' id='word_1_307' title='bbox 423 2573 799 2628; x_wconf 87' lang='lat' dir='ltr'><strong>conturbatus.</strong></span> <span class='ocrx_word' id='word_1_308' title='bbox 841 2575 965 2629; x_wconf 78' lang='lat' dir='ltr'><strong>ilzec</strong></span> <span class='ocrx_word' id='word_1_309' title='bbox 1014 2585 1191 2631; x_wconf 89' lang='lat' dir='ltr'><strong>autem</strong></span> <span class='ocrx_word' id='word_1_310' title='bbox 1230 2576 1415 2631; x_wconf 90' lang='lat' dir='ltr'><strong>dicens</strong></span> <span class='ocrx_word' id='word_1_311' title='bbox 1454 2578 1785 2646; x_wconf 84' lang='lat' dir='ltr'><strong>perniciosas</strong></span> 
     </span>
    </p>
   </div>
   <div class='ocr_carea' id='block_1_41' title="bbox 196 2657 1784 2737">
    <p class='ocr_par' dir='ltr' id='par_1_41' title="bbox 196 2657 1784 2737">
     <span class='ocr_line' id='line_1_41' title="bbox 196 2657 1784 2737; baseline 0.009 -29"><span class='ocrx_word' id='word_1_312' title='bbox 196 2657 459 2716; x_wconf 77' lang='lat' dir='ltr'><strong>hominum</strong></span> <span class='ocrx_word' id='word_1_313' title='bbox 501 2661 763 2718; x_wconf 86' lang='lat' dir='ltr'><strong>elationes</strong></span> <span class='ocrx_word' id='word_1_314' title='bbox 802 2663 1095 2732; x_wconf 81' lang='lat' dir='ltr'><strong>intercipit.</strong></span> <span class='ocrx_word' id='word_1_315' title='bbox 1147 2665 1280 2720; x_wconf 82' lang='lat' dir='ltr'><strong>Nam</strong></span> <span class='ocrx_word' id='word_1_316' title='bbox 1329 2667 1784 2737; x_wconf 85' lang='lat' dir='ltr'><strong>quemadmodum</strong></span> 
     </span>
    </p>
   </div>
   <div class='ocr_carea' id='block_1_42' title="bbox 196 2752 1786 2825">
    <p class='ocr_par' dir='ltr' id='par_1_42' title="bbox 196 2752 1786 2825">
     <span class='ocr_line' id='line_1_42' title="bbox 196 2752 1786 2825; baseline 0.006 -21"><span class='ocrx_word' id='word_1_317' title='bbox 196 2762 436 2816; x_wconf 76' lang='lat' dir='ltr'><strong>pet-cawr</strong></span> <span class='ocrx_word' id='word_1_318' title='bbox 468 2752 537 2807; x_wconf 89' lang='lat' dir='ltr'><strong>de</strong></span> <span class='ocrx_word' id='word_1_319' title='bbox 581 2768 641 2808; x_wconf 90' lang='lat' dir='ltr'><strong>se</strong></span> <span class='ocrx_word' id='word_1_320' title='bbox 670 2754 863 2810; x_wconf 86' lang='lat' dir='ltr'><strong>audeat</strong></span> <span class='ocrx_word' id='word_1_321' title='bbox 907 2771 1262 2825; x_wconf 70' lang='lat' dir='ltr'><strong>praesumere,</strong></span> <span class='ocrx_word' id='word_1_322' title='bbox 1293 2773 1412 2813; x_wconf 89' lang='lat' dir='ltr'><strong>cum</strong></span> <span class='ocrx_word' id='word_1_323' title='bbox 1449 2760 1786 2815; x_wconf 85' lang='lat' dir='ltr'><strong>immaculata</strong></span> 
     </span>
    </p>
   </div>
   <div class='ocr_carea' id='block_1_43' title="bbox 192 2844 1783 2919">
    <p class='ocr_par' dir='ltr' id='par_1_43' title="bbox 192 2844 1783 2919">
     <span class='ocr_line' id='line_1_43' title="bbox 192 2844 1783 2919; baseline 0.007 -24"><span class='ocrx_word' id='word_1_324' title='bbox 192 2844 438 2898; x_wconf 80' lang='lat' dir='ltr'><strong>sanctitas</strong></span> <span class='ocrx_word' id='word_1_325' title='bbox 472 2844 710 2900; x_wconf 73' lang='lat' dir='ltr'><strong>virtutem</strong></span> <span class='ocrx_word' id='word_1_326' title='bbox 741 2846 843 2902; x_wconf 85' lang='lat' dir='ltr'><strong>sibi</strong></span> <span class='ocrx_word' id='word_1_327' title='bbox 888 2863 952 2903; x_wconf 86' lang='lat' dir='ltr'><strong>ac</strong></span> <span class='ocrx_word' id='word_1_328' title='bbox 999 2849 1232 2903; x_wconf 77' lang='lat' dir='ltr'><strong>decorem</strong></span> <span class='ocrx_word' id='word_1_329' title='bbox 1262 2865 1292 2903; x_wconf 87' lang='lat' dir='ltr'><strong>a</strong></span> <span class='ocrx_word' id='word_1_330' title='bbox 1323 2850 1551 2907; x_wconf 86' lang='lat' dir='ltr'><strong>Domino</strong></span> <span class='ocrx_word' id='word_1_331' title='bbox 1581 2852 1783 2919; x_wconf 63' lang='lat' dir='ltr'><strong>praesti-</strong></span> 
     </span>
    </p>
   </div>
   <div class='ocr_carea' id='block_1_44' title="bbox 192 2933 1784 3014">
    <p class='ocr_par' dir='ltr' id='par_1_44' title="bbox 192 2933 1784 3014">
     <span class='ocr_line' id='line_1_44' title="bbox 192 2933 1784 3014; baseline 0.006 -23"><span class='ocrx_word' id='word_1_332' title='bbox 192 2942 285 2991; x_wconf 73' lang='lat' dir='ltr'><strong>tum</strong></span> <span class='ocrx_word' id='word_1_333' title='bbox 313 2933 483 2992; x_wconf 62' lang='lat' dir='ltr'><strong>fuisse</strong></span> <span class='ocrx_word' id='word_1_334' title='bbox 529 2936 799 2995; x_wconf 73' lang='lat' dir='ltr'><strong>fateatur?</strong></span> <span class='ocrx_word' id='word_1_335' title='bbox 829 2940 942 2996; x_wconf 85' lang='lat' dir='ltr'><strong>Hoc</strong></span> <span class='ocrx_word' id='word_1_336' title='bbox 979 2952 1354 3010; x_wconf 80' lang='lat' dir='ltr'><strong>argumentum</strong></span> <span class='ocrx_word' id='word_1_337' title='bbox 1386 2944 1436 2997; x_wconf 91' lang='lat' dir='ltr'><strong>in</strong></span> <span class='ocrx_word' id='word_1_338' title='bbox 1485 2945 1674 3014; x_wconf 87' lang='lat' dir='ltr'><strong>topicis</strong></span> <span class='ocrx_word' id='word_1_339' title='bbox 1702 2945 1784 2999; x_wconf 90' lang='lat' dir='ltr'><strong>di-</strong></span> 
     </span>
    </p>
   </div>
   <div class='ocr_carea' id='block_1_45' title="bbox 191 3025 1781 3104">
    <p class='ocr_par' dir='ltr' id='par_1_45' title="bbox 191 3025 1781 3104">
     <span class='ocr_line' id='line_1_45' title="bbox 191 3025 1781 3104; baseline 0.007 -25"><span class='ocrx_word' id='word_1_340' title='bbox 191 3025 319 3083; x_wconf 83' lang='lat' dir='ltr'><strong>citur</strong></span> <span class='ocrx_word' id='word_1_341' title='bbox 338 3042 367 3080; x_wconf 87' lang='lat' dir='ltr'><strong>a</strong></span> <span class='ocrx_word' id='word_1_342' title='bbox 390 3031 871 3099; x_wconf 80' lang='lat' dir='ltr'><strong>consequentibus.</strong></span> <span class='ocrx_word' id='word_1_343' title='bbox 911 3031 1044 3086; x_wconf 83' lang='lat' dir='ltr'><strong>Nam</strong></span> <span class='ocrx_word' id='word_1_344' title='bbox 1074 3048 1194 3087; x_wconf 90' lang='lat' dir='ltr'><strong>cum</strong></span> <span class='ocrx_word' id='word_1_345' title='bbox 1222 3034 1405 3088; x_wconf 83' lang='lat' dir='ltr'><strong>avertit</strong></span> <span class='ocrx_word' id='word_1_346' title='bbox 1426 3035 1608 3104; x_wconf 79' lang='lat' dir='ltr'><strong>faciem</strong></span> <span class='ocrx_word' id='word_1_347' title='bbox 1632 3050 1781 3090; x_wconf 88' lang='lat' dir='ltr'><strong>suam</strong></span> 
     </span>
    </p>
   </div>
   <div class='ocr_carea' id='block_1_46' title="bbox 193 3116 1780 3192">
    <p class='ocr_par' dir='ltr' id='par_1_46' title="bbox 193 3116 1780 3192">
     <span class='ocr_line' id='line_1_46' title="bbox 193 3116 1780 3192; baseline 0.006 -20"><span class='ocrx_word' id='word_1_348' title='bbox 193 3116 458 3189; x_wconf 81' lang='lat' dir='ltr'><strong>Divinitas,</strong></span> <span class='ocrx_word' id='word_1_349' title='bbox 490 3136 831 3192; x_wconf 83' lang='lat' dir='ltr'><strong>consequens</strong></span> <span class='ocrx_word' id='word_1_350' title='bbox 857 3133 975 3181; x_wconf 85' lang='lat' dir='ltr'><strong>erat</strong></span> <span class='ocrx_word' id='word_1_351' title='bbox 1004 3133 1062 3179; x_wconf 90' lang='lat' dir='ltr'><strong>ut</strong></span> <span class='ocrx_word' id='word_1_352' title='bbox 1087 3124 1269 3181; x_wconf 88' lang='lat' dir='ltr'><strong>carnis</strong></span> <span class='ocrx_word' id='word_1_353' title='bbox 1298 3126 1602 3183; x_wconf 84' lang='lat' dir='ltr'><strong>turbaretur</strong></span> <span class='ocrx_word' id='word_1_354' title='bbox 1628 3126 1780 3183; x_wconf 79' lang='lat' dir='ltr'><strong>inﬁr-</strong></span> 
     </span>
    </p>
   </div>
   <div class='ocr_carea' id='block_1_47' title="bbox 193 3221 359 3267">
    <p class='ocr_par' dir='ltr' id='par_1_47' title="bbox 193 3221 359 3267">
     <span class='ocr_line' id='line_1_47' title="bbox 193 3221 359 3267; baseline 0.036 -6"><span class='ocrx_word' id='word_1_355' title='bbox 193 3221 359 3267; x_wconf 78' lang='lat' dir='ltr'><strong>uittas.</strong></span> 
     </span>
    </p>
   </div>
   <div class='ocr_carea' id='block_1_48' title="bbox 1891 2014 3484 2093">
    <p class='ocr_par' dir='ltr' id='par_1_48' title="bbox 1891 2014 3484 2093">
     <span class='ocr_line' id='line_1_48' title="bbox 1891 2014 3484 2093; baseline 0.003 -22"><span class='ocrx_word' id='word_1_356' title='bbox 1891 2014 2234 2086; x_wconf 80' lang='lat' dir='ltr'><strong>ligaminibus</strong></span> <span class='ocrx_word' id='word_1_357' title='bbox 2280 2014 2574 2082; x_wconf 85' lang='lat' dir='ltr'><strong>ambiebat,</strong></span> <span class='ocrx_word' id='word_1_358' title='bbox 2628 2023 2682 2085; x_wconf 88' lang='lat' dir='ltr'><strong>et</strong></span> <span class='ocrx_word' id='word_1_359' title='bbox 2713 2016 2862 2083; x_wconf 87' lang='lat' dir='ltr'><strong>velut</strong></span> <span class='ocrx_word' id='word_1_360' title='bbox 2891 2016 3104 2087; x_wconf 91' lang='lat' dir='ltr'><strong>aliquod</strong></span> <span class='ocrx_word' id='word_1_361' title='bbox 3156 2016 3484 2093; x_wconf 74' lang='lat' dir='ltr'><strong>frumentum</strong></span> 
     </span>
    </p>
   </div>
   <div class='ocr_carea' id='block_1_49' title="bbox 1891 2094 3483 2197">
    <p class='ocr_par' dir='ltr' id='par_1_49' title="bbox 1891 2094 3483 2197">
     <span class='ocr_line' id='line_1_49' title="bbox 1891 2094 3483 2197; baseline 0.001 -32"><span class='ocrx_word' id='word_1_362' title='bbox 1891 2108 2165 2165; x_wconf 87' lang='lat' dir='ltr'><strong>insolubili</strong></span> <span class='ocrx_word' id='word_1_363' title='bbox 2194 2122 2414 2173; x_wconf 83' lang='lat' dir='ltr'><strong>carcere</strong></span> <span class='ocrx_word' id='word_1_364' title='bbox 2446 2108 2658 2162; x_wconf 88' lang='lat' dir='ltr'><strong>tenebat</strong></span> <span class='ocrx_word' id='word_1_365' title='bbox 2690 2108 2948 2165; x_wconf 87' lang='lat' dir='ltr'><strong>inclusos.</strong></span> <span class='ocrx_word' id='word_1_366' title='bbox 2991 2109 3097 2165; x_wconf 87' lang='lat' dir='ltr'><strong>Sed</strong></span> <span class='ocrx_word' id='word_1_367' title='bbox 3130 2118 3187 2165; x_wconf 89' lang='lat' dir='ltr'><strong>ut</strong></span> <span class='ocrx_word' id='word_1_368' title='bbox 3214 2094 3483 2197; x_wconf 46' lang='lat' dir='ltr'><strong>intelligas;</strong></span> 
     </span>
    </p>
   </div>
   <div class='ocr_carea' id='block_1_50' title="bbox 1888 2199 3482 2289">
    <p class='ocr_par' dir='ltr' id='par_1_50' title="bbox 1888 2199 3482 2289">
     <span class='ocr_line' id='line_1_50' title="bbox 1888 2199 3482 2289; baseline 0.004 -35"><span class='ocrx_word' id='word_1_369' title='bbox 1888 2216 2096 2255; x_wconf 84' lang='lat' dir='ltr'><strong>saccum</strong></span> <span class='ocrx_word' id='word_1_370' title='bbox 2143 2215 2238 2267; x_wconf 82' lang='lat' dir='ltr'><strong>pro</strong></span> <span class='ocrx_word' id='word_1_371' title='bbox 2281 2199 2496 2257; x_wconf 82' lang='lat' dir='ltr'><strong>tristitia</strong></span> <span class='ocrx_word' id='word_1_372' title='bbox 2552 2200 2738 2255; x_wconf 90' lang='lat' dir='ltr'><strong>mortis</strong></span> <span class='ocrx_word' id='word_1_373' title='bbox 2787 2199 2949 2257; x_wconf 85' lang='lat' dir='ltr'><strong>fuisse</strong></span> <span class='ocrx_word' id='word_1_374' title='bbox 2992 2203 3250 2279; x_wconf 87' lang='lat' dir='ltr'><strong>positum,</strong></span> <span class='ocrx_word' id='word_1_375' title='bbox 3297 2216 3482 2289; x_wconf 65' lang='lat' dir='ltr'><strong>contra</strong></span> 
     </span>
    </p>
   </div>
   <div class='ocr_carea' id='block_1_51' title="bbox 1892 2291 3483 2369">
    <p class='ocr_par' dir='ltr' id='par_1_51' title="bbox 1892 2291 3483 2369">
     <span class='ocr_line' id='line_1_51' title="bbox 1892 2291 3483 2369; baseline 0.006 -23"><span class='ocrx_word' id='word_1_376' title='bbox 1892 2292 2036 2347; x_wconf 90' lang='lat' dir='ltr'><strong>hunc</strong></span> <span class='ocrx_word' id='word_1_377' title='bbox 2067 2291 2200 2347; x_wconf 89' lang='lat' dir='ltr'><strong>dicit</strong></span> <span class='ocrx_word' id='word_1_378' title='bbox 2227 2291 2293 2347; x_wconf 88' lang='lat' dir='ltr'><strong>de</strong></span> <span class='ocrx_word' id='word_1_379' title='bbox 2326 2294 2721 2369; x_wconf 82' lang='lat' dir='ltr'><strong>resurrectione</strong></span> <span class='ocrx_word' id='word_1_380' title='bbox 2747 2309 2759 2347; x_wconf 90' lang='lat'><strong>:</strong></span> <span class='ocrx_word' id='word_1_381' title='bbox 2790 2291 3120 2353; x_wconf 70' lang='lat' dir='ltr'><strong>Prteciuxisti</strong></span> <span class='ocrx_word' id='word_1_382' title='bbox 3168 2312 3249 2369; x_wconf 79' lang='lat' dir='ltr'><strong>me</strong></span> <span class='ocrx_word' id='word_1_383' title='bbox 3279 2298 3483 2365; x_wconf 70' lang='lat' dir='ltr'><strong>latitia.</strong></span> 
     </span>
    </p>
   </div>
   <div class='ocr_carea' id='block_1_52' title="bbox 1892 2368 3482 2459">
    <p class='ocr_par' dir='ltr' id='par_1_52' title="bbox 1892 2368 3482 2459">
     <span class='ocr_line' id='line_1_52' title="bbox 1892 2368 3482 2459; baseline 0.005 -21"><span class='ocrx_word' id='word_1_384' title='bbox 1892 2384 2171 2455; x_wconf 82' lang='lat' dir='ltr'><strong>Perpende</strong></span> <span class='ocrx_word' id='word_1_385' title='bbox 2228 2386 2449 2439; x_wconf 88' lang='lat' dir='ltr'><strong>verbum</strong></span> <span class='ocrx_word' id='word_1_386' title='bbox 2501 2368 2817 2456; x_wconf 68' lang='lat' dir='ltr'><strong>pra’cinxisti</strong></span> <span class='ocrx_word' id='word_1_387' title='bbox 2842 2403 2861 2452; x_wconf 91' lang='lat'><strong><em>;</em></strong></span> <span class='ocrx_word' id='word_1_388' title='bbox 2891 2387 3158 2457; x_wconf 79' lang='lat' dir='ltr'><strong>cingulum</strong></span> <span class='ocrx_word' id='word_1_389' title='bbox 3204 2372 3482 2459; x_wconf 19' lang='lat' dir='ltr'><strong>tsignilicall</strong></span> 
     </span>
    </p>
   </div>
   <div class='ocr_carea' id='block_1_53' title="bbox 1888 2478 3481 2553">
    <p class='ocr_par' dir='ltr' id='par_1_53' title="bbox 1888 2478 3481 2553">
     <span class='ocr_line' id='line_1_53' title="bbox 1888 2478 3481 2553; baseline 0.003 -21"><span class='ocrx_word' id='word_1_390' title='bbox 1888 2480 2029 2548; x_wconf 88' lang='lat' dir='ltr'><strong>quod</strong></span> <span class='ocrx_word' id='word_1_391' title='bbox 2062 2478 2128 2532; x_wconf 91' lang='lat' dir='ltr'><strong>ad</strong></span> <span class='ocrx_word' id='word_1_392' title='bbox 2156 2478 2355 2551; x_wconf 85' lang='lat' dir='ltr'><strong>judicis</strong></span> <span class='ocrx_word' id='word_1_393' title='bbox 2389 2478 2618 2547; x_wconf 88' lang='lat' dir='ltr'><strong>pertinet</strong></span> <span class='ocrx_word' id='word_1_394' title='bbox 2647 2479 2983 2549; x_wconf 78' lang='lat' dir='ltr'><strong>dignitatem.</strong></span> <span class='ocrx_word' id='word_1_395' title='bbox 3016 2480 3146 2534; x_wconf 86' lang='lat' dir='ltr'><strong>Natu</strong></span> <span class='ocrx_word' id='word_1_396' title='bbox 3179 2481 3352 2536; x_wconf 88' lang='lat' dir='ltr'><strong>cincta</strong></span> <span class='ocrx_word' id='word_1_397' title='bbox 3386 2499 3481 2553; x_wconf 82' lang='lat' dir='ltr'><strong>po-</strong></span> 
     </span>
    </p>
   </div>
   <div class='ocr_carea' id='block_1_54' title="bbox 1890 2564 3480 2638">
    <p class='ocr_par' dir='ltr' id='par_1_54' title="bbox 1890 2564 3480 2638">
     <span class='ocr_line' id='line_1_54' title="bbox 1890 2564 3480 2638; baseline 0.004 -16"><span class='ocrx_word' id='word_1_398' title='bbox 1890 2572 2054 2623; x_wconf 80' lang='lat' dir='ltr'><strong>tcStas</strong></span> <span class='ocrx_word' id='word_1_399' title='bbox 2085 2569 2135 2623; x_wconf 91' lang='lat' dir='ltr'><strong>in</strong></span> <span class='ocrx_word' id='word_1_400' title='bbox 2170 2570 2285 2638; x_wconf 90' lang='lat' dir='ltr'><strong>ipso</strong></span> <span class='ocrx_word' id='word_1_401' title='bbox 2308 2569 2571 2624; x_wconf 83' lang='lat' dir='ltr'><strong>vocabulo</strong></span> <span class='ocrx_word' id='word_1_402' title='bbox 2614 2570 2851 2625; x_wconf 90' lang='lat' dir='ltr'><strong>noscitur</strong></span> <span class='ocrx_word' id='word_1_403' title='bbox 2874 2564 3304 2629; x_wconf 53' lang='lat' dir='ltr'><strong>constituta.&#39;Sic</strong></span> <span class='ocrx_word' id='word_1_404' title='bbox 3334 2566 3480 2630; x_wconf 80' lang='lat' dir='ltr'><strong>edim</strong></span> 
     </span>
    </p>
   </div>
   <div class='ocr_carea' id='block_1_55' title="bbox 1889 2658 3480 2735">
    <p class='ocr_par' dir='ltr' id='par_1_55' title="bbox 1889 2658 3480 2735">
     <span class='ocr_line' id='line_1_55' title="bbox 1889 2658 3480 2735; baseline 0.003 -18"><span class='ocrx_word' id='word_1_405' title='bbox 1889 2662 2124 2717; x_wconf 87' lang='lat' dir='ltr'><strong>cinctum</strong></span> <span class='ocrx_word' id='word_1_406' title='bbox 2169 2658 2399 2718; x_wconf 89' lang='lat' dir='ltr'><strong>dicimus</strong></span> <span class='ocrx_word' id='word_1_407' title='bbox 2423 2664 2685 2734; x_wconf 78' lang='lat' dir='ltr'><strong>judicem,</strong></span> <span class='ocrx_word' id='word_1_408' title='bbox 2715 2666 2931 2735; x_wconf 90' lang='lat' dir='ltr'><strong>quando</strong></span> <span class='ocrx_word' id='word_1_409' title='bbox 2960 2666 3076 2733; x_wconf 84' lang='lat' dir='ltr'><strong>ejus</strong></span> <span class='ocrx_word' id='word_1_410' title='bbox 3104 2667 3276 2721; x_wconf 80' lang='lat' dir='ltr'><strong>fasces</strong></span> <span class='ocrx_word' id='word_1_411' title='bbox 3308 2669 3480 2722; x_wconf 83' lang='lat' dir='ltr'><strong>hono-</strong></span> 
     </span>
    </p>
   </div>
   <div class='ocr_carea' id='block_1_56' title="bbox 1893 2755 3477 2827">
    <p class='ocr_par' dir='ltr' id='par_1_56' title="bbox 1893 2755 3477 2827">
     <span class='ocr_line' id='line_1_56' title="bbox 1893 2755 3477 2827; baseline 0.004 -18"><span class='ocrx_word' id='word_1_412' title='bbox 1893 2770 2088 2821; x_wconf 83' lang='lat' dir='ltr'><strong>resque</strong></span> <span class='ocrx_word' id='word_1_413' title='bbox 2110 2755 2472 2810; x_wconf 85' lang='lat' dir='ltr'><strong>dcclaramus.</strong></span> <span class='ocrx_word' id='word_1_414' title='bbox 2500 2756 2562 2810; x_wconf 84' lang='lat' dir='ltr'><strong>Et</strong></span> <span class='ocrx_word' id='word_1_415' title='bbox 2592 2758 2715 2811; x_wconf 90' lang='lat' dir='ltr'><strong>vide</strong></span> <span class='ocrx_word' id='word_1_416' title='bbox 2744 2758 2866 2826; x_wconf 80' lang='lat' dir='ltr'><strong>quia</strong></span> <span class='ocrx_word' id='word_1_417' title='bbox 2921 2772 3025 2812; x_wconf 90' lang='lat' dir='ltr'><strong>non</strong></span> <span class='ocrx_word' id='word_1_418' title='bbox 3066 2758 3200 2811; x_wconf 78' lang='lat' dir='ltr'><strong>dixit</strong></span> <span class='ocrx_word' id='word_1_419' title='bbox 3239 2759 3477 2827; x_wconf 78' lang='lat' dir='ltr'><strong>cinxisti,</strong></span> 
     </span>
    </p>
   </div>
   <div class='ocr_carea' id='block_1_57' title="bbox 1889 2844 3479 2916">
    <p class='ocr_par' dir='ltr' id='par_1_57' title="bbox 1889 2844 3479 2916">
     <span class='ocr_line' id='line_1_57' title="bbox 1889 2844 3479 2916; baseline 0.004 -16"><span class='ocrx_word' id='word_1_420' title='bbox 1889 2844 1984 2901; x_wconf 81' lang='lat' dir='ltr'><strong>Sed</strong></span> <span class='ocrx_word' id='word_1_421' title='bbox 2026 2846 2365 2915; x_wconf 73' lang='lat' dir='ltr'><strong>prwcinristi,</strong></span> <span class='ocrx_word' id='word_1_422' title='bbox 2415 2845 2465 2900; x_wconf 90' lang='lat' dir='ltr'><strong>id</strong></span> <span class='ocrx_word' id='word_1_423' title='bbox 2498 2853 2612 2911; x_wconf 90' lang='lat' dir='ltr'><strong>cst,</strong></span> <span class='ocrx_word' id='word_1_424' title='bbox 2656 2860 2817 2912; x_wconf 87' lang='lat' dir='ltr'><strong>supra</strong></span> <span class='ocrx_word' id='word_1_425' title='bbox 2858 2860 3049 2899; x_wconf 90' lang='lat' dir='ltr'><strong>omnes</strong></span> <span class='ocrx_word' id='word_1_426' title='bbox 3091 2855 3384 2916; x_wconf 84' lang='lat' dir='ltr'><strong>potestates</strong></span> <span class='ocrx_word' id='word_1_427' title='bbox 3423 2860 3479 2906; x_wconf 84' lang='lat' dir='ltr'><strong>et</strong></span> 
     </span>
    </p>
   </div>
   <div class='ocr_carea' id='block_1_58' title="bbox 1889 2938 3480 3008">
    <p class='ocr_par' dir='ltr' id='par_1_58' title="bbox 1889 2938 3480 3008">
     <span class='ocr_line' id='line_1_58' title="bbox 1889 2938 3480 3008; baseline 0.004 -16"><span class='ocrx_word' id='word_1_428' title='bbox 1889 2938 2117 2993; x_wconf 75' lang='lat' dir='ltr'><strong>virtutes</strong></span> <span class='ocrx_word' id='word_1_429' title='bbox 2150 2938 2395 3003; x_wconf 82' lang='lat' dir='ltr'><strong>elevasti,</strong></span> <span class='ocrx_word' id='word_1_430' title='bbox 2427 2947 2647 3008; x_wconf 84' lang='lat' dir='ltr'><strong>propter</strong></span> <span class='ocrx_word' id='word_1_431' title='bbox 2684 2939 2816 2993; x_wconf 90' lang='lat' dir='ltr'><strong>illud</strong></span> <span class='ocrx_word' id='word_1_432' title='bbox 2861 2941 3100 3008; x_wconf 81' lang='lat' dir='ltr'><strong>Apostoli</strong></span> <span class='ocrx_word' id='word_1_433' title='bbox 3130 2957 3142 2992; x_wconf 91' lang='lat'>:</span> <span class='ocrx_word' id='word_1_434' title='bbox 3173 2939 3243 2995; x_wconf 88' lang='lat' dir='ltr'><strong>Et</strong></span> <span class='ocrx_word' id='word_1_435' title='bbox 3271 2940 3480 2999; x_wconf 78' lang='lat' dir='ltr'><strong>deditci</strong></span> 
     </span>
    </p>
   </div>
   <div class='ocr_carea' id='block_1_59' title="bbox 1888 3030 3366 3103">
    <p class='ocr_par' dir='ltr' id='par_1_59' title="bbox 1888 3030 3366 3103">
     <span class='ocr_line' id='line_1_59' title="bbox 1888 3030 3366 3103; baseline 0.002 -18"><span class='ocrx_word' id='word_1_436' title='bbox 1888 3048 2068 3087; x_wconf 78' lang='lat' dir='ltr'><strong>nomrn</strong></span> <span class='ocrx_word' id='word_1_437' title='bbox 2092 3031 2230 3102; x_wconf 85' lang='lat' dir='ltr'><strong>quod</strong></span> <span class='ocrx_word' id='word_1_438' title='bbox 2258 3041 2330 3085; x_wconf 88' lang='lat' dir='ltr'><strong>est</strong></span> <span class='ocrx_word' id='word_1_439' title='bbox 2352 3047 2505 3100; x_wconf 81' lang='lat' dir='ltr'><strong>super</strong></span> <span class='ocrx_word' id='word_1_440' title='bbox 2521 3046 2669 3084; x_wconf 88' lang='lat' dir='ltr'><strong>omne</strong></span> <span class='ocrx_word' id='word_1_441' title='bbox 2704 3047 2882 3086; x_wconf 84' lang='lat' dir='ltr'><strong>nomen</strong></span> <span class='ocrx_word' id='word_1_442' title='bbox 2909 3030 3170 3103; x_wconf 78' lang='lat' dir='ltr'><strong>(Philipp.</strong></span> <span class='ocrx_word' id='word_1_443' title='bbox 3198 3048 3255 3097; x_wconf 88' lang='lat' dir='ltr'><strong>ll,</strong></span> <span class='ocrx_word' id='word_1_444' title='bbox 3287 3032 3366 3103; x_wconf 84' lang='lat'><strong>9).</strong></span> 
     </span>
    </p>
   </div>
   <div class='ocr_carea' id='block_1_60' title="bbox 1962 3123 3473 3199">
    <p class='ocr_par' dir='ltr' id='par_1_60' title="bbox 1962 3123 3473 3199">
     <span class='ocr_line' id='line_1_60' title="bbox 1962 3123 3473 3199; baseline 0 -22"><span class='ocrx_word' id='word_1_445' title='bbox 1962 3124 2112 3180; x_wconf 85' lang='lat' dir='ltr'><strong>Vers.</strong></span> <span class='ocrx_word' id='word_1_446' title='bbox 2148 3125 2232 3179; x_wconf 80' lang='grc'><strong>15.</strong></span> <span class='ocrx_word' id='word_1_447' title='bbox 2265 3123 2330 3178; x_wconf 88' lang='lat' dir='ltr'><strong>Ut</strong></span> <span class='ocrx_word' id='word_1_448' title='bbox 2356 3132 2525 3179; x_wconf 86' lang='lat' dir='ltr'><strong>cantet</strong></span> <span class='ocrx_word' id='word_1_449' title='bbox 2547 3124 2638 3178; x_wconf 88' lang='lat' dir='ltr'><strong>tibi</strong></span> <span class='ocrx_word' id='word_1_450' title='bbox 2664 3125 2831 3196; x_wconf 79' lang='lat' dir='ltr'><strong>gloria</strong></span> <span class='ocrx_word' id='word_1_451' title='bbox 2858 3141 2989 3193; x_wconf 86' lang='lat' dir='ltr'><strong>mea,</strong></span> <span class='ocrx_word' id='word_1_452' title='bbox 3016 3134 3063 3179; x_wconf 84' lang='lat' dir='ltr'><strong>et</strong></span> <span class='ocrx_word' id='word_1_453' title='bbox 3092 3143 3194 3181; x_wconf 85' lang='lat' dir='ltr'><strong>non</strong></span> <span class='ocrx_word' id='word_1_454' title='bbox 3224 3143 3473 3199; x_wconf 65' lang='lat' dir='ltr'><strong>computo.</strong></span> 
     </span>
    </p>
   </div>
   <div class='ocr_carea' id='block_1_61' title="bbox 1884 3216 3474 3290">
    <p class='ocr_par' dir='ltr' id='par_1_61' title="bbox 1884 3216 3474 3290">
     <span class='ocr_line' id='line_1_61' title="bbox 1884 3216 3474 3290; baseline 0.004 -18"><span class='ocrx_word' id='word_1_455' title='bbox 1884 3217 2259 3290; x_wconf 87' lang='lat' dir='ltr'><strong>gar:Domine</strong></span> <span class='ocrx_word' id='word_1_456' title='bbox 2308 3216 2441 3271; x_wconf 86' lang='lat' dir='ltr'><strong>Deus</strong></span> <span class='ocrx_word' id='word_1_457' title='bbox 2487 3233 2649 3281; x_wconf 80' lang='lat' dir='ltr'><strong>meus,</strong></span> <span class='ocrx_word' id='word_1_458' title='bbox 2704 3218 2755 3271; x_wconf 88' lang='lat' dir='ltr'><strong>in</strong></span> <span class='ocrx_word' id='word_1_459' title='bbox 2784 3226 3027 3273; x_wconf 69' lang='lat' dir='ltr'><strong>later-num</strong></span> <span class='ocrx_word' id='word_1_460' title='bbox 3058 3219 3338 3289; x_wconf 77' lang='lat' dir='ltr'><strong>conﬁtebor</strong></span> <span class='ocrx_word' id='word_1_461' title='bbox 3363 3224 3474 3280; x_wconf 87' lang='lat' dir='ltr'><strong>tibi.</strong></span> 
     </span>
    </p>
   </div>
   <div class='ocr_carea' id='block_1_62' title="bbox 256 3301 3478 3382">
    <p class='ocr_par' dir='ltr' id='par_1_62' title="bbox 256 3301 3478 3382">
     <span class='ocr_line' id='line_1_62' title="bbox 256 3301 3478 3382; baseline 0.005 -27"><span class='ocrx_word' id='word_1_462' title='bbox 256 3301 402 3358; x_wconf 64' lang='grc' dir='ltr'><strong>γει-ε.</strong></span> <span class='ocrx_word' id='word_1_463' title='bbox 428 3306 483 3361; x_wconf 84' lang='grc'><strong>8.</strong></span> <span class='ocrx_word' id='word_1_464' title='bbox 509 3304 591 3360; x_wconf 77' lang='lat' dir='ltr'><strong>Ad</strong></span> <span class='ocrx_word' id='word_1_465' title='bbox 623 3316 689 3374; x_wconf 90' lang='lat' dir='ltr'><strong>te,</strong></span> <span class='ocrx_word' id='word_1_466' title='bbox 716 3305 957 3376; x_wconf 87' lang='lat' dir='ltr'><strong>Domine,</strong></span> <span class='ocrx_word' id='word_1_467' title='bbox 977 3310 1230 3377; x_wconf 84' lang='lat' dir='ltr'><strong>clamabo,</strong></span> <span class='ocrx_word' id='word_1_468' title='bbox 1260 3320 1305 3366; x_wconf 87' lang='lat' dir='ltr'><strong>et</strong></span> <span class='ocrx_word' id='word_1_469' title='bbox 1335 3312 1403 3366; x_wconf 91' lang='lat' dir='ltr'><strong>ad</strong></span> <span class='ocrx_word' id='word_1_470' title='bbox 1429 3312 1590 3367; x_wconf 89' lang='lat' dir='ltr'><strong>Deum</strong></span> <span class='ocrx_word' id='word_1_471' title='bbox 1612 3330 1777 3367; x_wconf 81' lang='lat' dir='ltr'><strong>meum</strong></span> <span class='ocrx_word' id='word_1_472' title='bbox 1803 3316 1852 3381; x_wconf 75' lang='grc' dir='ltr'>ο</span> <span class='ocrx_word' id='word_1_473' title='bbox 1887 3313 1962 3367; x_wconf 91' lang='lat' dir='ltr'><strong>De</strong></span> <span class='ocrx_word' id='word_1_474' title='bbox 2010 3309 2381 3382; x_wconf 84' lang='lat' dir='ltr'><strong>superioribus</strong></span> <span class='ocrx_word' id='word_1_475' title='bbox 2415 3310 2612 3378; x_wconf 89' lang='lat' dir='ltr'><strong>pendet</strong></span> <span class='ocrx_word' id='word_1_476' title='bbox 2652 3310 2754 3365; x_wconf 88' lang='lat' dir='ltr'><strong>iste</strong></span> <span class='ocrx_word' id='word_1_477' title='bbox 2802 3311 3115 3366; x_wconf 73' lang='lat' dir='ltr'><strong>versiculus.</strong></span> <span class='ocrx_word' id='word_1_478' title='bbox 3166 3314 3290 3370; x_wconf 68' lang='lat' dir='ltr'><strong>Ideo</strong></span> <span class='ocrx_word' id='word_1_479' title='bbox 3331 3316 3478 3375; x_wconf 80' lang='lat' dir='ltr'><strong>enim</strong></span> 
     </span>
    </p>
   </div>
   <div class='ocr_carea' id='block_1_63' title="bbox 193 3393 1775 3473">
    <p class='ocr_par' dir='ltr' id='par_1_63' title="bbox 193 3393 1775 3473">
     <span class='ocr_line' id='line_1_63' title="bbox 193 3393 1775 3473; baseline 0.01 -30"><span class='ocrx_word' id='word_1_480' title='bbox 193 3393 508 3463; x_wconf 83' lang='lat' dir='ltr'><strong>deprecabor.</strong></span> <span class='ocrx_word' id='word_1_481' title='bbox 556 3400 708 3468; x_wconf 85' lang='lat' dir='ltr'><strong>Quod</strong></span> <span class='ocrx_word' id='word_1_482' title='bbox 740 3401 901 3461; x_wconf 87' lang='lat' dir='ltr'><strong>modo</strong></span> <span class='ocrx_word' id='word_1_483' title='bbox 931 3402 1084 3473; x_wconf 88' lang='lat' dir='ltr'><strong>dicit,</strong></span> <span class='ocrx_word' id='word_1_484' title='bbox 1123 3402 1356 3472; x_wconf 86' lang='lat' dir='ltr'><strong>Domine,</strong></span> <span class='ocrx_word' id='word_1_485' title='bbox 1389 3407 1548 3467; x_wconf 87' lang='lat' dir='ltr'><strong>modo</strong></span> <span class='ocrx_word' id='word_1_486' title='bbox 1586 3405 1775 3472; x_wconf 86' lang='lat' dir='ltr'><strong>Deum,</strong></span> 
     </span>
    </p>
   </div>
   <div class='ocr_carea' id='block_1_64' title="bbox 191 3492 1776 3564">
    <p class='ocr_par' dir='ltr' id='par_1_64' title="bbox 191 3492 1776 3564">
     <span class='ocr_line' id='line_1_64' title="bbox 191 3492 1776 3564; baseline 0.01 -27"><span class='ocrx_word' id='word_1_487' title='bbox 191 3500 284 3541; x_wconf 87' lang='lat' dir='ltr'><strong>una</strong></span> <span class='ocrx_word' id='word_1_488' title='bbox 307 3492 572 3545; x_wconf 77' lang='lat' dir='ltr'><strong>sententia</strong></span> <span class='ocrx_word' id='word_1_489' title='bbox 599 3502 701 3549; x_wconf 87' lang='lat' dir='ltr'><strong>est.</strong></span> <span class='ocrx_word' id='word_1_490' title='bbox 733 3494 862 3549; x_wconf 70' lang='lat' dir='ltr'><strong>Nam</strong></span> <span class='ocrx_word' id='word_1_491' title='bbox 892 3494 994 3550; x_wconf 90' lang='lat' dir='ltr'><strong>hoc</strong></span> <span class='ocrx_word' id='word_1_492' title='bbox 1020 3506 1103 3550; x_wconf 84' lang='lat' dir='ltr'><strong>eSt</strong></span> <span class='ocrx_word' id='word_1_493' title='bbox 1133 3498 1199 3551; x_wconf 89' lang='lat' dir='ltr'><strong>ad</strong></span> <span class='ocrx_word' id='word_1_494' title='bbox 1226 3495 1508 3552; x_wconf 86' lang='lat' dir='ltr'><strong>Dominum</strong></span> <span class='ocrx_word' id='word_1_495' title='bbox 1534 3499 1776 3564; x_wconf 87' lang='lat' dir='ltr'><strong>clamare,</strong></span> 
     </span>
    </p>
   </div>
   <div class='ocr_carea' id='block_1_65' title="bbox 191 3585 1130 3661">
    <p class='ocr_par' dir='ltr' id='par_1_65' title="bbox 191 3585 1130 3661">
     <span class='ocr_line' id='line_1_65' title="bbox 191 3585 1130 3661; baseline 0.011 -24"><span class='ocrx_word' id='word_1_496' title='bbox 191 3587 316 3652; x_wconf 80' lang='lat' dir='ltr'><strong>quod</strong></span> <span class='ocrx_word' id='word_1_497' title='bbox 346 3585 513 3642; x_wconf 85' lang='lat' dir='ltr'><strong>Deum</strong></span> <span class='ocrx_word' id='word_1_498' title='bbox 542 3590 699 3659; x_wconf 73' lang='lat' dir='ltr'><strong>fuisse</strong></span> <span class='ocrx_word' id='word_1_499' title='bbox 729 3592 1130 3661; x_wconf 46' lang='lat' dir='ltr'><strong>deprecatumr</strong></span> 
     </span>
    </p>
   </div>
   <div class='ocr_carea' id='block_1_66' title="bbox 255 3678 1777 3756">
    <p class='ocr_par' dir='ltr' id='par_1_66' title="bbox 255 3678 1777 3756">
     <span class='ocr_line' id='line_1_66' title="bbox 255 3678 1777 3756; baseline 0.007 -25"><span class='ocrx_word' id='word_1_500' title='bbox 255 3678 400 3734; x_wconf 71' lang='lat' dir='ltr'><strong>\‘crs.</strong></span> <span class='ocrx_word' id='word_1_501' title='bbox 431 3682 485 3735; x_wconf 80' lang='lat'><strong>9.</strong></span> <span class='ocrx_word' id='word_1_502' title='bbox 545 3682 671 3748; x_wconf 75' lang='lat' dir='ltr'><strong>Qua:</strong></span> <span class='ocrx_word' id='word_1_503' title='bbox 701 3682 897 3739; x_wconf 79' lang='lat' dir='ltr'><strong>utilitas</strong></span> <span class='ocrx_word' id='word_1_504' title='bbox 943 3684 998 3739; x_wconf 87' lang='lat' dir='ltr'><strong>in</strong></span> <span class='ocrx_word' id='word_1_505' title='bbox 1048 3685 1300 3756; x_wconf 78' lang='lat' dir='ltr'><strong>sanguine</strong></span> <span class='ocrx_word' id='word_1_506' title='bbox 1329 3701 1438 3741; x_wconf 87' lang='lat' dir='ltr'><strong>meo</strong></span> <span class='ocrx_word' id='word_1_507' title='bbox 1463 3725 1480 3754; x_wconf 91' lang='lat'><strong>,</strong></span> <span class='ocrx_word' id='word_1_508' title='bbox 1530 3685 1654 3739; x_wconf 89' lang='lat' dir='ltr'><strong>dum</strong></span> <span class='ocrx_word' id='word_1_509' title='bbox 1685 3685 1777 3741; x_wconf 87' lang='lat' dir='ltr'><strong>de-</strong></span> 
     </span>
    </p>
   </div>
   <div class='ocr_carea' id='block_1_67' title="bbox 187 3773 879 3843">
    <p class='ocr_par' dir='ltr' id='par_1_67' title="bbox 187 3773 879 3843">
     <span class='ocr_line' id='line_1_67' title="bbox 187 3773 879 3843; baseline 0.009 -21"><span class='ocrx_word' id='word_1_510' title='bbox 187 3774 362 3825; x_wconf 74' lang='lat' dir='ltr'><strong>scendo</strong></span> <span class='ocrx_word' id='word_1_511' title='bbox 391 3773 441 3826; x_wconf 88' lang='lat' dir='ltr'><strong>in</strong></span> <span class='ocrx_word' id='word_1_512' title='bbox 472 3778 879 3843; x_wconf 82' lang='lat' dir='ltr'><strong>corruptionem.</strong></span> 
     </span>
    </p>
   </div>
   <div class='ocr_carea' id='block_1_68' title="bbox 259 3860 1775 3942">
    <p class='ocr_par' dir='ltr' id='par_1_68' title="bbox 259 3860 1775 3942">
     <span class='ocr_line' id='line_1_68' title="bbox 259 3860 1775 3942; baseline 0.005 -28"><span class='ocrx_word' id='word_1_513' title='bbox 259 3860 404 3927; x_wconf 82' lang='lat' dir='ltr'><strong>Vers.</strong></span> <span class='ocrx_word' id='word_1_514' title='bbox 438 3864 528 3919; x_wconf 78' lang='grc'><strong>10.</strong></span> <span class='ocrx_word' id='word_1_515' title='bbox 573 3863 830 3934; x_wconf 78' lang='lat' dir='ltr'><strong>Nunquid</strong></span> <span class='ocrx_word' id='word_1_516' title='bbox 859 3868 1183 3938; x_wconf 78' lang='lat' dir='ltr'><strong>conﬁtebitur</strong></span> <span class='ocrx_word' id='word_1_517' title='bbox 1211 3870 1299 3924; x_wconf 89' lang='lat' dir='ltr'><strong>tibi</strong></span> <span class='ocrx_word' id='word_1_518' title='bbox 1325 3869 1522 3940; x_wconf 81' lang='lat' dir='ltr'><strong>pulvis,</strong></span> <span class='ocrx_word' id='word_1_519' title='bbox 1553 3879 1642 3924; x_wconf 88' lang='lat' dir='ltr'><strong>aut</strong></span> <span class='ocrx_word' id='word_1_520' title='bbox 1668 3870 1775 3942; x_wconf 76' lang='lat'><strong>97</strong></span> 
     </span>
    </p>
   </div>
   <div class='ocr_carea' id='block_1_69' title="bbox 189 3956 1775 4021">
    <p class='ocr_par' dir='ltr' id='par_1_69' title="bbox 189 3956 1775 4021">
     <span class='ocr_line' id='line_1_69' title="bbox 189 3956 1775 4021; baseline 0.006 -15"><span class='ocrx_word' id='word_1_521' title='bbox 189 3956 493 4013; x_wconf 84' lang='lat' dir='ltr'><strong>annuutiabit</strong></span> <span class='ocrx_word' id='word_1_522' title='bbox 528 3959 791 4014; x_wconf 83' lang='lat' dir='ltr'><strong>veritatem</strong></span> <span class='ocrx_word' id='word_1_523' title='bbox 822 3964 1003 4015; x_wconf 85' lang='lat' dir='ltr'><strong>tuam?</strong></span> <span class='ocrx_word' id='word_1_524' title='bbox 1029 3962 1375 4021; x_wconf 84' lang='lat' dir='ltr'><strong>Immaculata</strong></span> <span class='ocrx_word' id='word_1_525' title='bbox 1409 3962 1567 4017; x_wconf 82' lang='lat' dir='ltr'><strong>Verbi</strong></span> <span class='ocrx_word' id='word_1_526' title='bbox 1596 3963 1775 4017; x_wconf 87' lang='lat' dir='ltr'><strong>incar-</strong></span> 
     </span>
    </p>
   </div>
   <div class='ocr_carea' id='block_1_70' title="bbox 189 4049 1776 4127">
    <p class='ocr_par' dir='ltr' id='par_1_70' title="bbox 189 4049 1776 4127">
     <span class='ocr_line' id='line_1_70' title="bbox 189 4049 1776 4127; baseline 0.008 -26"><span class='ocrx_word' id='word_1_527' title='bbox 189 4049 320 4104; x_wconf 89' lang='lat' dir='ltr'><strong>natio</strong></span> <span class='ocrx_word' id='word_1_528' title='bbox 340 4053 538 4122; x_wconf 72' lang='lat' dir='ltr'><strong>emptis</strong></span> <span class='ocrx_word' id='word_1_529' title='bbox 568 4053 815 4121; x_wconf 88' lang='lat' dir='ltr'><strong>precibus</strong></span> <span class='ocrx_word' id='word_1_530' title='bbox 840 4066 1171 4124; x_wconf 82' lang='lat' dir='ltr'><strong>perseverat.</strong></span> <span class='ocrx_word' id='word_1_531' title='bbox 1207 4058 1286 4112; x_wconf 81' lang='lat' dir='ltr'><strong>Ab</strong></span> <span class='ocrx_word' id='word_1_532' title='bbox 1314 4058 1427 4127; x_wconf 89' lang='lat' dir='ltr'><strong>ipsa</strong></span> <span class='ocrx_word' id='word_1_533' title='bbox 1455 4057 1597 4113; x_wconf 89' lang='lat' dir='ltr'><strong>enim</strong></span> <span class='ocrx_word' id='word_1_534' title='bbox 1625 4065 1776 4125; x_wconf 87' lang='lat' dir='ltr'><strong>parte</strong></span> 
     </span>
    </p>
   </div>
   <div class='ocr_carea' id='block_1_71' title="bbox 189 4137 1778 4219">
    <p class='ocr_par' dir='ltr' id='par_1_71' title="bbox 189 4137 1778 4219">
     <span class='ocr_line' id='line_1_71' title="bbox 189 4137 1778 4219; baseline 0.006 -24"><span class='ocrx_word' id='word_1_535' title='bbox 189 4137 369 4199; x_wconf 88' lang='lat' dir='ltr'><strong>dicitur</strong></span> <span class='ocrx_word' id='word_1_536' title='bbox 400 4161 413 4198; x_wconf 86' lang='lat'><strong>:</strong></span> <span class='ocrx_word' id='word_1_537' title='bbox 447 4145 494 4200; x_wconf 90' lang='lat' dir='ltr'><strong>si</strong></span> <span class='ocrx_word' id='word_1_538' title='bbox 527 4145 835 4201; x_wconf 80' lang='lat' dir='ltr'><strong>descendere</strong></span> <span class='ocrx_word' id='word_1_539' title='bbox 864 4149 916 4202; x_wconf 90' lang='lat' dir='ltr'><strong>in</strong></span> <span class='ocrx_word' id='word_1_540' title='bbox 963 4151 1364 4217; x_wconf 83' lang='lat' dir='ltr'><strong>corruptionem,</strong></span> <span class='ocrx_word' id='word_1_541' title='bbox 1396 4148 1447 4204; x_wconf 91' lang='lat' dir='ltr'><strong>id</strong></span> <span class='ocrx_word' id='word_1_542' title='bbox 1480 4148 1651 4203; x_wconf 84' lang='lat' dir='ltr'><strong>estad</strong></span> <span class='ocrx_word' id='word_1_543' title='bbox 1683 4164 1778 4219; x_wconf 90' lang='lat' dir='ltr'><strong>pu-</strong></span> 
     </span>
    </p>
   </div>
   <div class='ocr_carea' id='block_1_72' title="bbox 190 4232 1777 4309">
    <p class='ocr_par' dir='ltr' id='par_1_72' title="bbox 190 4232 1777 4309">
     <span class='ocr_line' id='line_1_72' title="bbox 190 4232 1777 4309; baseline 0.002 -19"><span class='ocrx_word' id='word_1_544' title='bbox 190 4232 570 4302; x_wconf 71' lang='lat' dir='ltr'><strong>trefactionem,</strong></span> <span class='ocrx_word' id='word_1_545' title='bbox 596 4238 682 4295; x_wconf 90' lang='lat' dir='ltr'><strong>cui</strong></span> <span class='ocrx_word' id='word_1_546' title='bbox 711 4238 830 4309; x_wconf 84' lang='lat' dir='ltr'><strong>lege</strong></span> <span class='ocrx_word' id='word_1_547' title='bbox 868 4240 1107 4309; x_wconf 79' lang='lat' dir='ltr'><strong>generali</strong></span> <span class='ocrx_word' id='word_1_548' title='bbox 1138 4250 1333 4295; x_wconf 87' lang='lat' dir='ltr'><strong>cuncta</strong></span> <span class='ocrx_word' id='word_1_549' title='bbox 1377 4253 1506 4295; x_wconf 74' lang='lat' dir='ltr'><strong>caro</strong></span> <span class='ocrx_word' id='word_1_550' title='bbox 1533 4238 1777 4308; x_wconf 71' lang='lat' dir='ltr'><strong>Subiecta</strong></span> 
     </span>
    </p>
   </div>
   <div class='ocr_carea' id='block_1_73' title="bbox 191 4331 1775 4403">
    <p class='ocr_par' dir='ltr' id='par_1_73' title="bbox 191 4331 1775 4403">
     <span class='ocr_line' id='line_1_73' title="bbox 191 4331 1775 4403; baseline 0.004 -22"><span class='ocrx_word' id='word_1_551' title='bbox 191 4336 295 4394; x_wconf 78' lang='lat' dir='ltr'><strong>est;</strong></span> <span class='ocrx_word' id='word_1_552' title='bbox 325 4333 497 4401; x_wconf 82' lang='lat' dir='ltr'><strong>qualis</strong></span> <span class='ocrx_word' id='word_1_553' title='bbox 538 4331 642 4388; x_wconf 91' lang='lat' dir='ltr'><strong>erit</strong></span> <span class='ocrx_word' id='word_1_554' title='bbox 680 4347 806 4403; x_wconf 82' lang='lat' dir='ltr'><strong>spes</strong></span> <span class='ocrx_word' id='word_1_555' title='bbox 852 4332 1109 4398; x_wconf 82' lang='lat' dir='ltr'><strong>ﬁdelium,</strong></span> <span class='ocrx_word' id='word_1_556' title='bbox 1137 4334 1226 4403; x_wconf 89' lang='lat' dir='ltr'><strong>qui</strong></span> <span class='ocrx_word' id='word_1_557' title='bbox 1273 4347 1359 4393; x_wconf 79' lang='lat' dir='ltr'><strong>me</strong></span> <span class='ocrx_word' id='word_1_558' title='bbox 1399 4332 1500 4389; x_wconf 84' lang='lat' dir='ltr'><strong>sub</strong></span> <span class='ocrx_word' id='word_1_559' title='bbox 1530 4332 1775 4395; x_wconf 84' lang='lat' dir='ltr'><strong>triduana</strong></span> 
     </span>
    </p>
   </div>
   <div class='ocr_carea' id='block_1_74' title="bbox 191 4420 1777 4497">
    <p class='ocr_par' dir='ltr' id='par_1_74' title="bbox 191 4420 1777 4497">
     <span class='ocr_line' id='line_1_74' title="bbox 191 4420 1777 4497; baseline 0.006 -23"><span class='ocrx_word' id='word_1_560' title='bbox 191 4420 451 4482; x_wconf 80' lang='lat' dir='ltr'><strong>celeritate</strong></span> <span class='ocrx_word' id='word_1_561' title='bbox 495 4439 782 4495; x_wconf 78' lang='lat' dir='ltr'><strong>resurgere</strong></span> <span class='ocrx_word' id='word_1_562' title='bbox 826 4426 1211 4483; x_wconf 84' lang='lat' dir='ltr'><strong>crediderunt?</strong></span> <span class='ocrx_word' id='word_1_563' title='bbox 1240 4425 1381 4485; x_wconf 78' lang='lat' dir='ltr'><strong>Petit</strong></span> <span class='ocrx_word' id='word_1_564' title='bbox 1407 4441 1536 4497; x_wconf 82' lang='lat' dir='ltr'><strong>ergo</strong></span> <span class='ocrx_word' id='word_1_565' title='bbox 1566 4441 1671 4481; x_wconf 92' lang='lat' dir='ltr'><strong>non</strong></span> <span class='ocrx_word' id='word_1_566' title='bbox 1720 4435 1777 4483; x_wconf 87' lang='lat' dir='ltr'><strong>ut</strong></span> 
     </span>
    </p>
   </div>
   <div class='ocr_carea' id='block_1_75' title="bbox 190 4521 1773 4592">
    <p class='ocr_par' dir='ltr' id='par_1_75' title="bbox 190 4521 1773 4592">
     <span class='ocr_line' id='line_1_75' title="bbox 190 4521 1773 4592; baseline 0.004 -24"><span class='ocrx_word' id='word_1_567' title='bbox 190 4525 285 4571; x_wconf 82' lang='lat' dir='ltr'><strong>Ion</strong></span> <span class='ocrx_word' id='word_1_568' title='bbox 304 4521 588 4586; x_wconf 86' lang='lat' dir='ltr'><strong>moriatur,</strong></span> <span class='ocrx_word' id='word_1_569' title='bbox 605 4521 701 4578; x_wconf 85' lang='lat' dir='ltr'><strong>sed</strong></span> <span class='ocrx_word' id='word_1_570' title='bbox 724 4536 791 4577; x_wconf 91' lang='lat' dir='ltr'><strong>ne</strong></span> <span class='ocrx_word' id='word_1_571' title='bbox 809 4536 935 4577; x_wconf 87' lang='lat' dir='ltr'><strong>caro</strong></span> <span class='ocrx_word' id='word_1_572' title='bbox 958 4522 1125 4591; x_wconf 83' lang='lat' dir='ltr'><strong>ipsius</strong></span> <span class='ocrx_word' id='word_1_573' title='bbox 1141 4522 1491 4592; x_wconf 82' lang='lat' dir='ltr'><strong>corruptione</strong></span> <span class='ocrx_word' id='word_1_574' title='bbox 1538 4521 1773 4591; x_wconf 78' lang='lat' dir='ltr'><strong>resoluta</strong></span> 
     </span>
    </p>
   </div>
   <div class='ocr_carea' id='block_1_76' title="bbox 191 4609 1773 4707">
    <p class='ocr_par' dir='ltr' id='par_1_76' title="bbox 191 4609 1773 4707">
     <span class='ocr_line' id='line_1_76' title="bbox 191 4609 1773 4707; baseline 0.008 -46"><span class='ocrx_word' id='word_1_575' title='bbox 191 4609 380 4667; x_wconf 81' lang='lat' dir='ltr'><strong>nullum</strong></span> <span class='ocrx_word' id='word_1_576' title='bbox 401 4614 613 4683; x_wconf 76' lang='lat' dir='ltr'><strong>signqu</strong></span> <span class='ocrx_word' id='word_1_577' title='bbox 635 4617 915 4683; x_wconf 60' lang='lat' dir='ltr'><strong>promissae</strong></span> <span class='ocrx_word' id='word_1_578' title='bbox 940 4616 1236 4685; x_wconf 88' lang='lat' dir='ltr'><strong>majestatis</strong></span> <span class='ocrx_word' id='word_1_579' title='bbox 1260 4616 1530 4684; x_wconf 89' lang='lat' dir='ltr'><strong>ostendat,</strong></span> <span class='ocrx_word' id='word_1_580' title='bbox 1553 4625 1773 4707; x_wconf 69' lang='lat' dir='ltr'><strong>propter</strong></span> 
     </span>
    </p>
   </div>
   <div class='ocr_carea' id='block_1_77' title="bbox 1883 3402 3477 3477">
    <p class='ocr_par' dir='ltr' id='par_1_77' title="bbox 1883 3402 3477 3477">
     <span class='ocr_line' id='line_1_77' title="bbox 1883 3402 3477 3477; baseline 0.003 -18"><span class='ocrx_word' id='word_1_581' title='bbox 1883 3406 2212 3477; x_wconf 78' lang='lat' dir='ltr'><strong>prtecinrtum</strong></span> <span class='ocrx_word' id='word_1_582' title='bbox 2244 3418 2302 3459; x_wconf 91' lang='lat' dir='ltr'><strong>se</strong></span> <span class='ocrx_word' id='word_1_583' title='bbox 2333 3402 2469 3457; x_wconf 83' lang='lat' dir='ltr'><strong>dixit</strong></span> <span class='ocrx_word' id='word_1_584' title='bbox 2508 3417 2628 3457; x_wconf 87' lang='lat' dir='ltr'><strong>esse</strong></span> <span class='ocrx_word' id='word_1_585' title='bbox 2656 3403 2856 3470; x_wconf 64' lang='lat' dir='ltr'><strong>latitia,</strong></span> <span class='ocrx_word' id='word_1_586' title='bbox 2886 3412 2943 3458; x_wconf 89' lang='lat' dir='ltr'><strong>ut</strong></span> <span class='ocrx_word' id='word_1_587' title='bbox 2974 3403 3276 3461; x_wconf 86' lang='lat' dir='ltr'><strong>humanitas</strong></span> <span class='ocrx_word' id='word_1_588' title='bbox 3299 3421 3477 3464; x_wconf 84' lang='lat' dir='ltr'><strong>canta-</strong></span> 
     </span>
    </p>
   </div>
   <div class='ocr_carea' id='block_1_78' title="bbox 1881 3496 3476 3568">
    <p class='ocr_par' dir='ltr' id='par_1_78' title="bbox 1881 3496 3476 3568">
     <span class='ocr_line' id='line_1_78' title="bbox 1881 3496 3476 3568; baseline -0.004 -13"><span class='ocrx_word' id='word_1_589' title='bbox 1881 3510 1957 3555; x_wconf 86' lang='lat' dir='ltr'><strong>ret</strong></span> <span class='ocrx_word' id='word_1_590' title='bbox 1992 3500 2207 3564; x_wconf 89' lang='lat' dir='ltr'><strong>Dcitati,</strong></span> <span class='ocrx_word' id='word_1_591' title='bbox 2236 3512 2356 3568; x_wconf 66' lang='lat' dir='ltr'><strong>quae</strong></span> <span class='ocrx_word' id='word_1_592' title='bbox 2386 3505 2469 3552; x_wconf 89' lang='lat' dir='ltr'><strong>est</strong></span> <span class='ocrx_word' id='word_1_593' title='bbox 2493 3496 2611 3566; x_wconf 88' lang='lat' dir='ltr'><strong>ejus</strong></span> <span class='ocrx_word' id='word_1_594' title='bbox 2642 3496 2831 3568; x_wconf 83' lang='lat' dir='ltr'><strong>gloria.</strong></span> <span class='ocrx_word' id='word_1_595' title='bbox 2875 3496 3097 3552; x_wconf 80' lang='lat' dir='ltr'><strong>Cantore</strong></span> <span class='ocrx_word' id='word_1_596' title='bbox 3122 3509 3301 3554; x_wconf 89' lang='lat' dir='ltr'><strong>autem</strong></span> <span class='ocrx_word' id='word_1_597' title='bbox 3337 3500 3476 3563; x_wconf 80' lang='lat' dir='ltr'><strong>dixi.</strong></span> 
     </span>
    </p>
   </div>
   <div class='ocr_carea' id='block_1_79' title="bbox 1884 3586 3477 3657">
    <p class='ocr_par' dir='ltr' id='par_1_79' title="bbox 1884 3586 3477 3657">
     <span class='ocr_line' id='line_1_79' title="bbox 1884 3586 3477 3657; baseline -0.002 -10"><span class='ocrx_word' id='word_1_598' title='bbox 1884 3607 2024 3657; x_wconf 87' lang='lat' dir='ltr'><strong>mus,</strong></span> <span class='ocrx_word' id='word_1_599' title='bbox 2057 3591 2121 3644; x_wconf 85' lang='lat' dir='ltr'><strong>ad</strong></span> <span class='ocrx_word' id='word_1_600' title='bbox 2172 3589 2369 3644; x_wconf 90' lang='lat' dir='ltr'><strong>mentis</strong></span> <span class='ocrx_word' id='word_1_601' title='bbox 2420 3587 2657 3650; x_wconf 68' lang='lat' dir='ltr'><strong>laetitiam</strong></span> <span class='ocrx_word' id='word_1_602' title='bbox 2707 3586 2924 3657; x_wconf 87' lang='lat' dir='ltr'><strong>proprie</strong></span> <span class='ocrx_word' id='word_1_603' title='bbox 2952 3589 3244 3657; x_wconf 90' lang='lat' dir='ltr'><strong>pertinere.</strong></span> <span class='ocrx_word' id='word_1_604' title='bbox 3294 3588 3477 3645; x_wconf 82' lang='lat' dir='ltr'><strong>Gloria</strong></span> 
     </span>
    </p>
   </div>
   <div class='ocr_carea' id='block_1_80' title="bbox 1881 3680 3477 3759">
    <p class='ocr_par' dir='ltr' id='par_1_80' title="bbox 1881 3680 3477 3759">
     <span class='ocr_line' id='line_1_80' title="bbox 1881 3680 3477 3759; baseline -0.001 -19"><span class='ocrx_word' id='word_1_605' title='bbox 1881 3701 2010 3747; x_wconf 80' lang='lat' dir='ltr'><strong>vero</strong></span> <span class='ocrx_word' id='word_1_606' title='bbox 2040 3683 2259 3745; x_wconf 72' lang='lat' dir='ltr'><strong>(Christi.</strong></span> <span class='ocrx_word' id='word_1_607' title='bbox 2288 3681 2461 3759; x_wconf 82' lang='lat' dir='ltr'><strong>Patris</strong></span> <span class='ocrx_word' id='word_1_608' title='bbox 2489 3680 2744 3753; x_wconf 64' lang='lat' dir='ltr'><strong>majestas</strong></span> <span class='ocrx_word' id='word_1_609' title='bbox 2771 3692 2871 3748; x_wconf 89' lang='lat' dir='ltr'><strong>est,</strong></span> <span class='ocrx_word' id='word_1_610' title='bbox 2901 3696 2931 3736; x_wconf 91' lang='lat' dir='ltr'><strong>a</strong></span> <span class='ocrx_word' id='word_1_611' title='bbox 2961 3698 3067 3754; x_wconf 87' lang='lat' dir='ltr'><strong>quo</strong></span> <span class='ocrx_word' id='word_1_612' title='bbox 3096 3683 3299 3759; x_wconf 74' lang='lat' dir='ltr'><strong>audivit</strong></span> <span class='ocrx_word' id='word_1_613' title='bbox 3327 3701 3339 3737; x_wconf 91' lang='lat'><strong>:</strong></span> <span class='ocrx_word' id='word_1_614' title='bbox 3377 3684 3477 3755; x_wconf 64' lang='lat' dir='ltr'><strong>(lic</strong></span> 
     </span>
    </p>
   </div>
   <div class='ocr_carea' id='block_1_81' title="bbox 1880 3758 3477 3847">
    <p class='ocr_par' dir='ltr' id='par_1_81' title="bbox 1880 3758 3477 3847">
     <span class='ocr_line' id='line_1_81' title="bbox 1880 3758 3477 3847; baseline -0.001 -15"><span class='ocrx_word' id='word_1_615' title='bbox 1880 3788 1953 3833; x_wconf 83' lang='lat' dir='ltr'><strong>est</strong></span> <span class='ocrx_word' id='word_1_616' title='bbox 1986 3774 2155 3832; x_wconf 80' lang='lat' dir='ltr'><strong>Filius</strong></span> <span class='ocrx_word' id='word_1_617' title='bbox 2201 3791 2342 3829; x_wconf 84' lang='lat' dir='ltr'><strong>meus</strong></span> <span class='ocrx_word' id='word_1_618' title='bbox 2383 3774 2619 3838; x_wconf 85' lang='lat' dir='ltr'><strong>dilectus,</strong></span> <span class='ocrx_word' id='word_1_619' title='bbox 2656 3773 2708 3828; x_wconf 85' lang='lat' dir='ltr'><strong>in</strong></span> <span class='ocrx_word' id='word_1_620' title='bbox 2739 3790 2839 3843; x_wconf 88' lang='lat' dir='ltr'><strong>quo</strong></span> <span class='ocrx_word' id='word_1_621' title='bbox 2882 3774 3008 3828; x_wconf 80' lang='lat' dir='ltr'><strong>mihi</strong></span> <span class='ocrx_word' id='word_1_622' title='bbox 3039 3775 3160 3829; x_wconf 85' lang='lat' dir='ltr'><strong>bene</strong></span> <span class='ocrx_word' id='word_1_623' title='bbox 3184 3758 3477 3847; x_wconf 84' lang='lat' dir='ltr'><strong>complacui</strong></span> 
     </span>
    </p>
   </div>
   <div class='ocr_carea' id='block_1_82' title="bbox 1882 3854 3476 3941">
    <p class='ocr_par' dir='ltr' id='par_1_82' title="bbox 1882 3854 3476 3941">
     <span class='ocr_line' id='line_1_82' title="bbox 1882 3854 3476 3941; baseline -0.001 -17"><span class='ocrx_word' id='word_1_624' title='bbox 1882 3869 2099 3941; x_wconf 79' lang='lat' dir='ltr'><strong>(Matth.</strong></span> <span class='ocrx_word' id='word_1_625' title='bbox 2148 3883 2227 3935; x_wconf 83' lang='lat' dir='ltr'><strong>ut,</strong></span> <span class='ocrx_word' id='word_1_626' title='bbox 2275 3866 2385 3937; x_wconf 75' lang='lat'><strong>17).</strong></span> <span class='ocrx_word' id='word_1_627' title='bbox 2436 3867 2501 3921; x_wconf 86' lang='lat' dir='ltr'><strong>Et</strong></span> <span class='ocrx_word' id='word_1_628' title='bbox 2543 3866 2667 3937; x_wconf 83' lang='lat' dir='ltr'><strong>quia</strong></span> <span class='ocrx_word' id='word_1_629' title='bbox 2714 3865 2881 3921; x_wconf 89' lang='lat' dir='ltr'><strong>semel</strong></span> <span class='ocrx_word' id='word_1_630' title='bbox 2929 3881 3025 3936; x_wconf 91' lang='lat' dir='ltr'><strong>pro</strong></span> <span class='ocrx_word' id='word_1_631' title='bbox 3076 3868 3257 3923; x_wconf 92' lang='lat' dir='ltr'><strong>mundi</strong></span> <span class='ocrx_word' id='word_1_632' title='bbox 3305 3854 3476 3922; x_wconf 79' lang='lat' dir='ltr'><strong>salute</strong></span> 
     </span>
    </p>
   </div>
   <div class='ocr_carea' id='block_1_83' title="bbox 1881 3957 3476 4037">
    <p class='ocr_par' dir='ltr' id='par_1_83' title="bbox 1881 3957 3476 4037">
     <span class='ocr_line' id='line_1_83' title="bbox 1881 3957 3476 4037; baseline -0.001 -20"><span class='ocrx_word' id='word_1_633' title='bbox 1881 3971 2248 4032; x_wconf 77' lang='lat' dir='ltr'><strong>cornpunctus,</strong></span> <span class='ocrx_word' id='word_1_634' title='bbox 2293 3959 2343 4012; x_wconf 90' lang='lat' dir='ltr'><strong>id</strong></span> <span class='ocrx_word' id='word_1_635' title='bbox 2377 3966 2461 4015; x_wconf 83' lang='lat' dir='ltr'><strong>est</strong></span> <span class='ocrx_word' id='word_1_636' title='bbox 2502 3957 2789 4013; x_wconf 80' lang='lat' dir='ltr'><strong>cruciﬁxus</strong></span> <span class='ocrx_word' id='word_1_637' title='bbox 2835 3966 2953 4024; x_wconf 90' lang='lat' dir='ltr'><strong>est,</strong></span> <span class='ocrx_word' id='word_1_638' title='bbox 2986 3957 3117 4011; x_wconf 90' lang='lat' dir='ltr'><strong>nulli</strong></span> <span class='ocrx_word' id='word_1_639' title='bbox 3163 3974 3220 4013; x_wconf 90' lang='lat' dir='ltr'><strong>se</strong></span> <span class='ocrx_word' id='word_1_640' title='bbox 3253 3958 3476 4037; x_wconf 83' lang='lat' dir='ltr'><strong>ulterius</strong></span> 
     </span>
    </p>
   </div>
   <div class='ocr_carea' id='block_1_84' title="bbox 1880 4048 3474 4123">
    <p class='ocr_par' dir='ltr' id='par_1_84' title="bbox 1880 4048 3474 4123">
     <span class='ocr_line' id='line_1_84' title="bbox 1880 4048 3474 4123; baseline -0.004 -14"><span class='ocrx_word' id='word_1_641' title='bbox 1880 4054 2159 4123; x_wconf 79' lang='lat' dir='ltr'><strong>subjucere</strong></span> <span class='ocrx_word' id='word_1_642' title='bbox 2200 4057 2461 4106; x_wconf 81' lang='lat' dir='ltr'><strong>memorat</strong></span> <span class='ocrx_word' id='word_1_643' title='bbox 2496 4049 2774 4119; x_wconf 87' lang='lat' dir='ltr'><strong>passioui;</strong></span> <span class='ocrx_word' id='word_1_644' title='bbox 2807 4048 3005 4119; x_wconf 88' lang='lat' dir='ltr'><strong>quippe</strong></span> <span class='ocrx_word' id='word_1_645' title='bbox 3037 4050 3126 4118; x_wconf 91' lang='lat' dir='ltr'><strong>qui</strong></span> <span class='ocrx_word' id='word_1_646' title='bbox 3158 4050 3334 4104; x_wconf 86' lang='lat' dir='ltr'><strong>carnis</strong></span> <span class='ocrx_word' id='word_1_647' title='bbox 3363 4050 3474 4104; x_wconf 79' lang='lat' dir='ltr'><strong>rra-</strong></span> 
     </span>
    </p>
   </div>
   <div class='ocr_carea' id='block_1_85' title="bbox 1880 4124 3473 4217">
    <p class='ocr_par' dir='ltr' id='par_1_85' title="bbox 1880 4124 3473 4217">
     <span class='ocr_line' id='line_1_85' title="bbox 1880 4124 3473 4217; baseline -0.002 -16"><span class='ocrx_word' id='word_1_648' title='bbox 1880 4148 2086 4217; x_wconf 81' lang='lat' dir='ltr'><strong>gilitate</strong></span> <span class='ocrx_word' id='word_1_649' title='bbox 2106 4124 2372 4215; x_wconf 83' lang='lat' dir='ltr'><strong>deposita,</strong></span> <span class='ocrx_word' id='word_1_650' title='bbox 2404 4144 2455 4197; x_wconf 91' lang='lat' dir='ltr'><strong>in</strong></span> <span class='ocrx_word' id='word_1_651' title='bbox 2488 4140 2785 4210; x_wconf 87' lang='lat' dir='ltr'><strong>majestatis</strong></span> <span class='ocrx_word' id='word_1_652' title='bbox 2806 4156 2916 4194; x_wconf 66' lang='lat' dir='ltr'><strong>sua:</strong></span> <span class='ocrx_word' id='word_1_653' title='bbox 2944 4140 3111 4210; x_wconf 80' lang='lat' dir='ltr'><strong>gloria</strong></span> <span class='ocrx_word' id='word_1_654' title='bbox 3141 4152 3473 4211; x_wconf 85' lang='lat' dir='ltr'><strong>perseverat,</strong></span> 
     </span>
    </p>
   </div>
   <div class='ocr_carea' id='block_1_86' title="bbox 1878 4222 3471 4307">
    <p class='ocr_par' dir='ltr' id='par_1_86' title="bbox 1878 4222 3471 4307">
     <span class='ocr_line' id='line_1_86' title="bbox 1878 4222 3471 4307; baseline -0.004 -12"><span class='ocrx_word' id='word_1_655' title='bbox 1878 4242 2013 4303; x_wconf 77' lang='lat' dir='ltr'><strong>sicut</strong></span> <span class='ocrx_word' id='word_1_656' title='bbox 2057 4238 2189 4294; x_wconf 85' lang='lat' dir='ltr'><strong>dicit</strong></span> <span class='ocrx_word' id='word_1_657' title='bbox 2227 4235 2555 4307; x_wconf 83' lang='lat' dir='ltr'><strong>Apostolus:</strong></span> <span class='ocrx_word' id='word_1_658' title='bbox 2589 4231 2824 4288; x_wconf 76' lang='lat' dir='ltr'><strong>Christus</strong></span> <span class='ocrx_word' id='word_1_659' title='bbox 2866 4248 3129 4305; x_wconf 83' lang='lat' dir='ltr'><strong>resurgens</strong></span> <span class='ocrx_word' id='word_1_660' title='bbox 3156 4251 3187 4286; x_wconf 92' lang='lat' dir='ltr'><strong>a</strong></span> <span class='ocrx_word' id='word_1_661' title='bbox 3222 4222 3471 4303; x_wconf 68' lang='lat' dir='ltr'><strong>mortuis,</strong></span> 
     </span>
    </p>
   </div>
   <div class='ocr_carea' id='block_1_87' title="bbox 1869 4324 3471 4407">
    <p class='ocr_par' dir='ltr' id='par_1_87' title="bbox 1869 4324 3471 4407">
     <span class='ocr_line' id='line_1_87' title="bbox 1869 4324 3471 4407; baseline -0.006 -18"><span class='ocrx_word' id='word_1_662' title='bbox 1869 4336 1986 4406; x_wconf 87' lang='lat' dir='ltr'><strong>jam</strong></span> <span class='ocrx_word' id='word_1_663' title='bbox 2017 4349 2118 4388; x_wconf 90' lang='lat' dir='ltr'><strong>non</strong></span> <span class='ocrx_word' id='word_1_664' title='bbox 2140 4331 2375 4396; x_wconf 87' lang='lat' dir='ltr'><strong>moritur,</strong></span> <span class='ocrx_word' id='word_1_665' title='bbox 2401 4344 2536 4383; x_wconf 88' lang='lat' dir='ltr'><strong>mors</strong></span> <span class='ocrx_word' id='word_1_666' title='bbox 2558 4328 2603 4382; x_wconf 89' lang='lat' dir='ltr'><strong>ei</strong></span> <span class='ocrx_word' id='word_1_667' title='bbox 2638 4324 2777 4380; x_wconf 82' lang='lat' dir='ltr'><strong>ultra</strong></span> <span class='ocrx_word' id='word_1_668' title='bbox 2801 4342 2904 4380; x_wconf 83' lang='lat' dir='ltr'><strong>non</strong></span> <span class='ocrx_word' id='word_1_669' title='bbox 2930 4325 3271 4381; x_wconf 86' lang='lat' dir='ltr'><strong>dominabitur</strong></span> <span class='ocrx_word' id='word_1_670' title='bbox 3292 4326 3471 4407; x_wconf 74' lang='lat' dir='ltr'><strong>(liam.</strong></span> 
     </span>
    </p>
   </div>
   <div class='ocr_carea' id='block_1_88' title="bbox 1881 4418 3473 4497">
    <p class='ocr_par' dir='ltr' id='par_1_88' title="bbox 1881 4418 3473 4497">
     <span class='ocr_line' id='line_1_88' title="bbox 1881 4418 3473 4497; baseline -0.005 -16"><span class='ocrx_word' id='word_1_671' title='bbox 1881 4443 1958 4493; x_wconf 82' lang='lat' dir='ltr'><strong>vl,</strong></span> <span class='ocrx_word' id='word_1_672' title='bbox 1985 4426 2063 4497; x_wconf 91' lang='lat'><strong>9).</strong></span> <span class='ocrx_word' id='word_1_673' title='bbox 2087 4424 2193 4482; x_wconf 82' lang='lat' dir='ltr'><strong>Sed</strong></span> <span class='ocrx_word' id='word_1_674' title='bbox 2222 4438 2288 4478; x_wconf 90' lang='lat' dir='ltr'><strong>ne</strong></span> <span class='ocrx_word' id='word_1_675' title='bbox 2319 4420 2628 4492; x_wconf 65' lang='lat' dir='ltr'><strong>praedictam</strong></span> <span class='ocrx_word' id='word_1_676' title='bbox 2651 4418 2973 4475; x_wconf 89' lang='lat' dir='ltr'><strong>cantilenam</strong></span> <span class='ocrx_word' id='word_1_677' title='bbox 3002 4429 3215 4489; x_wconf 90' lang='lat' dir='ltr'><strong>putares</strong></span> <span class='ocrx_word' id='word_1_678' title='bbox 3240 4420 3473 4475; x_wconf 78' lang='lat' dir='ltr'><strong>existere</strong></span> 
     </span>
    </p>
   </div>
   <div class='ocr_carea' id='block_1_89' title="bbox 1878 4508 3472 4591">
    <p class='ocr_par' dir='ltr' id='par_1_89' title="bbox 1878 4508 3472 4591">
     <span class='ocr_line' id='line_1_89' title="bbox 1878 4508 3472 4591; baseline -0.011 -11"><span class='ocrx_word' id='word_1_679' title='bbox 1878 4519 2254 4591; x_wconf 86' lang='lat' dir='ltr'><strong>temporalem,</strong></span> <span class='ocrx_word' id='word_1_680' title='bbox 2298 4517 2352 4570; x_wconf 90' lang='lat' dir='ltr'><strong>in</strong></span> <span class='ocrx_word' id='word_1_681' title='bbox 2377 4526 2622 4570; x_wconf 78' lang='lat' dir='ltr'><strong>wteruum</strong></span> <span class='ocrx_word' id='word_1_682' title='bbox 2652 4526 2711 4567; x_wconf 87' lang='lat' dir='ltr'><strong>se</strong></span> <span class='ocrx_word' id='word_1_683' title='bbox 2740 4511 2973 4579; x_wconf 82' lang='lat' dir='ltr'><strong>conﬁteri</strong></span> <span class='ocrx_word' id='word_1_684' title='bbox 3004 4510 3153 4567; x_wconf 90' lang='lat' dir='ltr'><strong>dicit.</strong></span> <span class='ocrx_word' id='word_1_685' title='bbox 3183 4508 3472 4576; x_wconf 77' lang='lat' dir='ltr'><strong>Conﬁtebor</strong></span> 
     </span>
    </p>
   </div>
   <div class='ocr_carea' id='block_1_90' title="bbox 1878 4602 3470 4677">
    <p class='ocr_par' dir='ltr' id='par_1_90' title="bbox 1878 4602 3470 4677">
     <span class='ocr_line' id='line_1_90' title="bbox 1878 4602 3470 4677; baseline -0.01 -7"><span class='ocrx_word' id='word_1_686' title='bbox 1878 4623 2056 4671; x_wconf 84' lang='lat' dir='ltr'><strong>autem</strong></span> <span class='ocrx_word' id='word_1_687' title='bbox 2114 4610 2203 4667; x_wconf 89' lang='lat' dir='ltr'><strong>hic</strong></span> <span class='ocrx_word' id='word_1_688' title='bbox 2249 4606 2617 4677; x_wconf 88' lang='lat' dir='ltr'><strong>accipiendum</strong></span> <span class='ocrx_word' id='word_1_689' title='bbox 2672 4611 2755 4659; x_wconf 90' lang='lat' dir='ltr'><strong>cst</strong></span> <span class='ocrx_word' id='word_1_690' title='bbox 2800 4618 2831 4657; x_wconf 91' lang='lat' dir='ltr'><strong>a</strong></span> <span class='ocrx_word' id='word_1_691' title='bbox 2879 4611 3030 4670; x_wconf 90' lang='lat' dir='ltr'><strong>parte</strong></span> <span class='ocrx_word' id='word_1_692' title='bbox 3082 4602 3470 4667; x_wconf 85' lang='lat' dir='ltr'><strong>membrorum,</strong></span> 
     </span>
    </p>
   </div>
   <div class='ocr_carea' id='block_1_91' title="bbox 190 4696 3473 4778">
    <p class='ocr_par' dir='ltr' id='par_1_91' title="bbox 190 4696 3473 4778">
     <span class='ocr_line' id='line_1_91' title="bbox 190 4696 3473 4778; baseline -0.001 -27"><span class='ocrx_word' id='word_1_693' title='bbox 190 4696 305 4755; x_wconf 87' lang='lat' dir='ltr'><strong>illud</strong></span> <span class='ocrx_word' id='word_1_694' title='bbox 327 4706 465 4773; x_wconf 88' lang='lat' dir='ltr'><strong>quod</strong></span> <span class='ocrx_word' id='word_1_695' title='bbox 490 4706 619 4760; x_wconf 90' lang='lat' dir='ltr'><strong>alibi</strong></span> <span class='ocrx_word' id='word_1_696' title='bbox 646 4707 776 4763; x_wconf 89' lang='lat' dir='ltr'><strong>dicit</strong></span> <span class='ocrx_word' id='word_1_697' title='bbox 808 4725 821 4761; x_wconf 90' lang='lat'><strong>:</strong></span> <span class='ocrx_word' id='word_1_698' title='bbox 861 4706 982 4762; x_wconf 79' lang='lat' dir='ltr'><strong>Non</strong></span> <span class='ocrx_word' id='word_1_699' title='bbox 1005 4709 1147 4763; x_wconf 88' lang='lat' dir='ltr'><strong>dabis</strong></span> <span class='ocrx_word' id='word_1_700' title='bbox 1172 4719 1407 4764; x_wconf 81' lang='lat' dir='ltr'><strong>sanctum</strong></span> <span class='ocrx_word' id='word_1_701' title='bbox 1435 4718 1577 4763; x_wconf 87' lang='lat' dir='ltr'><strong>tuum</strong></span> <span class='ocrx_word' id='word_1_702' title='bbox 1602 4696 1771 4764; x_wconf 64' lang='lat' dir='ltr'><strong>videre</strong></span> <span class='ocrx_word' id='word_1_703' title='bbox 1798 4702 1849 4773; x_wconf 73' lang='grc' dir='ltr'><em>Π</em></span> <span class='ocrx_word' id='word_1_704' title='bbox 1876 4706 2028 4778; x_wconf 85' lang='lat' dir='ltr'><strong>quasi</strong></span> <span class='ocrx_word' id='word_1_705' title='bbox 2053 4703 2349 4770; x_wconf 81' lang='lat' dir='ltr'><strong>conlabor,</strong></span> <span class='ocrx_word' id='word_1_706' title='bbox 2384 4700 2434 4757; x_wconf 89' lang='lat' dir='ltr'><strong>id</strong></span> <span class='ocrx_word' id='word_1_707' title='bbox 2463 4708 2544 4756; x_wconf 88' lang='lat' dir='ltr'><strong>est</strong></span> <span class='ocrx_word' id='word_1_708' title='bbox 2568 4744 2583 4767; x_wconf 90' lang='lat'><strong>,</strong></span> <span class='ocrx_word' id='word_1_709' title='bbox 2625 4713 2744 4754; x_wconf 90' lang='lat' dir='ltr'><strong>cum</strong></span> <span class='ocrx_word' id='word_1_710' title='bbox 2787 4696 2986 4753; x_wconf 88' lang='lat' dir='ltr'><strong>sanctis</strong></span> <span class='ocrx_word' id='word_1_711' title='bbox 3032 4704 3229 4750; x_wconf 76' lang='lat' dir='ltr'><strong>aeterna</strong></span> <span class='ocrx_word' id='word_1_712' title='bbox 3263 4703 3313 4749; x_wconf 89' lang='lat' dir='ltr'><strong>te</strong></span> <span class='ocrx_word' id='word_1_713' title='bbox 3343 4711 3473 4749; x_wconf 80' lang='lat' dir='ltr'><strong>vueu</strong></span> 
     </span>
    </p>
   </div>
   <div class='ocr_carea' id='block_1_92' title="bbox 190 4789 1771 4874">
    <p class='ocr_par' dir='ltr' id='par_1_92' title="bbox 190 4789 1771 4874">
     <span class='ocr_line' id='line_1_92' title="bbox 190 4789 1771 4874; baseline 0.006 -27"><span class='ocrx_word' id='word_1_714' title='bbox 190 4801 553 4869; x_wconf 79' lang='lat' dir='ltr'><strong>corruptionem</strong></span> <span class='ocrx_word' id='word_1_715' title='bbox 584 4801 756 4867; x_wconf 71' lang='lat' dir='ltr'><strong>(l’sal.</strong></span> <span class='ocrx_word' id='word_1_716' title='bbox 785 4818 874 4872; x_wconf 78' lang='lat' dir='ltr'><strong>xv,</strong></span> <span class='ocrx_word' id='word_1_717' title='bbox 912 4789 1035 4874; x_wconf 70' lang='lat' dir='ltr'><strong>lii);</strong></span> <span class='ocrx_word' id='word_1_718' title='bbox 1058 4812 1113 4858; x_wconf 92' lang='lat' dir='ltr'><strong>et</strong></span> <span class='ocrx_word' id='word_1_719' title='bbox 1140 4802 1359 4872; x_wconf 88' lang='lat' dir='ltr'><strong>incipiat</strong></span> <span class='ocrx_word' id='word_1_720' title='bbox 1390 4818 1498 4858; x_wconf 89' lang='lat' dir='ltr'><strong>non</strong></span> <span class='ocrx_word' id='word_1_721' title='bbox 1526 4817 1646 4859; x_wconf 86' lang='lat' dir='ltr'><strong>esse</strong></span> <span class='ocrx_word' id='word_1_722' title='bbox 1668 4804 1771 4857; x_wconf 88' lang='lat' dir='ltr'><strong>uti-</strong></span> 
     </span>
    </p>
   </div>
   <div class='ocr_carea' id='block_1_93' title="bbox 191 4885 1767 4966">
    <p class='ocr_par' dir='ltr' id='par_1_93' title="bbox 191 4885 1767 4966">
     <span class='ocr_line' id='line_1_93' title="bbox 191 4885 1767 4966; baseline 0.009 -29"><span class='ocrx_word' id='word_1_723' title='bbox 191 4885 296 4943; x_wconf 85' lang='lat' dir='ltr'><strong>litas</strong></span> <span class='ocrx_word' id='word_1_724' title='bbox 318 4893 497 4949; x_wconf 89' lang='lat' dir='ltr'><strong>mundi</strong></span> <span class='ocrx_word' id='word_1_725' title='bbox 523 4894 575 4946; x_wconf 88' lang='lat' dir='ltr'><strong>in</strong></span> <span class='ocrx_word' id='word_1_726' title='bbox 597 4894 872 4957; x_wconf 74' lang='lat' dir='ltr'><strong>salutifero</strong></span> <span class='ocrx_word' id='word_1_727' title='bbox 894 4897 1149 4965; x_wconf 86' lang='lat' dir='ltr'><strong>sanguine</strong></span> <span class='ocrx_word' id='word_1_728' title='bbox 1168 4895 1453 4953; x_wconf 77' lang='lat' dir='ltr'><strong>dominica:</strong></span> <span class='ocrx_word' id='word_1_729' title='bbox 1478 4895 1767 4966; x_wconf 83' lang='lat' dir='ltr'><strong>passionis.</strong></span> 
     </span>
    </p>
   </div>
   <div class='ocr_carea' id='block_1_94' title="bbox 191 4975 1773 5059">
    <p class='ocr_par' dir='ltr' id='par_1_94' title="bbox 191 4975 1773 5059">
     <span class='ocr_line' id='line_1_94' title="bbox 191 4975 1773 5059; baseline 0.008 -29"><span class='ocrx_word' id='word_1_730' title='bbox 191 4975 449 5037; x_wconf 80' lang='lat' dir='ltr'><strong>Cuuiessio</strong></span> <span class='ocrx_word' id='word_1_731' title='bbox 473 4999 602 5040; x_wconf 89' lang='lat' dir='ltr'><strong>vero</strong></span> <span class='ocrx_word' id='word_1_732' title='bbox 631 4985 717 5040; x_wconf 89' lang='lat' dir='ltr'><strong>hic</strong></span> <span class='ocrx_word' id='word_1_733' title='bbox 745 4987 954 5042; x_wconf 89' lang='lat' dir='ltr'><strong>laudem</strong></span> <span class='ocrx_word' id='word_1_734' title='bbox 987 4988 1275 5058; x_wconf 76' lang='lat' dir='ltr'><strong>signiﬁcat,</strong></span> <span class='ocrx_word' id='word_1_735' title='bbox 1301 5004 1462 5059; x_wconf 75' lang='lat' dir='ltr'><strong>quam</strong></span> <span class='ocrx_word' id='word_1_736' title='bbox 1486 4988 1669 5058; x_wconf 89' lang='lat' dir='ltr'><strong>utique</strong></span> <span class='ocrx_word' id='word_1_737' title='bbox 1690 4987 1773 5043; x_wconf 76' lang='lat' dir='ltr'><strong>ui-</strong></span> 
     </span>
    </p>
   </div>
   <div class='ocr_carea' id='block_1_95' title="bbox 192 5069 1770 5150">
    <p class='ocr_par' dir='ltr' id='par_1_95' title="bbox 192 5069 1770 5150">
     <span class='ocr_line' id='line_1_95' title="bbox 192 5069 1770 5150; baseline 0.008 -25"><span class='ocrx_word' id='word_1_738' title='bbox 192 5069 319 5128; x_wconf 82' lang='lat' dir='ltr'><strong>lerre</strong></span> <span class='ocrx_word' id='word_1_739' title='bbox 355 5091 458 5131; x_wconf 89' lang='lat' dir='ltr'><strong>non</strong></span> <span class='ocrx_word' id='word_1_740' title='bbox 514 5088 739 5147; x_wconf 87' lang='lat' dir='ltr'><strong>possunt</strong></span> <span class='ocrx_word' id='word_1_741' title='bbox 766 5080 856 5149; x_wconf 89' lang='lat' dir='ltr'><strong>qui</strong></span> <span class='ocrx_word' id='word_1_742' title='bbox 894 5080 945 5134; x_wconf 92' lang='lat' dir='ltr'><strong>in</strong></span> <span class='ocrx_word' id='word_1_743' title='bbox 981 5084 1254 5150; x_wconf 86' lang='lat' dir='ltr'><strong>pulverem</strong></span> <span class='ocrx_word' id='word_1_744' title='bbox 1295 5082 1567 5138; x_wconf 88' lang='lat' dir='ltr'><strong>communi</strong></span> <span class='ocrx_word' id='word_1_745' title='bbox 1599 5089 1770 5138; x_wconf 86' lang='lat' dir='ltr'><strong>morte</strong></span> 
     </span>
    </p>
   </div>
   <div class='ocr_carea' id='block_1_96' title="bbox 191 5163 1770 5237">
    <p class='ocr_par' dir='ltr' id='par_1_96' title="bbox 191 5163 1770 5237">
     <span class='ocr_line' id='line_1_96' title="bbox 191 5163 1770 5237; baseline 0.011 -25"><span class='ocrx_word' id='word_1_746' title='bbox 191 5163 469 5224; x_wconf 78' lang='lat' dir='ltr'><strong>solvuntur.</strong></span> <span class='ocrx_word' id='word_1_747' title='bbox 505 5170 782 5237; x_wconf 80' lang='lat' dir='ltr'><strong>Sequitur,</strong></span> <span class='ocrx_word' id='word_1_748' title='bbox 808 5183 897 5225; x_wconf 88' lang='lat' dir='ltr'><strong>aut</strong></span> <span class='ocrx_word' id='word_1_749' title='bbox 926 5173 1252 5227; x_wconf 82' lang='lat' dir='ltr'><strong>anntmtiubit</strong></span> <span class='ocrx_word' id='word_1_750' title='bbox 1291 5176 1553 5230; x_wconf 80' lang='lat' dir='ltr'><strong>veritatem</strong></span> <span class='ocrx_word' id='word_1_751' title='bbox 1584 5189 1723 5230; x_wconf 81' lang='lat' dir='ltr'><strong>tuam</strong></span> <span class='ocrx_word' id='word_1_752' title='bbox 1742 5174 1770 5229; x_wconf 65' lang='lat' dir='ltr'><strong>il</strong></span> 
     </span>
    </p>
   </div>
   <div class='ocr_carea' id='block_1_97' title="bbox 192 5250 1767 5339">
    <p class='ocr_par' dir='ltr' id='par_1_97' title="bbox 192 5250 1767 5339">
     <span class='ocr_line' id='line_1_97' title="bbox 192 5250 1767 5339; baseline 0.013 -35"><span class='ocrx_word' id='word_1_753' title='bbox 192 5250 324 5311; x_wconf 79' lang='lat' dir='ltr'><strong>illam</strong></span> <span class='ocrx_word' id='word_1_754' title='bbox 354 5262 601 5318; x_wconf 79' lang='lat' dir='ltr'><strong>videlicet</strong></span> <span class='ocrx_word' id='word_1_755' title='bbox 643 5280 801 5333; x_wconf 83' lang='lat' dir='ltr'><strong>quam</strong></span> <span class='ocrx_word' id='word_1_756' title='bbox 837 5275 956 5334; x_wconf 89' lang='lat' dir='ltr'><strong>post</strong></span> <span class='ocrx_word' id='word_1_757' title='bbox 1006 5268 1455 5323; x_wconf 67' lang='lat' dir='ltr'><strong>resurrectionem</strong></span> <span class='ocrx_word' id='word_1_758' title='bbox 1486 5269 1767 5339; x_wconf 87' lang='lat' dir='ltr'><strong>discipulis</strong></span> 
     </span>
    </p>
   </div>
   <div class='ocr_carea' id='block_1_98' title="bbox 192 5346 1767 5431">
    <p class='ocr_par' dir='ltr' id='par_1_98' title="bbox 192 5346 1767 5431">
     <span class='ocr_line' id='line_1_98' title="bbox 192 5346 1767 5431; baseline 0.012 -31"><span class='ocrx_word' id='word_1_759' title='bbox 192 5346 316 5405; x_wconf 77' lang='lat' dir='ltr'><strong>dixit</strong></span> <span class='ocrx_word' id='word_1_760' title='bbox 344 5370 359 5406; x_wconf 73' lang='grc' dir='ltr'><strong>ε</strong></span> <span class='ocrx_word' id='word_1_761' title='bbox 393 5352 474 5429; x_wconf 62' lang='lat' dir='ltr'><strong>Ite</strong></span> <span class='ocrx_word' id='word_1_762' title='bbox 496 5399 509 5422; x_wconf 94' lang='lat'><strong>,</strong></span> <span class='ocrx_word' id='word_1_763' title='bbox 561 5359 835 5429; x_wconf 71' lang='lat' dir='ltr'><strong>pradicate</strong></span> <span class='ocrx_word' id='word_1_764' title='bbox 873 5360 969 5414; x_wconf 82' lang='lat' dir='ltr'><strong>hoc</strong></span> <span class='ocrx_word' id='word_1_765' title='bbox 999 5360 1335 5431; x_wconf 79' lang='lat' dir='ltr'><strong>Evangelium</strong></span> <span class='ocrx_word' id='word_1_766' title='bbox 1379 5364 1519 5417; x_wconf 86' lang='lat' dir='ltr'><strong>omni</strong></span> <span class='ocrx_word' id='word_1_767' title='bbox 1560 5373 1767 5419; x_wconf 79' lang='lat' dir='ltr'><strong>creatu-</strong></span> 
     </span>
    </p>
   </div>
   <div class='ocr_carea' id='block_1_99' title="bbox 192 5452 1767 5527">
    <p class='ocr_par' dir='ltr' id='par_1_99' title="bbox 192 5452 1767 5527">
     <span class='ocr_line' id='line_1_99' title="bbox 192 5452 1767 5527; baseline 0.01 -30"><span class='ocrx_word' id='word_1_768' title='bbox 192 5456 295 5499; x_wconf 73' lang='lat' dir='ltr'><strong>rtc:</strong></span> <span class='ocrx_word' id='word_1_769' title='bbox 318 5456 363 5501; x_wconf 87' lang='lat' dir='ltr'><strong>ct</strong></span> <span class='ocrx_word' id='word_1_770' title='bbox 386 5452 474 5519; x_wconf 85' lang='lat' dir='ltr'><strong>qui</strong></span> <span class='ocrx_word' id='word_1_771' title='bbox 499 5454 791 5523; x_wconf 84' lang='lat' dir='ltr'><strong>crediderit,</strong></span> <span class='ocrx_word' id='word_1_772' title='bbox 836 5466 882 5510; x_wconf 88' lang='lat' dir='ltr'><strong>et</strong></span> <span class='ocrx_word' id='word_1_773' title='bbox 911 5456 1197 5524; x_wconf 75' lang='lat' dir='ltr'><strong>baptizatus</strong></span> <span class='ocrx_word' id='word_1_774' title='bbox 1240 5459 1413 5527; x_wconf 81' lang='lat' dir='ltr'><strong>fuerit,</strong></span> <span class='ocrx_word' id='word_1_775' title='bbox 1438 5459 1608 5513; x_wconf 75' lang='lat' dir='ltr'><strong>salvus</strong></span> <span class='ocrx_word' id='word_1_776' title='bbox 1635 5459 1767 5524; x_wconf 85' lang='lat' dir='ltr'><strong>erit;</strong></span> 
     </span>
    </p>
   </div>
   <div class='ocr_carea' id='block_1_100' title="bbox 192 5536 1766 5620">
    <p class='ocr_par' dir='ltr' id='par_1_100' title="bbox 192 5536 1766 5620">
     <span class='ocr_line' id='line_1_100' title="bbox 192 5536 1766 5620; baseline 0.01 -29"><span class='ocrx_word' id='word_1_777' title='bbox 192 5536 271 5600; x_wconf 65' lang='lat' dir='ltr'><strong>Qui</strong></span> <span class='ocrx_word' id='word_1_778' title='bbox 296 5549 463 5597; x_wconf 81' lang='lat' dir='ltr'><strong>autem</strong></span> <span class='ocrx_word' id='word_1_779' title='bbox 488 5560 588 5601; x_wconf 88' lang='lat' dir='ltr'><strong>non</strong></span> <span class='ocrx_word' id='word_1_780' title='bbox 629 5547 901 5602; x_wconf 84' lang='lat' dir='ltr'><strong>crediderit</strong></span> <span class='ocrx_word' id='word_1_781' title='bbox 929 5549 1348 5603; x_wconf 87' lang='lat' dir='ltr'><strong>condemnabitur</strong></span> <span class='ocrx_word' id='word_1_782' title='bbox 1392 5551 1411 5611; x_wconf 70' lang='grc' dir='ltr'><em>ι</em></span> <span class='ocrx_word' id='word_1_783' title='bbox 1437 5549 1606 5606; x_wconf 78' lang='lat' dir='ltr'><strong>Marc.</strong></span> <span class='ocrx_word' id='word_1_784' title='bbox 1640 5567 1724 5606; x_wconf 76' lang='lat' dir='ltr'><strong>va</strong></span> <span class='ocrx_word' id='word_1_785' title='bbox 1752 5595 1766 5620; x_wconf 92' lang='lat'><strong>,</strong></span> 
     </span>
    </p>
   </div>
   <div class='ocr_carea' id='block_1_101' title="bbox 193 5622 311 5697">
    <p class='ocr_par' dir='ltr' id='par_1_101' title="bbox 193 5622 311 5697">
     <span class='ocr_line' id='line_1_101' title="bbox 193 5622 311 5697; baseline 0.051 -19"><span class='ocrx_word' id='word_1_786' title='bbox 193 5622 255 5681; x_wconf 78' lang='lat' dir='ltr'><strong>tt</strong></span> <span class='ocrx_word' id='word_1_787' title='bbox 274 5625 311 5697; x_wconf 84' lang='grc'><strong>›.</strong></span> 
     </span>
    </p>
   </div>
   <div class='ocr_carea' id='block_1_102' title="bbox 258 5720 1770 5802">
    <p class='ocr_par' dir='ltr' id='par_1_102' title="bbox 258 5720 1770 5802">
     <span class='ocr_line' id='line_1_102' title="bbox 258 5720 1770 5802; baseline 0.009 -23"><span class='ocrx_word' id='word_1_788' title='bbox 258 5720 408 5785; x_wconf 80' lang='lat' dir='ltr'><strong>Vers.</strong></span> <span class='ocrx_word' id='word_1_789' title='bbox 442 5730 530 5799; x_wconf 77' lang='grc' dir='ltr'><strong>Η.</strong></span> <span class='ocrx_word' id='word_1_790' title='bbox 560 5734 762 5789; x_wconf 79' lang='lat' dir='ltr'><strong>Audiuit</strong></span> <span class='ocrx_word' id='word_1_791' title='bbox 788 5735 1038 5791; x_wconf 81' lang='lat' dir='ltr'><strong>Dominus</strong></span> <span class='ocrx_word' id='word_1_792' title='bbox 1064 5746 1111 5791; x_wconf 88' lang='lat' dir='ltr'><strong>et</strong></span> <span class='ocrx_word' id='word_1_793' title='bbox 1136 5738 1369 5792; x_wconf 78' lang='lat' dir='ltr'><strong>misertus</strong></span> <span class='ocrx_word' id='word_1_794' title='bbox 1391 5747 1462 5792; x_wconf 86' lang='lat' dir='ltr'><strong>est</strong></span> <span class='ocrx_word' id='word_1_795' title='bbox 1493 5738 1587 5792; x_wconf 90' lang='lat' dir='ltr'><strong>mei</strong></span> <span class='ocrx_word' id='word_1_796' title='bbox 1612 5754 1629 5802; x_wconf 86' lang='lat'><strong><em>;</em></strong></span> <span class='ocrx_word' id='word_1_797' title='bbox 1666 5737 1770 5792; x_wconf 85' lang='lat' dir='ltr'><strong>Do-</strong></span> 
     </span>
    </p>
   </div>
   <div class='ocr_carea' id='block_1_103' title="bbox 193 5810 1767 5895">
    <p class='ocr_par' dir='ltr' id='par_1_103' title="bbox 193 5810 1767 5895">
     <span class='ocr_line' id='line_1_103' title="bbox 193 5810 1767 5895; baseline 0.008 -26"><span class='ocrx_word' id='word_1_798' title='bbox 193 5810 354 5871; x_wconf 57' lang='lat' dir='ltr'><strong>ﬂntts</strong></span> <span class='ocrx_word' id='word_1_799' title='bbox 382 5824 545 5889; x_wconf 76' lang='lat' dir='ltr'><strong>factus</strong></span> <span class='ocrx_word' id='word_1_800' title='bbox 574 5836 647 5879; x_wconf 87' lang='lat' dir='ltr'><strong>cst</strong></span> <span class='ocrx_word' id='word_1_801' title='bbox 672 5828 880 5895; x_wconf 84' lang='lat' dir='ltr'><strong>adjutor</strong></span> <span class='ocrx_word' id='word_1_802' title='bbox 909 5845 1067 5881; x_wconf 81' lang='lat' dir='ltr'><strong>meus.</strong></span> <span class='ocrx_word' id='word_1_803' title='bbox 1104 5828 1257 5882; x_wconf 79' lang='lat' dir='ltr'><strong>Vertit</strong></span> <span class='ocrx_word' id='word_1_804' title='bbox 1287 5828 1350 5880; x_wconf 88' lang='lat' dir='ltr'><strong>ad</strong></span> <span class='ocrx_word' id='word_1_805' title='bbox 1398 5830 1607 5882; x_wconf 85' lang='lat' dir='ltr'><strong>tertiam</strong></span> <span class='ocrx_word' id='word_1_806' title='bbox 1642 5846 1767 5882; x_wconf 67' lang='lat' dir='ltr'><strong>ttaro</strong></span> 
     </span>
    </p>
   </div>
   <div class='ocr_carea' id='block_1_104' title="bbox 186 5909 1762 5986">
    <p class='ocr_par' dir='ltr' id='par_1_104' title="bbox 186 5909 1762 5986">
     <span class='ocr_line' id='line_1_104' title="bbox 186 5909 1762 5986; baseline 0.012 -18"><span class='ocrx_word' id='word_1_807' title='bbox 186 5909 466 5981; x_wconf 70' lang='lat' dir='ltr'><strong>.ntiouem.</strong></span> <span class='ocrx_word' id='word_1_808' title='bbox 492 5918 543 5974; x_wconf 86' lang='lat' dir='ltr'><strong>ir.</strong></span> <span class='ocrx_word' id='word_1_809' title='bbox 569 5935 672 5986; x_wconf 71' lang='lat' dir='ltr'><strong>qua</strong></span> <span class='ocrx_word' id='word_1_810' title='bbox 706 5922 808 5983; x_wconf 81' lang='lat' dir='ltr'><strong>iam</strong></span> <span class='ocrx_word' id='word_1_811' title='bbox 840 5924 907 5977; x_wconf 90' lang='lat' dir='ltr'><strong>de</strong></span> <span class='ocrx_word' id='word_1_812' title='bbox 937 5938 1031 5977; x_wconf 80' lang='lat' dir='ltr'><strong>sua</strong></span> <span class='ocrx_word' id='word_1_813' title='bbox 1073 5922 1468 5979; x_wconf 71' lang='lat' dir='ltr'><strong>resurrectione</strong></span> <span class='ocrx_word' id='word_1_814' title='bbox 1499 5928 1762 5986; x_wconf 40' lang='lat' dir='ltr'><strong>gaudens“.</strong></span> 
     </span>
    </p>
   </div>
   <div class='ocr_carea' id='block_1_105' title="bbox 1877 4791 3473 4866">
    <p class='ocr_par' dir='ltr' id='par_1_105' title="bbox 1877 4791 3473 4866">
     <span class='ocr_line' id='line_1_105' title="bbox 1877 4791 3473 4866; baseline -0.01 -10"><span class='ocrx_word' id='word_1_815' title='bbox 1877 4799 2129 4857; x_wconf 88' lang='lat' dir='ltr'><strong>laudabo.</strong></span> <span class='ocrx_word' id='word_1_816' title='bbox 2152 4796 2306 4866; x_wconf 88' lang='lat' dir='ltr'><strong>Quod</strong></span> <span class='ocrx_word' id='word_1_817' title='bbox 2334 4794 2575 4850; x_wconf 81' lang='lat' dir='ltr'><strong>absolute</strong></span> <span class='ocrx_word' id='word_1_818' title='bbox 2601 4791 2841 4848; x_wconf 90' lang='lat' dir='ltr'><strong>creditur</strong></span> <span class='ocrx_word' id='word_1_819' title='bbox 2860 4804 2980 4845; x_wconf 89' lang='lat' dir='ltr'><strong>esse</strong></span> <span class='ocrx_word' id='word_1_820' title='bbox 3009 4798 3316 4851; x_wconf 86' lang='lat' dir='ltr'><strong>venturum,</strong></span> <span class='ocrx_word' id='word_1_821' title='bbox 3351 4804 3473 4840; x_wconf 82' lang='lat' dir='ltr'><strong>cum</strong></span> 
     </span>
    </p>
   </div>
   <div class='ocr_carea' id='block_1_106' title="bbox 1878 4877 3475 4955">
    <p class='ocr_par' dir='ltr' id='par_1_106' title="bbox 1878 4877 3475 4955">
     <span class='ocr_line' id='line_1_106' title="bbox 1878 4877 3475 4955; baseline -0.011 -6"><span class='ocrx_word' id='word_1_822' title='bbox 1878 4893 1966 4955; x_wconf 87' lang='lat' dir='ltr'><strong>illa</strong></span> <span class='ocrx_word' id='word_1_823' title='bbox 1995 4890 2185 4948; x_wconf 87' lang='lat' dir='ltr'><strong>civitas</strong></span> <span class='ocrx_word' id='word_1_824' title='bbox 2211 4888 2507 4946; x_wconf 86' lang='lat' dir='ltr'><strong>Jerusalem</strong></span> <span class='ocrx_word' id='word_1_825' title='bbox 2539 4884 2697 4939; x_wconf 76' lang='lat' dir='ltr'><strong>fuerit</strong></span> <span class='ocrx_word' id='word_1_826' title='bbox 2737 4882 3001 4945; x_wconf 87' lang='lat' dir='ltr'><strong>dedicata,</strong></span> <span class='ocrx_word' id='word_1_827' title='bbox 3050 4877 3263 4949; x_wconf 92' lang='lat' dir='ltr'><strong>quando</strong></span> <span class='ocrx_word' id='word_1_828' title='bbox 3317 4877 3475 4951; x_wconf 67' lang='lat' dir='ltr'><strong>juszis</strong></span> 
     </span>
    </p>
   </div>
   <div class='ocr_carea' id='block_1_107' title="bbox 1878 4972 3474 5053">
    <p class='ocr_par' dir='ltr' id='par_1_107' title="bbox 1878 4972 3474 5053">
     <span class='ocr_line' id='line_1_107' title="bbox 1878 4972 3474 5053; baseline -0.012 -11"><span class='ocrx_word' id='word_1_829' title='bbox 1878 4986 2128 5042; x_wconf 90' lang='lat' dir='ltr'><strong>omnibus</strong></span> <span class='ocrx_word' id='word_1_830' title='bbox 2153 4980 2465 5039; x_wconf 83' lang='lat' dir='ltr'><strong>indeﬁcieus</strong></span> <span class='ocrx_word' id='word_1_831' title='bbox 2511 4976 2837 5049; x_wconf 88' lang='lat' dir='ltr'><strong>promittitur</strong></span> <span class='ocrx_word' id='word_1_832' title='bbox 2864 4972 3179 5047; x_wconf 85' lang='lat' dir='ltr'><strong>psalmodia.</strong></span> <span class='ocrx_word' id='word_1_833' title='bbox 3212 4972 3300 5028; x_wconf 89' lang='lat' dir='ltr'><strong>Sic</strong></span> <span class='ocrx_word' id='word_1_834' title='bbox 3332 4975 3474 5053; x_wconf 63' lang='lat' dir='ltr'><strong>cuitu</strong></span> 
     </span>
    </p>
   </div>
   <div class='ocr_carea' id='block_1_108' title="bbox 1880 5065 3475 5148">
    <p class='ocr_par' dir='ltr' id='par_1_108' title="bbox 1880 5065 3475 5148">
     <span class='ocr_line' id='line_1_108' title="bbox 1880 5065 3475 5148; baseline -0.009 -15"><span class='ocrx_word' id='word_1_835' title='bbox 1880 5082 2187 5148; x_wconf 87' lang='lat' dir='ltr'><strong>lrequenter</strong></span> <span class='ocrx_word' id='word_1_836' title='bbox 2205 5074 2468 5147; x_wconf 81' lang='lat' dir='ltr'><strong>promittit</strong></span> <span class='ocrx_word' id='word_1_837' title='bbox 2496 5088 2554 5128; x_wconf 90' lang='lat' dir='ltr'><strong>se</strong></span> <span class='ocrx_word' id='word_1_838' title='bbox 2577 5072 2755 5127; x_wconf 82' lang='lat' dir='ltr'><strong>facere</strong></span> <span class='ocrx_word' id='word_1_839' title='bbox 2777 5068 3043 5133; x_wconf 87' lang='lat' dir='ltr'><strong>Christus,</strong></span> <span class='ocrx_word' id='word_1_840' title='bbox 3073 5067 3216 5139; x_wconf 90' lang='lat' dir='ltr'><strong>quod</strong></span> <span class='ocrx_word' id='word_1_841' title='bbox 3242 5065 3475 5121; x_wconf 72' lang='lat' dir='ltr'><strong>factm-ns</strong></span> 
     </span>
    </p>
   </div>
   <div class='ocr_carea' id='block_1_109' title="bbox 1880 5157 3473 5238">
    <p class='ocr_par' dir='ltr' id='par_1_109' title="bbox 1880 5157 3473 5238">
     <span class='ocr_line' id='line_1_109' title="bbox 1880 5157 3473 5238; baseline -0.011 -11"><span class='ocrx_word' id='word_1_842' title='bbox 1880 5178 1966 5227; x_wconf 90' lang='lat' dir='ltr'><strong>cst</strong></span> <span class='ocrx_word' id='word_1_843' title='bbox 2008 5169 2235 5238; x_wconf 88' lang='lat' dir='ltr'><strong>populus</strong></span> <span class='ocrx_word' id='word_1_844' title='bbox 2275 5168 2458 5237; x_wconf 91' lang='lat' dir='ltr'><strong>utique</strong></span> <span class='ocrx_word' id='word_1_845' title='bbox 2503 5162 2877 5225; x_wconf 87' lang='lat' dir='ltr'><strong>Christianus,</strong></span> <span class='ocrx_word' id='word_1_846' title='bbox 2926 5161 3067 5216; x_wconf 89' lang='lat' dir='ltr'><strong>sicut</strong></span> <span class='ocrx_word' id='word_1_847' title='bbox 3095 5168 3175 5216; x_wconf 77' lang='lat' dir='ltr'><strong>est</strong></span> <span class='ocrx_word' id='word_1_848' title='bbox 3225 5168 3279 5214; x_wconf 91' lang='lat' dir='ltr'><strong>et</strong></span> <span class='ocrx_word' id='word_1_849' title='bbox 3308 5157 3473 5213; x_wconf 84' lang='lat' dir='ltr'><strong>illud:</strong></span> 
     </span>
    </p>
   </div>
   <div class='ocr_carea' id='block_1_110' title="bbox 1876 5248 3471 5330">
    <p class='ocr_par' dir='ltr' id='par_1_110' title="bbox 1876 5248 3471 5330">
     <span class='ocr_line' id='line_1_110' title="bbox 1876 5248 3471 5330; baseline -0.009 -10"><span class='ocrx_word' id='word_1_850' title='bbox 1876 5262 2166 5330; x_wconf 78' lang='lat' dir='ltr'><strong>Conﬁtebor</strong></span> <span class='ocrx_word' id='word_1_851' title='bbox 2204 5260 2315 5327; x_wconf 87' lang='lat' dir='ltr'><strong>tibi,</strong></span> <span class='ocrx_word' id='word_1_852' title='bbox 2349 5255 2587 5321; x_wconf 82' lang='lat' dir='ltr'><strong>Domine,</strong></span> <span class='ocrx_word' id='word_1_853' title='bbox 2620 5257 2673 5309; x_wconf 87' lang='lat' dir='ltr'><strong>in</strong></span> <span class='ocrx_word' id='word_1_854' title='bbox 2701 5254 2912 5309; x_wconf 85' lang='lat' dir='ltr'><strong>ecclesia</strong></span> <span class='ocrx_word' id='word_1_855' title='bbox 2942 5268 3161 5325; x_wconf 87' lang='lat' dir='ltr'><strong>magna;</strong></span> <span class='ocrx_word' id='word_1_856' title='bbox 3194 5251 3249 5305; x_wconf 88' lang='lat' dir='ltr'><strong>in</strong></span> <span class='ocrx_word' id='word_1_857' title='bbox 3283 5248 3471 5321; x_wconf 80' lang='lat' dir='ltr'><strong>popula</strong></span> 
     </span>
    </p>
   </div>
   <div class='ocr_carea' id='block_1_111' title="bbox 1875 5345 2895 5426">
    <p class='ocr_par' dir='ltr' id='par_1_111' title="bbox 1875 5345 2895 5426">
     <span class='ocr_line' id='line_1_111' title="bbox 1875 5345 2895 5426; baseline -0.007 -16"><span class='ocrx_word' id='word_1_858' title='bbox 1875 5355 2016 5426; x_wconf 76' lang='lat' dir='ltr'><strong>gravi</strong></span> <span class='ocrx_word' id='word_1_859' title='bbox 2041 5351 2263 5410; x_wconf 82' lang='lat' dir='ltr'><strong>laudabo</strong></span> <span class='ocrx_word' id='word_1_860' title='bbox 2295 5360 2341 5404; x_wconf 88' lang='lat' dir='ltr'><strong>te</strong></span> <span class='ocrx_word' id='word_1_861' title='bbox 2364 5346 2538 5421; x_wconf 79' lang='lat' dir='ltr'><strong>(Psal.</strong></span> <span class='ocrx_word' id='word_1_862' title='bbox 2565 5361 2748 5415; x_wconf 77' lang='lat' dir='ltr'><strong>xxxrv,</strong></span> <span class='ocrx_word' id='word_1_863' title='bbox 2783 5345 2895 5417; x_wconf 84' lang='grc'><strong>18).</strong></span> 
     </span>
    </p>
   </div>
   <div class='ocr_carea' id='block_1_112' title="bbox 2418 5488 2938 5562">
    <p class='ocr_par' dir='ltr' id='par_1_112' title="bbox 2418 5488 2938 5562">
     <span class='ocr_line' id='line_1_112' title="bbox 2418 5488 2938 5562; baseline -0.008 -14"><span class='ocrx_word' id='word_1_864' title='bbox 2418 5489 2694 5548; x_wconf 86' lang='lat' dir='ltr'><strong>Conclusio</strong></span> <span class='ocrx_word' id='word_1_865' title='bbox 2730 5488 2938 5562; x_wconf 83' lang='lat' dir='ltr'><strong>psalmi.</strong></span> 
     </span>
    </p>
   </div>
   <div class='ocr_carea' id='block_1_113' title="bbox 1955 5629 3469 5712">
    <p class='ocr_par' dir='ltr' id='par_1_113' title="bbox 1955 5629 3469 5712">
     <span class='ocr_line' id='line_1_113' title="bbox 1955 5629 3469 5712; baseline -0.009 -14"><span class='ocrx_word' id='word_1_866' title='bbox 1955 5643 2159 5699; x_wconf 84' lang='lat' dir='ltr'><strong>Parvus</strong></span> <span class='ocrx_word' id='word_1_867' title='bbox 2203 5639 2419 5712; x_wconf 86' lang='lat' dir='ltr'><strong>quidem</strong></span> <span class='ocrx_word' id='word_1_868' title='bbox 2472 5636 2738 5708; x_wconf 87' lang='lat' dir='ltr'><strong>psalmus,</strong></span> <span class='ocrx_word' id='word_1_869' title='bbox 2788 5632 2883 5689; x_wconf 88' lang='lat' dir='ltr'><strong>sed</strong></span> <span class='ocrx_word' id='word_1_870' title='bbox 2930 5631 3168 5690; x_wconf 61' lang='lat' dir='ltr'><strong>caelestis</strong></span> <span class='ocrx_word' id='word_1_871' title='bbox 3211 5629 3469 5688; x_wconf 72' lang='lat' dir='ltr'><strong>doctrinm</strong></span> 
     </span>
    </p>
   </div>
   <div class='ocr_carea' id='block_1_114' title="bbox 1881 5725 3470 5802">
    <p class='ocr_par' dir='ltr' id='par_1_114' title="bbox 1881 5725 3470 5802">
     <span class='ocr_line' id='line_1_114' title="bbox 1881 5725 3470 5802; baseline -0.009 -10"><span class='ocrx_word' id='word_1_872' title='bbox 1881 5736 2125 5792; x_wconf 86' lang='lat' dir='ltr'><strong>ubertate</strong></span> <span class='ocrx_word' id='word_1_873' title='bbox 2173 5733 2407 5802; x_wconf 84' lang='lat' dir='ltr'><strong>repletus</strong></span> <span class='ocrx_word' id='word_1_874' title='bbox 2453 5740 2574 5787; x_wconf 86' lang='lat' dir='ltr'><strong>est:</strong></span> <span class='ocrx_word' id='word_1_875' title='bbox 2607 5730 2811 5785; x_wconf 90' lang='lat' dir='ltr'><strong>habens</strong></span> <span class='ocrx_word' id='word_1_876' title='bbox 2860 5728 2918 5782; x_wconf 90' lang='lat' dir='ltr'><strong>in</strong></span> <span class='ocrx_word' id='word_1_877' title='bbox 2964 5728 3205 5783; x_wconf 87' lang='lat' dir='ltr'><strong>versibus</strong></span> <span class='ocrx_word' id='word_1_878' title='bbox 3245 5725 3470 5796; x_wconf 77' lang='lat' dir='ltr'><strong>gratiam</strong></span> 
     </span>
    </p>
   </div>
   <div class='ocr_carea' id='block_1_115' title="bbox 1880 5814 3465 5893">
    <p class='ocr_par' dir='ltr' id='par_1_115' title="bbox 1880 5814 3465 5893">
     <span class='ocr_line' id='line_1_115' title="bbox 1880 5814 3465 5893; baseline -0.011 -9"><span class='ocrx_word' id='word_1_879' title='bbox 1880 5828 2174 5893; x_wconf 79' lang='lat' dir='ltr'><strong>brevitatis,</strong></span> <span class='ocrx_word' id='word_1_880' title='bbox 2193 5834 2245 5880; x_wconf 85' lang='lat' dir='ltr'><strong>et</strong></span> <span class='ocrx_word' id='word_1_881' title='bbox 2271 5824 2323 5878; x_wconf 87' lang='lat' dir='ltr'><strong>in</strong></span> <span class='ocrx_word' id='word_1_882' title='bbox 2349 5822 2597 5880; x_wconf 84' lang='lat' dir='ltr'><strong>sensibus</strong></span> <span class='ocrx_word' id='word_1_883' title='bbox 2618 5833 2867 5877; x_wconf 67' lang='lat' dir='ltr'><strong>extensus</strong></span> <span class='ocrx_word' id='word_1_884' title='bbox 2887 5820 3108 5875; x_wconf 81' lang='lat' dir='ltr'><strong>omnino</strong></span> <span class='ocrx_word' id='word_1_885' title='bbox 3134 5814 3465 5893; x_wconf 69' lang='lat' dir='ltr'><strong>latitudines.</strong></span> 
     </span>
    </p>
   </div>
   <div class='ocr_carea' id='block_1_116' title="bbox 1878 5912 3467 5993">
    <p class='ocr_par' dir='ltr' id='par_1_116' title="bbox 1878 5912 3467 5993">
     <span class='ocr_line' id='line_1_116' title="bbox 1878 5912 3467 5993; baseline -0.009 -15"><span class='ocrx_word' id='word_1_886' title='bbox 1878 5925 1972 5979; x_wconf 82' lang='lat' dir='ltr'><strong>lEic</strong></span> <span class='ocrx_word' id='word_1_887' title='bbox 2019 5922 2160 5977; x_wconf 70' lang='lat' dir='ltr'><strong>cllitll</strong></span> <span class='ocrx_word' id='word_1_888' title='bbox 2203 5928 2402 5981; x_wconf 74' lang='lat' dir='ltr'><strong>sancta:</strong></span> <span class='ocrx_word' id='word_1_889' title='bbox 2457 5915 2864 5976; x_wconf 74' lang='lat' dir='ltr'><strong>resurrectionis</strong></span> <span class='ocrx_word' id='word_1_890' title='bbox 2902 5914 3069 5989; x_wconf 75' lang='lat' dir='ltr'><strong>gratia</strong></span> <span class='ocrx_word' id='word_1_891' title='bbox 3118 5912 3335 5993; x_wconf 77' lang='lat' dir='ltr'><strong>dicitur,</strong></span> <span class='ocrx_word' id='word_1_892' title='bbox 3389 5912 3467 5993; x_wconf 62' lang='lat' dir='ltr'><strong>his</strong></span> 
     </span>
    </p>
   </div>
  </div>
