4004 6342
509 376 616 442 207

1719 371 1789 440 Μ.
1835 378 2120 442 Αυιιιειιι
2157 379 2561 451 CASSIOBMI

3680 396 3782 458 ωε

508 498 690 567 passio
717 494 929 554 Domini
957 493 1190 568 gloriosa
1219 495 1582 564 memoratur;
1614 506 1672 553 ut
1699 499 1843 555 nulla
1872 498 2095 556 tribula-
2119 504 2174 562 ιι
2199 501 2361 557 tentis
2391 501 2549 558 Verbi
2579 500 2948 560 incarnatione
2979 501 3244 574 provenit.
3267 502 3424 563 Unde
3463 505 3660 565 merito
3687 525 3784 581 pe-

508 592 583 646 tio
611 589 874 660 passionis
913 597 1130 660 terreat,
1155 604 1289 662 quos
1312 589 1724 647 resurrectionis
1752 607 1875 662 spes
1904 609 2094 665 magna

505 682 765 741 laetificat.
798 685 864 740 Et
907 685 1118 743 intuere
1159 694 1379 757 propter
1422 685 1649 758 gratiam
1700 687 1960 744 novitatis
2007 687 2096 744 hic

507 776 752 835 ordinem
800 776 969 837 fuisse
1013 775 1371 847 conve't’sum,
1415 787 1473 835 ut
1501 779 1766 850 inciperet
1789 794 1819 836 ι
1851 794 2096 838 resurre-

505 872 716 944 ctione,
743 889 905 949 quam
949 883 1074 948 post
1102 875 1410 948 passionem
1462 874 1680 933 Domini
1726 885 1941 934 constat
1968 891 2097 942 eve-

777 1089 1143 1170 EXposi'Tto
1179 1111 1248 1170 IN
1287 1109 1614 1170 PSALMUM
1654 1111 1826 1169 xxx.

927 1225 998 1283 In
1021 1229 1176 1299 ﬁnem
1205 1229 1431 1301 psalmus
1471 1227 1662 1284 David.

453 1319 481 1372 ’λ
579 1336 756 1399 Verba
777 1355 895 1413 quae
915 1340 1106 1398 titulus
1135 1343 1397 1410 continet,
1421 1342 1488 1399 ad
1516 1343 1797 1400 Dominum
1819 1341 2094 1400 Christum

503 1437 816 1509 frequenter
842 1437 1075 1493 diximus
1095 1451 1216 1493 esse
1239 1435 1540 1506 referenda,
1569 1436 1656 1494 cui
1685 1444 1826 1497 totus
1855 1436 2094 1506 psalmus

502 1529 772 1600 aptandus
793 1538 898 1597 est,
919 1528 1134 1601 quando
1154 1516 1270 1600 ejus
1294 1529 1598 1600 passionem
1617 1526 2097 1585 resurrectionem-

501 1637 608 1695 que
635 1621 902 1680 decantat.
946 1622 1117 1694 Loqui
1163 1622 1308 1677 enim
1341 1637 1408 1678 ex
1454 1629 1638 1677 nostra
1673 1619 1974 1676 humilitate
2013 1619 2096 1674 di-

501 1724 694 1785 gnatus
721 1727 836 1782 est,
869 1715 958 1788 qui
981 1715 1142 1772 etiam
1176 1714 1429 1770 sustinuit
1455 1712 1672 1768 humani
1700 1712 1943 1784 corporis
1969 1725 2093 1780 pas-

501 1805 714 1864 sionem
733 1823 746 1860 :
774 1821 870 1878 per
889 1821 985 1861 sua
1009 1819 1108 1863 nos
1124 1805 1336 1876 eloquia
1361 1805 1531 1861 bonus
1547 1803 1794 1876 Magister
1813 1802 2090 1870 erudiens,

481 1169 486 1182 I

479 1191 488 1240 ἓ

2204 595 2414 650 tebatnr
2459 596 2601 666 quod
2630 596 2806 654 adhuc
2860 597 3083 654 minime
3138 599 3465 670 probabatur
3513 602 3781 660 effectum.

2201 687 2484 760 Sequitur,
2511 691 2742 745 accelera
2770 699 2828 745 ut
2849 692 3042 762 eripias
3063 708 3165 761 me,
3196 691 3249 748 id
3278 702 3361 750 est
3391 693 3583 750 festina
3611 711 3788 755 resur-

2199 782 2492 839 rectionem
2515 782 2644 840 dare
2664 783 3023 854 celerrimam,
3042 798 3148 842 non
3169 784 3315 842 illam
3337 801 3610 844 morosam
3627 803 3788 860 quam

2199 875 2522 945 generalitas
2572 875 2747 930 adhuc
2798 876 3040 932 noscitur
3085 876 3371 935 sustinere.
3418 879 3548 936 Haec
3606 890 3788 939 autem

2198 966 2502 1038 frequentia
2530 970 2801 1040 petitionis
2848 971 3008 1028 docet
3034 986 3132 1028 nos
3157 972 3228 1028 ab
3267 973 3515 1030 oratione
3553 989 3662 1030 non
3685 975 3788 1034 de-

2197 1059 2328 1117 bere
2382 1061 2674 1132 suspendi,
2719 1061 2881 1118 etiam
2929 1077 3049 1119 cum
3089 1063 3566 1138 nobiscredimus
3609 1067 3787 1140 aliqua

2198 1169 2360 1226 posse
2385 1154 2628 1211 concedi.
2661 1155 2802 1211 Petit
2827 1171 3038 1229 quoque
3068 1165 3127 1212 ut
3168 1157 3238 1213 ab
3277 1156 3436 1228 hujus
3475 1160 3657 1217 saeculi
3687 1163 3788 1218 im-

2201 1246 2444 1317 portunis
2473 1247 2683 1304 insidiis
2712 1248 2894 1304 divina
2917 1251 3111 1306 virtute
3143 1259 3490 1323 protegatur,‘
3519 1267 3590 1310 ne
3610 1263 3788 1324 pateat

2196 1337 2430 1394 inimicis
2469 1338 2724 1396 derelicta
2753 1341 3104 1412 simplicitas;
3137 1343 3279 1398 sicut
3318 1344 3578 1414 scriptam
3623 1348 3789 1404 estin

2197 1431 2329 1488 Isaia
2370 1431 2630 1504 prapheta
2665 1450 2682 1488 :
2714 1433 2862 1490 Sicut
2902 1452 3064 1505 agnus
3107 1451 3281 1490 coram
3328 1438 3566 1493 tondente
3598 1455 3652 1494 se
3676 1442 3788 1496 sine

2195 1542 2332 1592 voce,
2364 1527 2437 1582 sic
2467 1544 2569 1582 non
2599 1529 2794 1600 aperuit
2822 1545 2878 1583 os
2905 1546 3057 1584 suum
3079 1527 3212 1601 (Isa.
3255 1547 3364 1600 un,
3399 1532 3475 1603 7).

2273 1618 2422 1674 Vers.
2457 1620 2510 1675 5.
2542 1617 2610 1672 Et
2639 1621 2690 1674 in
2721 1620 2928 1674 domum
2954 1621 3162 1692 refugii,
3195 1630 3249 1676 ut
3271 1621 3469 1676 salvum
3491 1639 3572 1678 me
3596 1623 3785 1694 facias.

2195 1711 2391 1767 Domus
2413 1721 2499 1769 est
2526 1713 2718 1786 refugii
2739 1713 2971 1784 gloriosa
3001 1717 3342 1784 resurrectio,
3369 1725 3644 1788 postquam
3672 1719 3787 1787 jam

2197 1805 2342 1861 nulla
2373 1806 2739 1863 imbecillitate
2764 1811 3090 1878 concutitur,
3119 1809 3212 1866 sed
3242 1811 3631 1882 incorruptibili
3663 1829 3786 1870 ma-

502 1906 646 1956 utet
687 1912 788 1956 nos
834 1898 1104 1954 imitantes
1141 1914 1323 1954 rerum
1365 1897 1666 1954 caelestium
1711 1895 2044 1966 disciplinam
2071 1935 2088 1962 ,
2123 1899 2168 1959 B
2191 1895 2388 1968 jestate
2431 1898 2736 1968 perfruitur.
2767 1901 2902 1956 Nam
2943 1911 3070 1958 tunc
3108 1904 3280 1958 salvus
3326 1903 3445 1972 fuit,
3476 1919 3596 1961 cum
3634 1921 3787 1965 mors

501 1991 737 2049 humiles
762 2007 826 2049 ac
871 1993 1050 2049 devoti
1092 1993 1262 2048 nostri
1307 1991 1499 2062 capitis
1548 1991 1689 2047 dicta
1718 2003 2088 2060 sequeremur.

497 2082 820 2143 Intuendum
865 2095 950 2143 est
993 2101 1124 2144 vero
1173 2086 1442 2156 psalmum
1494 2084 1638 2140 hunc
1688 2091 1940 2154 quartum
1969 2097 2092 2139 esse

497 2193 688 2236 eorum
730 2178 822 2251 qui
859 2177 928 2236 de
975 2178 1227 2250 passione
1267 2186 1324 2234 et
1371 2175 1770 2234 resurrectione
1820 2173 2088 2231 dominica

497 2274 736 2333 breviter
765 2273 969 2332 faciunt
995 2273 1348 2336 mentionem.

1075 2386 1273 2442 Divisio
1311 2385 1514 2456 psalmi.

570 2503 676 2562 Per
693 2501 1001 2560 universum
1027 2501 1293 2572 psalmum
1315 2500 1479 2557 verba
1511 2507 1636 2556 sunt
1664 2497 1872 2555 Domini
1901 2497 2085 2555 Salva-

497 2599 652 2658 toris.
694 2599 876 2655 Primo
905 2597 1148 2669 ingressu
1191 2604 1443 2668 precatur
1469 2595 1683 2652 Patrem
1732 2603 1792 2649 ut
1825 2593 1893 2650 de
1927 2589 2086 2648 malis

497 2689 902 2749 imminentibus
929 2689 1189 2746 liberetur
1211 2729 1230 2758 ,
1262 2703 1326 2744 ac
1349 2687 1541 2744 deinde
1573 2686 1880 2742 exauditum
1918 2700 1978 2741 se
1996 2684 2084 2739 in-

497 2783 805 2840 dubitsnter
865 2781 1117 2838 exsultat.
1165 2779 1416 2839 Secundo
1464 2777 1604 2834 redit
1657 2777 1725 2832 ad
1779 2776 2082 2846 passionem

493 2892 676 2947 suam,
726 2888 1014 2949 actumque
1058 2876 1140 2934 rei
1187 2890 1283 2946 per
1310 2875 1597 2931 allusiones
1636 2873 1813 2928 varias
1848 2872 2080 2928 mirabili

497 2972 812 3028 narratione
839 2969 1121 3026 describit.
1169 2967 1354 3024 Tertio
1380 2965 1706 3036 generaliter
1732 2963 1841 3034 agit
1881 2964 2080 3033 gratias

495 3079 595 3137 pro
623 3079 684 3121 se
723 3072 779 3120 et
799 3063 993 3134 populo
1025 3061 1192 3128 ﬁdeli,
1224 3061 1474 3132 quoniam
1505 3057 1796 3114 universali
1827 3055 2078 3112 Ecclesiae

494 3154 884 3213 misericordiae
930 3168 1044 3210 sum
1091 3151 1232 3207 dona
1284 3151 1509 3220 largitus
1561 3157 1646 3204 est
1680 3166 1694 3203 :
1730 3161 2076 3202 COlllmOHCDS

493 3250 658 3308 etiam
688 3258 906 3305 sanctos
941 3257 1000 3302 ut
1043 3247 1098 3302 in
1128 3243 1389 3301 charitate
1437 3243 1648 3298 Domini
1688 3250 2070 3312 perseverent,

491 3343 585 3418 qui
612 3351 669 3400 et
707 3343 970 3399 bonorum
1016 3338 1258 3409 praemia,
1299 3347 1355 3394 et
1392 3335 1654 3393 malorum
1695 3333 2078 3392 retributiones

492 3437 744 3509 superius
772 3434 1082 3493 audierunt.

1023 3545 1296 3620 Expositio
1333 3543 1545 3616 psalmi.

559 3666 715 3725 Vers.
744 3665 799 3722 ι.
829 3663 896 3722 In
931 3673 997 3732 te,
1031 3664 1276 3730 Domine,
1320 3660 1550 3732 speravi,
1579 3675 1683 3716 non
1713 3657 2002 3730 confundor
2020 3656 2078 3713 in

489 3770 766 3828 cternum;
791 3760 844 3814 in
889 3767 977 3814 tua
996 3756 1204 3831 justitia
1233 3755 1392 3810 libera
1439 3768 1539 3822 me,
1569 3763 1615 3806 et
1643 3752 1782 3821 eripe
1817 3767 1917 3805 me.
1949 3749 2078 3806 Per-

487 3855 834 3912 serutandum
883 3860 966 3908 est
1011 3849 1467 3922 quemadmodum
1521 3845 1830 3916 frequenter
1879 3843 2076 3901 similia

489 3951 634 4004 dicta
664 3945 815 4002 suavi
859 3945 1116 4000 varietate
1167 3950 1498 4012 repetantur.
1527 3940 1660 3995 Orat
1684 3937 1928 3995 Christus
1974 3936 2076 3992 Pa-

487 4053 624 4100 trem
649 4058 714 4098 ex
736 4051 922 4096 natura
951 4038 1300 4094 humanitatis
1325 4043 1612 4105 assumptus
1637 4075 1654 4103 ,
1679 4049 1747 4089 ne
1767 4033 1834 4090 de
1859 4049 1953 4089 sua
1977 4047 2076 4103 spe

486 4133 751 4205 deiectus,
801 4131 1047 4186 humanae
1077 4128 1438 4186 insultationis
1472 4129 1704 4196 patiatur
1745 4124 2070 4195 opprobria:

485 4225 721 4290 addens,
745 4225 801 4278 in
839 4234 1108 4286 internum,
1138 4223 1249 4291 98
1274 4219 1364 4276 ubi
1403 4218 1520 4289 ejus
1548 4218 1932 4286 contemplatio
1963 4217 2071 4271 lixa

481 4322 539 4370 et
565 4311 1012 4368 incommutabilis
1038 4311 1405 4380 permanebat.
1437 4308 1502 4364 In
1525 4319 1611 4364 tua
1643 4310 1874 4375 iustitia,
1908 4309 1958 4362 id
1990 4315 2074 4364 est

484 4395 588 4476 qua
609 4406 939 4462 consuevisti
965 4403 1250 4460 subvenire
1277 4403 1608 4474 rogantibus,
1641 4404 1733 4473 qui
1765 4403 2072 4459 firmissime

482 4499 551 4556 de
579 4509 669 4554 tua
701 4498 981 4574 majestate
1000 4497 1298 4552 conﬁdunt.
1329 4495 1534 4563 Libera,
1560 4495 1624 4551 ad
1649 4496 1882 4565 periculi
1911 4495 2074 4562 hujus

483 4590 667 4647 mundi
721 4592 952 4661 pertinet
996 4588 1328 4655 amovenda;
1377 4589 1557 4658 eripe,
1615 4587 1683 4642 ad
1740 4587 2071 4643 celeritatem

2194 1989 2242 2044 ei
2291 1989 2428 2044 ultra
2462 1990 2751 2060 praevalere
2797 2007 2901 2048 non
2935 1994 3127 2063 potuit.
3182 1993 3256 2049 Ita
3301 1995 3444 2066 quod
3493 1999 3674 2067 timet,
3712 2015 3786 2057 ex

2195 2083 2384 2148 nobis;
2417 2084 2557 2153 quod
2586 2085 2826 2152 conlidit,
2846 2087 3077 2158 propriae
3103 2087 3401 2146 Divinitatis
3423 2099 3526 2148 est.
3557 2091 3787 2151 Domum

2191 2189 2404 2248 quoque
2431 2177 2620 2248 refugii
2642 2177 2708 2232 ad
2733 2177 3029 2235 Ecclesiam
3059 2181 3378 2239 catholicam
3401 2183 3587 2241 dicunt
3610 2186 3785 2256 aliqui

2191 2271 2464 2343 pertinere
2491 2312 2507 2339 ,
2539 2273 2628 2329 ubi
2656 2289 2686 2328 a
2730 2282 2882 2344 parte
2907 2275 3268 2333 membrorum
3310 2279 3443 2348 petit
3480 2294 3538 2336 se
3581 2281 3784 2338 salvum

2189 2365 2326 2436 fieri,
2357 2365 2608 2436 quoniam
2642 2366 2698 2422 in
2727 2365 2841 2437 ipsa
2873 2383 3059 2424 revera
3103 2369 3280 2425 omnis
3311 2369 3652 2428 Christianus
3674 2377 3782 2430 sal-

2189 2469 2289 2510 vus
2348 2455 2611 2522 efﬁcitur;
2651 2456 2788 2512 sicut
2832 2459 2886 2512 in
2929 2471 3055 2513 arca
3101 2457 3214 2516 Noe
3250 2471 3525 2517 crescente
3572 2461 3782 2521 diluvio

2189 2548 2292 2605 soli
2318 2549 2451 2604 salvi
2483 2549 2608 2604 facti
2634 2557 2760 2605 sunt
2781 2549 2871 2621 qui
2897 2550 3127 2608 feliciter
3155 2552 3358 2611 intrare
3390 2565 3730 2612 meruerunt.

2262 2641 2414 2698 Vers.
2443 2643 2498 2699 4.
2529 2642 2785 2708 Quoniam
2811 2645 3190 2712 ﬁrmamentum
3217 2662 3388 2701 meum
3426 2656 3476 2703 et
3517 2650 3779 2720 refugium

2185 2751 2352 2791 meum
2378 2751 2432 2790 es
2459 2742 2515 2790 tu
2539 2745 2626 2801 ;et
2653 2746 2864 2807 propter
2886 2753 3069 2793 nomen
3101 2747 3242 2793 tuum
3279 2740 3388 2794 dua:
3415 2741 3543 2795 mihi
3567 2743 3700 2809 eris,
3730 2751 3778 2797 et

2183 2829 2406 2884 enutries
2431 2844 2534 2883 me.
2569 2826 2980 2884 Firmamentum
3002 2831 3234 2901 pertinet
3258 2832 3324 2887 ad
3349 2833 3626 2890 toleranda
3656 2850 3776 2906 qua

2182 2938 2372 2994 passus
2417 2931 2532 2989 est,
2581 2924 2836 2995 refugium
2886 2925 2953 2979 ad
3007 2924 3167 2981 linem
3203 2925 3465 2982 malorum
3493 2967 3510 2996 ,
3559 2929 3776 2996 quando

2181 3016 2334 3072 istius
2364 3013 2547 3071 saeculi
2577 3013 2884 3085 iniquitates
2911 3016 3165 3087 gloriosae
3197 3019 3386 3074 mortis
3414 3021 3520 3078 line
3549 3036 3776 3092 supera-

2180 3112 2275 3166 vit.
2301 3111 2552 3181 Sequitur
2577 3128 2590 3166 :
2623 3110 2692 3165 Et
2723 3123 2928 3186 propter
2972 3130 3153 3170 nomen
3184 3125 3326 3170 tuum
3352 3117 3459 3173 dua:
3487 3119 3615 3176 mihi
3644 3121 3771 3179 eris.

2180 3202 2402 3274 Pr0pter
2441 3221 2622 3260 nomen
2651 3220 2805 3260 suum
2838 3206 3094 3264 Dominus
3133 3209 3240 3264 dua:
3267 3219 3378 3266 erat
3417 3212 3768 3286 humanitati,

2105 3283 2152 3350 C
2183 3297 2432 3366 quoniam
2462 3297 2589 3353 illud
2613 3298 2773 3354 latius
2801 3315 2900 3371 per
2931 3302 3206 3358 universas
3228 3312 3417 3374 gentes
3448 3304 3574 3361 fecit
3602 3283 3772 3378 agno;

2180 3389 2289 3454 sci,
2338 3389 2688 3448 saluberrima
2723 3393 3102 3462 praedicatione
3151 3397 3382 3467 vulgata.
3428 3397 3556 3454 Sive
3601 3398 3710 3456 hoc
3739 3415 3770 3460 α

2179 3487 2439 3542 membris
2467 3487 2859 3557 accipiendum,
2911 3488 3050 3543 sicut
3091 3502 3252 3561 supra
3278 3487 3390 3560 jam
3420 3491 3618 3547 dictum
3658 3502 3769 3552 est.

2180 3577 2303 3633 Dux
2327 3576 2468 3634 enim
2513 3585 2696 3634 noster
2717 3578 2984 3634 veraciter
3006 3578 3222 3648 dicitur,
3251 3581 3464 3651 quando
3501 3584 3649 3638 illum
3677 3599 3770 3642 se.

2188 3674 2424 3747 quimur,
2456 3681 2510 3730 et
2549 3673 2943 3744 praedicationis
2967 3673 3086 3744 ejus
3128 3675 3351 3748 vestigia
3378 3691 3485 3733 non
3507 3676 3767 3734 vitamus.

2179 3768 2400 3824 Addidit
2437 3766 2622 3833 etiam,
2655 3767 2930 3820 enutritum
2959 3781 3041 3827 se.
3072 3781 3352 3838 quousque
3378 3769 3443 3824 ad
3476 3768 3770 3839 perfectio-

2185 3875 2305 3917 nem
2338 3857 2598 3914 eatholica
2631 3857 2866 3913 Ecclesia
2897 3857 3064 3927 ipsius
3091 3873 3315 3915 munere
3344 3861 3670 3930 perveniret.

2251 3951 2406 4006 Vers.
2449 3949 2503 4005 5.
2536 3949 2741 4004 Educes
2768 3965 2848 4004 me
2888 3951 2951 4004 de
2978 3950 3158 4023 laqueo
3203 3951 3327 4020 isto,
3361 3969 3510 4023 quem
3537 3955 3771 4010 occulta-

2177 4050 2355 4099 verunt
2383 4043 2530 4108 mihi,
2562 4043 2807 4113 quoniam
2848 4050 2904 4096 tu
2947 4059 3002 4098 es
3033 4052 3289 4112 protector
3317 4060 3488 4110 meus,
3522 4043 3772 4102 Domine.

2182 4135 2482 4190 Occultatus
2512 4142 2596 4189 est
2621 4134 2838 4205 quidem
2879 4134 2946 4191 ab
2984 4135 3218 4192 inimicis
3246 4135 3491 4207 laqueus,
3526 4135 3618 4192 sed
3648 4152 3772 4194 non

2176 4229 2266 4300 qui
2296 4227 2510 4284 Christo
2539 4235 2684 4282 esset
2707 4227 2976 4294 occultus,
3025 4242 3124 4284 nec
3154 4229 3210 4283 in
3237 4237 3466 4284 mortem
3503 4229 3772 4298 deceptus

2177 4319 2385 4388 incidit,
2414 4317 2507 4374 sed
2534 4318 2715 4372 sciens
2740 4331 2859 4373 eam
2887 4331 2985 4387 pro
3027 4327 3212 4372 nostra
3239 4317 3556 4374 liberatione
3583 4331 3773 4374 susce-

2176 4414 2276 4483 pit.
2303 4412 2445 4482 Ergo
2471 4412 2710 4479 laqueum
2743 4412 3122 4468 occultaverunt
3149 4412 3320 4470 Judaei
3355 4412 3589 4476 Christo,
3631 4412 3773 4481 quia

2178 4512 2382 4560 tantum
2436 4504 2705 4560 hominem
2731 4505 3044 4572 credentes,
3095 4505 3320 4561 occultis
3358 4520 3482 4561 eum
3529 4503 3774 4573 perdere

2178 4597 2620 4654 machinabantur
2645 4597 2878 4654 insidiis.
2923 4597 3072 4654 Unde
3091 4612 3151 4654 se
3173 4597 3304 4654 dicit
3323 4598 3670 4664 educendum,
3713 4596 3798 4676 id

481 4683 704 4752 reSpieit
729 4682 910 4738 auxilii
938 4700 950 4736 :
976 4697 1044 4738 ne
1071 4683 1162 4737 illa
1191 4681 1520 4737 resurrectio
1551 4680 1753 4735 mundo
1781 4680 2069 4736 saluberri-
2098 4679 2154 4741 D
2177 4701 2258 4748 εει
2278 4689 2690 4747 resurrectionis
2716 4689 2978 4746 beneﬁcio
3009 4689 3072 4743 ad
3106 4703 3338 4758 superna
3368 4688 3621 4744 νοιοεειει-
3643 4686 3775 4744 ειθ.

483 4791 569 4830 ma
603 4777 923 4831 tardaretur.
956 4774 1116 4844 Eripe
1142 4784 1321 4829 autem
1345 4783 1557 4829 constat
1577 4789 1607 4827 a
1631 4773 1888 4844 rapiendo
1920 4789 2070 4830 eom-

483 4869 738 4940 positum.
797 4869 1134 4938 Quapropter
1195 4869 1392 4924 merito
1451 4867 1759 4938 imploravit
1807 4868 2070 4938 justitiam

481 4960 717 5029 Domini,
747 4961 834 5031 qui
867 4975 926 5016 se
946 4969 1169 5016 noverat
1197 4975 1293 5030 per
1321 4959 1532 5030 iniquos
1549 4974 1850 5029 passurum.
1873 4959 1918 5016 Ο
1947 4975 2073 5018 vere

483 5053 726 5110 miranda
757 5061 812 5108 et
833 5052 1011 5108 divina
1035 5051 1382 5108 commutatio
1408 5052 1421 5106 ι
1457 5053 1676 5122 Accepit
1712 5066 1921 5119 necem,
1951 5051 2072 5108 red-

480 5146 618 5202 didit
638 5145 900 5212 salutem;
933 5145 1152 5215 pertulit
1179 5145 1420 5214 injurias,
1455 5144 1640 5200 tribuit
1680 5148 1950 5211 honores;
1981 5146 2074 5201 do-

479 5238 648 5294 lorem
663 5239 914 5308 sumpsit,
938 5237 1167 5293 contulit
1185 5237 1498 5308 sospitatem
1516 5255 1530 5305 ;
1549 5247 1604 5294 et
1623 5239 1769 5294 solus
1789 5247 1845 5296 et
1863 5253 2073 5297 summe

483 5331 623 5401 pius,
653 5329 747 5400 qui
775 5329 950 5385 dulcia
979 5329 1254 5400 praestitit,
1283 5345 1404 5384 eum
1433 5346 1613 5385 amara
1641 5333 1958 5403 susceperit.

549 5424 705 5482 Vere.
754 5423 808 5478 2.
857 5421 1066 5477 Inclina
1114 5424 1182 5476 ad
1207 5439 1288 5477 me
1330 5440 1510 5478 aurem
1560 5434 1722 5493 tuam,
1753 5426 1978 5479 accelera
2015 5432 2071 5480 ut

475 5516 666 5592 eripias
709 5531 830 5571 me:
856 5524 960 5570 esto
985 5515 1112 5569 mihi
1160 5515 1214 5570 in
1243 5514 1404 5570 Deum
1445 5524 1797 5585 protectorem.
1829 5515 2069 5584 Inclina,

473 5609 643 5679 dixit,
671 5624 846 5665 aurem
885 5616 1044 5678 tuam,
1069 5616 1291 5679 propter
1319 5609 1682 5664 membrorum
1721 5622 1938 5664 suorum
1968 5607 2068 5663 hu-

475 5705 786 5768 militatem;
817 5710 879 5758 ut
905 5703 1154 5773 quoniam
1204 5716 1298 5771 per
1342 5709 1590 5756 naturam
1630 5716 1779 5756 suam
1829 5701 2064 5757 humana

2177 4779 2432 4836 vandum.
2479 4779 2590 4835 Sed
2642 4779 2824 4835 omnia
2870 4779 3095 4834 consilia
3123 4777 3429 4834 Iudaeorum
3459 4777 3585 4833 dicit
3632 4791 3778 4836 esse

2176 4870 2513 4940 frustranda,
2543 4869 2698 4940 quia,
2733 4869 2960 4924 Domino
3007 4877 3322 4940 protegente
3389 4869 3537 4926 nulla
3583 4875 3782 4938 potest

2129 5034 2138 5044 .
2177 4962 2472 5017 adversitas
2493 4961 2810 5031 prmvalere.

2247 5053 2402 5110 Vers.
2431 5053 2485 5109 6.
2520 5051 2588 5108 In
2619 5069 2804 5109 manus
2824 5061 2939 5112 tuas
2965 5055 3268 5111 commendo
3291 5055 3530 5127 spiritum
3557 5069 3736 5110 meum
3753 5067 3779 5110 :

2173 5143 2433 5198 redemisti
2473 5158 2575 5212 me,
2607 5141 2850 5216 Domine,
2880 5143 3020 5202 Deus
3067 5147 3312 5202 veritatis.
3343 5145 3778 5203 Consideremus

2174 5251 2270 5294 cur
2319 5237 2406 5293 hic
2445 5252 2726 5294 sermones
2773 5239 2874 5309 ipsi
2919 5239 3029 5294 sint
3075 5239 3258 5309 positi,
3305 5255 3440 5310 quos
3487 5238 3778 5310 Evangelii

2175 5339 2352 5387 textus
2379 5331 2670 5402 eloquitur.
2701 5331 2832 5387 Nam
2872 5339 2928 5386 et
2967 5331 3039 5386 ibi
3069 5331 3148 5391 sic
3194 5332 3307 5387 ait:
3341 5330 3410 5386 In
3439 5349 3620 5388 manus
3646 5343 3778 5388 tuas

2173 5424 2471 5480 coinmendo
2494 5426 2732 5496 spiritum
2769 5441 2968 5490 meum;
2993 5434 3040 5478 et
3067 5425 3313 5481 inclinato
3339 5427 3504 5499 capite
3535 5426 3778 5482 reddidit

2173 5519 2413 5588 spiritum
2431 5517 2584 5589 (Luc.
2605 5533 2756 5584 xxi",
2771 5517 2860 5587 46)
2878 5531 2892 5583 ;
2913 5515 3119 5573 scilicet
3142 5524 3272 5572 utet
3295 5518 3378 5572 hic
3403 5531 3774 5588 cognosceres

2175 5611 2339 5666 fuisse
2371 5610 2628 5676 locutum,
2677 5610 2767 5680 qui
2811 5619 2928 5679 post
2971 5617 3050 5665 tot
3077 5610 3294 5676 saecula,
3335 5610 3525 5667 eadem
3553 5617 3668 5666 erat
3705 5609 3772 5671 in

2170 5718 2331 5760 cruce
2362 5705 2564 5773 positus
2594 5703 2753 5758 verba
2783 5703 3044 5759 dicturus.
3097 5701 3166 5758 In
3197 5721 3375 5759 manus
3407 5712 3551 5769 tuas,
3581 5704 3631 5756 in
3663 5717 3771 5758 ve-

447 5795 713 5854 -conditio
757 5793 825 5850 ad
874 5793 1213 5850 Divinitatetn
1260 5809 1366 5849 non
1413 5801 1622 5863 poterat
1671 5793 1968 5866 attingere,
1996 5793 2063 5850 ad
2166 5793 2328 5850 ritate
2367 5802 2494 5862 tua,
2547 5807 2647 5864 qua
2695 5793 2925 5863 benigna
2963 5800 3019 5850 et
3059 5793 3204 5864 justa
3245 5808 3460 5866 semper
3488 5792 3772 5864 operaria.

471 5904 593 5952 eam
621 5887 881 5948 Diviuitas
928 5887 1182 5947 inclinata
1231 5885 1614 5955 descenderet,
1646 5888 1787 5961 quod
1817 5886 2063 5961 omnipo-
2165 5885 2498 5948 Commendat
2533 5884 2714 5962 itaque
2742 5883 2887 5946 Patri
2935 5884 3363 5954 inaestimabilem
3405 5885 3728 5946 thesaurum
3747 5921 3780 5966 ι

3967 4475 3969 4548 ι
