  <div class='ocr_page' id='page_1' title='image "/cluster/home/n/w/nwhite01/storage/ocr_20150623/70/hvd.32044015469356/110.png"; bbox 0 0 4004 6342; ppageno 0'>
   <div class='ocr_carea' id='block_1_1' title="bbox 268 391 377 450">
    <p class='ocr_par' dir='ltr' id='par_1_1' title="bbox 268 391 377 450">
     <span class='ocr_line' id='line_1_1' title="bbox 268 391 377 450; baseline -0.018 0"><span class='ocrx_word' id='word_1_1' title='bbox 268 391 377 450; x_wconf 74' lang='lat'><strong>209</strong></span> 
     </span>
    </p>
   </div>
   <div class='ocr_carea' id='block_1_2' title="bbox 1198 378 2613 449">
    <p class='ocr_par' dir='ltr' id='par_1_2' title="bbox 1198 378 2613 449">
     <span class='ocr_line' id='line_1_2' title="bbox 1198 378 2613 449; baseline 0 -4"><span class='ocrx_word' id='word_1_2' title='bbox 1198 388 1556 449; x_wconf 79' lang='lat' dir='ltr'><strong>EXPOSITIO</strong></span> <span class='ocrx_word' id='word_1_3' title='bbox 1594 388 1662 448; x_wconf 87' lang='lat' dir='ltr'><strong>IN</strong></span> <span class='ocrx_word' id='word_1_4' title='bbox 1704 378 2166 448; x_wconf 72' lang='lat' dir='ltr'><strong>PSALTERIUM.</strong></span> <span class='ocrx_word' id='word_1_5' title='bbox 2208 387 2402 447; x_wconf 79' lang='lat' dir='ltr'><strong>PSAL.</strong></span> <span class='ocrx_word' id='word_1_6' title='bbox 2445 385 2613 447; x_wconf 76' lang='lat' dir='ltr'><strong>XXX.</strong></span> 
     </span>
    </p>
   </div>
   <div class='ocr_carea' id='block_1_3' title="bbox 3435 388 3543 445">
    <p class='ocr_par' dir='ltr' id='par_1_3' title="bbox 3435 388 3543 445">
     <span class='ocr_line' id='line_1_3' title="bbox 3435 388 3543 445; baseline 0 -1"><span class='ocrx_word' id='word_1_7' title='bbox 3435 388 3543 445; x_wconf 73' lang='grc'><strong>210</strong></span> 
     </span>
    </p>
   </div>
   <div class='ocr_carea' id='block_1_4' title="bbox 269 505 3548 581">
    <p class='ocr_par' dir='ltr' id='par_1_4' title="bbox 269 505 3548 581">
     <span class='ocr_line' id='line_1_4' title="bbox 269 505 3548 581; baseline -0.001 -14"><span class='ocrx_word' id='word_1_8' title='bbox 269 510 512 568; x_wconf 79' lang='lat' dir='ltr'><strong>animam</strong></span> <span class='ocrx_word' id='word_1_9' title='bbox 541 506 792 565; x_wconf 75' lang='lat' dir='ltr'><strong>videlicet</strong></span> <span class='ocrx_word' id='word_1_10' title='bbox 836 505 982 564; x_wconf 86' lang='lat' dir='ltr'><strong>illam</strong></span> <span class='ocrx_word' id='word_1_11' title='bbox 1024 520 1141 578; x_wconf 69' lang='lat' dir='ltr'><strong>qum</strong></span> <span class='ocrx_word' id='word_1_12' title='bbox 1167 507 1473 565; x_wconf 75' lang='lat' dir='ltr'><strong>voluntates</strong></span> <span class='ocrx_word' id='word_1_13' title='bbox 1517 508 1684 578; x_wconf 85' lang='lat' dir='ltr'><strong>ipsius</strong></span> <span class='ocrx_word' id='word_1_14' title='bbox 1723 522 1855 578; x_wconf 87' lang='lat' dir='ltr'><strong>pura</strong></span> <span class='ocrx_word' id='word_1_15' title='bbox 1885 510 1939 573; x_wconf 80' lang='grc' dir='ltr'><strong>Α</strong></span> <span class='ocrx_word' id='word_1_16' title='bbox 1960 506 2169 562; x_wconf 80' lang='lat' dir='ltr'><strong>reddita</strong></span> <span class='ocrx_word' id='word_1_17' title='bbox 2202 516 2284 563; x_wconf 91' lang='lat' dir='ltr'><strong>cst</strong></span> <span class='ocrx_word' id='word_1_18' title='bbox 2311 506 2482 563; x_wconf 89' lang='lat' dir='ltr'><strong>modis</strong></span> <span class='ocrx_word' id='word_1_19' title='bbox 2505 506 2755 564; x_wconf 86' lang='lat' dir='ltr'><strong>omnibus</strong></span> <span class='ocrx_word' id='word_1_20' title='bbox 2782 506 2981 567; x_wconf 87' lang='lat' dir='ltr'><strong>aliena.</strong></span> <span class='ocrx_word' id='word_1_21' title='bbox 3010 505 3281 581; x_wconf 80' lang='lat' dir='ltr'><strong>Sequitur,</strong></span> <span class='ocrx_word' id='word_1_22' title='bbox 3306 522 3404 563; x_wconf 87' lang='lat' dir='ltr'><strong>nec</strong></span> <span class='ocrx_word' id='word_1_23' title='bbox 3424 523 3548 564; x_wconf 87' lang='lat' dir='ltr'><strong>con-</strong></span> 
     </span>
    </p>
   </div>
   <div class='ocr_carea' id='block_1_5' title="bbox 271 600 1860 671">
    <p class='ocr_par' dir='ltr' id='par_1_5' title="bbox 271 600 1860 671">
     <span class='ocr_line' id='line_1_5' title="bbox 271 600 1860 671; baseline -0.004 -9"><span class='ocrx_word' id='word_1_24' title='bbox 271 603 570 662; x_wconf 87' lang='lat' dir='ltr'><strong>intentione</strong></span> <span class='ocrx_word' id='word_1_25' title='bbox 596 600 840 657; x_wconf 90' lang='lat' dir='ltr'><strong>faciebat.</strong></span> <span class='ocrx_word' id='word_1_26' title='bbox 881 601 1104 670; x_wconf 85' lang='lat' dir='ltr'><strong>Dignum</strong></span> <span class='ocrx_word' id='word_1_27' title='bbox 1133 616 1262 671; x_wconf 86' lang='lat' dir='ltr'><strong>ergo</strong></span> <span class='ocrx_word' id='word_1_28' title='bbox 1288 602 1386 656; x_wconf 91' lang='lat' dir='ltr'><strong>fuit</strong></span> <span class='ocrx_word' id='word_1_29' title='bbox 1406 610 1463 656; x_wconf 92' lang='lat' dir='ltr'><strong>ut</strong></span> <span class='ocrx_word' id='word_1_30' title='bbox 1492 610 1641 657; x_wconf 88' lang='lat' dir='ltr'><strong>tanto</strong></span> <span class='ocrx_word' id='word_1_31' title='bbox 1684 615 1860 657; x_wconf 87' lang='lat' dir='ltr'><strong>susce-</strong></span> 
     </span>
    </p>
   </div>
   <div class='ocr_carea' id='block_1_6' title="bbox 272 693 1863 770">
    <p class='ocr_par' dir='ltr' id='par_1_6' title="bbox 272 693 1863 770">
     <span class='ocr_line' id='line_1_6' title="bbox 272 693 1863 770; baseline -0.002 -18"><span class='ocrx_word' id='word_1_32' title='bbox 272 696 417 770; x_wconf 59' lang='grc' dir='ltr'>ιιι)τί</span> <span class='ocrx_word' id='word_1_33' title='bbox 466 693 590 750; x_wconf 81' lang='lat' dir='ltr'><strong>talis</strong></span> <span class='ocrx_word' id='word_1_34' title='bbox 641 694 1085 748; x_wconf 89' lang='lat' dir='ltr'><strong>commendaretur</strong></span> <span class='ocrx_word' id='word_1_35' title='bbox 1134 694 1362 761; x_wconf 87' lang='lat' dir='ltr'><strong>spiritus.</strong></span> <span class='ocrx_word' id='word_1_36' title='bbox 1415 693 1757 763; x_wconf 75' lang='lat' dir='ltr'><strong>Redemptum</strong></span> <span class='ocrx_word' id='word_1_37' title='bbox 1804 708 1863 749; x_wconf 82' lang='lat' dir='ltr'><strong>se</strong></span> 
     </span>
    </p>
   </div>
   <div class='ocr_carea' id='block_1_7' title="bbox 273 783 1863 855">
    <p class='ocr_par' dir='ltr' id='par_1_7' title="bbox 273 783 1863 855">
     <span class='ocr_line' id='line_1_7' title="bbox 273 783 1863 855; baseline -0.002 -12"><span class='ocrx_word' id='word_1_38' title='bbox 273 787 474 844; x_wconf 79' lang='lat' dir='ltr'><strong>deinde</strong></span> <span class='ocrx_word' id='word_1_39' title='bbox 515 800 639 842; x_wconf 89' lang='lat' dir='ltr'><strong>esse</strong></span> <span class='ocrx_word' id='word_1_40' title='bbox 687 785 1027 842; x_wconf 87' lang='lat' dir='ltr'><strong>testificatur.</strong></span> <span class='ocrx_word' id='word_1_41' title='bbox 1062 783 1170 841; x_wconf 85' lang='lat' dir='ltr'><strong>Sed</strong></span> <span class='ocrx_word' id='word_1_42' title='bbox 1211 783 1483 839; x_wconf 84' lang='lat' dir='ltr'><strong>videamus</strong></span> <span class='ocrx_word' id='word_1_43' title='bbox 1517 800 1623 855; x_wconf 90' lang='lat' dir='ltr'><strong>quo</strong></span> <span class='ocrx_word' id='word_1_44' title='bbox 1650 785 1863 855; x_wconf 73' lang='lat' dir='ltr'><strong>pretio?</strong></span> 
     </span>
    </p>
   </div>
   <div class='ocr_carea' id='block_1_8' title="bbox 273 878 1867 951">
    <p class='ocr_par' dir='ltr' id='par_1_8' title="bbox 273 878 1867 951">
     <span class='ocr_line' id='line_1_8' title="bbox 273 878 1867 951; baseline -0.004 -14"><span class='ocrx_word' id='word_1_45' title='bbox 273 880 372 937; x_wconf 88' lang='lat' dir='ltr'><strong>lllo</strong></span> <span class='ocrx_word' id='word_1_46' title='bbox 400 881 607 939; x_wconf 81' lang='lat' dir='ltr'><strong>scilicet</strong></span> <span class='ocrx_word' id='word_1_47' title='bbox 632 895 737 951; x_wconf 92' lang='lat' dir='ltr'><strong>quo</strong></span> <span class='ocrx_word' id='word_1_48' title='bbox 764 878 1057 949; x_wconf 78' lang='lat' dir='ltr'><strong>Apostolus</strong></span> <span class='ocrx_word' id='word_1_49' title='bbox 1098 878 1229 933; x_wconf 83' lang='lat' dir='ltr'><strong>dicit</strong></span> <span class='ocrx_word' id='word_1_50' title='bbox 1262 895 1275 931; x_wconf 89' lang='lat'><strong>:</strong></span> <span class='ocrx_word' id='word_1_51' title='bbox 1305 878 1649 949; x_wconf 88' lang='lat' dir='ltr'><strong>Semetipsum</strong></span> <span class='ocrx_word' id='word_1_52' title='bbox 1688 878 1867 931; x_wconf 75' lang='lat' dir='ltr'><strong>exina—</strong></span> 
     </span>
    </p>
   </div>
   <div class='ocr_carea' id='block_1_9' title="bbox 276 967 1865 1045">
    <p class='ocr_par' dir='ltr' id='par_1_9' title="bbox 276 967 1865 1045">
     <span class='ocr_line' id='line_1_9' title="bbox 276 967 1865 1045; baseline -0.002 -19"><span class='ocrx_word' id='word_1_53' title='bbox 276 975 401 1028; x_wconf 73' lang='lat' dir='ltr'><strong>nivit</strong></span> <span class='ocrx_word' id='word_1_54' title='bbox 451 976 672 1045; x_wconf 82' lang='lat' dir='ltr'><strong>formant</strong></span> <span class='ocrx_word' id='word_1_55' title='bbox 715 971 847 1026; x_wconf 87' lang='lat' dir='ltr'><strong>servi</strong></span> <span class='ocrx_word' id='word_1_56' title='bbox 900 971 1155 1039; x_wconf 87' lang='lat' dir='ltr'><strong>accipiens</strong></span> <span class='ocrx_word' id='word_1_57' title='bbox 1197 967 1420 1039; x_wconf 77' lang='lat' dir='ltr'><strong>(Philip.</strong></span> <span class='ocrx_word' id='word_1_58' title='bbox 1476 984 1544 1035; x_wconf 85' lang='lat' dir='ltr'><strong>tt,</strong></span> <span class='ocrx_word' id='word_1_59' title='bbox 1593 968 1671 1039; x_wconf 91' lang='grc'><strong>7).</strong></span> <span class='ocrx_word' id='word_1_60' title='bbox 1705 968 1865 1024; x_wconf 82' lang='lat' dir='ltr'><strong>Vides</strong></span> 
     </span>
    </p>
   </div>
   <div class='ocr_carea' id='block_1_10' title="bbox 276 1058 1864 1137">
    <p class='ocr_par' dir='ltr' id='par_1_10' title="bbox 276 1058 1864 1137">
     <span class='ocr_line' id='line_1_10' title="bbox 276 1058 1864 1137; baseline -0.004 -19"><span class='ocrx_word' id='word_1_61' title='bbox 276 1081 437 1137; x_wconf 78' lang='lat' dir='ltr'><strong>quam</strong></span> <span class='ocrx_word' id='word_1_62' title='bbox 486 1079 735 1134; x_wconf 80' lang='lat' dir='ltr'><strong>magnum</strong></span> <span class='ocrx_word' id='word_1_63' title='bbox 784 1062 1013 1133; x_wconf 83' lang='lat' dir='ltr'><strong>pretium</strong></span> <span class='ocrx_word' id='word_1_64' title='bbox 1059 1060 1191 1128; x_wconf 89' lang='lat' dir='ltr'><strong>fuit,</strong></span> <span class='ocrx_word' id='word_1_65' title='bbox 1222 1066 1279 1115; x_wconf 87' lang='lat' dir='ltr'><strong>ut</strong></span> <span class='ocrx_word' id='word_1_66' title='bbox 1328 1058 1668 1130; x_wconf 88' lang='lat' dir='ltr'><strong>majestatem</strong></span> <span class='ocrx_word' id='word_1_67' title='bbox 1710 1074 1864 1113; x_wconf 87' lang='lat' dir='ltr'><strong>suam</strong></span> 
     </span>
    </p>
   </div>
   <div class='ocr_carea' id='block_1_11' title="bbox 275 1153 1866 1229">
    <p class='ocr_par' dir='ltr' id='par_1_11' title="bbox 275 1153 1866 1229">
     <span class='ocr_line' id='line_1_11' title="bbox 275 1153 1866 1229; baseline -0.005 -14"><span class='ocrx_word' id='word_1_68' title='bbox 275 1174 448 1229; x_wconf 85' lang='lat' dir='ltr'><strong>usque</strong></span> <span class='ocrx_word' id='word_1_69' title='bbox 474 1158 540 1213; x_wconf 89' lang='lat' dir='ltr'><strong>ad</strong></span> <span class='ocrx_word' id='word_1_70' title='bbox 583 1172 800 1213; x_wconf 89' lang='lat' dir='ltr'><strong>carnem</strong></span> <span class='ocrx_word' id='word_1_71' title='bbox 850 1154 1083 1210; x_wconf 82' lang='lat' dir='ltr'><strong>hominis</strong></span> <span class='ocrx_word' id='word_1_72' title='bbox 1134 1154 1441 1221; x_wconf 83' lang='lat' dir='ltr'><strong>inclinaret,</strong></span> <span class='ocrx_word' id='word_1_73' title='bbox 1470 1167 1638 1221; x_wconf 85' lang='lat' dir='ltr'><strong>seque</strong></span> <span class='ocrx_word' id='word_1_74' title='bbox 1681 1153 1866 1208; x_wconf 87' lang='lat' dir='ltr'><strong>exina-</strong></span> 
     </span>
    </p>
   </div>
   <div class='ocr_carea' id='block_1_12' title="bbox 276 1242 1865 1316">
    <p class='ocr_par' dir='ltr' id='par_1_12' title="bbox 276 1242 1865 1316">
     <span class='ocr_line' id='line_1_12' title="bbox 276 1242 1865 1316; baseline -0.004 -10"><span class='ocrx_word' id='word_1_75' title='bbox 276 1252 433 1316; x_wconf 77' lang='lat' dir='ltr'><strong>nivit,</strong></span> <span class='ocrx_word' id='word_1_76' title='bbox 465 1258 524 1305; x_wconf 92' lang='lat' dir='ltr'><strong>ut</strong></span> <span class='ocrx_word' id='word_1_77' title='bbox 548 1248 857 1305; x_wconf 74' lang='lat' dir='ltr'><strong>etelestibus</strong></span> <span class='ocrx_word' id='word_1_78' title='bbox 879 1246 1110 1301; x_wconf 89' lang='lat' dir='ltr'><strong>humana</strong></span> <span class='ocrx_word' id='word_1_79' title='bbox 1141 1244 1453 1314; x_wconf 84' lang='lat' dir='ltr'><strong>compleret.</strong></span> <span class='ocrx_word' id='word_1_80' title='bbox 1488 1242 1594 1300; x_wconf 91' lang='lat' dir='ltr'><strong>Sed</strong></span> <span class='ocrx_word' id='word_1_81' title='bbox 1628 1245 1865 1299; x_wconf 90' lang='lat' dir='ltr'><strong>utistum</strong></span> 
     </span>
    </p>
   </div>
   <div class='ocr_carea' id='block_1_13' title="bbox 276 1338 1864 1410">
    <p class='ocr_par' dir='ltr' id='par_1_13' title="bbox 276 1338 1864 1410">
     <span class='ocr_line' id='line_1_13' title="bbox 276 1338 1864 1410; baseline -0.004 -8"><span class='ocrx_word' id='word_1_82' title='bbox 276 1346 566 1402; x_wconf 86' lang='lat' dir='ltr'><strong>Dominum</strong></span> <span class='ocrx_word' id='word_1_83' title='bbox 610 1343 887 1398; x_wconf 82' lang='lat' dir='ltr'><strong>evidenter</strong></span> <span class='ocrx_word' id='word_1_84' title='bbox 929 1340 1265 1405; x_wconf 89' lang='lat' dir='ltr'><strong>adverteres,</strong></span> <span class='ocrx_word' id='word_1_85' title='bbox 1314 1338 1522 1395; x_wconf 79' lang='lat' dir='ltr'><strong>addidit</strong></span> <span class='ocrx_word' id='word_1_86' title='bbox 1550 1339 1668 1410; x_wconf 90' lang='lat' dir='ltr'><strong>quis</strong></span> <span class='ocrx_word' id='word_1_87' title='bbox 1698 1348 1864 1409; x_wconf 88' lang='lat' dir='ltr'><strong>esset,</strong></span> 
     </span>
    </p>
   </div>
   <div class='ocr_carea' id='block_1_14' title="bbox 278 1429 1867 1503">
    <p class='ocr_par' dir='ltr' id='par_1_14' title="bbox 278 1429 1867 1503">
     <span class='ocr_line' id='line_1_14' title="bbox 278 1429 1867 1503; baseline -0.004 -10"><span class='ocrx_word' id='word_1_88' title='bbox 278 1438 332 1493; x_wconf 90' lang='lat' dir='ltr'><strong>id</strong></span> <span class='ocrx_word' id='word_1_89' title='bbox 363 1446 467 1503; x_wconf 86' lang='lat' dir='ltr'><strong>est,</strong></span> <span class='ocrx_word' id='word_1_90' title='bbox 498 1436 636 1490; x_wconf 89' lang='lat' dir='ltr'><strong>Deus</strong></span> <span class='ocrx_word' id='word_1_91' title='bbox 683 1433 930 1489; x_wconf 74' lang='lat' dir='ltr'><strong>veritatis.</strong></span> <span class='ocrx_word' id='word_1_92' title='bbox 976 1431 1189 1486; x_wconf 85' lang='lat' dir='ltr'><strong>Illorum</strong></span> <span class='ocrx_word' id='word_1_93' title='bbox 1220 1430 1362 1485; x_wconf 91' lang='lat' dir='ltr'><strong>enim</strong></span> <span class='ocrx_word' id='word_1_94' title='bbox 1396 1429 1698 1500; x_wconf 83' lang='lat' dir='ltr'><strong>specialiter</strong></span> <span class='ocrx_word' id='word_1_95' title='bbox 1726 1431 1867 1486; x_wconf 88' lang='lat' dir='ltr'><strong>Deus</strong></span> 
     </span>
    </p>
   </div>
   <div class='ocr_carea' id='block_1_15' title="bbox 275 1522 1867 1601">
    <p class='ocr_par' dir='ltr' id='par_1_15' title="bbox 275 1522 1867 1601">
     <span class='ocr_line' id='line_1_15' title="bbox 275 1522 1867 1601; baseline -0.003 -15"><span class='ocrx_word' id='word_1_96' title='bbox 275 1541 364 1586; x_wconf 87' lang='lat' dir='ltr'><strong>est</strong></span> <span class='ocrx_word' id='word_1_97' title='bbox 419 1530 509 1601; x_wconf 91' lang='lat' dir='ltr'><strong>qui</strong></span> <span class='ocrx_word' id='word_1_98' title='bbox 555 1528 837 1585; x_wconf 80' lang='lat' dir='ltr'><strong>veritatem</strong></span> <span class='ocrx_word' id='word_1_99' title='bbox 879 1526 1128 1599; x_wconf 87' lang='lat' dir='ltr'><strong>diligunt,</strong></span> <span class='ocrx_word' id='word_1_100' title='bbox 1172 1538 1274 1580; x_wconf 91' lang='lat' dir='ltr'><strong>nec</strong></span> <span class='ocrx_word' id='word_1_101' title='bbox 1313 1524 1369 1580; x_wconf 90' lang='lat' dir='ltr'><strong>in</strong></span> <span class='ocrx_word' id='word_1_102' title='bbox 1411 1524 1585 1596; x_wconf 90' lang='lat' dir='ltr'><strong>aliqua</strong></span> <span class='ocrx_word' id='word_1_103' title='bbox 1635 1522 1867 1581; x_wconf 84' lang='lat' dir='ltr'><strong>falsitate</strong></span> 
     </span>
    </p>
   </div>
   <div class='ocr_carea' id='block_1_16' title="bbox 278 1625 600 1680">
    <p class='ocr_par' dir='ltr' id='par_1_16' title="bbox 278 1625 600 1680">
     <span class='ocr_line' id='line_1_16' title="bbox 278 1625 600 1680; baseline -0.012 0"><span class='ocrx_word' id='word_1_104' title='bbox 278 1625 600 1680; x_wconf 83' lang='lat' dir='ltr'><strong>miscentur.</strong></span> 
     </span>
    </p>
   </div>
   <div class='ocr_carea' id='block_1_17' title="bbox 355 1713 1869 1784">
    <p class='ocr_par' dir='ltr' id='par_1_17' title="bbox 355 1713 1869 1784">
     <span class='ocr_line' id='line_1_17' title="bbox 355 1713 1869 1784; baseline -0.002 -14"><span class='ocrx_word' id='word_1_105' title='bbox 355 1715 508 1772; x_wconf 83' lang='lat' dir='ltr'><strong>Vcrs.</strong></span> <span class='ocrx_word' id='word_1_106' title='bbox 538 1716 590 1770; x_wconf 88' lang='lat'><strong>7.</strong></span> <span class='ocrx_word' id='word_1_107' title='bbox 626 1714 795 1771; x_wconf 86' lang='lat' dir='ltr'><strong>Odisti</strong></span> <span class='ocrx_word' id='word_1_108' title='bbox 830 1731 1001 1769; x_wconf 87' lang='lat' dir='ltr'><strong>omnes</strong></span> <span class='ocrx_word' id='word_1_109' title='bbox 1042 1713 1358 1769; x_wconf 84' lang='lat' dir='ltr'><strong>observantes</strong></span> <span class='ocrx_word' id='word_1_110' title='bbox 1387 1713 1664 1768; x_wconf 78' lang='lat' dir='ltr'><strong>vanitatem</strong></span> <span class='ocrx_word' id='word_1_111' title='bbox 1692 1728 1869 1784; x_wconf 83' lang='lat' dir='ltr'><strong>super-</strong></span> 
     </span>
    </p>
   </div>
   <div class='ocr_carea' id='block_1_18' title="bbox 278 1808 1867 1884">
    <p class='ocr_par' dir='ltr' id='par_1_18' title="bbox 278 1808 1867 1884">
     <span class='ocr_line' id='line_1_18' title="bbox 278 1808 1867 1884; baseline -0.003 -18"><span class='ocrx_word' id='word_1_112' title='bbox 278 1827 476 1867; x_wconf 83' lang='lat' dir='ltr'><strong>vacue:</strong></span> <span class='ocrx_word' id='word_1_113' title='bbox 504 1828 596 1884; x_wconf 86' lang='lat' dir='ltr'><strong>ego</strong></span> <span class='ocrx_word' id='word_1_114' title='bbox 622 1822 790 1866; x_wconf 81' lang='lat' dir='ltr'><strong>autent</strong></span> <span class='ocrx_word' id='word_1_115' title='bbox 822 1811 875 1865; x_wconf 91' lang='lat' dir='ltr'><strong>in</strong></span> <span class='ocrx_word' id='word_1_116' title='bbox 907 1809 1127 1864; x_wconf 91' lang='lat' dir='ltr'><strong>Domino</strong></span> <span class='ocrx_word' id='word_1_117' title='bbox 1158 1809 1394 1879; x_wconf 79' lang='lat' dir='ltr'><strong>sperabo.</strong></span> <span class='ocrx_word' id='word_1_118' title='bbox 1434 1808 1525 1863; x_wconf 87' lang='lat' dir='ltr'><strong>Illa</strong></span> <span class='ocrx_word' id='word_1_119' title='bbox 1574 1808 1867 1863; x_wconf 89' lang='lat' dir='ltr'><strong>redduntur</strong></span> 
     </span>
    </p>
   </div>
   <div class='ocr_carea' id='block_1_19' title="bbox 277 1894 1945 1975">
    <p class='ocr_par' dir='ltr' id='par_1_19' title="bbox 277 1894 1945 1975">
     <span class='ocr_line' id='line_1_19' title="bbox 277 1894 1945 1975; baseline -0.004 -15"><span class='ocrx_word' id='word_1_120' title='bbox 277 1920 497 1975; x_wconf 85' lang='lat' dir='ltr'><strong>semper</strong></span> <span class='ocrx_word' id='word_1_121' title='bbox 521 1905 727 1972; x_wconf 90' lang='lat' dir='ltr'><strong>odiosa,</strong></span> <span class='ocrx_word' id='word_1_122' title='bbox 770 1919 887 1975; x_wconf 71' lang='lat' dir='ltr'><strong>qua:</strong></span> <span class='ocrx_word' id='word_1_123' title='bbox 919 1903 1212 1974; x_wconf 83' lang='lat' dir='ltr'><strong>probantur</strong></span> <span class='ocrx_word' id='word_1_124' title='bbox 1238 1917 1357 1958; x_wconf 89' lang='lat' dir='ltr'><strong>esse</strong></span> <span class='ocrx_word' id='word_1_125' title='bbox 1398 1903 1685 1958; x_wconf 90' lang='lat' dir='ltr'><strong>contraria.</strong></span> <span class='ocrx_word' id='word_1_126' title='bbox 1717 1901 1866 1959; x_wconf 85' lang='lat' dir='ltr'><strong>Juste</strong></span> <span class='ocrx_word' id='word_1_127' title='bbox 1897 1894 1945 1954; x_wconf 90' lang='lat' dir='ltr'><strong>B</strong></span> 
     </span>
    </p>
   </div>
   <div class='ocr_carea' id='block_1_20' title="bbox 275 1994 1867 2067">
    <p class='ocr_par' dir='ltr' id='par_1_20' title="bbox 275 1994 1867 2067">
     <span class='ocr_line' id='line_1_20' title="bbox 275 1994 1867 2067; baseline 0 -16"><span class='ocrx_word' id='word_1_128' title='bbox 275 2010 411 2067; x_wconf 89' lang='lat' dir='ltr'><strong>ergo</strong></span> <span class='ocrx_word' id='word_1_129' title='bbox 435 1997 634 2052; x_wconf 86' lang='lat' dir='ltr'><strong>veritas</strong></span> <span class='ocrx_word' id='word_1_130' title='bbox 661 1995 840 2050; x_wconf 86' lang='lat' dir='ltr'><strong>oderat</strong></span> <span class='ocrx_word' id='word_1_131' title='bbox 861 1995 1156 2058; x_wconf 76' lang='lat' dir='ltr'><strong>vanitatem,</strong></span> <span class='ocrx_word' id='word_1_132' title='bbox 1180 1995 1302 2066; x_wconf 87' lang='lat' dir='ltr'><strong>quia</strong></span> <span class='ocrx_word' id='word_1_133' title='bbox 1324 1994 1523 2049; x_wconf 87' lang='lat' dir='ltr'><strong>vanitas</strong></span> <span class='ocrx_word' id='word_1_134' title='bbox 1554 1995 1606 2050; x_wconf 92' lang='lat' dir='ltr'><strong>in</strong></span> <span class='ocrx_word' id='word_1_135' title='bbox 1634 1994 1867 2052; x_wconf 88' lang='lat' dir='ltr'><strong>falsitate</strong></span> 
     </span>
    </p>
   </div>
   <div class='ocr_carea' id='block_1_21' title="bbox 275 2086 1865 2157">
    <p class='ocr_par' dir='ltr' id='par_1_21' title="bbox 275 2086 1865 2157">
     <span class='ocr_line' id='line_1_21' title="bbox 275 2086 1865 2157; baseline -0.002 -12"><span class='ocrx_word' id='word_1_136' title='bbox 275 2096 544 2145; x_wconf 83' lang='lat' dir='ltr'><strong>versatur.</strong></span> <span class='ocrx_word' id='word_1_137' title='bbox 576 2088 675 2143; x_wconf 88' lang='lat' dir='ltr'><strong>Cui</strong></span> <span class='ocrx_word' id='word_1_138' title='bbox 704 2088 781 2143; x_wconf 89' lang='lat' dir='ltr'><strong>rei</strong></span> <span class='ocrx_word' id='word_1_139' title='bbox 840 2088 954 2157; x_wconf 91' lang='lat' dir='ltr'><strong>ipse</strong></span> <span class='ocrx_word' id='word_1_140' title='bbox 984 2086 1169 2142; x_wconf 90' lang='lat' dir='ltr'><strong>tribuit</strong></span> <span class='ocrx_word' id='word_1_141' title='bbox 1215 2086 1606 2157; x_wconf 88' lang='lat' dir='ltr'><strong>expositionem</strong></span> <span class='ocrx_word' id='word_1_142' title='bbox 1648 2086 1865 2155; x_wconf 86' lang='lat' dir='ltr'><strong>dicens,</strong></span> 
     </span>
    </p>
   </div>
   <div class='ocr_carea' id='block_1_22' title="bbox 274 2180 1862 2256">
    <p class='ocr_par' dir='ltr' id='par_1_22' title="bbox 274 2180 1862 2256">
     <span class='ocr_line' id='line_1_22' title="bbox 274 2180 1862 2256; baseline -0.003 -18"><span class='ocrx_word' id='word_1_143' title='bbox 274 2197 630 2256; x_wconf 87' lang='lat' dir='ltr'><strong>supervacue;</strong></span> <span class='ocrx_word' id='word_1_144' title='bbox 654 2197 772 2252; x_wconf 68' lang='lat' dir='ltr'><strong>quae</strong></span> <span class='ocrx_word' id='word_1_145' title='bbox 816 2195 923 2237; x_wconf 94' lang='lat' dir='ltr'><strong>non</strong></span> <span class='ocrx_word' id='word_1_146' title='bbox 953 2180 1126 2236; x_wconf 88' lang='lat' dir='ltr'><strong>solum</strong></span> <span class='ocrx_word' id='word_1_147' title='bbox 1152 2194 1339 2244; x_wconf 88' lang='lat' dir='ltr'><strong>vacua,</strong></span> <span class='ocrx_word' id='word_1_148' title='bbox 1364 2180 1456 2235; x_wconf 91' lang='lat' dir='ltr'><strong>sed</strong></span> <span class='ocrx_word' id='word_1_149' title='bbox 1486 2180 1647 2235; x_wconf 89' lang='lat' dir='ltr'><strong>etiam</strong></span> <span class='ocrx_word' id='word_1_150' title='bbox 1680 2197 1862 2250; x_wconf 84' lang='lat' dir='ltr'><strong>super-</strong></span> 
     </span>
    </p>
   </div>
   <div class='ocr_carea' id='block_1_23' title="bbox 275 2273 1862 2351">
    <p class='ocr_par' dir='ltr' id='par_1_23' title="bbox 275 2273 1862 2351">
     <span class='ocr_line' id='line_1_23' title="bbox 275 2273 1862 2351; baseline -0.003 -20"><span class='ocrx_word' id='word_1_151' title='bbox 275 2291 439 2331; x_wconf 73' lang='lat' dir='ltr'><strong>vacua</strong></span> <span class='ocrx_word' id='word_1_152' title='bbox 465 2275 607 2331; x_wconf 90' lang='lat' dir='ltr'><strong>dicta</strong></span> <span class='ocrx_word' id='word_1_153' title='bbox 646 2282 756 2351; x_wconf 85' lang='lat' dir='ltr'><strong>est;</strong></span> <span class='ocrx_word' id='word_1_154' title='bbox 787 2274 1017 2341; x_wconf 88' lang='lat' dir='ltr'><strong>merito,</strong></span> <span class='ocrx_word' id='word_1_155' title='bbox 1039 2273 1253 2345; x_wconf 85' lang='lat' dir='ltr'><strong>quando</strong></span> <span class='ocrx_word' id='word_1_156' title='bbox 1292 2275 1619 2329; x_wconf 89' lang='lat' dir='ltr'><strong>fructuosam</strong></span> <span class='ocrx_word' id='word_1_157' title='bbox 1665 2274 1862 2329; x_wconf 85' lang='lat' dir='ltr'><strong>intelli-</strong></span> 
     </span>
    </p>
   </div>
   <div class='ocr_carea' id='block_1_24' title="bbox 274 2366 1866 2438">
    <p class='ocr_par' dir='ltr' id='par_1_24' title="bbox 274 2366 1866 2438">
     <span class='ocr_line' id='line_1_24' title="bbox 274 2366 1866 2438; baseline 0 -16"><span class='ocrx_word' id='word_1_158' title='bbox 274 2370 517 2438; x_wconf 76' lang='lat' dir='ltr'><strong>gentiam</strong></span> <span class='ocrx_word' id='word_1_159' title='bbox 545 2368 772 2435; x_wconf 91' lang='lat' dir='ltr'><strong>tollens,</strong></span> <span class='ocrx_word' id='word_1_160' title='bbox 795 2368 992 2424; x_wconf 90' lang='lat' dir='ltr'><strong>alienat</strong></span> <span class='ocrx_word' id='word_1_161' title='bbox 1031 2382 1060 2419; x_wconf 90' lang='lat' dir='ltr'><strong>a</strong></span> <span class='ocrx_word' id='word_1_162' title='bbox 1094 2366 1340 2422; x_wconf 90' lang='lat' dir='ltr'><strong>Domino.</strong></span> <span class='ocrx_word' id='word_1_163' title='bbox 1380 2366 1449 2421; x_wconf 86' lang='lat' dir='ltr'><strong>Et</strong></span> <span class='ocrx_word' id='word_1_164' title='bbox 1474 2366 1685 2437; x_wconf 89' lang='lat' dir='ltr'><strong>quando</strong></span> <span class='ocrx_word' id='word_1_165' title='bbox 1720 2367 1866 2437; x_wconf 90' lang='lat' dir='ltr'><strong>prius</strong></span> 
     </span>
    </p>
   </div>
   <div class='ocr_carea' id='block_1_25' title="bbox 274 2461 1866 2528">
    <p class='ocr_par' dir='ltr' id='par_1_25' title="bbox 274 2461 1866 2528">
     <span class='ocr_line' id='line_1_25' title="bbox 274 2461 1866 2528; baseline -0.001 -8"><span class='ocrx_word' id='word_1_166' title='bbox 274 2463 416 2520; x_wconf 82' lang='lat' dir='ltr'><strong>dixit</strong></span> <span class='ocrx_word' id='word_1_167' title='bbox 444 2464 722 2519; x_wconf 91' lang='lat' dir='ltr'><strong>Dominum</strong></span> <span class='ocrx_word' id='word_1_168' title='bbox 767 2464 935 2518; x_wconf 86' lang='lat' dir='ltr'><strong>odisse</strong></span> <span class='ocrx_word' id='word_1_169' title='bbox 960 2463 1254 2528; x_wconf 86' lang='lat' dir='ltr'><strong>vanitatem,</strong></span> <span class='ocrx_word' id='word_1_170' title='bbox 1285 2462 1335 2516; x_wconf 87' lang='lat' dir='ltr'><strong>id</strong></span> <span class='ocrx_word' id='word_1_171' title='bbox 1363 2471 1467 2527; x_wconf 88' lang='lat' dir='ltr'><strong>est,</strong></span> <span class='ocrx_word' id='word_1_172' title='bbox 1500 2462 1683 2517; x_wconf 64' lang='lat' dir='ltr'><strong>saeculi</strong></span> <span class='ocrx_word' id='word_1_173' title='bbox 1712 2461 1866 2518; x_wconf 88' lang='lat' dir='ltr'><strong>istius</strong></span> 
     </span>
    </p>
   </div>
   <div class='ocr_carea' id='block_1_26' title="bbox 275 2553 1864 2622">
    <p class='ocr_par' dir='ltr' id='par_1_26' title="bbox 275 2553 1864 2622">
     <span class='ocr_line' id='line_1_26' title="bbox 275 2553 1864 2622; baseline -0.003 -10"><span class='ocrx_word' id='word_1_174' title='bbox 275 2555 547 2613; x_wconf 85' lang='lat' dir='ltr'><strong>desideria</strong></span> <span class='ocrx_word' id='word_1_175' title='bbox 591 2557 900 2622; x_wconf 86' lang='lat' dir='ltr'><strong>transitura,</strong></span> <span class='ocrx_word' id='word_1_176' title='bbox 929 2568 1072 2609; x_wconf 89' lang='lat' dir='ltr'><strong>nunc</strong></span> <span class='ocrx_word' id='word_1_177' title='bbox 1111 2568 1170 2610; x_wconf 91' lang='lat' dir='ltr'><strong>se</strong></span> <span class='ocrx_word' id='word_1_178' title='bbox 1199 2554 1327 2609; x_wconf 88' lang='lat' dir='ltr'><strong>dicit</strong></span> <span class='ocrx_word' id='word_1_179' title='bbox 1355 2568 1538 2608; x_wconf 89' lang='lat' dir='ltr'><strong>amare</strong></span> <span class='ocrx_word' id='word_1_180' title='bbox 1563 2553 1864 2608; x_wconf 87' lang='lat' dir='ltr'><strong>verissima.</strong></span> 
     </span>
    </p>
   </div>
   <div class='ocr_carea' id='block_1_27' title="bbox 272 2646 1866 2720">
    <p class='ocr_par' dir='ltr' id='par_1_27' title="bbox 272 2646 1866 2720">
     <span class='ocr_line' id='line_1_27' title="bbox 272 2646 1866 2720; baseline -0.003 -14"><span class='ocrx_word' id='word_1_181' title='bbox 272 2650 411 2720; x_wconf 67' lang='lat' dir='ltr'><strong>Quae</strong></span> <span class='ocrx_word' id='word_1_182' title='bbox 459 2660 583 2705; x_wconf 88' lang='lat' dir='ltr'><strong>sunt</strong></span> <span class='ocrx_word' id='word_1_183' title='bbox 631 2650 732 2706; x_wconf 92' lang='lat' dir='ltr'><strong>ista</strong></span> <span class='ocrx_word' id='word_1_184' title='bbox 771 2646 1090 2703; x_wconf 83' lang='lat' dir='ltr'><strong>verissima?</strong></span> <span class='ocrx_word' id='word_1_185' title='bbox 1122 2646 1352 2716; x_wconf 86' lang='lat' dir='ltr'><strong>Sperabo</strong></span> <span class='ocrx_word' id='word_1_186' title='bbox 1396 2648 1450 2701; x_wconf 91' lang='lat' dir='ltr'><strong>in</strong></span> <span class='ocrx_word' id='word_1_187' title='bbox 1484 2646 1705 2701; x_wconf 87' lang='lat' dir='ltr'><strong>Domino</strong></span> <span class='ocrx_word' id='word_1_188' title='bbox 1727 2662 1746 2701; x_wconf 90' lang='lat'><strong><em>:</em></strong></span> <span class='ocrx_word' id='word_1_189' title='bbox 1776 2646 1866 2702; x_wconf 88' lang='lat' dir='ltr'><strong>ubi</strong></span> 
     </span>
    </p>
   </div>
   <div class='ocr_carea' id='block_1_28' title="bbox 273 2739 1865 2816">
    <p class='ocr_par' dir='ltr' id='par_1_28' title="bbox 273 2739 1865 2816">
     <span class='ocr_line' id='line_1_28' title="bbox 273 2739 1865 2816; baseline -0.007 -12"><span class='ocrx_word' id='word_1_190' title='bbox 273 2747 648 2816; x_wconf 89' lang='lat' dir='ltr'><strong>nihilvanum,</strong></span> <span class='ocrx_word' id='word_1_191' title='bbox 679 2744 808 2798; x_wconf 88' lang='lat' dir='ltr'><strong>nihil</strong></span> <span class='ocrx_word' id='word_1_192' title='bbox 836 2755 1223 2811; x_wconf 90' lang='lat' dir='ltr'><strong>supervacuum</strong></span> <span class='ocrx_word' id='word_1_193' title='bbox 1246 2749 1351 2808; x_wconf 89' lang='lat' dir='ltr'><strong>est,</strong></span> <span class='ocrx_word' id='word_1_194' title='bbox 1377 2741 1469 2797; x_wconf 89' lang='lat' dir='ltr'><strong>sed</strong></span> <span class='ocrx_word' id='word_1_195' title='bbox 1503 2748 1671 2795; x_wconf 89' lang='lat' dir='ltr'><strong>totum</strong></span> <span class='ocrx_word' id='word_1_196' title='bbox 1701 2739 1865 2794; x_wconf 83' lang='lat' dir='ltr'><strong>ﬁxum</strong></span> 
     </span>
    </p>
   </div>
   <div class='ocr_carea' id='block_1_29' title="bbox 272 2834 1867 2913">
    <p class='ocr_par' dir='ltr' id='par_1_29' title="bbox 272 2834 1867 2913">
     <span class='ocr_line' id='line_1_29' title="bbox 272 2834 1867 2913; baseline -0.004 -17"><span class='ocrx_word' id='word_1_197' title='bbox 272 2852 440 2913; x_wconf 91' lang='lat' dir='ltr'><strong>atque</strong></span> <span class='ocrx_word' id='word_1_198' title='bbox 472 2840 735 2909; x_wconf 84' lang='lat' dir='ltr'><strong>integrum</strong></span> <span class='ocrx_word' id='word_1_199' title='bbox 785 2844 1115 2907; x_wconf 90' lang='lat' dir='ltr'><strong>perseverat.</strong></span> <span class='ocrx_word' id='word_1_200' title='bbox 1154 2834 1352 2892; x_wconf 78' lang='lat' dir='ltr'><strong>\lerum</strong></span> <span class='ocrx_word' id='word_1_201' title='bbox 1399 2834 1559 2891; x_wconf 91' lang='lat' dir='ltr'><strong>istam</strong></span> <span class='ocrx_word' id='word_1_202' title='bbox 1587 2848 1702 2890; x_wconf 90' lang='lat' dir='ltr'><strong>rem</strong></span> <span class='ocrx_word' id='word_1_203' title='bbox 1746 2848 1867 2905; x_wconf 77' lang='lat' dir='ltr'><strong>quae</strong></span> 
     </span>
    </p>
   </div>
   <div class='ocr_carea' id='block_1_30' title="bbox 274 2930 859 3001">
    <p class='ocr_par' dir='ltr' id='par_1_30' title="bbox 274 2930 859 3001">
     <span class='ocr_line' id='line_1_30' title="bbox 274 2930 859 3001; baseline -0.005 -15"><span class='ocrx_word' id='word_1_204' title='bbox 274 2946 440 2987; x_wconf 80' lang='lat' dir='ltr'><strong>causa</strong></span> <span class='ocrx_word' id='word_1_205' title='bbox 471 2930 859 3001; x_wconf 73' lang='lat' dir='ltr'><strong>consequitur?</strong></span> 
     </span>
    </p>
   </div>
   <div class='ocr_carea' id='block_1_31' title="bbox 264 3018 1862 3084">
    <p class='ocr_par' dir='ltr' id='par_1_31' title="bbox 264 3018 1862 3084">
     <span class='ocr_line' id='line_1_31' title="bbox 264 3018 1862 3084; baseline -0.006 -5"><span class='ocrx_word' id='word_1_206' title='bbox 264 3076 269 3079; x_wconf 79' lang='lat'><strong>.</strong></span> <span class='ocrx_word' id='word_1_207' title='bbox 355 3022 507 3077; x_wconf 83' lang='lat' dir='ltr'><strong>Vers.</strong></span> <span class='ocrx_word' id='word_1_208' title='bbox 537 3021 591 3077; x_wconf 93' lang='lat'><strong>8.</strong></span> <span class='ocrx_word' id='word_1_209' title='bbox 619 3019 905 3076; x_wconf 74' lang='lat' dir='ltr'><strong>Exsultabo</strong></span> <span class='ocrx_word' id='word_1_210' title='bbox 946 3018 1233 3075; x_wconf 79' lang='lat' dir='ltr'><strong>etltetabor</strong></span> <span class='ocrx_word' id='word_1_211' title='bbox 1269 3018 1324 3073; x_wconf 89' lang='lat' dir='ltr'><strong>in</strong></span> <span class='ocrx_word' id='word_1_212' title='bbox 1365 3027 1454 3073; x_wconf 86' lang='lat' dir='ltr'><strong>tua</strong></span> <span class='ocrx_word' id='word_1_213' title='bbox 1480 3018 1862 3084; x_wconf 86' lang='lat' dir='ltr'><strong>misericordia,</strong></span> 
     </span>
    </p>
   </div>
   <div class='ocr_carea' id='block_1_32' title="bbox 276 3111 1863 3188">
    <p class='ocr_par' dir='ltr' id='par_1_32' title="bbox 276 3111 1863 3188">
     <span class='ocr_line' id='line_1_32' title="bbox 276 3111 1863 3188; baseline -0.002 -19"><span class='ocrx_word' id='word_1_214' title='bbox 276 3116 402 3188; x_wconf 80' lang='lat' dir='ltr'><strong>quia</strong></span> <span class='ocrx_word' id='word_1_215' title='bbox 421 3116 686 3186; x_wconf 67' lang='lat' dir='ltr'><strong>respexisti</strong></span> <span class='ocrx_word' id='word_1_216' title='bbox 715 3113 1054 3169; x_wconf 83' lang='lat' dir='ltr'><strong>humilitatem</strong></span> <span class='ocrx_word' id='word_1_217' title='bbox 1082 3129 1266 3168; x_wconf 87' lang='lat' dir='ltr'><strong>meant.</strong></span> <span class='ocrx_word' id='word_1_218' title='bbox 1295 3113 1352 3167; x_wconf 88' lang='lat' dir='ltr'><strong>In</strong></span> <span class='ocrx_word' id='word_1_219' title='bbox 1386 3111 1488 3167; x_wconf 86' lang='lat' dir='ltr'><strong>hoc</strong></span> <span class='ocrx_word' id='word_1_220' title='bbox 1515 3120 1568 3168; x_wconf 86' lang='lat' dir='ltr'><strong>et</strong></span> <span class='ocrx_word' id='word_1_221' title='bbox 1599 3111 1863 3180; x_wconf 89' lang='lat' dir='ltr'><strong>superiori</strong></span> 
     </span>
    </p>
   </div>
   <div class='ocr_carea' id='block_1_33' title="bbox 279 3208 1860 3283">
    <p class='ocr_par' dir='ltr' id='par_1_33' title="bbox 279 3208 1860 3283">
     <span class='ocr_line' id='line_1_33' title="bbox 279 3208 1860 3283; baseline -0.006 -12"><span class='ocrx_word' id='word_1_222' title='bbox 279 3225 481 3283; x_wconf 66' lang='lat' dir='ltr'><strong>Versu,</strong></span> <span class='ocrx_word' id='word_1_223' title='bbox 536 3214 729 3269; x_wconf 91' lang='lat' dir='ltr'><strong>iterum</strong></span> <span class='ocrx_word' id='word_1_224' title='bbox 782 3210 1112 3281; x_wconf 83' lang='lat' dir='ltr'><strong>categoricus</strong></span> <span class='ocrx_word' id='word_1_225' title='bbox 1163 3209 1505 3281; x_wconf 80' lang='lat' dir='ltr'><strong>syllogismus</strong></span> <span class='ocrx_word' id='word_1_226' title='bbox 1562 3208 1860 3273; x_wconf 90' lang='lat' dir='ltr'><strong>enascitur,</strong></span> 
     </span>
    </p>
   </div>
   <div class='ocr_carea' id='block_1_34' title="bbox 280 3285 1938 3376">
    <p class='ocr_par' dir='ltr' id='par_1_34' title="bbox 280 3285 1938 3376">
     <span class='ocr_line' id='line_1_34' title="bbox 280 3285 1938 3376; baseline -0.01 -11"><span class='ocrx_word' id='word_1_227' title='bbox 280 3306 438 3376; x_wconf 83' lang='lat' dir='ltr'><strong>cnjus</strong></span> <span class='ocrx_word' id='word_1_228' title='bbox 467 3304 829 3362; x_wconf 87' lang='lat' dir='ltr'><strong>definitionem</strong></span> <span class='ocrx_word' id='word_1_229' title='bbox 878 3316 1159 3374; x_wconf 86' lang='lat' dir='ltr'><strong>partesque</strong></span> <span class='ocrx_word' id='word_1_230' title='bbox 1204 3303 1258 3357; x_wconf 91' lang='lat' dir='ltr'><strong>in</strong></span> <span class='ocrx_word' id='word_1_231' title='bbox 1296 3302 1470 3373; x_wconf 88' lang='lat' dir='ltr'><strong>primo</strong></span> <span class='ocrx_word' id='word_1_232' title='bbox 1511 3300 1718 3370; x_wconf 88' lang='lat' dir='ltr'><strong>psalmo</strong></span> <span class='ocrx_word' id='word_1_233' title='bbox 1750 3299 1862 3370; x_wconf 89' lang='lat' dir='ltr'><strong>jatn</strong></span> <span class='ocrx_word' id='word_1_234' title='bbox 1892 3285 1938 3349; x_wconf 91' lang='lat' dir='ltr'>C</span> 
     </span>
    </p>
   </div>
   <div class='ocr_carea' id='block_1_35' title="bbox 282 3394 1862 3470">
    <p class='ocr_par' dir='ltr' id='par_1_35' title="bbox 282 3394 1862 3470">
     <span class='ocr_line' id='line_1_35' title="bbox 282 3394 1862 3470; baseline -0.004 -14"><span class='ocrx_word' id='word_1_235' title='bbox 282 3399 535 3468; x_wconf 82' lang='lat' dir='ltr'><strong>diximus,</strong></span> <span class='ocrx_word' id='word_1_236' title='bbox 567 3399 658 3470; x_wconf 90' lang='lat' dir='ltr'><strong>qui</strong></span> <span class='ocrx_word' id='word_1_237' title='bbox 679 3398 839 3455; x_wconf 88' lang='lat' dir='ltr'><strong>etiam</strong></span> <span class='ocrx_word' id='word_1_238' title='bbox 881 3398 983 3454; x_wconf 91' lang='lat' dir='ltr'><strong>hoc</strong></span> <span class='ocrx_word' id='word_1_239' title='bbox 1010 3398 1126 3453; x_wconf 90' lang='lat' dir='ltr'><strong>loco</strong></span> <span class='ocrx_word' id='word_1_240' title='bbox 1147 3398 1305 3453; x_wconf 89' lang='lat' dir='ltr'><strong>simul</strong></span> <span class='ocrx_word' id='word_1_241' title='bbox 1336 3397 1544 3452; x_wconf 89' lang='lat' dir='ltr'><strong>ratione</strong></span> <span class='ocrx_word' id='word_1_242' title='bbox 1571 3394 1862 3467; x_wconf 79' lang='lat' dir='ltr'><strong>colligitur,</strong></span> 
     </span>
    </p>
   </div>
   <div class='ocr_carea' id='block_1_36' title="bbox 280 3489 1867 3563">
    <p class='ocr_par' dir='ltr' id='par_1_36' title="bbox 280 3489 1867 3563">
     <span class='ocr_line' id='line_1_36' title="bbox 280 3489 1867 3563; baseline -0.003 -13"><span class='ocrx_word' id='word_1_243' title='bbox 280 3491 339 3550; x_wconf 85' lang='lat' dir='ltr'><strong>id</strong></span> <span class='ocrx_word' id='word_1_244' title='bbox 368 3501 467 3558; x_wconf 88' lang='lat' dir='ltr'><strong>est,</strong></span> <span class='ocrx_word' id='word_1_245' title='bbox 499 3506 600 3563; x_wconf 92' lang='lat' dir='ltr'><strong>ego</strong></span> <span class='ocrx_word' id='word_1_246' title='bbox 625 3493 678 3547; x_wconf 89' lang='lat' dir='ltr'><strong>in</strong></span> <span class='ocrx_word' id='word_1_247' title='bbox 709 3491 936 3547; x_wconf 90' lang='lat' dir='ltr'><strong>Domino</strong></span> <span class='ocrx_word' id='word_1_248' title='bbox 963 3491 1198 3561; x_wconf 85' lang='lat' dir='ltr'><strong>speravi.</strong></span> <span class='ocrx_word' id='word_1_249' title='bbox 1220 3490 1406 3547; x_wconf 87' lang='lat' dir='ltr'><strong>Omnis</strong></span> <span class='ocrx_word' id='word_1_250' title='bbox 1434 3504 1657 3560; x_wconf 87' lang='lat' dir='ltr'><strong>sperans</strong></span> <span class='ocrx_word' id='word_1_251' title='bbox 1687 3490 1738 3544; x_wconf 92' lang='lat' dir='ltr'><strong>in</strong></span> <span class='ocrx_word' id='word_1_252' title='bbox 1762 3489 1867 3545; x_wconf 90' lang='lat' dir='ltr'><strong>Do-</strong></span> 
     </span>
    </p>
   </div>
   <div class='ocr_carea' id='block_1_37' title="bbox 281 3574 1864 3651">
    <p class='ocr_par' dir='ltr' id='par_1_37' title="bbox 281 3574 1864 3651">
     <span class='ocr_line' id='line_1_37' title="bbox 281 3574 1864 3651; baseline -0.004 -9"><span class='ocrx_word' id='word_1_253' title='bbox 281 3584 435 3642; x_wconf 83' lang='lat' dir='ltr'><strong>tnino</strong></span> <span class='ocrx_word' id='word_1_254' title='bbox 474 3584 781 3649; x_wconf 87' lang='lat' dir='ltr'><strong>exsultabit,</strong></span> <span class='ocrx_word' id='word_1_255' title='bbox 834 3591 890 3640; x_wconf 89' lang='lat' dir='ltr'><strong>et</strong></span> <span class='ocrx_word' id='word_1_256' title='bbox 922 3583 1188 3639; x_wconf 68' lang='lat' dir='ltr'><strong>laetabitur</strong></span> <span class='ocrx_word' id='word_1_257' title='bbox 1217 3583 1271 3638; x_wconf 93' lang='lat' dir='ltr'><strong>in</strong></span> <span class='ocrx_word' id='word_1_258' title='bbox 1312 3574 1684 3639; x_wconf 83' lang='lat' dir='ltr'><strong>misericordia</strong></span> <span class='ocrx_word' id='word_1_259' title='bbox 1728 3580 1864 3651; x_wconf 88' lang='lat' dir='ltr'><strong>ejus.</strong></span> 
     </span>
    </p>
   </div>
   <div class='ocr_carea' id='block_1_38' title="bbox 280 3677 1863 3750">
    <p class='ocr_par' dir='ltr' id='par_1_38' title="bbox 280 3677 1863 3750">
     <span class='ocr_line' id='line_1_38' title="bbox 280 3677 1863 3750; baseline -0.003 -13"><span class='ocrx_word' id='word_1_260' title='bbox 280 3680 402 3749; x_wconf 85' lang='lat' dir='ltr'><strong>Ego</strong></span> <span class='ocrx_word' id='word_1_261' title='bbox 427 3679 587 3750; x_wconf 77' lang='lat' dir='ltr'><strong>igitur</strong></span> <span class='ocrx_word' id='word_1_262' title='bbox 610 3678 911 3746; x_wconf 82' lang='lat' dir='ltr'><strong>exsultabo,</strong></span> <span class='ocrx_word' id='word_1_263' title='bbox 933 3687 986 3735; x_wconf 89' lang='lat' dir='ltr'><strong>et</strong></span> <span class='ocrx_word' id='word_1_264' title='bbox 1012 3678 1234 3735; x_wconf 70' lang='lat' dir='ltr'><strong>laetabor</strong></span> <span class='ocrx_word' id='word_1_265' title='bbox 1258 3677 1313 3733; x_wconf 92' lang='lat' dir='ltr'><strong>in</strong></span> <span class='ocrx_word' id='word_1_266' title='bbox 1335 3678 1699 3734; x_wconf 88' lang='lat' dir='ltr'><strong>misericordia</strong></span> <span class='ocrx_word' id='word_1_267' title='bbox 1726 3678 1863 3748; x_wconf 86' lang='lat' dir='ltr'><strong>ejus.</strong></span> 
     </span>
    </p>
   </div>
   <div class='ocr_carea' id='block_1_39' title="bbox 280 3771 1867 3845">
    <p class='ocr_par' dir='ltr' id='par_1_39' title="bbox 280 3771 1867 3845">
     <span class='ocr_line' id='line_1_39' title="bbox 280 3771 1867 3845; baseline -0.004 -14"><span class='ocrx_word' id='word_1_268' title='bbox 280 3773 573 3831; x_wconf 86' lang='lat' dir='ltr'><strong>Pulchrum</strong></span> <span class='ocrx_word' id='word_1_269' title='bbox 600 3774 760 3845; x_wconf 85' lang='lat' dir='ltr'><strong>plane</strong></span> <span class='ocrx_word' id='word_1_270' title='bbox 781 3773 989 3831; x_wconf 86' lang='lat' dir='ltr'><strong>dicendi</strong></span> <span class='ocrx_word' id='word_1_271' title='bbox 1013 3787 1184 3844; x_wconf 88' lang='lat' dir='ltr'><strong>genus</strong></span> <span class='ocrx_word' id='word_1_272' title='bbox 1208 3773 1262 3828; x_wconf 94' lang='lat' dir='ltr'><strong>in</strong></span> <span class='ocrx_word' id='word_1_273' title='bbox 1280 3771 1542 3828; x_wconf 83' lang='lat' dir='ltr'><strong>brevitate</strong></span> <span class='ocrx_word' id='word_1_274' title='bbox 1562 3772 1867 3842; x_wconf 89' lang='lat' dir='ltr'><strong>complecti,</strong></span> 
     </span>
    </p>
   </div>
   <div class='ocr_carea' id='block_1_40' title="bbox 281 3864 1870 3939">
    <p class='ocr_par' dir='ltr' id='par_1_40' title="bbox 281 3864 1870 3939">
     <span class='ocr_line' id='line_1_40' title="bbox 281 3864 1870 3939; baseline -0.002 -16"><span class='ocrx_word' id='word_1_275' title='bbox 281 3868 428 3939; x_wconf 87' lang='lat' dir='ltr'><strong>quod</strong></span> <span class='ocrx_word' id='word_1_276' title='bbox 458 3868 601 3923; x_wconf 90' lang='lat' dir='ltr'><strong>nulla</strong></span> <span class='ocrx_word' id='word_1_277' title='bbox 645 3870 815 3938; x_wconf 90' lang='lat' dir='ltr'><strong>possit</strong></span> <span class='ocrx_word' id='word_1_278' title='bbox 839 3867 1163 3931; x_wconf 79' lang='lat' dir='ltr'><strong>adversitate</strong></span> <span class='ocrx_word' id='word_1_279' title='bbox 1205 3866 1456 3936; x_wconf 89' lang='lat' dir='ltr'><strong>dirumpi.</strong></span> <span class='ocrx_word' id='word_1_280' title='bbox 1487 3865 1638 3920; x_wconf 84' lang='lat' dir='ltr'><strong>Nunc</strong></span> <span class='ocrx_word' id='word_1_281' title='bbox 1675 3864 1870 3935; x_wconf 76' lang='lat' dir='ltr'><strong>psalmi</strong></span> 
     </span>
    </p>
   </div>
   <div class='ocr_carea' id='block_1_41' title="bbox 279 3955 1869 4028">
    <p class='ocr_par' dir='ltr' id='par_1_41' title="bbox 279 3955 1869 4028">
     <span class='ocr_line' id='line_1_41' title="bbox 279 3955 1869 4028; baseline -0.004 -11"><span class='ocrx_word' id='word_1_282' title='bbox 279 3960 449 4017; x_wconf 84' lang='lat' dir='ltr'><strong>verba</strong></span> <span class='ocrx_word' id='word_1_283' title='bbox 495 3968 807 4016; x_wconf 85' lang='lat' dir='ltr'><strong>tractemus.</strong></span> <span class='ocrx_word' id='word_1_284' title='bbox 855 3959 1130 4015; x_wconf 75' lang='lat' dir='ltr'><strong>Exsultare</strong></span> <span class='ocrx_word' id='word_1_285' title='bbox 1172 3968 1255 4014; x_wconf 91' lang='lat' dir='ltr'><strong>est</strong></span> <span class='ocrx_word' id='word_1_286' title='bbox 1300 3973 1420 4023; x_wconf 83' lang='lat' dir='ltr'><strong>cum</strong></span> <span class='ocrx_word' id='word_1_287' title='bbox 1472 3972 1662 4028; x_wconf 89' lang='lat' dir='ltr'><strong>magna</strong></span> <span class='ocrx_word' id='word_1_288' title='bbox 1705 3955 1869 4011; x_wconf 87' lang='lat' dir='ltr'><strong>animi</strong></span> 
     </span>
    </p>
   </div>
   <div class='ocr_carea' id='block_1_42' title="bbox 280 4046 1868 4122">
    <p class='ocr_par' dir='ltr' id='par_1_42' title="bbox 280 4046 1868 4122">
     <span class='ocr_line' id='line_1_42' title="bbox 280 4046 1868 4122; baseline -0.005 -12"><span class='ocrx_word' id='word_1_289' title='bbox 280 4051 562 4110; x_wconf 82' lang='lat' dir='ltr'><strong>alacritate</strong></span> <span class='ocrx_word' id='word_1_290' title='bbox 586 4051 853 4122; x_wconf 83' lang='lat' dir='ltr'><strong>gaudere;</strong></span> <span class='ocrx_word' id='word_1_291' title='bbox 885 4052 1051 4106; x_wconf 75' lang='lat' dir='ltr'><strong>lwtari</strong></span> <span class='ocrx_word' id='word_1_292' title='bbox 1079 4059 1164 4107; x_wconf 90' lang='lat' dir='ltr'><strong>est</strong></span> <span class='ocrx_word' id='word_1_293' title='bbox 1189 4058 1481 4121; x_wconf 89' lang='lat' dir='ltr'><strong>temperata</strong></span> <span class='ocrx_word' id='word_1_294' title='bbox 1511 4047 1706 4105; x_wconf 90' lang='lat' dir='ltr'><strong>mentis</strong></span> <span class='ocrx_word' id='word_1_295' title='bbox 1735 4046 1868 4102; x_wconf 79' lang='lat' dir='ltr'><strong>alle-</strong></span> 
     </span>
    </p>
   </div>
   <div class='ocr_carea' id='block_1_43' title="bbox 278 4142 1871 4214">
    <p class='ocr_par' dir='ltr' id='par_1_43' title="bbox 278 4142 1871 4214">
     <span class='ocr_line' id='line_1_43' title="bbox 278 4142 1871 4214; baseline -0.004 -13"><span class='ocrx_word' id='word_1_296' title='bbox 278 4146 462 4201; x_wconf 89' lang='lat' dir='ltr'><strong>ctione</strong></span> <span class='ocrx_word' id='word_1_297' title='bbox 484 4143 728 4210; x_wconf 79' lang='lat' dir='ltr'><strong>mulceri.</strong></span> <span class='ocrx_word' id='word_1_298' title='bbox 752 4142 861 4199; x_wconf 82' lang='lat' dir='ltr'><strong>sed</strong></span> <span class='ocrx_word' id='word_1_299' title='bbox 882 4142 1284 4198; x_wconf 88' lang='lat' dir='ltr'><strong>consideremus</strong></span> <span class='ocrx_word' id='word_1_300' title='bbox 1320 4143 1530 4214; x_wconf 89' lang='lat' dir='ltr'><strong>quoties</strong></span> <span class='ocrx_word' id='word_1_301' title='bbox 1558 4154 1871 4197; x_wconf 62' lang='lat' dir='ltr'><strong>commone-</strong></span> 
     </span>
    </p>
   </div>
   <div class='ocr_carea' id='block_1_44' title="bbox 278 4233 1870 4293">
    <p class='ocr_par' dir='ltr' id='par_1_44' title="bbox 278 4233 1870 4293">
     <span class='ocr_line' id='line_1_44' title="bbox 278 4233 1870 4293; baseline -0.001 0"><span class='ocrx_word' id='word_1_302' title='bbox 278 4249 405 4293; x_wconf 83' lang='lat' dir='ltr'><strong>mur</strong></span> <span class='ocrx_word' id='word_1_303' title='bbox 442 4233 497 4289; x_wconf 92' lang='lat' dir='ltr'><strong>in</strong></span> <span class='ocrx_word' id='word_1_304' title='bbox 540 4234 787 4290; x_wconf 89' lang='lat' dir='ltr'><strong>humanis</strong></span> <span class='ocrx_word' id='word_1_305' title='bbox 811 4233 1013 4290; x_wconf 89' lang='lat' dir='ltr'><strong>viribus</strong></span> <span class='ocrx_word' id='word_1_306' title='bbox 1041 4234 1262 4290; x_wconf 86' lang='lat' dir='ltr'><strong>minime</strong></span> <span class='ocrx_word' id='word_1_307' title='bbox 1309 4233 1704 4289; x_wconf 82' lang='lat' dir='ltr'><strong>conﬁdendum.</strong></span> <span class='ocrx_word' id='word_1_308' title='bbox 1736 4234 1870 4292; x_wconf 86' lang='lat' dir='ltr'><strong>Nam</strong></span> 
     </span>
    </p>
   </div>
   <div class='ocr_carea' id='block_1_45' title="bbox 278 4327 1872 4401">
    <p class='ocr_par' dir='ltr' id='par_1_45' title="bbox 278 4327 1872 4401">
     <span class='ocr_line' id='line_1_45' title="bbox 278 4327 1872 4401; baseline 0.001 -16"><span class='ocrx_word' id='word_1_309' title='bbox 278 4327 759 4401; x_wconf 87' lang='lat' dir='ltr'><strong>quemadmodum,</strong></span> <span class='ocrx_word' id='word_1_310' title='bbox 787 4336 846 4384; x_wconf 92' lang='lat' dir='ltr'><strong>ut</strong></span> <span class='ocrx_word' id='word_1_311' title='bbox 865 4343 1025 4399; x_wconf 89' lang='lat' dir='ltr'><strong>supra</strong></span> <span class='ocrx_word' id='word_1_312' title='bbox 1047 4328 1247 4384; x_wconf 92' lang='lat' dir='ltr'><strong>dictum</strong></span> <span class='ocrx_word' id='word_1_313' title='bbox 1271 4336 1372 4394; x_wconf 89' lang='lat' dir='ltr'><strong>est,</strong></span> <span class='ocrx_word' id='word_1_314' title='bbox 1404 4327 1684 4399; x_wconf 88' lang='lat' dir='ltr'><strong>quisquam</strong></span> <span class='ocrx_word' id='word_1_315' title='bbox 1714 4329 1781 4385; x_wconf 92' lang='lat' dir='ltr'><strong>de</strong></span> <span class='ocrx_word' id='word_1_316' title='bbox 1811 4345 1872 4387; x_wconf 92' lang='lat' dir='ltr'><strong>se</strong></span> 
     </span>
    </p>
   </div>
   <div class='ocr_carea' id='block_1_46' title="bbox 278 4421 1873 4494">
    <p class='ocr_par' dir='ltr' id='par_1_46' title="bbox 278 4421 1873 4494">
     <span class='ocr_line' id='line_1_46' title="bbox 278 4421 1873 4494; baseline 0.001 -14"><span class='ocrx_word' id='word_1_317' title='bbox 278 4421 478 4480; x_wconf 87' lang='lat' dir='ltr'><strong>debeat</strong></span> <span class='ocrx_word' id='word_1_318' title='bbox 530 4436 877 4492; x_wconf 60' lang='lat' dir='ltr'><strong>praesumere,</strong></span> <span class='ocrx_word' id='word_1_319' title='bbox 926 4422 1067 4478; x_wconf 90' lang='lat' dir='ltr'><strong>unde</strong></span> <span class='ocrx_word' id='word_1_320' title='bbox 1105 4433 1289 4478; x_wconf 91' lang='lat' dir='ltr'><strong>sancta</strong></span> <span class='ocrx_word' id='word_1_321' title='bbox 1334 4422 1633 4478; x_wconf 89' lang='lat' dir='ltr'><strong>incarnatio</strong></span> <span class='ocrx_word' id='word_1_322' title='bbox 1679 4424 1873 4494; x_wconf 78' lang='lat' dir='ltr'><strong>legitur</strong></span> 
     </span>
    </p>
   </div>
   <div class='ocr_carea' id='block_1_47' title="bbox 277 4516 1873 4588">
    <p class='ocr_par' dir='ltr' id='par_1_47' title="bbox 277 4516 1873 4588">
     <span class='ocr_line' id='line_1_47' title="bbox 277 4516 1873 4588; baseline 0 -15"><span class='ocrx_word' id='word_1_323' title='bbox 277 4517 586 4573; x_wconf 82' lang='lat' dir='ltr'><strong>abstinere?</strong></span> <span class='ocrx_word' id='word_1_324' title='bbox 612 4518 947 4588; x_wconf 81' lang='lat' dir='ltr'><strong>QuaprOpter</strong></span> <span class='ocrx_word' id='word_1_325' title='bbox 968 4517 1294 4572; x_wconf 85' lang='lat' dir='ltr'><strong>exsecranda</strong></span> <span class='ocrx_word' id='word_1_326' title='bbox 1316 4527 1397 4573; x_wconf 90' lang='lat' dir='ltr'><strong>est</strong></span> <span class='ocrx_word' id='word_1_327' title='bbox 1420 4516 1724 4587; x_wconf 63' lang='lat' dir='ltr'><strong>Pelagianae</strong></span> <span class='ocrx_word' id='word_1_328' title='bbox 1757 4533 1873 4588; x_wconf 85' lang='lat' dir='ltr'><strong>pra-</strong></span> 
     </span>
    </p>
   </div>
   <div class='ocr_carea' id='block_1_48' title="bbox 277 4610 1869 4683">
    <p class='ocr_par' dir='ltr' id='par_1_48' title="bbox 277 4610 1869 4683">
     <span class='ocr_line' id='line_1_48' title="bbox 277 4610 1869 4683; baseline 0.003 -19"><span class='ocrx_word' id='word_1_329' title='bbox 277 4610 468 4666; x_wconf 85' lang='lat' dir='ltr'><strong>vitatis</strong></span> <span class='ocrx_word' id='word_1_330' title='bbox 509 4610 753 4676; x_wconf 88' lang='lat' dir='ltr'><strong>intentio,</strong></span> <span class='ocrx_word' id='word_1_331' title='bbox 799 4610 926 4666; x_wconf 89' lang='lat' dir='ltr'><strong>dnm</strong></span> <span class='ocrx_word' id='word_1_332' title='bbox 969 4611 1057 4665; x_wconf 90' lang='lat' dir='ltr'><strong>illa</strong></span> <span class='ocrx_word' id='word_1_333' title='bbox 1087 4619 1255 4666; x_wconf 89' lang='lat' dir='ltr'><strong>tentat</strong></span> <span class='ocrx_word' id='word_1_334' title='bbox 1279 4626 1606 4682; x_wconf 72' lang='lat' dir='ltr'><strong>praesumere</strong></span> <span class='ocrx_word' id='word_1_335' title='bbox 1635 4629 1752 4683; x_wconf 81' lang='lat' dir='ltr'><strong>quae</strong></span> <span class='ocrx_word' id='word_1_336' title='bbox 1779 4629 1869 4670; x_wconf 82' lang='lat' dir='ltr'><strong>co-</strong></span> 
     </span>
    </p>
   </div>
   <div class='ocr_carea' id='block_1_49' title="bbox 1964 598 3550 673">
    <p class='ocr_par' dir='ltr' id='par_1_49' title="bbox 1964 598 3550 673">
     <span class='ocr_line' id='line_1_49' title="bbox 1964 598 3550 673; baseline 0.003 -20"><span class='ocrx_word' id='word_1_337' title='bbox 1964 598 2161 653; x_wconf 86' lang='lat' dir='ltr'><strong>clusisti</strong></span> <span class='ocrx_word' id='word_1_338' title='bbox 2203 615 2282 652; x_wconf 88' lang='lat' dir='ltr'><strong>me</strong></span> <span class='ocrx_word' id='word_1_339' title='bbox 2330 604 2383 653; x_wconf 83' lang='lat' dir='ltr'><strong>in</strong></span> <span class='ocrx_word' id='word_1_340' title='bbox 2432 616 2612 654; x_wconf 88' lang='lat' dir='ltr'><strong>manus</strong></span> <span class='ocrx_word' id='word_1_341' title='bbox 2659 602 2874 655; x_wconf 84' lang='lat' dir='ltr'><strong>inimici.</strong></span> <span class='ocrx_word' id='word_1_342' title='bbox 2928 602 3047 673; x_wconf 84' lang='lat' dir='ltr'><strong>Ipsa</strong></span> <span class='ocrx_word' id='word_1_343' title='bbox 3094 612 3211 659; x_wconf 87' lang='lat' dir='ltr'><strong>erat</strong></span> <span class='ocrx_word' id='word_1_344' title='bbox 3253 602 3550 658; x_wconf 74' lang='lat' dir='ltr'><strong>necessitas</strong></span> 
     </span>
    </p>
   </div>
   <div class='ocr_carea' id='block_1_50' title="bbox 1964 692 3549 763">
    <p class='ocr_par' dir='ltr' id='par_1_50' title="bbox 1964 692 3549 763">
     <span class='ocr_line' id='line_1_50' title="bbox 1964 692 3549 763; baseline 0.004 -18"><span class='ocrx_word' id='word_1_345' title='bbox 1964 706 2122 761; x_wconf 89' lang='lat' dir='ltr'><strong>quam</strong></span> <span class='ocrx_word' id='word_1_346' title='bbox 2170 692 2414 762; x_wconf 87' lang='lat' dir='ltr'><strong>superius</strong></span> <span class='ocrx_word' id='word_1_347' title='bbox 2453 693 2606 763; x_wconf 81' lang='lat' dir='ltr'><strong>dixit,</strong></span> <span class='ocrx_word' id='word_1_348' title='bbox 2650 693 2694 749; x_wconf 90' lang='lat' dir='ltr'><strong>si</strong></span> <span class='ocrx_word' id='word_1_349' title='bbox 2739 696 2987 762; x_wconf 90' lang='lat' dir='ltr'><strong>potestati</strong></span> <span class='ocrx_word' id='word_1_350' title='bbox 3024 695 3301 757; x_wconf 59' lang='lat' dir='ltr'><strong>diabolicae.</strong></span> <span class='ocrx_word' id='word_1_351' title='bbox 3339 694 3549 752; x_wconf 87' lang='lat' dir='ltr'><strong>delictis</strong></span> 
     </span>
    </p>
   </div>
   <div class='ocr_carea' id='block_1_51' title="bbox 1965 783 3552 858">
    <p class='ocr_par' dir='ltr' id='par_1_51' title="bbox 1965 783 3552 858">
     <span class='ocr_line' id='line_1_51' title="bbox 1965 783 3552 858; baseline 0.004 -20"><span class='ocrx_word' id='word_1_352' title='bbox 1965 783 2264 839; x_wconf 89' lang='lat' dir='ltr'><strong>traderetur</strong></span> <span class='ocrx_word' id='word_1_353' title='bbox 2284 784 2567 840; x_wconf 84' lang='lat' dir='ltr'><strong>obnoxius.</strong></span> <span class='ocrx_word' id='word_1_354' title='bbox 2596 784 2834 842; x_wconf 84' lang='lat' dir='ltr'><strong>Conclusi</strong></span> <span class='ocrx_word' id='word_1_355' title='bbox 2856 796 2974 841; x_wconf 86' lang='lat' dir='ltr'><strong>sunt</strong></span> <span class='ocrx_word' id='word_1_356' title='bbox 2995 786 3138 842; x_wconf 90' lang='lat' dir='ltr'><strong>enim</strong></span> <span class='ocrx_word' id='word_1_357' title='bbox 3159 787 3309 858; x_wconf 89' lang='lat' dir='ltr'><strong>quasi</strong></span> <span class='ocrx_word' id='word_1_358' title='bbox 3331 801 3552 844; x_wconf 85' lang='lat' dir='ltr'><strong>carcere</strong></span> 
     </span>
    </p>
   </div>
   <div class='ocr_carea' id='block_1_52' title="bbox 1965 876 3550 948">
    <p class='ocr_par' dir='ltr' id='par_1_52' title="bbox 1965 876 3550 948">
     <span class='ocr_line' id='line_1_52' title="bbox 1965 876 3550 948; baseline 0.002 -17"><span class='ocrx_word' id='word_1_359' title='bbox 1965 876 2184 947; x_wconf 77' lang='lat' dir='ltr'><strong>ptenali,</strong></span> <span class='ocrx_word' id='word_1_360' title='bbox 2213 879 2302 948; x_wconf 92' lang='lat' dir='ltr'><strong>qui</strong></span> <span class='ocrx_word' id='word_1_361' title='bbox 2342 879 2483 933; x_wconf 83' lang='lat' dir='ltr'><strong>illius</strong></span> <span class='ocrx_word' id='word_1_362' title='bbox 2519 879 2799 935; x_wconf 70' lang='grc' dir='ltr'>εωγίεείιηὶ</span> <span class='ocrx_word' id='word_1_363' title='bbox 2823 881 3068 936; x_wconf 90' lang='lat' dir='ltr'><strong>manibus</strong></span> <span class='ocrx_word' id='word_1_364' title='bbox 3088 882 3411 936; x_wconf 86' lang='lat' dir='ltr'><strong>ambiuntur.</strong></span> <span class='ocrx_word' id='word_1_365' title='bbox 3438 880 3550 936; x_wconf 87' lang='lat' dir='ltr'><strong>Nec</strong></span> 
     </span>
    </p>
   </div>
   <div class='ocr_carea' id='block_1_53' title="bbox 1966 973 3549 1045">
    <p class='ocr_par' dir='ltr' id='par_1_53' title="bbox 1966 973 3549 1045">
     <span class='ocr_line' id='line_1_53' title="bbox 1966 973 3549 1045; baseline 0.003 -20"><span class='ocrx_word' id='word_1_366' title='bbox 1966 973 2263 1027; x_wconf 86' lang='lat' dir='ltr'><strong>conclusisti</strong></span> <span class='ocrx_word' id='word_1_367' title='bbox 2299 988 2426 1043; x_wconf 83' lang='lat' dir='ltr'><strong>ergo</strong></span> <span class='ocrx_word' id='word_1_368' title='bbox 2467 973 2618 1042; x_wconf 84' lang='lat' dir='ltr'><strong>dicit,</strong></span> <span class='ocrx_word' id='word_1_369' title='bbox 2653 974 2774 1045; x_wconf 90' lang='lat' dir='ltr'><strong>quia</strong></span> <span class='ocrx_word' id='word_1_370' title='bbox 2818 976 2951 1030; x_wconf 90' lang='lat' dir='ltr'><strong>liber</strong></span> <span class='ocrx_word' id='word_1_371' title='bbox 2990 974 3212 1031; x_wconf 72' lang='lat' dir='ltr'><strong>efl‘ectus</strong></span> <span class='ocrx_word' id='word_1_372' title='bbox 3238 986 3319 1031; x_wconf 90' lang='lat' dir='ltr'><strong>est</strong></span> <span class='ocrx_word' id='word_1_373' title='bbox 3344 991 3372 1030; x_wconf 91' lang='lat' dir='ltr'><strong>a</strong></span> <span class='ocrx_word' id='word_1_374' title='bbox 3402 984 3549 1045; x_wconf 87' lang='lat' dir='ltr'><strong>pote-</strong></span> 
     </span>
    </p>
   </div>
   <div class='ocr_carea' id='block_1_54' title="bbox 1966 1063 3549 1138">
    <p class='ocr_par' dir='ltr' id='par_1_54' title="bbox 1966 1063 3549 1138">
     <span class='ocr_line' id='line_1_54' title="bbox 1966 1063 3549 1138; baseline 0.001 -20"><span class='ocrx_word' id='word_1_375' title='bbox 1966 1070 2106 1118; x_wconf 74' lang='lat' dir='ltr'><strong>State</strong></span> <span class='ocrx_word' id='word_1_376' title='bbox 2134 1063 2353 1131; x_wconf 87' lang='lat' dir='ltr'><strong>diaboli,</strong></span> <span class='ocrx_word' id='word_1_377' title='bbox 2381 1065 2519 1120; x_wconf 85' lang='lat' dir='ltr'><strong>sicut</strong></span> <span class='ocrx_word' id='word_1_378' title='bbox 2547 1066 2659 1135; x_wconf 90' lang='lat' dir='ltr'><strong>ipse</strong></span> <span class='ocrx_word' id='word_1_379' title='bbox 2685 1066 2738 1119; x_wconf 94' lang='lat' dir='ltr'><strong>in</strong></span> <span class='ocrx_word' id='word_1_380' title='bbox 2768 1066 3059 1138; x_wconf 87' lang='lat' dir='ltr'><strong>Evangelio</strong></span> <span class='ocrx_word' id='word_1_381' title='bbox 3088 1068 3160 1121; x_wconf 91' lang='lat' dir='ltr'><strong>ait</strong></span> <span class='ocrx_word' id='word_1_382' title='bbox 3190 1084 3203 1122; x_wconf 90' lang='lat'><strong>:</strong></span> <span class='ocrx_word' id='word_1_383' title='bbox 3238 1067 3366 1122; x_wconf 86' lang='lat' dir='ltr'><strong>Ecce</strong></span> <span class='ocrx_word' id='word_1_384' title='bbox 3391 1070 3549 1121; x_wconf 73' lang='lat' dir='ltr'><strong>veniet</strong></span> 
     </span>
    </p>
   </div>
   <div class='ocr_carea' id='block_1_55' title="bbox 1968 1154 3549 1231">
    <p class='ocr_par' dir='ltr' id='par_1_55' title="bbox 1968 1154 3549 1231">
     <span class='ocr_line' id='line_1_55' title="bbox 1968 1154 3549 1231; baseline 0.004 -24"><span class='ocrx_word' id='word_1_385' title='bbox 1968 1154 2204 1225; x_wconf 80' lang='lat' dir='ltr'><strong>princeps</strong></span> <span class='ocrx_word' id='word_1_386' title='bbox 2234 1158 2411 1212; x_wconf 89' lang='lat' dir='ltr'><strong>mundi</strong></span> <span class='ocrx_word' id='word_1_387' title='bbox 2440 1158 2618 1230; x_wconf 83' lang='lat' dir='ltr'><strong>hujus,</strong></span> <span class='ocrx_word' id='word_1_388' title='bbox 2648 1168 2696 1213; x_wconf 88' lang='lat' dir='ltr'><strong>et</strong></span> <span class='ocrx_word' id='word_1_389' title='bbox 2726 1158 2780 1213; x_wconf 90' lang='lat' dir='ltr'><strong>in</strong></span> <span class='ocrx_word' id='word_1_390' title='bbox 2802 1174 2881 1213; x_wconf 87' lang='lat' dir='ltr'><strong>me</strong></span> <span class='ocrx_word' id='word_1_391' title='bbox 2906 1174 3006 1214; x_wconf 92' lang='lat' dir='ltr'><strong>non</strong></span> <span class='ocrx_word' id='word_1_392' title='bbox 3034 1158 3251 1215; x_wconf 83' lang='lat' dir='ltr'><strong>inveniet</strong></span> <span class='ocrx_word' id='word_1_393' title='bbox 3274 1160 3549 1231; x_wconf 80' lang='lat' dir='ltr'><strong>quidquam</strong></span> 
     </span>
    </p>
   </div>
   <div class='ocr_carea' id='block_1_56' title="bbox 1971 1246 2437 1325">
    <p class='ocr_par' dir='ltr' id='par_1_56' title="bbox 1971 1246 2437 1325">
     <span class='ocr_line' id='line_1_56' title="bbox 1971 1246 2437 1325; baseline 0.015 -24"><span class='ocrx_word' id='word_1_394' title='bbox 1971 1246 2153 1319; x_wconf 83' lang='lat' dir='ltr'><strong>(Joan.</strong></span> <span class='ocrx_word' id='word_1_395' title='bbox 2185 1265 2293 1317; x_wconf 85' lang='lat' dir='ltr'><strong>xtv,</strong></span> <span class='ocrx_word' id='word_1_396' title='bbox 2324 1250 2437 1325; x_wconf 78' lang='lat'><strong>50).</strong></span> 
     </span>
    </p>
   </div>
   <div class='ocr_carea' id='block_1_57' title="bbox 2040 1389 3550 1470">
    <p class='ocr_par' dir='ltr' id='par_1_57' title="bbox 2040 1389 3550 1470">
     <span class='ocr_line' id='line_1_57' title="bbox 2040 1389 3550 1470; baseline 0.003 -24"><span class='ocrx_word' id='word_1_397' title='bbox 2040 1389 2196 1447; x_wconf 83' lang='lat' dir='ltr'><strong>Vers.</strong></span> <span class='ocrx_word' id='word_1_398' title='bbox 2245 1394 2332 1451; x_wconf 80' lang='grc'><strong>10.</strong></span> <span class='ocrx_word' id='word_1_399' title='bbox 2381 1393 2622 1450; x_wconf 87' lang='lat' dir='ltr'><strong>Statuisti</strong></span> <span class='ocrx_word' id='word_1_400' title='bbox 2664 1394 2718 1449; x_wconf 88' lang='lat' dir='ltr'><strong>in</strong></span> <span class='ocrx_word' id='word_1_401' title='bbox 2758 1395 2866 1451; x_wconf 93' lang='lat' dir='ltr'><strong>loco</strong></span> <span class='ocrx_word' id='word_1_402' title='bbox 2905 1397 3131 1470; x_wconf 86' lang='lat' dir='ltr'><strong>spatioso</strong></span> <span class='ocrx_word' id='word_1_403' title='bbox 3172 1396 3323 1466; x_wconf 84' lang='lat' dir='ltr'><strong>pedes</strong></span> <span class='ocrx_word' id='word_1_404' title='bbox 3359 1412 3494 1451; x_wconf 88' lang='lat' dir='ltr'><strong>meos</strong></span> <span class='ocrx_word' id='word_1_405' title='bbox 3532 1412 3550 1451; x_wconf 90' lang='lat'><strong><em>:</em></strong></span> 
     </span>
    </p>
   </div>
   <div class='ocr_carea' id='block_1_58' title="bbox 1969 1484 3552 1561">
    <p class='ocr_par' dir='ltr' id='par_1_58' title="bbox 1969 1484 3552 1561">
     <span class='ocr_line' id='line_1_58' title="bbox 1969 1484 3552 1561; baseline 0.003 -23"><span class='ocrx_word' id='word_1_406' title='bbox 1969 1485 2205 1542; x_wconf 87' lang='lat' dir='ltr'><strong>miserere</strong></span> <span class='ocrx_word' id='word_1_407' title='bbox 2235 1488 2352 1556; x_wconf 88' lang='lat' dir='ltr'><strong>mei,</strong></span> <span class='ocrx_word' id='word_1_408' title='bbox 2386 1487 2628 1558; x_wconf 88' lang='lat' dir='ltr'><strong>Domine,</strong></span> <span class='ocrx_word' id='word_1_409' title='bbox 2658 1491 2903 1561; x_wconf 87' lang='lat' dir='ltr'><strong>quoniam</strong></span> <span class='ocrx_word' id='word_1_410' title='bbox 2932 1489 3168 1544; x_wconf 80' lang='lat' dir='ltr'><strong>trtbulor.</strong></span> <span class='ocrx_word' id='word_1_411' title='bbox 3202 1488 3329 1545; x_wconf 88' lang='lat' dir='ltr'><strong>Post</strong></span> <span class='ocrx_word' id='word_1_412' title='bbox 3362 1484 3552 1544; x_wconf 83' lang='lat' dir='ltr'><strong>libera-</strong></span> 
     </span>
    </p>
   </div>
   <div class='ocr_carea' id='block_1_59' title="bbox 1970 1579 3553 1650">
    <p class='ocr_par' dir='ltr' id='par_1_59' title="bbox 1970 1579 3553 1650">
     <span class='ocr_line' id='line_1_59' title="bbox 1970 1579 3553 1650; baseline 0.003 -17"><span class='ocrx_word' id='word_1_413' title='bbox 1970 1579 2133 1636; x_wconf 87' lang='lat' dir='ltr'><strong>tionis</strong></span> <span class='ocrx_word' id='word_1_414' title='bbox 2158 1595 2267 1637; x_wconf 72' lang='lat' dir='ltr'><strong>suo:</strong></span> <span class='ocrx_word' id='word_1_415' title='bbox 2292 1583 2571 1638; x_wconf 90' lang='lat' dir='ltr'><strong>decursam</strong></span> <span class='ocrx_word' id='word_1_416' title='bbox 2596 1584 3028 1650; x_wconf 89' lang='lat' dir='ltr'><strong>exsultationem,</strong></span> <span class='ocrx_word' id='word_1_417' title='bbox 3049 1584 3114 1638; x_wconf 91' lang='lat' dir='ltr'><strong>ad</strong></span> <span class='ocrx_word' id='word_1_418' title='bbox 3142 1582 3434 1639; x_wconf 88' lang='lat' dir='ltr'><strong>secundum</strong></span> <span class='ocrx_word' id='word_1_419' title='bbox 3462 1597 3553 1637; x_wconf 82' lang='lat' dir='ltr'><strong>ve-</strong></span> 
     </span>
    </p>
   </div>
   <div class='ocr_carea' id='block_1_60' title="bbox 1970 1672 3553 1746">
    <p class='ocr_par' dir='ltr' id='par_1_60' title="bbox 1970 1672 3553 1746">
     <span class='ocr_line' id='line_1_60' title="bbox 1970 1672 3553 1746; baseline 0.003 -21"><span class='ocrx_word' id='word_1_420' title='bbox 1970 1672 2048 1726; x_wconf 89' lang='lat' dir='ltr'><strong>nit</strong></span> <span class='ocrx_word' id='word_1_421' title='bbox 2091 1672 2387 1743; x_wconf 89' lang='lat' dir='ltr'><strong>ingressum</strong></span> <span class='ocrx_word' id='word_1_422' title='bbox 2419 1690 2434 1728; x_wconf 88' lang='lat'><strong>:</strong></span> <span class='ocrx_word' id='word_1_423' title='bbox 2466 1673 2554 1728; x_wconf 91' lang='lat' dir='ltr'><strong>ubi</strong></span> <span class='ocrx_word' id='word_1_424' title='bbox 2585 1674 2651 1729; x_wconf 92' lang='lat' dir='ltr'><strong>de</strong></span> <span class='ocrx_word' id='word_1_425' title='bbox 2690 1675 2940 1746; x_wconf 86' lang='lat' dir='ltr'><strong>passione</strong></span> <span class='ocrx_word' id='word_1_426' title='bbox 2983 1691 3079 1731; x_wconf 89' lang='lat' dir='ltr'><strong>sua</strong></span> <span class='ocrx_word' id='word_1_427' title='bbox 3108 1675 3273 1730; x_wconf 87' lang='lat' dir='ltr'><strong>multa</strong></span> <span class='ocrx_word' id='word_1_428' title='bbox 3314 1673 3553 1730; x_wconf 82' lang='lat' dir='ltr'><strong>dicturus</strong></span> 
     </span>
    </p>
   </div>
   <div class='ocr_carea' id='block_1_61' title="bbox 1970 1763 3550 1850">
    <p class='ocr_par' dir='ltr' id='par_1_61' title="bbox 1970 1763 3550 1850">
     <span class='ocr_line' id='line_1_61' title="bbox 1970 1763 3550 1850; baseline -0.001 -31"><span class='ocrx_word' id='word_1_429' title='bbox 1970 1772 2074 1830; x_wconf 89' lang='lat' dir='ltr'><strong>est,</strong></span> <span class='ocrx_word' id='word_1_430' title='bbox 2096 1773 2153 1818; x_wconf 91' lang='lat' dir='ltr'><strong>ut</strong></span> <span class='ocrx_word' id='word_1_431' title='bbox 2170 1779 2285 1819; x_wconf 88' lang='lat' dir='ltr'><strong>eam</strong></span> <span class='ocrx_word' id='word_1_432' title='bbox 2305 1763 2566 1832; x_wconf 82' lang='lat' dir='ltr'><strong>frequenti</strong></span> <span class='ocrx_word' id='word_1_433' title='bbox 2594 1765 2856 1850; x_wconf 70' lang='lat' dir='ltr'><strong>memoria</strong></span> <span class='ocrx_word' id='word_1_434' title='bbox 2879 1765 3147 1835; x_wconf 91' lang='lat' dir='ltr'><strong>piissimus</strong></span> <span class='ocrx_word' id='word_1_435' title='bbox 3162 1774 3550 1830; x_wconf 89' lang='lat' dir='ltr'><strong>connnoneret,</strong></span> 
     </span>
    </p>
   </div>
   <div class='ocr_carea' id='block_1_62' title="bbox 1970 1856 3553 1927">
    <p class='ocr_par' dir='ltr' id='par_1_62' title="bbox 1970 1856 3553 1927">
     <span class='ocr_line' id='line_1_62' title="bbox 1970 1856 3553 1927; baseline 0.002 -20"><span class='ocrx_word' id='word_1_436' title='bbox 1970 1868 2127 1923; x_wconf 91' lang='lat' dir='ltr'><strong>quam</strong></span> <span class='ocrx_word' id='word_1_437' title='bbox 2158 1870 2256 1925; x_wconf 91' lang='lat' dir='ltr'><strong>pro</strong></span> <span class='ocrx_word' id='word_1_438' title='bbox 2296 1856 2535 1910; x_wconf 89' lang='lat' dir='ltr'><strong>omnium</strong></span> <span class='ocrx_word' id='word_1_439' title='bbox 2580 1856 2754 1912; x_wconf 90' lang='lat' dir='ltr'><strong>salute</strong></span> <span class='ocrx_word' id='word_1_440' title='bbox 2797 1858 3053 1927; x_wconf 87' lang='lat' dir='ltr'><strong>suscepit.</strong></span> <span class='ocrx_word' id='word_1_441' title='bbox 3105 1856 3370 1922; x_wconf 88' lang='lat' dir='ltr'><strong>Statuisti,</strong></span> <span class='ocrx_word' id='word_1_442' title='bbox 3402 1857 3553 1922; x_wconf 89' lang='lat' dir='ltr'><strong>dicit,</strong></span> 
     </span>
    </p>
   </div>
   <div class='ocr_carea' id='block_1_63' title="bbox 1971 1946 3548 2020">
    <p class='ocr_par' dir='ltr' id='par_1_63' title="bbox 1971 1946 3548 2020">
     <span class='ocr_line' id='line_1_63' title="bbox 1971 1946 3548 2020; baseline 0.001 -19"><span class='ocrx_word' id='word_1_443' title='bbox 1971 1946 2074 2002; x_wconf 86' lang='lat' dir='ltr'><strong>hoc</strong></span> <span class='ocrx_word' id='word_1_444' title='bbox 2099 1956 2180 2003; x_wconf 91' lang='lat' dir='ltr'><strong>est</strong></span> <span class='ocrx_word' id='word_1_445' title='bbox 2202 1949 2426 2003; x_wconf 88' lang='lat' dir='ltr'><strong>firmasti</strong></span> <span class='ocrx_word' id='word_1_446' title='bbox 2455 1966 2468 2015; x_wconf 86' lang='lat'>;</span> <span class='ocrx_word' id='word_1_447' title='bbox 2501 1949 2623 2019; x_wconf 88' lang='lat' dir='ltr'><strong>quia</strong></span> <span class='ocrx_word' id='word_1_448' title='bbox 2653 1950 2858 2020; x_wconf 88' lang='lat' dir='ltr'><strong>lapsum</strong></span> <span class='ocrx_word' id='word_1_449' title='bbox 2885 1949 3155 2005; x_wconf 84' lang='lat' dir='ltr'><strong>sustinere</strong></span> <span class='ocrx_word' id='word_1_450' title='bbox 3183 1965 3290 2005; x_wconf 92' lang='lat' dir='ltr'><strong>non</strong></span> <span class='ocrx_word' id='word_1_451' title='bbox 3324 1958 3548 2017; x_wconf 86' lang='lat' dir='ltr'><strong>poterat,</strong></span> 
     </span>
    </p>
   </div>
   <div class='ocr_carea' id='block_1_64' title="bbox 1968 2040 3553 2112">
    <p class='ocr_par' dir='ltr' id='par_1_64' title="bbox 1968 2040 3553 2112">
     <span class='ocr_line' id='line_1_64' title="bbox 1968 2040 3553 2112; baseline 0.002 -18"><span class='ocrx_word' id='word_1_452' title='bbox 1968 2041 2059 2110; x_wconf 86' lang='lat' dir='ltr'><strong>qui</strong></span> <span class='ocrx_word' id='word_1_453' title='bbox 2089 2041 2271 2096; x_wconf 89' lang='lat' dir='ltr'><strong>tnundi</strong></span> <span class='ocrx_word' id='word_1_454' title='bbox 2302 2042 2428 2096; x_wconf 87' lang='lat' dir='ltr'><strong>vitia</strong></span> <span class='ocrx_word' id='word_1_455' title='bbox 2462 2057 2566 2096; x_wconf 83' lang='lat' dir='ltr'><strong>non</strong></span> <span class='ocrx_word' id='word_1_456' title='bbox 2600 2041 2846 2097; x_wconf 86' lang='lat' dir='ltr'><strong>habebat.</strong></span> <span class='ocrx_word' id='word_1_457' title='bbox 2878 2040 2944 2095; x_wconf 86' lang='lat' dir='ltr'><strong>In</strong></span> <span class='ocrx_word' id='word_1_458' title='bbox 2976 2041 3088 2096; x_wconf 83' lang='lat' dir='ltr'><strong>loco</strong></span> <span class='ocrx_word' id='word_1_459' title='bbox 3114 2045 3359 2112; x_wconf 84' lang='lat' dir='ltr'><strong>spatioso,</strong></span> <span class='ocrx_word' id='word_1_460' title='bbox 3394 2043 3443 2097; x_wconf 85' lang='lat' dir='ltr'><strong>id</strong></span> <span class='ocrx_word' id='word_1_461' title='bbox 3472 2053 3553 2097; x_wconf 74' lang='lat' dir='ltr'><strong>est</strong></span> 
     </span>
    </p>
   </div>
   <div class='ocr_carea' id='block_1_65' title="bbox 1968 2133 3552 2203">
    <p class='ocr_par' dir='ltr' id='par_1_65' title="bbox 1968 2133 3552 2203">
     <span class='ocr_line' id='line_1_65' title="bbox 1968 2133 3552 2203; baseline 0.001 -16"><span class='ocrx_word' id='word_1_462' title='bbox 1968 2133 2138 2188; x_wconf 91' lang='lat' dir='ltr'><strong>libero</strong></span> <span class='ocrx_word' id='word_1_463' title='bbox 2179 2144 2235 2188; x_wconf 89' lang='lat' dir='ltr'><strong>et</strong></span> <span class='ocrx_word' id='word_1_464' title='bbox 2277 2147 2307 2187; x_wconf 90' lang='lat' dir='ltr'><strong>a</strong></span> <span class='ocrx_word' id='word_1_465' title='bbox 2353 2140 2613 2200; x_wconf 90' lang='lat' dir='ltr'><strong>potestate</strong></span> <span class='ocrx_word' id='word_1_466' title='bbox 2659 2134 2856 2190; x_wconf 89' lang='lat' dir='ltr'><strong>diaboli</strong></span> <span class='ocrx_word' id='word_1_467' title='bbox 2901 2148 3117 2203; x_wconf 89' lang='lat' dir='ltr'><strong>semper</strong></span> <span class='ocrx_word' id='word_1_468' title='bbox 3158 2143 3402 2203; x_wconf 73' lang='lat' dir='ltr'><strong>excepto.</strong></span> <span class='ocrx_word' id='word_1_469' title='bbox 3438 2133 3552 2202; x_wconf 86' lang='lat' dir='ltr'><strong>Ipse</strong></span> 
     </span>
    </p>
   </div>
   <div class='ocr_carea' id='block_1_66' title="bbox 1969 2222 3549 2295">
    <p class='ocr_par' dir='ltr' id='par_1_66' title="bbox 1969 2222 3549 2295">
     <span class='ocr_line' id='line_1_66' title="bbox 1969 2222 3549 2295; baseline -0.001 -16"><span class='ocrx_word' id='word_1_470' title='bbox 1969 2223 2112 2279; x_wconf 89' lang='lat' dir='ltr'><strong>enim</strong></span> <span class='ocrx_word' id='word_1_471' title='bbox 2144 2224 2284 2279; x_wconf 91' lang='lat' dir='ltr'><strong>liber</strong></span> <span class='ocrx_word' id='word_1_472' title='bbox 2311 2222 2454 2279; x_wconf 89' lang='lat' dir='ltr'><strong>locus</strong></span> <span class='ocrx_word' id='word_1_473' title='bbox 2490 2233 2574 2279; x_wconf 91' lang='lat' dir='ltr'><strong>est</strong></span> <span class='ocrx_word' id='word_1_474' title='bbox 2606 2240 2765 2295; x_wconf 90' lang='lat' dir='ltr'><strong>quem</strong></span> <span class='ocrx_word' id='word_1_475' title='bbox 2809 2225 2980 2281; x_wconf 89' lang='lat' dir='ltr'><strong>hostis</strong></span> <span class='ocrx_word' id='word_1_476' title='bbox 3029 2225 3119 2280; x_wconf 90' lang='lat' dir='ltr'><strong>ille</strong></span> <span class='ocrx_word' id='word_1_477' title='bbox 3165 2240 3271 2279; x_wconf 89' lang='lat' dir='ltr'><strong>non</strong></span> <span class='ocrx_word' id='word_1_478' title='bbox 3324 2225 3549 2289; x_wconf 87' lang='lat' dir='ltr'><strong>insidet;</strong></span> 
     </span>
    </p>
   </div>
   <div class='ocr_carea' id='block_1_67' title="bbox 1967 2315 3553 2389">
    <p class='ocr_par' dir='ltr' id='par_1_67' title="bbox 1967 2315 3553 2389">
     <span class='ocr_line' id='line_1_67' title="bbox 1967 2315 3553 2389; baseline 0.003 -18"><span class='ocrx_word' id='word_1_479' title='bbox 1967 2315 2085 2386; x_wconf 90' lang='lat' dir='ltr'><strong>ipse</strong></span> <span class='ocrx_word' id='word_1_480' title='bbox 2106 2319 2360 2385; x_wconf 87' lang='lat' dir='ltr'><strong>spatiosus</strong></span> <span class='ocrx_word' id='word_1_481' title='bbox 2385 2334 2542 2389; x_wconf 88' lang='lat' dir='ltr'><strong>quem</strong></span> <span class='ocrx_word' id='word_1_482' title='bbox 2570 2319 2660 2374; x_wconf 91' lang='lat' dir='ltr'><strong>ille</strong></span> <span class='ocrx_word' id='word_1_483' title='bbox 2684 2334 2791 2375; x_wconf 90' lang='lat' dir='ltr'><strong>non</strong></span> <span class='ocrx_word' id='word_1_484' title='bbox 2817 2329 3063 2389; x_wconf 91' lang='lat' dir='ltr'><strong>occupat.</strong></span> <span class='ocrx_word' id='word_1_485' title='bbox 3096 2319 3163 2374; x_wconf 84' lang='lat' dir='ltr'><strong>Et</strong></span> <span class='ocrx_word' id='word_1_486' title='bbox 3188 2319 3403 2375; x_wconf 89' lang='lat' dir='ltr'><strong>intende</strong></span> <span class='ocrx_word' id='word_1_487' title='bbox 3428 2318 3553 2388; x_wconf 79' lang='lat' dir='ltr'><strong>qtﬁa</strong></span> 
     </span>
    </p>
   </div>
   <div class='ocr_carea' id='block_1_68' title="bbox 1968 2408 3551 2483">
    <p class='ocr_par' dir='ltr' id='par_1_68' title="bbox 1968 2408 3551 2483">
     <span class='ocr_line' id='line_1_68' title="bbox 1968 2408 3551 2483; baseline 0.006 -22"><span class='ocrx_word' id='word_1_488' title='bbox 1968 2423 2073 2461; x_wconf 88' lang='lat' dir='ltr'><strong>non</strong></span> <span class='ocrx_word' id='word_1_489' title='bbox 2104 2408 2237 2463; x_wconf 83' lang='lat' dir='ltr'><strong>dixit</strong></span> <span class='ocrx_word' id='word_1_490' title='bbox 2264 2411 2315 2463; x_wconf 92' lang='lat' dir='ltr'><strong>in</strong></span> <span class='ocrx_word' id='word_1_491' title='bbox 2342 2410 2447 2473; x_wconf 89' lang='lat' dir='ltr'><strong>via,</strong></span> <span class='ocrx_word' id='word_1_492' title='bbox 2480 2410 2574 2466; x_wconf 91' lang='lat' dir='ltr'><strong>sed</strong></span> <span class='ocrx_word' id='word_1_493' title='bbox 2602 2411 2656 2465; x_wconf 89' lang='lat' dir='ltr'><strong>in</strong></span> <span class='ocrx_word' id='word_1_494' title='bbox 2688 2411 2799 2465; x_wconf 90' lang='lat' dir='ltr'><strong>loco</strong></span> <span class='ocrx_word' id='word_1_495' title='bbox 2828 2413 3074 2483; x_wconf 88' lang='lat' dir='ltr'><strong>spatioso,</strong></span> <span class='ocrx_word' id='word_1_496' title='bbox 3110 2411 3162 2467; x_wconf 92' lang='lat' dir='ltr'><strong>id</strong></span> <span class='ocrx_word' id='word_1_497' title='bbox 3191 2422 3273 2468; x_wconf 89' lang='lat' dir='ltr'><strong>est</strong></span> <span class='ocrx_word' id='word_1_498' title='bbox 3304 2415 3352 2467; x_wconf 91' lang='lat' dir='ltr'><strong>in</strong></span> <span class='ocrx_word' id='word_1_499' title='bbox 3383 2412 3551 2483; x_wconf 82' lang='lat' dir='ltr'><strong>patria</strong></span> 
     </span>
    </p>
   </div>
   <div class='ocr_carea' id='block_1_69' title="bbox 1967 2498 3549 2575">
    <p class='ocr_par' dir='ltr' id='par_1_69' title="bbox 1967 2498 3549 2575">
     <span class='ocr_line' id='line_1_69' title="bbox 1967 2498 3549 2575; baseline 0.007 -23"><span class='ocrx_word' id='word_1_500' title='bbox 1967 2498 2242 2567; x_wconf 86' lang='lat' dir='ltr'><strong>virtutum,</strong></span> <span class='ocrx_word' id='word_1_501' title='bbox 2295 2501 2349 2556; x_wconf 92' lang='lat' dir='ltr'><strong>in</strong></span> <span class='ocrx_word' id='word_1_502' title='bbox 2402 2501 2627 2573; x_wconf 79' lang='lat' dir='ltr'><strong>regione</strong></span> <span class='ocrx_word' id='word_1_503' title='bbox 2671 2502 2983 2571; x_wconf 85' lang='lat' dir='ltr'><strong>beatorum;</strong></span> <span class='ocrx_word' id='word_1_504' title='bbox 3034 2504 3113 2558; x_wconf 87' lang='lat' dir='ltr'><strong>via</strong></span> <span class='ocrx_word' id='word_1_505' title='bbox 3163 2506 3305 2561; x_wconf 90' lang='lat' dir='ltr'><strong>enim</strong></span> <span class='ocrx_word' id='word_1_506' title='bbox 3361 2506 3549 2575; x_wconf 87' lang='lat' dir='ltr'><strong>legitur</strong></span> 
     </span>
    </p>
   </div>
   <div class='ocr_carea' id='block_1_70' title="bbox 1966 2591 3549 2662">
    <p class='ocr_par' dir='ltr' id='par_1_70' title="bbox 1966 2591 3549 2662">
     <span class='ocr_line' id='line_1_70' title="bbox 1966 2591 3549 2662; baseline 0.004 -15"><span class='ocrx_word' id='word_1_507' title='bbox 1966 2601 2189 2662; x_wconf 88' lang='lat' dir='ltr'><strong>angusta</strong></span> <span class='ocrx_word' id='word_1_508' title='bbox 2231 2591 2519 2662; x_wconf 88' lang='lat' dir='ltr'><strong>jnstorum.</strong></span> <span class='ocrx_word' id='word_1_509' title='bbox 2570 2593 2736 2649; x_wconf 86' lang='lat' dir='ltr'><strong>Pedes</strong></span> <span class='ocrx_word' id='word_1_510' title='bbox 2778 2608 2957 2650; x_wconf 90' lang='lat' dir='ltr'><strong>autem</strong></span> <span class='ocrx_word' id='word_1_511' title='bbox 2998 2609 3123 2651; x_wconf 91' lang='lat' dir='ltr'><strong>suos</strong></span> <span class='ocrx_word' id='word_1_512' title='bbox 3165 2596 3294 2651; x_wconf 81' lang='lat' dir='ltr'><strong>dicit</strong></span> <span class='ocrx_word' id='word_1_513' title='bbox 3326 2598 3549 2653; x_wconf 85' lang='lat' dir='ltr'><strong>virtutes</strong></span> 
     </span>
    </p>
   </div>
   <div class='ocr_carea' id='block_1_71' title="bbox 1968 2688 3553 2761">
    <p class='ocr_par' dir='ltr' id='par_1_71' title="bbox 1968 2688 3553 2761">
     <span class='ocr_line' id='line_1_71' title="bbox 1968 2688 3553 2761; baseline 0.003 -20"><span class='ocrx_word' id='word_1_514' title='bbox 1968 2688 2221 2755; x_wconf 91' lang='lat' dir='ltr'><strong>morales,</strong></span> <span class='ocrx_word' id='word_1_515' title='bbox 2248 2702 2344 2758; x_wconf 89' lang='lat' dir='ltr'><strong>per</strong></span> <span class='ocrx_word' id='word_1_516' title='bbox 2373 2702 2505 2759; x_wconf 91' lang='lat' dir='ltr'><strong>quas</strong></span> <span class='ocrx_word' id='word_1_517' title='bbox 2536 2689 2677 2744; x_wconf 85' lang='lat' dir='ltr'><strong>hunc</strong></span> <span class='ocrx_word' id='word_1_518' title='bbox 2704 2689 2959 2745; x_wconf 88' lang='lat' dir='ltr'><strong>mundum</strong></span> <span class='ocrx_word' id='word_1_519' title='bbox 2988 2689 3104 2744; x_wconf 81' lang='lat' dir='ltr'><strong>fixis</strong></span> <span class='ocrx_word' id='word_1_520' title='bbox 3134 2690 3411 2761; x_wconf 84' lang='lat' dir='ltr'><strong>gressibus</strong></span> <span class='ocrx_word' id='word_1_521' title='bbox 3436 2705 3553 2745; x_wconf 80' lang='lat' dir='ltr'><strong>am-</strong></span> 
     </span>
    </p>
   </div>
   <div class='ocr_carea' id='block_1_72' title="bbox 1968 2779 3551 2863">
    <p class='ocr_par' dir='ltr' id='par_1_72' title="bbox 1968 2779 3551 2863">
     <span class='ocr_line' id='line_1_72' title="bbox 1968 2779 3551 2863; baseline 0.004 -28"><span class='ocrx_word' id='word_1_522' title='bbox 1968 2779 2194 2848; x_wconf 70' lang='lat' dir='ltr'><strong>bulavit,</strong></span> <span class='ocrx_word' id='word_1_523' title='bbox 2222 2795 2355 2851; x_wconf 88' lang='lat' dir='ltr'><strong>quos</strong></span> <span class='ocrx_word' id='word_1_524' title='bbox 2376 2781 2575 2837; x_wconf 90' lang='lat' dir='ltr'><strong>diaboli</strong></span> <span class='ocrx_word' id='word_1_525' title='bbox 2602 2781 2895 2838; x_wconf 89' lang='lat' dir='ltr'><strong>adversitas</strong></span> <span class='ocrx_word' id='word_1_526' title='bbox 2927 2784 3189 2853; x_wconf 90' lang='lat' dir='ltr'><strong>impedire</strong></span> <span class='ocrx_word' id='word_1_527' title='bbox 3215 2786 3551 2863; x_wconf 44' lang='lat' dir='ltr'><strong>non.potuit.</strong></span> 
     </span>
    </p>
   </div>
   <div class='ocr_carea' id='block_1_73' title="bbox 1969 2870 3550 2943">
    <p class='ocr_par' dir='ltr' id='par_1_73' title="bbox 1969 2870 3550 2943">
     <span class='ocr_line' id='line_1_73' title="bbox 1969 2870 3550 2943; baseline 0.001 -15"><span class='ocrx_word' id='word_1_528' title='bbox 1969 2870 2074 2928; x_wconf 90' lang='lat' dir='ltr'><strong>Sed</strong></span> <span class='ocrx_word' id='word_1_529' title='bbox 2106 2872 2348 2940; x_wconf 88' lang='lat' dir='ltr'><strong>quamvis</strong></span> <span class='ocrx_word' id='word_1_530' title='bbox 2378 2872 2634 2927; x_wconf 91' lang='lat' dir='ltr'><strong>mundum</strong></span> <span class='ocrx_word' id='word_1_531' title='bbox 2663 2872 3059 2942; x_wconf 88' lang='lat' dir='ltr'><strong>inculpabiliter</strong></span> <span class='ocrx_word' id='word_1_532' title='bbox 3098 2875 3416 2943; x_wconf 86' lang='lat' dir='ltr'><strong>ambularet,</strong></span> <span class='ocrx_word' id='word_1_533' title='bbox 3451 2892 3550 2931; x_wconf 88' lang='lat' dir='ltr'><strong>nc-</strong></span> 
     </span>
    </p>
   </div>
   <div class='ocr_carea' id='block_1_74' title="bbox 1946 2966 3551 3041">
    <p class='ocr_par' dir='ltr' id='par_1_74' title="bbox 1946 2966 3551 3041">
     <span class='ocr_line' id='line_1_74' title="bbox 1946 2966 3551 3041; baseline 0 -18"><span class='ocrx_word' id='word_1_534' title='bbox 1946 2968 2263 3023; x_wconf 88' lang='lat' dir='ltr'><strong>-cessarium</strong></span> <span class='ocrx_word' id='word_1_535' title='bbox 2308 2966 2409 3022; x_wconf 82' lang='lat' dir='ltr'><strong>fuit</strong></span> <span class='ocrx_word' id='word_1_536' title='bbox 2456 2975 2513 3022; x_wconf 92' lang='lat' dir='ltr'><strong>ut</strong></span> <span class='ocrx_word' id='word_1_537' title='bbox 2560 2967 2676 3037; x_wconf 85' lang='lat' dir='ltr'><strong>ejus</strong></span> <span class='ocrx_word' id='word_1_538' title='bbox 2724 2967 3123 3023; x_wconf 88' lang='lat' dir='ltr'><strong>infirmitatibus</strong></span> <span class='ocrx_word' id='word_1_539' title='bbox 3162 2968 3339 3023; x_wconf 92' lang='lat' dir='ltr'><strong>divina</strong></span> <span class='ocrx_word' id='word_1_540' title='bbox 3380 2971 3551 3041; x_wconf 83' lang='lat' dir='ltr'><strong>gratia</strong></span> 
     </span>
    </p>
   </div>
   <div class='ocr_carea' id='block_1_75' title="bbox 1966 3058 3550 3131">
    <p class='ocr_par' dir='ltr' id='par_1_75' title="bbox 1966 3058 3550 3131">
     <span class='ocr_line' id='line_1_75' title="bbox 1966 3058 3550 3131; baseline 0.002 -17"><span class='ocrx_word' id='word_1_541' title='bbox 1966 3058 2311 3127; x_wconf 90' lang='lat' dir='ltr'><strong>subveniret,</strong></span> <span class='ocrx_word' id='word_1_542' title='bbox 2356 3074 2425 3115; x_wconf 91' lang='lat' dir='ltr'><strong>ne</strong></span> <span class='ocrx_word' id='word_1_543' title='bbox 2468 3059 2739 3116; x_wconf 88' lang='lat' dir='ltr'><strong>imbecilla</strong></span> <span class='ocrx_word' id='word_1_544' title='bbox 2786 3073 2913 3115; x_wconf 90' lang='lat' dir='ltr'><strong>caro</strong></span> <span class='ocrx_word' id='word_1_545' title='bbox 2952 3074 2981 3113; x_wconf 86' lang='lat' dir='ltr'><strong>a</strong></span> <span class='ocrx_word' id='word_1_546' title='bbox 3019 3060 3256 3115; x_wconf 82' lang='lat' dir='ltr'><strong>ctelestis</strong></span> <span class='ocrx_word' id='word_1_547' title='bbox 3290 3060 3550 3131; x_wconf 88' lang='lat' dir='ltr'><strong>propositi</strong></span> 
     </span>
    </p>
   </div>
   <div class='ocr_carea' id='block_1_76' title="bbox 1966 3151 3544 3223">
    <p class='ocr_par' dir='ltr' id='par_1_76' title="bbox 1966 3151 3544 3223">
     <span class='ocr_line' id='line_1_76' title="bbox 1966 3151 3544 3223; baseline 0 -16"><span class='ocrx_word' id='word_1_548' title='bbox 1966 3152 2277 3223; x_wconf 80' lang='lat' dir='ltr'><strong>integritate</strong></span> <span class='ocrx_word' id='word_1_549' title='bbox 2315 3151 2637 3208; x_wconf 91' lang='lat' dir='ltr'><strong>discederet.</strong></span> <span class='ocrx_word' id='word_1_550' title='bbox 2682 3151 2805 3208; x_wconf 90' lang='lat' dir='ltr'><strong>Ideo</strong></span> <span class='ocrx_word' id='word_1_551' title='bbox 2845 3152 3110 3223; x_wconf 86' lang='lat' dir='ltr'><strong>sequitur,</strong></span> <span class='ocrx_word' id='word_1_552' title='bbox 3144 3153 3383 3207; x_wconf 85' lang='lat' dir='ltr'><strong>miserere</strong></span> <span class='ocrx_word' id='word_1_553' title='bbox 3424 3154 3544 3221; x_wconf 84' lang='lat' dir='ltr'><strong>mei,</strong></span> 
     </span>
    </p>
   </div>
   <div class='ocr_carea' id='block_1_77' title="bbox 1967 3242 3551 3317">
    <p class='ocr_par' dir='ltr' id='par_1_77' title="bbox 1967 3242 3551 3317">
     <span class='ocr_line' id='line_1_77' title="bbox 1967 3242 3551 3317; baseline 0.002 -19"><span class='ocrx_word' id='word_1_554' title='bbox 1967 3242 2207 3310; x_wconf 87' lang='lat' dir='ltr'><strong>Domine,</strong></span> <span class='ocrx_word' id='word_1_555' title='bbox 2238 3245 2480 3313; x_wconf 88' lang='lat' dir='ltr'><strong>quoniam</strong></span> <span class='ocrx_word' id='word_1_556' title='bbox 2510 3243 2747 3299; x_wconf 83' lang='lat' dir='ltr'><strong>tribular.</strong></span> <span class='ocrx_word' id='word_1_557' title='bbox 2774 3243 2914 3316; x_wconf 89' lang='lat' dir='ltr'><strong>Lege</strong></span> <span class='ocrx_word' id='word_1_558' title='bbox 2944 3245 3083 3299; x_wconf 89' lang='lat' dir='ltr'><strong>enim</strong></span> <span class='ocrx_word' id='word_1_559' title='bbox 3112 3244 3331 3301; x_wconf 90' lang='lat' dir='ltr'><strong>humani</strong></span> <span class='ocrx_word' id='word_1_560' title='bbox 3360 3260 3551 3317; x_wconf 84' lang='lat' dir='ltr'><strong>corpo-</strong></span> 
     </span>
    </p>
   </div>
   <div class='ocr_carea' id='block_1_78' title="bbox 1968 3337 3549 3408">
    <p class='ocr_par' dir='ltr' id='par_1_78' title="bbox 1968 3337 3549 3408">
     <span class='ocr_line' id='line_1_78' title="bbox 1968 3337 3549 3408; baseline 0.002 -15"><span class='ocrx_word' id='word_1_561' title='bbox 1968 3337 2047 3393; x_wconf 91' lang='lat' dir='ltr'><strong>ris</strong></span> <span class='ocrx_word' id='word_1_562' title='bbox 2096 3337 2424 3392; x_wconf 88' lang='lat' dir='ltr'><strong>tribulationi</strong></span> <span class='ocrx_word' id='word_1_563' title='bbox 2464 3352 2575 3393; x_wconf 85' lang='lat' dir='ltr'><strong>suae</strong></span> <span class='ocrx_word' id='word_1_564' title='bbox 2621 3337 2855 3408; x_wconf 88' lang='lat' dir='ltr'><strong>postulat</strong></span> <span class='ocrx_word' id='word_1_565' title='bbox 2896 3337 3188 3408; x_wconf 87' lang='lat' dir='ltr'><strong>subveniri,</strong></span> <span class='ocrx_word' id='word_1_566' title='bbox 3220 3339 3359 3394; x_wconf 90' lang='lat' dir='ltr'><strong>sicut</strong></span> <span class='ocrx_word' id='word_1_567' title='bbox 3398 3350 3451 3395; x_wconf 90' lang='lat' dir='ltr'><strong>et</strong></span> <span class='ocrx_word' id='word_1_568' title='bbox 3494 3340 3549 3396; x_wconf 91' lang='lat' dir='ltr'><strong>in</strong></span> 
     </span>
    </p>
   </div>
   <div class='ocr_carea' id='block_1_79' title="bbox 1969 3427 3552 3502">
    <p class='ocr_par' dir='ltr' id='par_1_79' title="bbox 1969 3427 3552 3502">
     <span class='ocr_line' id='line_1_79' title="bbox 1969 3427 3552 3502; baseline 0.001 -19"><span class='ocrx_word' id='word_1_569' title='bbox 1969 3428 2261 3498; x_wconf 80' lang='lat' dir='ltr'><strong>Evangelio</strong></span> <span class='ocrx_word' id='word_1_570' title='bbox 2289 3428 2413 3485; x_wconf 89' lang='lat' dir='ltr'><strong>dicit</strong></span> <span class='ocrx_word' id='word_1_571' title='bbox 2438 3446 2453 3485; x_wconf 88' lang='lat'><strong>:</strong></span> <span class='ocrx_word' id='word_1_572' title='bbox 2485 3427 2671 3484; x_wconf 83' lang='lat' dir='ltr'><strong>Tristis</strong></span> <span class='ocrx_word' id='word_1_573' title='bbox 2699 3439 2771 3485; x_wconf 88' lang='lat' dir='ltr'><strong>est</strong></span> <span class='ocrx_word' id='word_1_574' title='bbox 2797 3430 2970 3484; x_wconf 89' lang='lat' dir='ltr'><strong>anima</strong></span> <span class='ocrx_word' id='word_1_575' title='bbox 2997 3446 3109 3484; x_wconf 90' lang='lat' dir='ltr'><strong>mea</strong></span> <span class='ocrx_word' id='word_1_576' title='bbox 3132 3446 3289 3502; x_wconf 85' lang='lat' dir='ltr'><strong>usque</strong></span> <span class='ocrx_word' id='word_1_577' title='bbox 3316 3434 3384 3485; x_wconf 87' lang='lat' dir='ltr'><strong>ad</strong></span> <span class='ocrx_word' id='word_1_578' title='bbox 3410 3448 3552 3487; x_wconf 87' lang='lat' dir='ltr'><strong>mor-</strong></span> 
     </span>
    </p>
   </div>
   <div class='ocr_carea' id='block_1_80' title="bbox 1968 3520 3550 3596">
    <p class='ocr_par' dir='ltr' id='par_1_80' title="bbox 1968 3520 3550 3596">
     <span class='ocr_line' id='line_1_80' title="bbox 1968 3520 3550 3596; baseline 0.004 -21"><span class='ocrx_word' id='word_1_579' title='bbox 1968 3529 2068 3575; x_wconf 88' lang='lat' dir='ltr'><strong>tem</strong></span> <span class='ocrx_word' id='word_1_580' title='bbox 2092 3520 2305 3591; x_wconf 79' lang='lat' dir='ltr'><strong>(Matth.</strong></span> <span class='ocrx_word' id='word_1_581' title='bbox 2338 3537 2483 3589; x_wconf 77' lang='lat' dir='ltr'><strong>xxvr,</strong></span> <span class='ocrx_word' id='word_1_582' title='bbox 2513 3521 2627 3592; x_wconf 77' lang='lat'><strong>38),</strong></span> <span class='ocrx_word' id='word_1_583' title='bbox 2660 3530 2714 3578; x_wconf 91' lang='lat' dir='ltr'><strong>et</strong></span> <span class='ocrx_word' id='word_1_584' title='bbox 2743 3522 2826 3577; x_wconf 92' lang='lat' dir='ltr'><strong>bis</strong></span> <span class='ocrx_word' id='word_1_585' title='bbox 2847 3522 3064 3579; x_wconf 88' lang='lat' dir='ltr'><strong>similia.</strong></span> <span class='ocrx_word' id='word_1_586' title='bbox 3095 3523 3218 3580; x_wconf 90' lang='lat' dir='ltr'><strong>Sive</strong></span> <span class='ocrx_word' id='word_1_587' title='bbox 3246 3524 3397 3596; x_wconf 87' lang='lat' dir='ltr'><strong>pedes</strong></span> <span class='ocrx_word' id='word_1_588' title='bbox 3424 3540 3550 3581; x_wconf 88' lang='lat' dir='ltr'><strong>suos</strong></span> 
     </span>
    </p>
   </div>
   <div class='ocr_carea' id='block_1_81' title="bbox 1968 3615 3549 3688">
    <p class='ocr_par' dir='ltr' id='par_1_81' title="bbox 1968 3615 3549 3688">
     <span class='ocr_line' id='line_1_81' title="bbox 1968 3615 3549 3688; baseline 0.003 -19"><span class='ocrx_word' id='word_1_589' title='bbox 1968 3616 2241 3685; x_wconf 89' lang='lat' dir='ltr'><strong>apostolos</strong></span> <span class='ocrx_word' id='word_1_590' title='bbox 2291 3615 2437 3680; x_wconf 90' lang='lat' dir='ltr'><strong>dicit,</strong></span> <span class='ocrx_word' id='word_1_591' title='bbox 2469 3616 2560 3686; x_wconf 92' lang='lat' dir='ltr'><strong>qui</strong></span> <span class='ocrx_word' id='word_1_592' title='bbox 2590 3616 2643 3671; x_wconf 90' lang='lat' dir='ltr'><strong>in</strong></span> <span class='ocrx_word' id='word_1_593' title='bbox 2682 3617 2794 3675; x_wconf 85' lang='lat' dir='ltr'><strong>loco</strong></span> <span class='ocrx_word' id='word_1_594' title='bbox 2831 3617 3078 3687; x_wconf 86' lang='lat' dir='ltr'><strong>spatioso,</strong></span> <span class='ocrx_word' id='word_1_595' title='bbox 3109 3617 3162 3672; x_wconf 91' lang='lat' dir='ltr'><strong>id</strong></span> <span class='ocrx_word' id='word_1_596' title='bbox 3192 3628 3270 3673; x_wconf 87' lang='lat' dir='ltr'><strong>est</strong></span> <span class='ocrx_word' id='word_1_597' title='bbox 3302 3632 3397 3688; x_wconf 88' lang='lat' dir='ltr'><strong>per</strong></span> <span class='ocrx_word' id='word_1_598' title='bbox 3424 3620 3549 3674; x_wconf 63' lang='lat' dir='ltr'><strong>uni.</strong></span> 
     </span>
    </p>
   </div>
   <div class='ocr_carea' id='block_1_82' title="bbox 1968 3708 3551 3770">
    <p class='ocr_par' dir='ltr' id='par_1_82' title="bbox 1968 3708 3551 3770">
     <span class='ocr_line' id='line_1_82' title="bbox 1968 3708 3551 3770; baseline 0.003 -5"><span class='ocrx_word' id='word_1_599' title='bbox 1968 3709 2234 3765; x_wconf 89' lang='lat' dir='ltr'><strong>versalem</strong></span> <span class='ocrx_word' id='word_1_600' title='bbox 2277 3708 2575 3768; x_wconf 79' lang='lat' dir='ltr'><strong>Ecclesium</strong></span> <span class='ocrx_word' id='word_1_601' title='bbox 2613 3710 2911 3767; x_wconf 88' lang='lat' dir='ltr'><strong>certissima</strong></span> <span class='ocrx_word' id='word_1_602' title='bbox 2947 3709 3236 3769; x_wconf 86' lang='lat' dir='ltr'><strong>stabilitate</strong></span> <span class='ocrx_word' id='word_1_603' title='bbox 3275 3711 3397 3770; x_wconf 85' lang='lat' dir='ltr'><strong>fidei</strong></span> <span class='ocrx_word' id='word_1_604' title='bbox 3424 3727 3551 3770; x_wconf 84' lang='lat' dir='ltr'><strong>con-</strong></span> 
     </span>
    </p>
   </div>
   <div class='ocr_carea' id='block_1_83' title="bbox 1970 3800 2241 3859">
    <p class='ocr_par' dir='ltr' id='par_1_83' title="bbox 1970 3800 2241 3859">
     <span class='ocr_line' id='line_1_83' title="bbox 1970 3800 2241 3859; baseline 0 -2"><span class='ocrx_word' id='word_1_605' title='bbox 1970 3800 2241 3859; x_wconf 87' lang='lat' dir='ltr'><strong>stiterunt.</strong></span> 
     </span>
    </p>
   </div>
   <div class='ocr_carea' id='block_1_84' title="bbox 2047 3944 3552 4019">
    <p class='ocr_par' dir='ltr' id='par_1_84' title="bbox 2047 3944 3552 4019">
     <span class='ocr_line' id='line_1_84' title="bbox 2047 3944 3552 4019; baseline 0.004 -19"><span class='ocrx_word' id='word_1_606' title='bbox 2047 3944 2197 4002; x_wconf 86' lang='lat' dir='ltr'><strong>Vers.</strong></span> <span class='ocrx_word' id='word_1_607' title='bbox 2226 3946 2315 4003; x_wconf 81' lang='grc'><strong>11.</strong></span> <span class='ocrx_word' id='word_1_608' title='bbox 2339 3945 2683 4002; x_wconf 86' lang='lat' dir='ltr'><strong>Conturbatus</strong></span> <span class='ocrx_word' id='word_1_609' title='bbox 2703 3956 2774 4003; x_wconf 88' lang='lat' dir='ltr'><strong>est</strong></span> <span class='ocrx_word' id='word_1_610' title='bbox 2798 3948 2853 4002; x_wconf 90' lang='lat' dir='ltr'><strong>in</strong></span> <span class='ocrx_word' id='word_1_611' title='bbox 2878 3948 2958 4003; x_wconf 89' lang='lat' dir='ltr'><strong>ira</strong></span> <span class='ocrx_word' id='word_1_612' title='bbox 2987 3947 3163 4004; x_wconf 79' lang='lat' dir='ltr'><strong>oculus</strong></span> <span class='ocrx_word' id='word_1_613' title='bbox 3189 3964 3353 4019; x_wconf 81' lang='lat' dir='ltr'><strong>meus,</strong></span> <span class='ocrx_word' id='word_1_614' title='bbox 3374 3951 3552 4006; x_wconf 86' lang='lat' dir='ltr'><strong>anima</strong></span> 
     </span>
    </p>
   </div>
   <div class='ocr_carea' id='block_1_85' title="bbox 1970 4040 3552 4115">
    <p class='ocr_par' dir='ltr' id='par_1_85' title="bbox 1970 4040 3552 4115">
     <span class='ocr_line' id='line_1_85' title="bbox 1970 4040 3552 4115; baseline 0.006 -24"><span class='ocrx_word' id='word_1_615' title='bbox 1970 4053 2085 4093; x_wconf 86' lang='lat' dir='ltr'><strong>mea</strong></span> <span class='ocrx_word' id='word_1_616' title='bbox 2110 4049 2157 4093; x_wconf 89' lang='lat' dir='ltr'><strong>et</strong></span> <span class='ocrx_word' id='word_1_617' title='bbox 2183 4047 2355 4094; x_wconf 87' lang='lat' dir='ltr'><strong>venter</strong></span> <span class='ocrx_word' id='word_1_618' title='bbox 2381 4054 2545 4094; x_wconf 83' lang='lat' dir='ltr'><strong>meus.</strong></span> <span class='ocrx_word' id='word_1_619' title='bbox 2593 4040 2698 4096; x_wconf 89' lang='lat' dir='ltr'><strong>Per</strong></span> <span class='ocrx_word' id='word_1_620' title='bbox 2742 4040 2841 4094; x_wconf 89' lang='lat' dir='ltr'><strong>bos</strong></span> <span class='ocrx_word' id='word_1_621' title='bbox 2887 4051 3115 4110; x_wconf 87' lang='lat' dir='ltr'><strong>quatuor</strong></span> <span class='ocrx_word' id='word_1_622' title='bbox 3159 4058 3346 4099; x_wconf 89' lang='lat' dir='ltr'><strong>versus</strong></span> <span class='ocrx_word' id='word_1_623' title='bbox 3386 4045 3552 4115; x_wconf 79' lang='lat' dir='ltr'><strong>figura</strong></span> 
     </span>
    </p>
   </div>
   <div class='ocr_carea' id='block_1_86' title="bbox 1971 4139 3554 4210">
    <p class='ocr_par' dir='ltr' id='par_1_86' title="bbox 1971 4139 3554 4210">
     <span class='ocr_line' id='line_1_86' title="bbox 1971 4139 3554 4210; baseline 0.004 -15"><span class='ocrx_word' id='word_1_624' title='bbox 1971 4139 2265 4210; x_wconf 85' lang='lat' dir='ltr'><strong>diatyposis</strong></span> <span class='ocrx_word' id='word_1_625' title='bbox 2308 4146 2424 4203; x_wconf 88' lang='lat' dir='ltr'><strong>est,</strong></span> <span class='ocrx_word' id='word_1_626' title='bbox 2469 4155 2590 4209; x_wconf 73' lang='lat' dir='ltr'><strong>qua:</strong></span> <span class='ocrx_word' id='word_1_627' title='bbox 2636 4140 2824 4196; x_wconf 87' lang='lat' dir='ltr'><strong>Latine</strong></span> <span class='ocrx_word' id='word_1_628' title='bbox 2871 4141 3145 4210; x_wconf 88' lang='lat' dir='ltr'><strong>expressio</strong></span> <span class='ocrx_word' id='word_1_629' title='bbox 3192 4141 3385 4198; x_wconf 88' lang='lat' dir='ltr'><strong>dicitur</strong></span> <span class='ocrx_word' id='word_1_630' title='bbox 3420 4160 3434 4197; x_wconf 91' lang='lat'><strong>:</strong></span> <span class='ocrx_word' id='word_1_631' title='bbox 3467 4144 3554 4203; x_wconf 86' lang='lat' dir='ltr'><strong>ubi</strong></span> 
     </span>
    </p>
   </div>
   <div class='ocr_carea' id='block_1_87' title="bbox 1971 4232 3556 4305">
    <p class='ocr_par' dir='ltr' id='par_1_87' title="bbox 1971 4232 3556 4305">
     <span class='ocr_line' id='line_1_87' title="bbox 1971 4232 3556 4305; baseline 0.003 -16"><span class='ocrx_word' id='word_1_632' title='bbox 1971 4233 2134 4290; x_wconf 86' lang='lat' dir='ltr'><strong>rebus</strong></span> <span class='ocrx_word' id='word_1_633' title='bbox 2163 4232 2477 4303; x_wconf 90' lang='lat' dir='ltr'><strong>personisve</strong></span> <span class='ocrx_word' id='word_1_634' title='bbox 2501 4232 2780 4303; x_wconf 86' lang='lat' dir='ltr'><strong>subjectis,</strong></span> <span class='ocrx_word' id='word_1_635' title='bbox 2809 4244 2862 4292; x_wconf 81' lang='lat' dir='ltr'><strong>et</strong></span> <span class='ocrx_word' id='word_1_636' title='bbox 2894 4234 3079 4289; x_wconf 67' lang='lat' dir='ltr'><strong>forma:</strong></span> <span class='ocrx_word' id='word_1_637' title='bbox 3109 4234 3239 4305; x_wconf 69' lang='lat' dir='ltr'><strong>ipsa:</strong></span> <span class='ocrx_word' id='word_1_638' title='bbox 3266 4244 3318 4291; x_wconf 91' lang='lat' dir='ltr'><strong>ct</strong></span> <span class='ocrx_word' id='word_1_639' title='bbox 3344 4235 3556 4294; x_wconf 85' lang='lat' dir='ltr'><strong>habitus</strong></span> 
     </span>
    </p>
   </div>
   <div class='ocr_carea' id='block_1_88' title="bbox 1971 4328 3556 4405">
    <p class='ocr_par' dir='ltr' id='par_1_88' title="bbox 1971 4328 3556 4405">
     <span class='ocr_line' id='line_1_88' title="bbox 1971 4328 3556 4405; baseline 0.004 -18"><span class='ocrx_word' id='word_1_640' title='bbox 1971 4330 2366 4400; x_wconf 86' lang='lat' dir='ltr'><strong>exprimuntur.</strong></span> <span class='ocrx_word' id='word_1_641' title='bbox 2416 4328 2606 4401; x_wconf 82' lang='lat' dir='ltr'><strong>Incipit</strong></span> <span class='ocrx_word' id='word_1_642' title='bbox 2653 4330 2794 4386; x_wconf 87' lang='lat' dir='ltr'><strong>enim</strong></span> <span class='ocrx_word' id='word_1_643' title='bbox 2840 4330 3148 4389; x_wconf 85' lang='lat' dir='ltr'><strong>describere</strong></span> <span class='ocrx_word' id='word_1_644' title='bbox 3192 4334 3363 4405; x_wconf 90' lang='lat' dir='ltr'><strong>qualis</strong></span> <span class='ocrx_word' id='word_1_645' title='bbox 3400 4336 3556 4395; x_wconf 88' lang='lat' dir='ltr'><strong>fuerit</strong></span> 
     </span>
    </p>
   </div>
   <div class='ocr_carea' id='block_1_89' title="bbox 1970 4423 3556 4497">
    <p class='ocr_par' dir='ltr' id='par_1_89' title="bbox 1970 4423 3556 4497">
     <span class='ocr_line' id='line_1_89' title="bbox 1970 4423 3556 4497; baseline 0.003 -16"><span class='ocrx_word' id='word_1_646' title='bbox 1970 4423 2192 4497; x_wconf 88' lang='lat' dir='ltr'><strong>periculi</strong></span> <span class='ocrx_word' id='word_1_647' title='bbox 2219 4424 2549 4497; x_wconf 88' lang='lat' dir='ltr'><strong>magnitudo.</strong></span> <span class='ocrx_word' id='word_1_648' title='bbox 2581 4425 2661 4481; x_wconf 84' lang='lat' dir='ltr'><strong>Ac</strong></span> <span class='ocrx_word' id='word_1_649' title='bbox 2685 4425 2730 4481; x_wconf 88' lang='lat' dir='ltr'><strong>si</strong></span> <span class='ocrx_word' id='word_1_650' title='bbox 2759 4425 2959 4481; x_wconf 91' lang='lat' dir='ltr'><strong>diceret</strong></span> <span class='ocrx_word' id='word_1_651' title='bbox 2994 4442 3008 4479; x_wconf 92' lang='lat'><strong>:</strong></span> <span class='ocrx_word' id='word_1_652' title='bbox 3034 4424 3300 4484; x_wconf 91' lang='lat' dir='ltr'><strong>Confusus</strong></span> <span class='ocrx_word' id='word_1_653' title='bbox 3328 4438 3411 4485; x_wconf 87' lang='lat' dir='ltr'><strong>est</strong></span> <span class='ocrx_word' id='word_1_654' title='bbox 3434 4432 3556 4486; x_wconf 87' lang='lat' dir='ltr'><strong>ani-</strong></span> 
     </span>
    </p>
   </div>
   <div class='ocr_carea' id='block_1_90' title="bbox 1971 4515 3554 4592">
    <p class='ocr_par' dir='ltr' id='par_1_90' title="bbox 1971 4515 3554 4592">
     <span class='ocr_line' id='line_1_90' title="bbox 1971 4515 3554 4592; baseline 0.004 -19"><span class='ocrx_word' id='word_1_655' title='bbox 1971 4531 2092 4573; x_wconf 89' lang='lat' dir='ltr'><strong>mus</strong></span> <span class='ocrx_word' id='word_1_656' title='bbox 2125 4531 2296 4585; x_wconf 82' lang='lat' dir='ltr'><strong>meus,</strong></span> <span class='ocrx_word' id='word_1_657' title='bbox 2327 4531 2448 4573; x_wconf 90' lang='lat' dir='ltr'><strong>cum</strong></span> <span class='ocrx_word' id='word_1_658' title='bbox 2489 4533 2578 4574; x_wconf 93' lang='lat' dir='ltr'><strong>me</strong></span> <span class='ocrx_word' id='word_1_659' title='bbox 2624 4515 3021 4588; x_wconf 88' lang='lat' dir='ltr'><strong>insequentium</strong></span> <span class='ocrx_word' id='word_1_660' title='bbox 3061 4519 3211 4576; x_wconf 88' lang='lat' dir='ltr'><strong>furor</strong></span> <span class='ocrx_word' id='word_1_661' title='bbox 3257 4531 3554 4592; x_wconf 88' lang='lat' dir='ltr'><strong>appeteret.</strong></span> 
     </span>
    </p>
   </div>
   <div class='ocr_carea' id='block_1_91' title="bbox 1973 4607 3559 4682">
    <p class='ocr_par' dir='ltr' id='par_1_91' title="bbox 1973 4607 3559 4682">
     <span class='ocr_line' id='line_1_91' title="bbox 1973 4607 3559 4682; baseline 0.004 -20"><span class='ocrx_word' id='word_1_662' title='bbox 1973 4607 2117 4663; x_wconf 86' lang='lat' dir='ltr'><strong>Iram</strong></span> <span class='ocrx_word' id='word_1_663' title='bbox 2165 4608 2429 4681; x_wconf 88' lang='lat' dir='ltr'><strong>siquidem</strong></span> <span class='ocrx_word' id='word_1_664' title='bbox 2486 4609 2663 4679; x_wconf 90' lang='lat' dir='ltr'><strong>posuit</strong></span> <span class='ocrx_word' id='word_1_665' title='bbox 2720 4611 3058 4667; x_wconf 90' lang='lat' dir='ltr'><strong>inimicorum</strong></span> <span class='ocrx_word' id='word_1_666' title='bbox 3115 4611 3559 4682; x_wconf 88' lang='lat' dir='ltr'><strong>indignationem.</strong></span> 
     </span>
    </p>
   </div>
   <div class='ocr_carea' id='block_1_92' title="bbox 277 4691 3560 4776">
    <p class='ocr_par' dir='ltr' id='par_1_92' title="bbox 277 4691 3560 4776">
     <span class='ocr_line' id='line_1_92' title="bbox 277 4691 3560 4776; baseline 0.001 -17"><span class='ocrx_word' id='word_1_667' title='bbox 277 4718 548 4775; x_wconf 88' lang='lat' dir='ltr'><strong>gnoscere</strong></span> <span class='ocrx_word' id='word_1_668' title='bbox 572 4702 756 4759; x_wconf 87' lang='lat' dir='ltr'><strong>debuit</strong></span> <span class='ocrx_word' id='word_1_669' title='bbox 795 4702 1051 4773; x_wconf 83' lang='lat' dir='ltr'><strong>Spiritum</strong></span> <span class='ocrx_word' id='word_1_670' title='bbox 1084 4712 1324 4758; x_wconf 89' lang='lat' dir='ltr'><strong>sanctum</strong></span> <span class='ocrx_word' id='word_1_671' title='bbox 1374 4704 1531 4759; x_wconf 81' lang='lat' dir='ltr'><strong>toties</strong></span> <span class='ocrx_word' id='word_1_672' title='bbox 1560 4716 1682 4759; x_wconf 89' lang='lat' dir='ltr'><strong>ante</strong></span> <span class='ocrx_word' id='word_1_673' title='bbox 1723 4705 1872 4760; x_wconf 84' lang='lat' dir='ltr'><strong>dam-</strong></span> <span class='ocrx_word' id='word_1_674' title='bbox 1899 4691 1949 4753; x_wconf 84' lang='lat' dir='ltr'><strong>D</strong></span> <span class='ocrx_word' id='word_1_675' title='bbox 1979 4699 2175 4757; x_wconf 87' lang='lat' dir='ltr'><strong>Oculus</strong></span> <span class='ocrx_word' id='word_1_676' title='bbox 2216 4710 2395 4757; x_wconf 91' lang='lat' dir='ltr'><strong>autem</strong></span> <span class='ocrx_word' id='word_1_677' title='bbox 2436 4700 2768 4758; x_wconf 87' lang='lat' dir='ltr'><strong>intellectum</strong></span> <span class='ocrx_word' id='word_1_678' title='bbox 2820 4702 3104 4774; x_wconf 85' lang='lat' dir='ltr'><strong>significat,</strong></span> <span class='ocrx_word' id='word_1_679' title='bbox 3149 4718 3308 4770; x_wconf 89' lang='lat' dir='ltr'><strong>quem</strong></span> <span class='ocrx_word' id='word_1_680' title='bbox 3348 4720 3560 4776; x_wconf 81' lang='lat' dir='ltr'><strong>semper</strong></span> 
     </span>
    </p>
   </div>
   <div class='ocr_carea' id='block_1_93' title="bbox 279 4795 1867 4869">
    <p class='ocr_par' dir='ltr' id='par_1_93' title="bbox 279 4795 1867 4869">
     <span class='ocr_line' id='line_1_93' title="bbox 279 4795 1867 4869; baseline -0.002 -16"><span class='ocrx_word' id='word_1_681' title='bbox 279 4810 462 4853; x_wconf 88' lang='lat' dir='ltr'><strong>nasse.</strong></span> <span class='ocrx_word' id='word_1_682' title='bbox 509 4795 851 4851; x_wconf 86' lang='lat' dir='ltr'><strong>lntendamns</strong></span> <span class='ocrx_word' id='word_1_683' title='bbox 890 4795 1051 4852; x_wconf 89' lang='lat' dir='ltr'><strong>etiam</strong></span> <span class='ocrx_word' id='word_1_684' title='bbox 1088 4796 1180 4865; x_wconf 92' lang='lat' dir='ltr'><strong>qui</strong></span> <span class='ocrx_word' id='word_1_685' title='bbox 1216 4795 1346 4851; x_wconf 91' lang='lat' dir='ltr'><strong>dicit</strong></span> <span class='ocrx_word' id='word_1_686' title='bbox 1388 4796 1726 4857; x_wconf 82' lang='lat' dir='ltr'><strong>humilitatem</strong></span> <span class='ocrx_word' id='word_1_687' title='bbox 1756 4799 1867 4869; x_wconf 82' lang='lat'><strong>99</strong></span> 
     </span>
    </p>
   </div>
   <div class='ocr_carea' id='block_1_94' title="bbox 278 4888 1867 4960">
    <p class='ocr_par' dir='ltr' id='par_1_94' title="bbox 278 4888 1867 4960">
     <span class='ocr_line' id='line_1_94' title="bbox 278 4888 1867 4960; baseline -0.002 -12"><span class='ocrx_word' id='word_1_688' title='bbox 278 4904 434 4948; x_wconf 78' lang='lat' dir='ltr'><strong>suam</strong></span> <span class='ocrx_word' id='word_1_689' title='bbox 476 4889 637 4960; x_wconf 79' lang='lat' dir='ltr'><strong>fuisse</strong></span> <span class='ocrx_word' id='word_1_690' title='bbox 680 4900 991 4960; x_wconf 79' lang='lat' dir='ltr'><strong>respectum;</strong></span> <span class='ocrx_word' id='word_1_691' title='bbox 1018 4890 1107 4946; x_wconf 90' lang='lat' dir='ltr'><strong>ille</strong></span> <span class='ocrx_word' id='word_1_692' title='bbox 1130 4888 1377 4945; x_wconf 85' lang='lat' dir='ltr'><strong>videlicet</strong></span> <span class='ocrx_word' id='word_1_693' title='bbox 1402 4890 1491 4960; x_wconf 92' lang='lat' dir='ltr'><strong>qui</strong></span> <span class='ocrx_word' id='word_1_694' title='bbox 1537 4890 1729 4945; x_wconf 84' lang='lat' dir='ltr'><strong>coelum</strong></span> <span class='ocrx_word' id='word_1_695' title='bbox 1760 4899 1867 4945; x_wconf 81' lang='lat' dir='ltr'><strong>ter-</strong></span> 
     </span>
    </p>
   </div>
   <div class='ocr_carea' id='block_1_95' title="bbox 194 4969 1868 5054">
    <p class='ocr_par' dir='ltr' id='par_1_95' title="bbox 194 4969 1868 5054">
     <span class='ocr_line' id='line_1_95' title="bbox 194 4969 1868 5054; baseline -0.002 -10"><span class='ocrx_word' id='word_1_696' title='bbox 194 4969 229 5044; x_wconf 55' lang='grc' dir='ltr'><strong>ίξ</strong></span> <span class='ocrx_word' id='word_1_697' title='bbox 278 4998 506 5054; x_wconf 87' lang='lat' dir='ltr'><strong>ramque</strong></span> <span class='ocrx_word' id='word_1_698' title='bbox 526 4990 583 5040; x_wconf 88' lang='lat' dir='ltr'><strong>et</strong></span> <span class='ocrx_word' id='word_1_699' title='bbox 601 4983 807 5039; x_wconf 85' lang='lat' dir='ltr'><strong>creavit</strong></span> <span class='ocrx_word' id='word_1_700' title='bbox 829 4991 883 5040; x_wconf 89' lang='lat' dir='ltr'><strong>et</strong></span> <span class='ocrx_word' id='word_1_701' title='bbox 905 4984 1162 5050; x_wconf 86' lang='lat' dir='ltr'><strong>continet,</strong></span> <span class='ocrx_word' id='word_1_702' title='bbox 1195 4985 1279 5039; x_wconf 87' lang='lat' dir='ltr'><strong>cui</strong></span> <span class='ocrx_word' id='word_1_703' title='bbox 1307 4991 1597 5053; x_wconf 87' lang='lat' dir='ltr'><strong>potestates</strong></span> <span class='ocrx_word' id='word_1_704' title='bbox 1620 4998 1868 5053; x_wconf 67' lang='lat' dir='ltr'><strong>supernae</strong></span> 
     </span>
    </p>
   </div>
   <div class='ocr_carea' id='block_1_96' title="bbox 278 5074 1873 5144">
    <p class='ocr_par' dir='ltr' id='par_1_96' title="bbox 278 5074 1873 5144">
     <span class='ocr_line' id='line_1_96' title="bbox 278 5074 1873 5144; baseline -0.003 -9"><span class='ocrx_word' id='word_1_705' title='bbox 278 5075 546 5135; x_wconf 74' lang='lat' dir='ltr'><strong>serviunt.</strong></span> <span class='ocrx_word' id='word_1_706' title='bbox 581 5076 691 5132; x_wconf 88' lang='lat' dir='ltr'><strong>Sed</strong></span> <span class='ocrx_word' id='word_1_707' title='bbox 716 5076 837 5133; x_wconf 92' lang='lat' dir='ltr'><strong>ideo</strong></span> <span class='ocrx_word' id='word_1_708' title='bbox 876 5085 992 5131; x_wconf 87' lang='lat' dir='ltr'><strong>erat</strong></span> <span class='ocrx_word' id='word_1_709' title='bbox 1028 5077 1081 5132; x_wconf 91' lang='lat' dir='ltr'><strong>in</strong></span> <span class='ocrx_word' id='word_1_710' title='bbox 1109 5076 1385 5132; x_wconf 85' lang='lat' dir='ltr'><strong>Altissimo</strong></span> <span class='ocrx_word' id='word_1_711' title='bbox 1413 5074 1717 5142; x_wconf 88' lang='lat' dir='ltr'><strong>humilitas,</strong></span> <span class='ocrx_word' id='word_1_712' title='bbox 1747 5075 1873 5144; x_wconf 92' lang='lat' dir='ltr'><strong>quia</strong></span> 
     </span>
    </p>
   </div>
   <div class='ocr_carea' id='block_1_97' title="bbox 279 5170 1873 5243">
    <p class='ocr_par' dir='ltr' id='par_1_97' title="bbox 279 5170 1873 5243">
     <span class='ocr_line' id='line_1_97' title="bbox 279 5170 1873 5243; baseline 0 -16"><span class='ocrx_word' id='word_1_713' title='bbox 279 5171 365 5227; x_wconf 90' lang='lat' dir='ltr'><strong>illi</strong></span> <span class='ocrx_word' id='word_1_714' title='bbox 396 5179 452 5228; x_wconf 89' lang='lat' dir='ltr'><strong>et</strong></span> <span class='ocrx_word' id='word_1_715' title='bbox 480 5172 789 5228; x_wconf 87' lang='lat' dir='ltr'><strong>humanitas</strong></span> <span class='ocrx_word' id='word_1_716' title='bbox 827 5171 1088 5228; x_wconf 83' lang='lat' dir='ltr'><strong>veraciter</strong></span> <span class='ocrx_word' id='word_1_717' title='bbox 1133 5170 1441 5228; x_wconf 68' lang='lat' dir='ltr'><strong>adbmrebat</strong></span> <span class='ocrx_word' id='word_1_718' title='bbox 1487 5172 1556 5227; x_wconf 87' lang='lat' dir='ltr'><strong>ab</strong></span> <span class='ocrx_word' id='word_1_719' title='bbox 1594 5171 1709 5243; x_wconf 87' lang='lat' dir='ltr'><strong>ipsa</strong></span> <span class='ocrx_word' id='word_1_720' title='bbox 1743 5185 1873 5228; x_wconf 85' lang='lat' dir='ltr'><strong>con-</strong></span> 
     </span>
    </p>
   </div>
   <div class='ocr_carea' id='block_1_98' title="bbox 276 5263 820 5332">
    <p class='ocr_par' dir='ltr' id='par_1_98' title="bbox 276 5263 820 5332">
     <span class='ocr_line' id='line_1_98' title="bbox 276 5263 820 5332; baseline -0.002 -11"><span class='ocrx_word' id='word_1_721' title='bbox 276 5263 532 5330; x_wconf 88' lang='lat' dir='ltr'><strong>ceptione</strong></span> <span class='ocrx_word' id='word_1_722' title='bbox 560 5263 820 5332; x_wconf 88' lang='lat' dir='ltr'><strong>perfecta.</strong></span> 
     </span>
    </p>
   </div>
   <div class='ocr_carea' id='block_1_99' title="bbox 361 5354 1872 5427">
    <p class='ocr_par' dir='ltr' id='par_1_99' title="bbox 361 5354 1872 5427">
     <span class='ocr_line' id='line_1_99' title="bbox 361 5354 1872 5427; baseline -0.001 -16"><span class='ocrx_word' id='word_1_723' title='bbox 361 5355 515 5412; x_wconf 82' lang='lat' dir='ltr'><strong>Vers.</strong></span> <span class='ocrx_word' id='word_1_724' title='bbox 553 5356 606 5413; x_wconf 88' lang='grc'><strong>9.</strong></span> <span class='ocrx_word' id='word_1_725' title='bbox 659 5356 871 5412; x_wconf 83' lang='lat' dir='ltr'><strong>Salvam</strong></span> <span class='ocrx_word' id='word_1_726' title='bbox 910 5356 1077 5427; x_wconf 81' lang='lat' dir='ltr'><strong>fecisti</strong></span> <span class='ocrx_word' id='word_1_727' title='bbox 1114 5354 1178 5409; x_wconf 86' lang='lat' dir='ltr'><strong>de</strong></span> <span class='ocrx_word' id='word_1_728' title='bbox 1222 5354 1606 5410; x_wconf 86' lang='lat' dir='ltr'><strong>necessitatibus</strong></span> <span class='ocrx_word' id='word_1_729' title='bbox 1645 5355 1872 5411; x_wconf 88' lang='lat' dir='ltr'><strong>animam</strong></span> 
     </span>
    </p>
   </div>
   <div class='ocr_carea' id='block_1_100' title="bbox 278 5446 1870 5514">
    <p class='ocr_par' dir='ltr' id='par_1_100' title="bbox 278 5446 1870 5514">
     <span class='ocr_line' id='line_1_100' title="bbox 278 5446 1870 5514; baseline -0.001 -9"><span class='ocrx_word' id='word_1_730' title='bbox 278 5463 475 5514; x_wconf 73' lang='lat' dir='ltr'><strong>mm,</strong></span> <span class='ocrx_word' id='word_1_731' title='bbox 499 5461 591 5503; x_wconf 85' lang='lat' dir='ltr'><strong>nec</strong></span> <span class='ocrx_word' id='word_1_732' title='bbox 615 5449 914 5504; x_wconf 83' lang='lat' dir='ltr'><strong>conclusisti</strong></span> <span class='ocrx_word' id='word_1_733' title='bbox 936 5463 1016 5502; x_wconf 86' lang='lat' dir='ltr'><strong>me</strong></span> <span class='ocrx_word' id='word_1_734' title='bbox 1038 5448 1089 5501; x_wconf 88' lang='lat' dir='ltr'><strong>in</strong></span> <span class='ocrx_word' id='word_1_735' title='bbox 1116 5462 1299 5501; x_wconf 86' lang='lat' dir='ltr'><strong>manus</strong></span> <span class='ocrx_word' id='word_1_736' title='bbox 1329 5447 1544 5502; x_wconf 83' lang='lat' dir='ltr'><strong>inimici.</strong></span> <span class='ocrx_word' id='word_1_737' title='bbox 1571 5446 1870 5504; x_wconf 81' lang='lat' dir='ltr'><strong>Necessitas</strong></span> 
     </span>
    </p>
   </div>
   <div class='ocr_carea' id='block_1_101' title="bbox 280 5538 1873 5609">
    <p class='ocr_par' dir='ltr' id='par_1_101' title="bbox 280 5538 1873 5609">
     <span class='ocr_line' id='line_1_101' title="bbox 280 5538 1873 5609; baseline -0.001 -11"><span class='ocrx_word' id='word_1_738' title='bbox 280 5540 482 5598; x_wconf 86' lang='lat' dir='ltr'><strong>dicitur</strong></span> <span class='ocrx_word' id='word_1_739' title='bbox 512 5538 581 5594; x_wconf 91' lang='lat' dir='ltr'><strong>ab</strong></span> <span class='ocrx_word' id='word_1_740' title='bbox 603 5553 668 5593; x_wconf 91' lang='lat' dir='ltr'><strong>eo</strong></span> <span class='ocrx_word' id='word_1_741' title='bbox 697 5538 839 5609; x_wconf 91' lang='lat' dir='ltr'><strong>quod</strong></span> <span class='ocrx_word' id='word_1_742' title='bbox 874 5539 927 5593; x_wconf 91' lang='lat' dir='ltr'><strong>in</strong></span> <span class='ocrx_word' id='word_1_743' title='bbox 958 5553 1089 5594; x_wconf 90' lang='lat' dir='ltr'><strong>nece</strong></span> <span class='ocrx_word' id='word_1_744' title='bbox 1109 5540 1178 5595; x_wconf 87' lang='lat' dir='ltr'><strong>sit</strong></span> <span class='ocrx_word' id='word_1_745' title='bbox 1201 5538 1393 5607; x_wconf 85' lang='lat' dir='ltr'><strong>posita,</strong></span> <span class='ocrx_word' id='word_1_746' title='bbox 1417 5538 1469 5593; x_wconf 91' lang='lat' dir='ltr'><strong>id</strong></span> <span class='ocrx_word' id='word_1_747' title='bbox 1494 5547 1576 5593; x_wconf 88' lang='lat' dir='ltr'><strong>est</strong></span> <span class='ocrx_word' id='word_1_748' title='bbox 1598 5539 1652 5594; x_wconf 93' lang='lat' dir='ltr'><strong>in</strong></span> <span class='ocrx_word' id='word_1_749' title='bbox 1682 5541 1873 5597; x_wconf 89' lang='lat' dir='ltr'><strong>mortis</strong></span> 
     </span>
    </p>
   </div>
   <div class='ocr_carea' id='block_1_102' title="bbox 280 5631 1875 5703">
    <p class='ocr_par' dir='ltr' id='par_1_102' title="bbox 280 5631 1875 5703">
     <span class='ocr_line' id='line_1_102' title="bbox 280 5631 1875 5703; baseline 0 -14"><span class='ocrx_word' id='word_1_750' title='bbox 280 5632 548 5703; x_wconf 81' lang='lat' dir='ltr'><strong>angustiis</strong></span> <span class='ocrx_word' id='word_1_751' title='bbox 572 5634 881 5687; x_wconf 86' lang='lat' dir='ltr'><strong>constituta.</strong></span> <span class='ocrx_word' id='word_1_752' title='bbox 907 5631 1039 5687; x_wconf 85' lang='lat' dir='ltr'><strong>Nam</strong></span> <span class='ocrx_word' id='word_1_753' title='bbox 1067 5632 1277 5702; x_wconf 90' lang='lat' dir='ltr'><strong>quando</strong></span> <span class='ocrx_word' id='word_1_754' title='bbox 1300 5641 1638 5702; x_wconf 80' lang='lat' dir='ltr'><strong>peccatorum</strong></span> <span class='ocrx_word' id='word_1_755' title='bbox 1669 5632 1875 5703; x_wconf 89' lang='lat' dir='ltr'><strong>laqueis</strong></span> 
     </span>
    </p>
   </div>
   <div class='ocr_carea' id='block_1_103' title="bbox 281 5724 1870 5793">
    <p class='ocr_par' dir='ltr' id='par_1_103' title="bbox 281 5724 1870 5793">
     <span class='ocr_line' id='line_1_103' title="bbox 281 5724 1870 5793; baseline -0.002 -11"><span class='ocrx_word' id='word_1_756' title='bbox 281 5725 630 5793; x_wconf 82' lang='lat' dir='ltr'><strong>innodamur,</strong></span> <span class='ocrx_word' id='word_1_757' title='bbox 657 5739 755 5779; x_wconf 87' lang='lat' dir='ltr'><strong>nec</strong></span> <span class='ocrx_word' id='word_1_758' title='bbox 783 5724 850 5779; x_wconf 91' lang='lat' dir='ltr'><strong>ab</strong></span> <span class='ocrx_word' id='word_1_759' title='bbox 875 5724 952 5778; x_wconf 86' lang='lat' dir='ltr'><strong>eis</strong></span> <span class='ocrx_word' id='word_1_760' title='bbox 983 5738 1268 5793; x_wconf 85' lang='lat' dir='ltr'><strong>possumus</strong></span> <span class='ocrx_word' id='word_1_761' title='bbox 1294 5734 1473 5779; x_wconf 90' lang='lat' dir='ltr'><strong>nostra</strong></span> <span class='ocrx_word' id='word_1_762' title='bbox 1497 5724 1689 5779; x_wconf 86' lang='lat' dir='ltr'><strong>virtute</strong></span> <span class='ocrx_word' id='word_1_763' title='bbox 1716 5725 1870 5792; x_wconf 88' lang='lat' dir='ltr'><strong>solvi,</strong></span> 
     </span>
    </p>
   </div>
   <div class='ocr_carea' id='block_1_104' title="bbox 282 5817 1876 5889">
    <p class='ocr_par' dir='ltr' id='par_1_104' title="bbox 282 5817 1876 5889">
     <span class='ocr_line' id='line_1_104' title="bbox 282 5817 1876 5889; baseline 0 -14"><span class='ocrx_word' id='word_1_764' title='bbox 282 5817 583 5875; x_wconf 85' lang='lat' dir='ltr'><strong>necessitas</strong></span> <span class='ocrx_word' id='word_1_765' title='bbox 614 5817 930 5887; x_wconf 89' lang='lat' dir='ltr'><strong>appellatur.</strong></span> <span class='ocrx_word' id='word_1_766' title='bbox 967 5817 1106 5889; x_wconf 86' lang='lat' dir='ltr'><strong>Ergo</strong></span> <span class='ocrx_word' id='word_1_767' title='bbox 1144 5827 1272 5874; x_wconf 92' lang='lat' dir='ltr'><strong>tunc</strong></span> <span class='ocrx_word' id='word_1_768' title='bbox 1308 5819 1373 5873; x_wconf 87' lang='lat' dir='ltr'><strong>de</strong></span> <span class='ocrx_word' id='word_1_769' title='bbox 1404 5818 1784 5875; x_wconf 83' lang='lat' dir='ltr'><strong>necessitatibus</strong></span> <span class='ocrx_word' id='word_1_770' title='bbox 1814 5819 1876 5875; x_wconf 86' lang='lat' dir='ltr'><strong>li-</strong></span> 
     </span>
    </p>
   </div>
   <div class='ocr_carea' id='block_1_105' title="bbox 279 5909 1878 5984">
    <p class='ocr_par' dir='ltr' id='par_1_105' title="bbox 279 5909 1878 5984">
     <span class='ocr_line' id='line_1_105' title="bbox 279 5909 1878 5984; baseline 0.003 -14"><span class='ocrx_word' id='word_1_771' title='bbox 279 5910 475 5970; x_wconf 81' lang='lat' dir='ltr'><strong>berata</strong></span> <span class='ocrx_word' id='word_1_772' title='bbox 504 5918 586 5967; x_wconf 88' lang='lat' dir='ltr'><strong>est</strong></span> <span class='ocrx_word' id='word_1_773' title='bbox 614 5911 785 5967; x_wconf 83' lang='lat' dir='ltr'><strong>artium</strong></span> <span class='ocrx_word' id='word_1_774' title='bbox 828 5909 1037 5968; x_wconf 86' lang='lat' dir='ltr'><strong>Domini</strong></span> <span class='ocrx_word' id='word_1_775' title='bbox 1086 5910 1398 5973; x_wconf 85' lang='lat' dir='ltr'><strong>Salvatoris.</strong></span> <span class='ocrx_word' id='word_1_776' title='bbox 1433 5927 1553 5970; x_wconf 88' lang='lat' dir='ltr'><strong>cum</strong></span> <span class='ocrx_word' id='word_1_777' title='bbox 1581 5928 1611 5969; x_wconf 90' lang='lat' dir='ltr'><strong>a</strong></span> <span class='ocrx_word' id='word_1_778' title='bbox 1643 5914 1878 5984; x_wconf 79' lang='lat' dir='ltr'><strong>peccatis</strong></span> 
     </span>
    </p>
   </div>
   <div class='ocr_carea' id='block_1_106' title="bbox 1976 4793 3617 4864">
    <p class='ocr_par' dir='ltr' id='par_1_106' title="bbox 1976 4793 3617 4864">
     <span class='ocr_line' id='line_1_106' title="bbox 1976 4793 3617 4864; baseline 0.004 -16"><span class='ocrx_word' id='word_1_779' title='bbox 1976 4793 2339 4848; x_wconf 74' lang='lat' dir='ltr'><strong>conturbamus</strong></span> <span class='ocrx_word' id='word_1_780' title='bbox 2368 4802 2530 4863; x_wconf 92' lang='lat' dir='ltr'><strong>atque</strong></span> <span class='ocrx_word' id='word_1_781' title='bbox 2558 4794 2956 4861; x_wconf 90' lang='lat' dir='ltr'><strong>confundimus,</strong></span> <span class='ocrx_word' id='word_1_782' title='bbox 2990 4796 3204 4864; x_wconf 90' lang='lat' dir='ltr'><strong>quando</strong></span> <span class='ocrx_word' id='word_1_783' title='bbox 3234 4796 3559 4857; x_wconf 86' lang='lat' dir='ltr'><strong>imminentia</strong></span> <span class='ocrx_word' id='word_1_784' title='bbox 3608 4808 3617 4815; x_wconf 84' lang='lat'>‘</span> 
     </span>
    </p>
   </div>
   <div class='ocr_carea' id='block_1_107' title="bbox 1978 4886 3560 4958">
    <p class='ocr_par' dir='ltr' id='par_1_107' title="bbox 1978 4886 3560 4958">
     <span class='ocr_line' id='line_1_107' title="bbox 1978 4886 3560 4958; baseline 0.004 -16"><span class='ocrx_word' id='word_1_785' title='bbox 1978 4886 2216 4957; x_wconf 88' lang='lat' dir='ltr'><strong>pericula</strong></span> <span class='ocrx_word' id='word_1_786' title='bbox 2257 4886 2629 4944; x_wconf 87' lang='lat' dir='ltr'><strong>formidamus.</strong></span> <span class='ocrx_word' id='word_1_787' title='bbox 2667 4887 2854 4943; x_wconf 87' lang='lat' dir='ltr'><strong>Venter</strong></span> <span class='ocrx_word' id='word_1_788' title='bbox 2896 4903 3027 4943; x_wconf 89' lang='lat' dir='ltr'><strong>vero</strong></span> <span class='ocrx_word' id='word_1_789' title='bbox 3065 4896 3251 4946; x_wconf 88' lang='lat' dir='ltr'><strong>noster</strong></span> <span class='ocrx_word' id='word_1_790' title='bbox 3278 4890 3429 4946; x_wconf 82' lang='lat' dir='ltr'><strong>alvus</strong></span> <span class='ocrx_word' id='word_1_791' title='bbox 3457 4901 3560 4958; x_wconf 85' lang='lat' dir='ltr'><strong>est,</strong></span> 
     </span>
    </p>
   </div>
   <div class='ocr_carea' id='block_1_108' title="bbox 1979 4978 3565 5051">
    <p class='ocr_par' dir='ltr' id='par_1_108' title="bbox 1979 4978 3565 5051">
     <span class='ocr_line' id='line_1_108' title="bbox 1979 4978 3565 5051; baseline 0.003 -16"><span class='ocrx_word' id='word_1_792' title='bbox 1979 4978 2035 5035; x_wconf 89' lang='lat' dir='ltr'><strong>iu</strong></span> <span class='ocrx_word' id='word_1_793' title='bbox 2058 4993 2164 5049; x_wconf 94' lang='lat' dir='ltr'><strong>quo</strong></span> <span class='ocrx_word' id='word_1_794' title='bbox 2189 4978 2364 5035; x_wconf 89' lang='lat' dir='ltr'><strong>edulia</strong></span> <span class='ocrx_word' id='word_1_795' title='bbox 2394 4979 2649 5050; x_wconf 89' lang='lat' dir='ltr'><strong>deglutita</strong></span> <span class='ocrx_word' id='word_1_796' title='bbox 2689 4978 3061 5046; x_wconf 89' lang='lat' dir='ltr'><strong>recondimus,</strong></span> <span class='ocrx_word' id='word_1_797' title='bbox 3093 4982 3181 5050; x_wconf 93' lang='lat' dir='ltr'><strong>qui</strong></span> <span class='ocrx_word' id='word_1_798' title='bbox 3208 4992 3331 5051; x_wconf 89' lang='lat' dir='ltr'><strong>apte</strong></span> <span class='ocrx_word' id='word_1_799' title='bbox 3359 4998 3565 5039; x_wconf 79' lang='lat' dir='ltr'><strong>memo-</strong></span> 
     </span>
    </p>
   </div>
   <div class='ocr_carea' id='block_1_109' title="bbox 1976 5070 3562 5145">
    <p class='ocr_par' dir='ltr' id='par_1_109' title="bbox 1976 5070 3562 5145">
     <span class='ocr_line' id='line_1_109' title="bbox 1976 5070 3562 5145; baseline 0.002 -17"><span class='ocrx_word' id='word_1_800' title='bbox 1976 5070 2073 5128; x_wconf 66' lang='lat' dir='ltr'><strong>ria:</strong></span> <span class='ocrx_word' id='word_1_801' title='bbox 2113 5080 2489 5145; x_wconf 78' lang='lat' dir='ltr'><strong>comparatur,</strong></span> <span class='ocrx_word' id='word_1_802' title='bbox 2536 5072 2659 5141; x_wconf 88' lang='lat' dir='ltr'><strong>quia</strong></span> <span class='ocrx_word' id='word_1_803' title='bbox 2703 5073 2843 5127; x_wconf 89' lang='lat' dir='ltr'><strong>sicut</strong></span> <span class='ocrx_word' id='word_1_804' title='bbox 2890 5070 2981 5127; x_wconf 91' lang='lat' dir='ltr'><strong>ille</strong></span> <span class='ocrx_word' id='word_1_805' title='bbox 3028 5075 3371 5133; x_wconf 75' lang='lat' dir='ltr'><strong>transmissae</strong></span> <span class='ocrx_word' id='word_1_806' title='bbox 3409 5080 3562 5133; x_wconf 61' lang='lat' dir='ltr'><strong>esas</strong></span> 
     </span>
    </p>
   </div>
   <div class='ocr_carea' id='block_1_110' title="bbox 1974 5162 3564 5240">
    <p class='ocr_par' dir='ltr' id='par_1_110' title="bbox 1974 5162 3564 5240">
     <span class='ocr_line' id='line_1_110' title="bbox 1974 5162 3564 5240; baseline 0.003 -20"><span class='ocrx_word' id='word_1_807' title='bbox 1974 5164 2187 5234; x_wconf 90' lang='lat' dir='ltr'><strong>recipit,</strong></span> <span class='ocrx_word' id='word_1_808' title='bbox 2220 5164 2299 5219; x_wconf 91' lang='lat' dir='ltr'><strong>sic</strong></span> <span class='ocrx_word' id='word_1_809' title='bbox 2322 5175 2375 5219; x_wconf 89' lang='lat' dir='ltr'><strong>et</strong></span> <span class='ocrx_word' id='word_1_810' title='bbox 2403 5162 2681 5219; x_wconf 62' lang='lat' dir='ltr'><strong>memoriae</strong></span> <span class='ocrx_word' id='word_1_811' title='bbox 2707 5163 2862 5218; x_wconf 90' lang='lat' dir='ltr'><strong>sinus</strong></span> <span class='ocrx_word' id='word_1_812' title='bbox 2892 5162 3107 5220; x_wconf 89' lang='lat' dir='ltr'><strong>notitias</strong></span> <span class='ocrx_word' id='word_1_813' title='bbox 3139 5181 3319 5222; x_wconf 90' lang='lat' dir='ltr'><strong>rerum</strong></span> <span class='ocrx_word' id='word_1_814' title='bbox 3347 5182 3564 5240; x_wconf 84' lang='lat' dir='ltr'><strong>compe-</strong></span> 
     </span>
    </p>
   </div>
   <div class='ocr_carea' id='block_1_111' title="bbox 1975 5253 3564 5330">
    <p class='ocr_par' dir='ltr' id='par_1_111' title="bbox 1975 5253 3564 5330">
     <span class='ocr_line' id='line_1_111' title="bbox 1975 5253 3564 5330; baseline 0.004 -19"><span class='ocrx_word' id='word_1_815' title='bbox 1975 5263 2150 5312; x_wconf 89' lang='lat' dir='ltr'><strong>tenter</strong></span> <span class='ocrx_word' id='word_1_816' title='bbox 2172 5255 2424 5311; x_wconf 81' lang='lat' dir='ltr'><strong>assumit.</strong></span> <span class='ocrx_word' id='word_1_817' title='bbox 2468 5253 2840 5310; x_wconf 81' lang='lat' dir='ltr'><strong>Conturbatum</strong></span> <span class='ocrx_word' id='word_1_818' title='bbox 2885 5270 3013 5326; x_wconf 88' lang='lat' dir='ltr'><strong>ergo</strong></span> <span class='ocrx_word' id='word_1_819' title='bbox 3056 5257 3185 5314; x_wconf 90' lang='lat' dir='ltr'><strong>dicit</strong></span> <span class='ocrx_word' id='word_1_820' title='bbox 3228 5271 3475 5330; x_wconf 87' lang='lat' dir='ltr'><strong>ventrem,</strong></span> <span class='ocrx_word' id='word_1_821' title='bbox 3507 5261 3564 5318; x_wconf 88' lang='lat' dir='ltr'><strong>id</strong></span> 
     </span>
    </p>
   </div>
   <div class='ocr_carea' id='block_1_112' title="bbox 1976 5347 3577 5423">
    <p class='ocr_par' dir='ltr' id='par_1_112' title="bbox 1976 5347 3577 5423">
     <span class='ocr_line' id='line_1_112' title="bbox 1976 5347 3577 5423; baseline 0.004 -20"><span class='ocrx_word' id='word_1_822' title='bbox 1976 5355 2059 5404; x_wconf 89' lang='lat' dir='ltr'><strong>est</strong></span> <span class='ocrx_word' id='word_1_823' title='bbox 2103 5348 2417 5403; x_wconf 88' lang='lat' dir='ltr'><strong>memoriam</strong></span> <span class='ocrx_word' id='word_1_824' title='bbox 2463 5360 2636 5412; x_wconf 87' lang='lat' dir='ltr'><strong>suam,</strong></span> <span class='ocrx_word' id='word_1_825' title='bbox 2678 5347 2774 5404; x_wconf 83' lang='lat' dir='ltr'><strong>ubi</strong></span> <span class='ocrx_word' id='word_1_826' title='bbox 2812 5347 3042 5406; x_wconf 88' lang='lat' dir='ltr'><strong>habebat</strong></span> <span class='ocrx_word' id='word_1_827' title='bbox 3076 5352 3312 5421; x_wconf 80' lang='lat' dir='ltr'><strong>reposita</strong></span> <span class='ocrx_word' id='word_1_828' title='bbox 3335 5369 3455 5423; x_wconf 68' lang='lat' dir='ltr'><strong>quae</strong></span> <span class='ocrx_word' id='word_1_829' title='bbox 3486 5354 3577 5410; x_wconf 83' lang='lat' dir='ltr'><strong>illi&#39;</strong></span> 
     </span>
    </p>
   </div>
   <div class='ocr_carea' id='block_1_113' title="bbox 1976 5438 3562 5511">
    <p class='ocr_par' dir='ltr' id='par_1_113' title="bbox 1976 5438 3562 5511">
     <span class='ocr_line' id='line_1_113' title="bbox 1976 5438 3562 5511; baseline 0.003 -16"><span class='ocrx_word' id='word_1_830' title='bbox 1976 5439 2233 5496; x_wconf 89' lang='lat' dir='ltr'><strong>Dominus</strong></span> <span class='ocrx_word' id='word_1_831' title='bbox 2273 5440 2341 5495; x_wconf 88' lang='lat' dir='ltr'><strong>de</strong></span> <span class='ocrx_word' id='word_1_832' title='bbox 2384 5453 2480 5495; x_wconf 88' lang='lat' dir='ltr'><strong>sua</strong></span> <span class='ocrx_word' id='word_1_833' title='bbox 2510 5438 2892 5497; x_wconf 89' lang='lat' dir='ltr'><strong>clarificatione</strong></span> <span class='ocrx_word' id='word_1_834' title='bbox 2928 5442 3267 5511; x_wconf 90' lang='lat' dir='ltr'><strong>promiserat.</strong></span> <span class='ocrx_word' id='word_1_835' title='bbox 3305 5442 3411 5499; x_wconf 92' lang='lat' dir='ltr'><strong>Sed</strong></span> <span class='ocrx_word' id='word_1_836' title='bbox 3440 5459 3562 5500; x_wconf 87' lang='lat' dir='ltr'><strong>cum</strong></span> 
     </span>
    </p>
   </div>
   <div class='ocr_carea' id='block_1_114' title="bbox 1976 5534 3564 5612">
    <p class='ocr_par' dir='ltr' id='par_1_114' title="bbox 1976 5534 3564 5612">
     <span class='ocr_line' id='line_1_114' title="bbox 1976 5534 3564 5612; baseline 0.005 -20"><span class='ocrx_word' id='word_1_837' title='bbox 1976 5535 2186 5592; x_wconf 87' lang='lat' dir='ltr'><strong>videret</strong></span> <span class='ocrx_word' id='word_1_838' title='bbox 2234 5549 2360 5592; x_wconf 85' lang='lat' dir='ltr'><strong>caro</strong></span> <span class='ocrx_word' id='word_1_839' title='bbox 2413 5534 2514 5591; x_wconf 88' lang='lat' dir='ltr'><strong>sibi</strong></span> <span class='ocrx_word' id='word_1_840' title='bbox 2568 5534 2851 5594; x_wconf 88' lang='lat' dir='ltr'><strong>imminere</strong></span> <span class='ocrx_word' id='word_1_841' title='bbox 2902 5541 3171 5610; x_wconf 88' lang='lat' dir='ltr'><strong>pericula,</strong></span> <span class='ocrx_word' id='word_1_842' title='bbox 3226 5555 3564 5612; x_wconf 90' lang='lat' dir='ltr'><strong>consequens</strong></span> 
     </span>
    </p>
   </div>
   <div class='ocr_carea' id='block_1_115' title="bbox 1977 5627 3565 5704">
    <p class='ocr_par' dir='ltr' id='par_1_115' title="bbox 1977 5627 3565 5704">
     <span class='ocr_line' id='line_1_115' title="bbox 1977 5627 3565 5704; baseline 0.002 -18"><span class='ocrx_word' id='word_1_843' title='bbox 1977 5628 2076 5687; x_wconf 83' lang='lat' dir='ltr'><strong>fuit</strong></span> <span class='ocrx_word' id='word_1_844' title='bbox 2114 5637 2233 5684; x_wconf 85' lang='lat' dir='ltr'><strong>eam</strong></span> <span class='ocrx_word' id='word_1_845' title='bbox 2277 5627 2631 5697; x_wconf 90' lang='lat' dir='ltr'><strong>trepidatione</strong></span> <span class='ocrx_word' id='word_1_846' title='bbox 2672 5630 2893 5686; x_wconf 86' lang='lat' dir='ltr'><strong>turbari.</strong></span> <span class='ocrx_word' id='word_1_847' title='bbox 2928 5632 2994 5687; x_wconf 83' lang='lat' dir='ltr'><strong>Et</strong></span> <span class='ocrx_word' id='word_1_848' title='bbox 3031 5641 3155 5687; x_wconf 92' lang='lat' dir='ltr'><strong>nota</strong></span> <span class='ocrx_word' id='word_1_849' title='bbox 3194 5634 3319 5704; x_wconf 90' lang='lat' dir='ltr'><strong>quia</strong></span> <span class='ocrx_word' id='word_1_850' title='bbox 3349 5648 3565 5694; x_wconf 79' lang='lat' dir='ltr'><strong>secon-</strong></span> 
     </span>
    </p>
   </div>
   <div class='ocr_carea' id='block_1_116' title="bbox 1979 5708 3563 5798">
    <p class='ocr_par' dir='ltr' id='par_1_116' title="bbox 1979 5708 3563 5798">
     <span class='ocr_line' id='line_1_116' title="bbox 1979 5708 3563 5798; baseline 0.004 -19"><span class='ocrx_word' id='word_1_851' title='bbox 1979 5708 2233 5779; x_wconf 84' lang='lat' dir='ltr'><strong>turbatum</strong></span> <span class='ocrx_word' id='word_1_852' title='bbox 2262 5722 2575 5792; x_wconf 88' lang='lat' dir='ltr'><strong>frequenter</strong></span> <span class='ocrx_word' id='word_1_853' title='bbox 2594 5724 2744 5795; x_wconf 88' lang='lat' dir='ltr'><strong>dicit,</strong></span> <span class='ocrx_word' id='word_1_854' title='bbox 2768 5726 3083 5796; x_wconf 90' lang='lat' dir='ltr'><strong>desperasse</strong></span> <span class='ocrx_word' id='word_1_855' title='bbox 3102 5743 3384 5798; x_wconf 90' lang='lat' dir='ltr'><strong>nusquam.</strong></span> <span class='ocrx_word' id='word_1_856' title='bbox 3409 5727 3563 5794; x_wconf 81' lang='lat' dir='ltr'><strong>Quod</strong></span> 
     </span>
    </p>
   </div>
   <div class='ocr_carea' id='block_1_117' title="bbox 1980 5817 3561 5888">
    <p class='ocr_par' dir='ltr' id='par_1_117' title="bbox 1980 5817 3561 5888">
     <span class='ocr_line' id='line_1_117' title="bbox 1980 5817 3561 5888; baseline 0.003 -14"><span class='ocrx_word' id='word_1_857' title='bbox 1980 5817 2101 5874; x_wconf 91' lang='lat' dir='ltr'><strong>ideo</strong></span> <span class='ocrx_word' id='word_1_858' title='bbox 2131 5817 2200 5874; x_wconf 87' lang='lat' dir='ltr'><strong>ab</strong></span> <span class='ocrx_word' id='word_1_859' title='bbox 2231 5818 2347 5888; x_wconf 90' lang='lat' dir='ltr'><strong>ipso</strong></span> <span class='ocrx_word' id='word_1_860' title='bbox 2374 5817 2575 5875; x_wconf 90' lang='lat' dir='ltr'><strong>dictum</strong></span> <span class='ocrx_word' id='word_1_861' title='bbox 2602 5828 2707 5887; x_wconf 89' lang='lat' dir='ltr'><strong>est,</strong></span> <span class='ocrx_word' id='word_1_862' title='bbox 2740 5831 2796 5878; x_wconf 93' lang='lat' dir='ltr'><strong>ut</strong></span> <span class='ocrx_word' id='word_1_863' title='bbox 2825 5821 2979 5880; x_wconf 89' lang='lat' dir='ltr'><strong>nobis</strong></span> <span class='ocrx_word' id='word_1_864' title='bbox 3020 5823 3155 5879; x_wconf 89' lang='lat' dir='ltr'><strong>hanc</strong></span> <span class='ocrx_word' id='word_1_865' title='bbox 3183 5822 3424 5882; x_wconf 84' lang='lat' dir='ltr'><strong>imitandi</strong></span> <span class='ocrx_word' id='word_1_866' title='bbox 3455 5823 3561 5882; x_wconf 87' lang='lat' dir='ltr'><strong>for.</strong></span> 
     </span>
    </p>
   </div>
   <div class='ocr_carea' id='block_1_118' title="bbox 1980 5912 3566 5985">
    <p class='ocr_par' dir='ltr' id='par_1_118' title="bbox 1980 5912 3566 5985">
     <span class='ocr_line' id='line_1_118' title="bbox 1980 5912 3566 5985; baseline 0.005 -13"><span class='ocrx_word' id='word_1_867' title='bbox 1980 5912 2181 5973; x_wconf 84' lang='lat' dir='ltr'><strong>mulam</strong></span> <span class='ocrx_word' id='word_1_868' title='bbox 2213 5912 2464 5985; x_wconf 81' lang='lat' dir='ltr'><strong>Magister</strong></span> <span class='ocrx_word' id='word_1_869' title='bbox 2492 5914 2728 5974; x_wconf 83' lang='lat' dir='ltr'><strong>caelestis</strong></span> <span class='ocrx_word' id='word_1_870' title='bbox 2755 5915 3083 5978; x_wconf 87' lang='lat' dir='ltr'><strong>ostenderet.</strong></span> <span class='ocrx_word' id='word_1_871' title='bbox 3114 5918 3248 5975; x_wconf 82' lang='lat' dir='ltr'><strong>Nam</strong></span> <span class='ocrx_word' id='word_1_872' title='bbox 3275 5918 3566 5979; x_wconf 62' lang='lat' dir='ltr'><strong>conturbsv</strong></span> 
     </span>
    </p>
   </div>
  </div>
