  <div class='ocr_page' id='page_1' title='image "/cluster/home/n/w/nwhite01/storage/ocr_20150623/70/hvd.32044015469356/111.png"; bbox 0 0 4004 6342; ppageno 0'>
   <div class='ocr_carea' id='block_1_1' title="bbox 489 371 2080 458">
    <p class='ocr_par' dir='ltr' id='par_1_1' title="bbox 489 381 2080 458">
     <span class='ocr_line' id='line_1_1' title="bbox 489 381 2080 458; baseline -0.012 0"><span class='ocrx_word' id='word_1_1' title='bbox 489 381 592 458; x_wconf 70' lang='lat' dir='ltr'><strong>sit</strong></span> <span class='ocrx_word' id='word_1_2' title='bbox 1723 385 1794 441; x_wconf 81' lang='grc' dir='ltr'><strong>Μ.</strong></span> <span class='ocrx_word' id='word_1_3' title='bbox 1838 383 2080 442; x_wconf 53' lang='lat' dir='ltr'><strong>etiam</strong></span> 
     </span>
    </p>
   </div>
   <div class='ocr_carea' id='block_1_2' title="bbox 2187 371 3783 458">
    <p class='ocr_par' dir='ltr' id='par_1_2' title="bbox 2187 371 3783 451">
     <span class='ocr_line' id='line_1_2' title="bbox 2187 371 3783 451; baseline 0.01 -16"><span class='ocrx_word' id='word_1_4' title='bbox 2187 371 2554 441; x_wconf 66' lang='lat' dir='ltr'><strong>.Asszuuuttl</strong></span> <span class='ocrx_word' id='word_1_5' title='bbox 3674 389 3783 451; x_wconf 70' lang='lat' dir='ltr'><strong>eis</strong></span> 
     </span>
    </p>
   </div>
   <div class='ocr_carea' id='block_1_3' title="bbox 485 497 3779 584">
    <p class='ocr_par' dir='ltr' id='par_1_3' title="bbox 485 497 3779 584">
     <span class='ocr_line' id='line_1_3' title="bbox 485 497 3779 584; baseline -0.001 -12"><span class='ocrx_word' id='word_1_6' title='bbox 485 514 566 574; x_wconf 68' lang='grc' dir='ltr'>ιιι»</span> <span class='ocrx_word' id='word_1_7' title='bbox 613 503 1001 568; x_wconf 77' lang='lat' dir='ltr'><strong>humanitatem</strong></span> <span class='ocrx_word' id='word_1_8' title='bbox 1060 501 1396 570; x_wconf 74' lang='lat' dir='ltr'><strong>familiariter</strong></span> <span class='ocrx_word' id='word_1_9' title='bbox 1443 511 1606 584; x_wconf 83' lang='lat' dir='ltr'><strong>petit,</strong></span> <span class='ocrx_word' id='word_1_10' title='bbox 1663 511 1858 568; x_wconf 84' lang='lat' dir='ltr'><strong>divinae</strong></span> <span class='ocrx_word' id='word_1_11' title='bbox 1907 519 2084 567; x_wconf 87' lang='lat' dir='ltr'><strong>autem</strong></span> <span class='ocrx_word' id='word_1_12' title='bbox 2117 501 2163 580; x_wconf 75' lang='grc' dir='ltr'>Α</span> <span class='ocrx_word' id='word_1_13' title='bbox 2193 515 2240 562; x_wconf 90' lang='lat' dir='ltr'><strong>et</strong></span> <span class='ocrx_word' id='word_1_14' title='bbox 2266 507 2624 576; x_wconf 80' lang='lat' dir='ltr'><strong>dispergentur</strong></span> <span class='ocrx_word' id='word_1_15' title='bbox 2649 520 2763 561; x_wconf 86' lang='lat' dir='ltr'><strong>oves</strong></span> <span class='ocrx_word' id='word_1_16' title='bbox 2789 505 2957 580; x_wconf 78' lang='lat' dir='ltr'><strong>gregis</strong></span> <span class='ocrx_word' id='word_1_17' title='bbox 2986 504 3169 578; x_wconf 75' lang='lat' dir='ltr'><strong>(lactt.</strong></span> <span class='ocrx_word' id='word_1_18' title='bbox 3199 497 3316 575; x_wconf 79' lang='lat' dir='ltr'><strong>xiit,</strong></span> <span class='ocrx_word' id='word_1_19' title='bbox 3351 505 3430 580; x_wconf 81' lang='lat'><strong>7).</strong></span> <span class='ocrx_word' id='word_1_20' title='bbox 3476 499 3568 566; x_wconf 67' lang='lat' dir='ltr'><strong>Siié</strong></span> <span class='ocrx_word' id='word_1_21' title='bbox 3614 499 3779 582; x_wconf 61' lang='lat' dir='ltr'><strong>tignis</strong></span> 
     </span>
    </p>
   </div>
   <div class='ocr_carea' id='block_1_4' title="bbox 488 605 1770 677">
    <p class='ocr_par' dir='ltr' id='par_1_4' title="bbox 488 605 1770 677">
     <span class='ocr_line' id='line_1_4' title="bbox 488 605 1770 677; baseline -0.003 -11"><span class='ocrx_word' id='word_1_22' title='bbox 488 605 761 666; x_wconf 81' lang='lat' dir='ltr'><strong>sanctitati</strong></span> <span class='ocrx_word' id='word_1_23' title='bbox 789 607 1097 675; x_wconf 75' lang='lat' dir='ltr'><strong>desperatio</strong></span> <span class='ocrx_word' id='word_1_24' title='bbox 1125 606 1410 675; x_wconf 83' lang='lat' dir='ltr'><strong>provenire</strong></span> <span class='ocrx_word' id='word_1_25' title='bbox 1442 621 1546 662; x_wconf 87' lang='lat' dir='ltr'><strong>non</strong></span> <span class='ocrx_word' id='word_1_26' title='bbox 1577 617 1770 677; x_wconf 77' lang='lat' dir='ltr'><strong>potest.</strong></span> 
     </span>
    </p>
   </div>
   <div class='ocr_carea' id='block_1_5' title="bbox 565 697 2083 768">
    <p class='ocr_par' dir='ltr' id='par_1_5' title="bbox 565 697 2083 768">
     <span class='ocr_line' id='line_1_5' title="bbox 565 697 2083 768; baseline -0.001 -14"><span class='ocrx_word' id='word_1_27' title='bbox 565 700 715 754; x_wconf 88' lang='lat' dir='ltr'><strong>Vers.</strong></span> <span class='ocrx_word' id='word_1_28' title='bbox 746 697 829 752; x_wconf 73' lang='lat' dir='ltr'><strong>l2.</strong></span> <span class='ocrx_word' id='word_1_29' title='bbox 861 697 1116 764; x_wconf 80' lang='lat' dir='ltr'><strong>Quoniam</strong></span> <span class='ocrx_word' id='word_1_30' title='bbox 1139 699 1324 768; x_wconf 75' lang='lat' dir='ltr'><strong>defecit</strong></span> <span class='ocrx_word' id='word_1_31' title='bbox 1351 698 1404 752; x_wconf 91' lang='lat' dir='ltr'><strong>in</strong></span> <span class='ocrx_word' id='word_1_32' title='bbox 1428 697 1606 753; x_wconf 87' lang='lat' dir='ltr'><strong>dolore</strong></span> <span class='ocrx_word' id='word_1_33' title='bbox 1626 699 1728 752; x_wconf 82' lang='lat' dir='ltr'><strong>vita</strong></span> <span class='ocrx_word' id='word_1_34' title='bbox 1750 713 1878 762; x_wconf 86' lang='lat' dir='ltr'><strong>mea,</strong></span> <span class='ocrx_word' id='word_1_35' title='bbox 1895 708 1943 753; x_wconf 89' lang='lat' dir='ltr'><strong>et</strong></span> <span class='ocrx_word' id='word_1_36' title='bbox 1960 697 2083 752; x_wconf 86' lang='lat' dir='ltr'><strong>anni</strong></span> 
     </span>
    </p>
   </div>
   <div class='ocr_carea' id='block_1_6' title="bbox 488 781 2083 863">
    <p class='ocr_par' dir='ltr' id='par_1_6' title="bbox 488 781 2083 863">
     <span class='ocr_line' id='line_1_6' title="bbox 488 781 2083 863; baseline -0.002 -15"><span class='ocrx_word' id='word_1_37' title='bbox 488 795 588 849; x_wconf 83' lang='lat' dir='ltr'><strong>mei</strong></span> <span class='ocrx_word' id='word_1_38' title='bbox 613 793 668 847; x_wconf 89' lang='lat' dir='ltr'><strong>in</strong></span> <span class='ocrx_word' id='word_1_39' title='bbox 696 792 984 863; x_wconf 77' lang='lat' dir='ltr'><strong>gentilibus.</strong></span> <span class='ocrx_word' id='word_1_40' title='bbox 1032 789 1164 845; x_wconf 85' lang='lat' dir='ltr'><strong>Hinc</strong></span> <span class='ocrx_word' id='word_1_41' title='bbox 1191 799 1273 846; x_wconf 79' lang='lat' dir='ltr'><strong>est</strong></span> <span class='ocrx_word' id='word_1_42' title='bbox 1309 790 1398 844; x_wconf 87' lang='lat' dir='ltr'><strong>illa</strong></span> <span class='ocrx_word' id='word_1_43' title='bbox 1433 790 1766 844; x_wconf 70' lang='lat' dir='ltr'><strong>conturbatio</strong></span> <span class='ocrx_word' id='word_1_44' title='bbox 1800 781 2083 860; x_wconf 71' lang='lat' dir='ltr'><strong>carnisque</strong></span> 
     </span>
    </p>
   </div>
   <div class='ocr_carea' id='block_1_7' title="bbox 486 877 2080 953">
    <p class='ocr_par' dir='ltr' id='par_1_7' title="bbox 486 877 2080 953">
     <span class='ocr_line' id='line_1_7' title="bbox 486 877 2080 953; baseline -0.004 -13"><span class='ocrx_word' id='word_1_45' title='bbox 486 893 684 950; x_wconf 88' lang='lat' dir='ltr'><strong>metus,</strong></span> <span class='ocrx_word' id='word_1_46' title='bbox 709 885 830 953; x_wconf 86' lang='lat' dir='ltr'><strong>quia</strong></span> <span class='ocrx_word' id='word_1_47' title='bbox 857 881 908 936; x_wconf 90' lang='lat' dir='ltr'><strong>in</strong></span> <span class='ocrx_word' id='word_1_48' title='bbox 926 881 1186 936; x_wconf 75' lang='lat' dir='ltr'><strong>doloribus</strong></span> <span class='ocrx_word' id='word_1_49' title='bbox 1206 882 1309 936; x_wconf 86' lang='lat' dir='ltr'><strong>vita</strong></span> <span class='ocrx_word' id='word_1_50' title='bbox 1329 882 1610 953; x_wconf 80' lang='lat' dir='ltr'><strong>defecerat.</strong></span> <span class='ocrx_word' id='word_1_51' title='bbox 1640 879 1870 936; x_wconf 76' lang='lat' dir='ltr'><strong>Verbum</strong></span> <span class='ocrx_word' id='word_1_52' title='bbox 1902 877 2080 934; x_wconf 85' lang='lat' dir='ltr'><strong>autetti</strong></span> 
     </span>
    </p>
   </div>
   <div class='ocr_carea' id='block_1_8' title="bbox 487 972 2080 1050">
    <p class='ocr_par' dir='ltr' id='par_1_8' title="bbox 487 972 2080 1050">
     <span class='ocr_line' id='line_1_8' title="bbox 487 972 2080 1050; baseline -0.005 -16"><span class='ocrx_word' id='word_1_53' title='bbox 487 979 660 1050; x_wconf 90' lang='lat' dir='ltr'><strong>ipsum</strong></span> <span class='ocrx_word' id='word_1_54' title='bbox 691 977 876 1045; x_wconf 79' lang='lat' dir='ltr'><strong>defecit</strong></span> <span class='ocrx_word' id='word_1_55' title='bbox 906 975 1090 1045; x_wconf 87' lang='lat' dir='ltr'><strong>longas</strong></span> <span class='ocrx_word' id='word_1_56' title='bbox 1119 983 1173 1029; x_wconf 90' lang='lat' dir='ltr'><strong>et</strong></span> <span class='ocrx_word' id='word_1_57' title='bbox 1201 974 1544 1044; x_wconf 87' lang='lat' dir='ltr'><strong>gravissimas</strong></span> <span class='ocrx_word' id='word_1_58' title='bbox 1578 972 1844 1045; x_wconf 91' lang='lat' dir='ltr'><strong>signiﬁcat</strong></span> <span class='ocrx_word' id='word_1_59' title='bbox 1872 972 2080 1042; x_wconf 86' lang='lat' dir='ltr'><strong>passio-</strong></span> 
     </span>
    </p>
   </div>
   <div class='ocr_carea' id='block_1_9' title="bbox 486 1063 2080 1140">
    <p class='ocr_par' dir='ltr' id='par_1_9' title="bbox 486 1063 2080 1140">
     <span class='ocr_line' id='line_1_9' title="bbox 486 1063 2080 1140; baseline -0.006 -11"><span class='ocrx_word' id='word_1_60' title='bbox 486 1087 606 1129; x_wconf 86' lang='lat' dir='ltr'><strong>nes.</strong></span> <span class='ocrx_word' id='word_1_61' title='bbox 630 1069 861 1140; x_wconf 85' lang='lat' dir='ltr'><strong>Deﬁcerc</strong></span> <span class='ocrx_word' id='word_1_62' title='bbox 889 1069 1030 1124; x_wconf 86' lang='lat' dir='ltr'><strong>enim</strong></span> <span class='ocrx_word' id='word_1_63' title='bbox 1077 1077 1158 1123; x_wconf 86' lang='lat' dir='ltr'><strong>est</strong></span> <span class='ocrx_word' id='word_1_64' title='bbox 1195 1067 1446 1137; x_wconf 82' lang='lat' dir='ltr'><strong>paulatim</strong></span> <span class='ocrx_word' id='word_1_65' title='bbox 1493 1067 1672 1122; x_wconf 87' lang='lat' dir='ltr'><strong>minus</strong></span> <span class='ocrx_word' id='word_1_66' title='bbox 1713 1065 1909 1132; x_wconf 87' lang='lat' dir='ltr'><strong>lacere,</strong></span> <span class='ocrx_word' id='word_1_67' title='bbox 1935 1073 1989 1120; x_wconf 91' lang='lat' dir='ltr'><strong>et</strong></span> <span class='ocrx_word' id='word_1_68' title='bbox 2014 1063 2080 1120; x_wconf 87' lang='lat' dir='ltr'><strong>ad</strong></span> 
     </span>
    </p>
   </div>
   <div class='ocr_carea' id='block_1_10' title="bbox 487 1157 2083 1234">
    <p class='ocr_par' dir='ltr' id='par_1_10' title="bbox 487 1157 2083 1234">
     <span class='ocr_line' id='line_1_10' title="bbox 487 1157 2083 1234; baseline -0.004 -14"><span class='ocrx_word' id='word_1_69' title='bbox 487 1168 648 1220; x_wconf 84' lang='lat' dir='ltr'><strong>ﬁnem</strong></span> <span class='ocrx_word' id='word_1_70' title='bbox 681 1161 957 1234; x_wconf 84' lang='lat' dir='ltr'><strong>perdenda</strong></span> <span class='ocrx_word' id='word_1_71' title='bbox 999 1161 1204 1231; x_wconf 87' lang='lat' dir='ltr'><strong>aliquas</strong></span> <span class='ocrx_word' id='word_1_72' title='bbox 1240 1160 1558 1216; x_wconf 81' lang='lat' dir='ltr'><strong>valetudinis</strong></span> <span class='ocrx_word' id='word_1_73' title='bbox 1601 1157 1851 1215; x_wconf 84' lang='lat' dir='ltr'><strong>minutias</strong></span> <span class='ocrx_word' id='word_1_74' title='bbox 1894 1175 2083 1227; x_wconf 84' lang='lat' dir='ltr'><strong>perve-</strong></span> 
     </span>
    </p>
   </div>
   <div class='ocr_carea' id='block_1_11' title="bbox 485 1255 2079 1330">
    <p class='ocr_par' dir='ltr' id='par_1_11' title="bbox 485 1255 2079 1330">
     <span class='ocr_line' id='line_1_11' title="bbox 485 1255 2079 1330; baseline -0.006 -12"><span class='ocrx_word' id='word_1_75' title='bbox 485 1262 630 1328; x_wconf 88' lang='lat' dir='ltr'><strong>nire;</strong></span> <span class='ocrx_word' id='word_1_76' title='bbox 662 1260 803 1330; x_wconf 92' lang='lat' dir='ltr'><strong>quod</strong></span> <span class='ocrx_word' id='word_1_77' title='bbox 834 1261 956 1313; x_wconf 75' lang='lat' dir='ltr'><strong>vita:</strong></span> <span class='ocrx_word' id='word_1_78' title='bbox 989 1258 1235 1312; x_wconf 73' lang='lat' dir='ltr'><strong>humana:</strong></span> <span class='ocrx_word' id='word_1_79' title='bbox 1265 1256 1514 1313; x_wconf 89' lang='lat' dir='ltr'><strong>accidere</strong></span> <span class='ocrx_word' id='word_1_80' title='bbox 1551 1271 1709 1328; x_wconf 88' lang='lat' dir='ltr'><strong>posse</strong></span> <span class='ocrx_word' id='word_1_81' title='bbox 1737 1255 2079 1310; x_wconf 80' lang='lat' dir='ltr'><strong>manifestum</strong></span> 
     </span>
    </p>
   </div>
   <div class='ocr_carea' id='block_1_12' title="bbox 485 1347 2080 1423">
    <p class='ocr_par' dir='ltr' id='par_1_12' title="bbox 485 1347 2080 1423">
     <span class='ocr_line' id='line_1_12' title="bbox 485 1347 2080 1423; baseline -0.004 -15"><span class='ocrx_word' id='word_1_82' title='bbox 485 1363 590 1420; x_wconf 88' lang='lat' dir='ltr'><strong>est,</strong></span> <span class='ocrx_word' id='word_1_83' title='bbox 618 1367 736 1423; x_wconf 78' lang='lat' dir='ltr'><strong>quze</strong></span> <span class='ocrx_word' id='word_1_84' title='bbox 765 1351 832 1406; x_wconf 88' lang='lat' dir='ltr'><strong>ad</strong></span> <span class='ocrx_word' id='word_1_85' title='bbox 865 1350 1149 1412; x_wconf 86' lang='lat' dir='ltr'><strong>terminum</strong></span> <span class='ocrx_word' id='word_1_86' title='bbox 1183 1349 1373 1404; x_wconf 88' lang='lat' dir='ltr'><strong>mortis</strong></span> <span class='ocrx_word' id='word_1_87' title='bbox 1405 1363 1572 1422; x_wconf 84' lang='lat' dir='ltr'><strong>usque</strong></span> <span class='ocrx_word' id='word_1_88' title='bbox 1603 1347 1933 1418; x_wconf 87' lang='lat' dir='ltr'><strong>perducitur.</strong></span> <span class='ocrx_word' id='word_1_89' title='bbox 1974 1347 2080 1404; x_wconf 90' lang='lat' dir='ltr'><strong>Su-</strong></span> 
     </span>
    </p>
   </div>
   <div class='ocr_carea' id='block_1_13' title="bbox 484 1429 2083 1516">
    <p class='ocr_par' dir='ltr' id='par_1_13' title="bbox 484 1429 2083 1516">
     <span class='ocr_line' id='line_1_13' title="bbox 484 1429 2083 1516; baseline -0.003 -15"><span class='ocrx_word' id='word_1_90' title='bbox 484 1429 698 1516; x_wconf 84' lang='lat' dir='ltr'><strong>periora</strong></span> <span class='ocrx_word' id='word_1_91' title='bbox 746 1459 876 1499; x_wconf 84' lang='lat' dir='ltr'><strong>vero</strong></span> <span class='ocrx_word' id='word_1_92' title='bbox 924 1443 1206 1498; x_wconf 82' lang='lat' dir='ltr'><strong>declarans</strong></span> <span class='ocrx_word' id='word_1_93' title='bbox 1253 1442 1527 1514; x_wconf 69' lang='lat' dir='ltr'><strong>subiungit</strong></span> <span class='ocrx_word' id='word_1_94' title='bbox 1564 1459 1577 1496; x_wconf 89' lang='lat'><strong>:</strong></span> <span class='ocrx_word' id='word_1_95' title='bbox 1618 1441 1688 1495; x_wconf 90' lang='lat' dir='ltr'><strong>Et</strong></span> <span class='ocrx_word' id='word_1_96' title='bbox 1721 1443 1850 1496; x_wconf 83' lang='lat' dir='ltr'><strong>anni</strong></span> <span class='ocrx_word' id='word_1_97' title='bbox 1889 1443 1986 1496; x_wconf 86' lang='lat' dir='ltr'><strong>mei</strong></span> <span class='ocrx_word' id='word_1_98' title='bbox 2028 1443 2083 1497; x_wconf 90' lang='lat' dir='ltr'><strong>in</strong></span> 
     </span>
    </p>
   </div>
   <div class='ocr_carea' id='block_1_14' title="bbox 485 1535 2084 1610">
    <p class='ocr_par' dir='ltr' id='par_1_14' title="bbox 485 1535 2084 1610">
     <span class='ocr_line' id='line_1_14' title="bbox 485 1535 2084 1610; baseline -0.002 -17"><span class='ocrx_word' id='word_1_99' title='bbox 485 1539 777 1610; x_wconf 73' lang='lat' dir='ltr'><strong>gemitibus,</strong></span> <span class='ocrx_word' id='word_1_100' title='bbox 809 1536 954 1608; x_wconf 87' lang='lat' dir='ltr'><strong>quod</strong></span> <span class='ocrx_word' id='word_1_101' title='bbox 1005 1535 1404 1591; x_wconf 90' lang='lat' dir='ltr'><strong>multitudinem</strong></span> <span class='ocrx_word' id='word_1_102' title='bbox 1451 1535 1714 1604; x_wconf 82' lang='lat' dir='ltr'><strong>signiﬁcat</strong></span> <span class='ocrx_word' id='word_1_103' title='bbox 1757 1535 1941 1606; x_wconf 80' lang='lat' dir='ltr'><strong>utique</strong></span> <span class='ocrx_word' id='word_1_104' title='bbox 1967 1535 2084 1590; x_wconf 90' lang='lat' dir='ltr'><strong>die-</strong></span> 
     </span>
    </p>
   </div>
   <div class='ocr_carea' id='block_1_15' title="bbox 486 1627 2085 1702">
    <p class='ocr_par' dir='ltr' id='par_1_15' title="bbox 486 1627 2085 1702">
     <span class='ocr_line' id='line_1_15' title="bbox 486 1627 2085 1702; baseline -0.001 -18"><span class='ocrx_word' id='word_1_105' title='bbox 486 1646 628 1702; x_wconf 86' lang='lat' dir='ltr'><strong>rum.</strong></span> <span class='ocrx_word' id='word_1_106' title='bbox 651 1629 941 1684; x_wconf 80' lang='lat' dir='ltr'><strong>Considera</strong></span> <span class='ocrx_word' id='word_1_107' title='bbox 965 1629 1105 1699; x_wconf 88' lang='lat' dir='ltr'><strong>quod</strong></span> <span class='ocrx_word' id='word_1_108' title='bbox 1130 1628 1290 1699; x_wconf 77' lang='lat' dir='ltr'><strong>dixit,</strong></span> <span class='ocrx_word' id='word_1_109' title='bbox 1316 1629 1368 1683; x_wconf 90' lang='lat' dir='ltr'><strong>in</strong></span> <span class='ocrx_word' id='word_1_110' title='bbox 1389 1627 1677 1698; x_wconf 71' lang='lat' dir='ltr'><strong>gemitibus,</strong></span> <span class='ocrx_word' id='word_1_111' title='bbox 1703 1627 1823 1696; x_wconf 84' lang='lat' dir='ltr'><strong>quia</strong></span> <span class='ocrx_word' id='word_1_112' title='bbox 1849 1642 1956 1682; x_wconf 89' lang='lat' dir='ltr'><strong>non</strong></span> <span class='ocrx_word' id='word_1_113' title='bbox 1986 1627 2085 1682; x_wconf 84' lang='lat' dir='ltr'><strong>luit</strong></span> 
     </span>
    </p>
   </div>
   <div class='ocr_carea' id='block_1_16' title="bbox 488 1721 2084 1792">
    <p class='ocr_par' dir='ltr' id='par_1_16' title="bbox 488 1721 2084 1792">
     <span class='ocr_line' id='line_1_16' title="bbox 488 1721 2084 1792; baseline 0 -14"><span class='ocrx_word' id='word_1_114' title='bbox 488 1722 624 1778; x_wconf 85' lang='lat' dir='ltr'><strong>levis</strong></span> <span class='ocrx_word' id='word_1_115' title='bbox 670 1721 827 1778; x_wconf 85' lang='lat' dir='ltr'><strong>dolor</strong></span> <span class='ocrx_word' id='word_1_116' title='bbox 875 1723 962 1777; x_wconf 86' lang='lat' dir='ltr'><strong>ubi</strong></span> <span class='ocrx_word' id='word_1_117' title='bbox 1012 1723 1298 1778; x_wconf 91' lang='lat' dir='ltr'><strong>continuus</strong></span> <span class='ocrx_word' id='word_1_118' title='bbox 1341 1722 1573 1792; x_wconf 82' lang='lat' dir='ltr'><strong>gemitus</strong></span> <span class='ocrx_word' id='word_1_119' title='bbox 1615 1721 1916 1777; x_wconf 81' lang='lat' dir='ltr'><strong>insonabat.</strong></span> <span class='ocrx_word' id='word_1_120' title='bbox 1950 1721 2084 1778; x_wconf 79' lang='lat' dir='ltr'><strong>Sive</strong></span> 
     </span>
    </p>
   </div>
   <div class='ocr_carea' id='block_1_17' title="bbox 486 1795 2082 1896">
    <p class='ocr_par' dir='ltr' id='par_1_17' title="bbox 486 1795 2082 1896">
     <span class='ocr_line' id='line_1_17' title="bbox 486 1795 2082 1896; baseline 0.001 -26"><span class='ocrx_word' id='word_1_121' title='bbox 486 1795 593 1896; x_wconf 74' lang='lat' dir='ltr'><strong>hoc</strong></span> <span class='ocrx_word' id='word_1_122' title='bbox 638 1816 810 1886; x_wconf 84' lang='lat' dir='ltr'><strong>magis</strong></span> <span class='ocrx_word' id='word_1_123' title='bbox 856 1815 924 1870; x_wconf 91' lang='lat' dir='ltr'><strong>ad</strong></span> <span class='ocrx_word' id='word_1_124' title='bbox 970 1826 1263 1896; x_wconf 60' lang='lat' dir='ltr'><strong>martyrum</strong></span> <span class='ocrx_word' id='word_1_125' title='bbox 1307 1815 1538 1886; x_wconf 88' lang='lat' dir='ltr'><strong>pertinet</strong></span> <span class='ocrx_word' id='word_1_126' title='bbox 1578 1815 1874 1886; x_wconf 87' lang='lat' dir='ltr'><strong>passiones,</strong></span> <span class='ocrx_word' id='word_1_127' title='bbox 1907 1815 1998 1886; x_wconf 89' lang='lat' dir='ltr'><strong>qui</strong></span> <span class='ocrx_word' id='word_1_128' title='bbox 2029 1816 2082 1871; x_wconf 92' lang='lat' dir='ltr'><strong>in</strong></span> 
     </span>
    </p>
   </div>
   <div class='ocr_carea' id='block_1_18' title="bbox 2189 597 3777 674">
    <p class='ocr_par' dir='ltr' id='par_1_18' title="bbox 2189 597 3777 674">
     <span class='ocr_line' id='line_1_18' title="bbox 2189 597 3777 674; baseline 0.006 -23"><span class='ocrx_word' id='word_1_129' title='bbox 2189 598 2484 674; x_wconf 76' lang='lat' dir='ltr'><strong>diatyposis</strong></span> <span class='ocrx_word' id='word_1_130' title='bbox 2535 613 2632 667; x_wconf 89' lang='lat' dir='ltr'><strong>per</strong></span> <span class='ocrx_word' id='word_1_131' title='bbox 2679 597 2776 653; x_wconf 90' lang='lat' dir='ltr'><strong>ltos</strong></span> <span class='ocrx_word' id='word_1_132' title='bbox 2822 608 3050 670; x_wconf 86' lang='lat' dir='ltr'><strong>quatuor</strong></span> <span class='ocrx_word' id='word_1_133' title='bbox 3097 614 3310 670; x_wconf 87' lang='lat' dir='ltr'><strong>versus,</strong></span> <span class='ocrx_word' id='word_1_134' title='bbox 3347 603 3487 658; x_wconf 86' lang='lat' dir='ltr'><strong>sicut</strong></span> <span class='ocrx_word' id='word_1_135' title='bbox 3524 601 3777 674; x_wconf 70' lang='lat' dir='ltr'><strong>diximus,</strong></span> 
     </span>
    </p>
   </div>
   <div class='ocr_carea' id='block_1_19' title="bbox 2187 691 2808 760">
    <p class='ocr_par' dir='ltr' id='par_1_19' title="bbox 2187 691 2808 760">
     <span class='ocr_line' id='line_1_19' title="bbox 2187 691 2808 760; baseline -0.006 -12"><span class='ocrx_word' id='word_1_136' title='bbox 2187 691 2439 748; x_wconf 85' lang='lat' dir='ltr'><strong>decenter</strong></span> <span class='ocrx_word' id='word_1_137' title='bbox 2466 691 2680 760; x_wconf 87' lang='lat' dir='ltr'><strong>impleta</strong></span> <span class='ocrx_word' id='word_1_138' title='bbox 2706 698 2808 746; x_wconf 89' lang='lat' dir='ltr'><strong>est.</strong></span> 
     </span>
    </p>
   </div>
   <div class='ocr_carea' id='block_1_20' title="bbox 2262 783 3782 860">
    <p class='ocr_par' dir='ltr' id='par_1_20' title="bbox 2262 783 3782 860">
     <span class='ocr_line' id='line_1_20' title="bbox 2262 783 3782 860; baseline 0.004 -22"><span class='ocrx_word' id='word_1_139' title='bbox 2262 785 2414 840; x_wconf 80' lang='lat' dir='ltr'><strong>Vcrs.</strong></span> <span class='ocrx_word' id='word_1_140' title='bbox 2443 783 2528 839; x_wconf 82' lang='lat' dir='ltr'><strong>t5.</strong></span> <span class='ocrx_word' id='word_1_141' title='bbox 2562 784 2663 850; x_wconf 90' lang='lat' dir='ltr'><strong>Qui</strong></span> <span class='ocrx_word' id='word_1_142' title='bbox 2684 783 2918 839; x_wconf 82' lang='lat' dir='ltr'><strong>ridebant</strong></span> <span class='ocrx_word' id='word_1_143' title='bbox 2945 800 3024 840; x_wconf 89' lang='lat' dir='ltr'><strong>me</strong></span> <span class='ocrx_word' id='word_1_144' title='bbox 3043 786 3184 857; x_wconf 88' lang='lat' dir='ltr'><strong>foras</strong></span> <span class='ocrx_word' id='word_1_145' title='bbox 3207 785 3468 860; x_wconf 77' lang='lat' dir='ltr'><strong>fugiebant</strong></span> <span class='ocrx_word' id='word_1_146' title='bbox 3491 805 3525 842; x_wconf 83' lang='grc' dir='ltr'><em>α</em></span> <span class='ocrx_word' id='word_1_147' title='bbox 3545 805 3626 843; x_wconf 87' lang='lat' dir='ltr'><strong>me</strong></span> <span class='ocrx_word' id='word_1_148' title='bbox 3648 805 3667 844; x_wconf 91' lang='lat'><strong><em>:</em></strong></span> <span class='ocrx_word' id='word_1_149' title='bbox 3691 807 3782 845; x_wconf 84' lang='lat' dir='ltr'><strong>ca:-</strong></span> 
     </span>
    </p>
   </div>
   <div class='ocr_carea' id='block_1_21' title="bbox 2185 877 3782 951">
    <p class='ocr_par' dir='ltr' id='par_1_21' title="bbox 2185 877 3782 951">
     <span class='ocr_line' id='line_1_21' title="bbox 2185 877 3782 951; baseline 0.002 -18"><span class='ocrx_word' id='word_1_150' title='bbox 2185 878 2284 933; x_wconf 86' lang='lat' dir='ltr'><strong>eidi</strong></span> <span class='ocrx_word' id='word_1_151' title='bbox 2315 887 2553 947; x_wconf 86' lang='lat' dir='ltr'><strong>tanquam</strong></span> <span class='ocrx_word' id='word_1_152' title='bbox 2580 883 2809 932; x_wconf 87' lang='lat' dir='ltr'><strong>mortuus</strong></span> <span class='ocrx_word' id='word_1_153' title='bbox 2836 894 2869 930; x_wconf 89' lang='lat' dir='ltr'><strong>a</strong></span> <span class='ocrx_word' id='word_1_154' title='bbox 2893 877 3064 934; x_wconf 89' lang='lat' dir='ltr'><strong>corde.</strong></span> <span class='ocrx_word' id='word_1_155' title='bbox 3103 877 3167 933; x_wconf 84' lang='lat' dir='ltr'><strong>Et</strong></span> <span class='ocrx_word' id='word_1_156' title='bbox 3190 877 3241 932; x_wconf 91' lang='lat' dir='ltr'><strong>in</strong></span> <span class='ocrx_word' id='word_1_157' title='bbox 3266 879 3370 934; x_wconf 89' lang='lat' dir='ltr'><strong>isto</strong></span> <span class='ocrx_word' id='word_1_158' title='bbox 3392 879 3601 951; x_wconf 81' lang='lat' dir='ltr'><strong>alioque</strong></span> <span class='ocrx_word' id='word_1_159' title='bbox 3623 897 3782 936; x_wconf 86' lang='lat' dir='ltr'><strong>versu</strong></span> 
     </span>
    </p>
   </div>
   <div class='ocr_carea' id='block_1_22' title="bbox 2184 967 3781 1044">
    <p class='ocr_par' dir='ltr' id='par_1_22' title="bbox 2184 967 3781 1044">
     <span class='ocr_line' id='line_1_22' title="bbox 2184 967 3781 1044; baseline 0.003 -19"><span class='ocrx_word' id='word_1_160' title='bbox 2184 971 2557 1043; x_wconf 79' lang='lat' dir='ltr'><strong>qttisequitur,</strong></span> <span class='ocrx_word' id='word_1_161' title='bbox 2590 973 2756 1042; x_wconf 87' lang='lat' dir='ltr'><strong>ﬁgura</strong></span> <span class='ocrx_word' id='word_1_162' title='bbox 2782 979 2864 1026; x_wconf 89' lang='lat' dir='ltr'><strong>est</strong></span> <span class='ocrx_word' id='word_1_163' title='bbox 2893 971 3251 1039; x_wconf 86' lang='lat' dir='ltr'><strong>metriasmos,</strong></span> <span class='ocrx_word' id='word_1_164' title='bbox 3286 969 3406 1044; x_wconf 68' lang='lat' dir='ltr'><strong>quae</strong></span> <span class='ocrx_word' id='word_1_165' title='bbox 3435 967 3622 1031; x_wconf 83' lang='lat' dir='ltr'><strong>Latine</strong></span> <span class='ocrx_word' id='word_1_166' title='bbox 3651 975 3781 1030; x_wconf 75' lang='lat' dir='ltr'><strong>diei-</strong></span> 
     </span>
    </p>
   </div>
   <div class='ocr_carea' id='block_1_23' title="bbox 2185 1064 3782 1135">
    <p class='ocr_par' dir='ltr' id='par_1_23' title="bbox 2185 1064 3782 1135">
     <span class='ocr_line' id='line_1_23' title="bbox 2185 1064 3782 1135; baseline 0 -15"><span class='ocrx_word' id='word_1_167' title='bbox 2185 1071 2272 1120; x_wconf 90' lang='lat' dir='ltr'><strong>tur</strong></span> <span class='ocrx_word' id='word_1_168' title='bbox 2301 1064 2668 1130; x_wconf 88' lang='lat' dir='ltr'><strong>mediocritas,</strong></span> <span class='ocrx_word' id='word_1_169' title='bbox 2698 1064 2910 1135; x_wconf 89' lang='lat' dir='ltr'><strong>quoties</strong></span> <span class='ocrx_word' id='word_1_170' title='bbox 2942 1079 3054 1120; x_wconf 90' lang='lat' dir='ltr'><strong>rem</strong></span> <span class='ocrx_word' id='word_1_171' title='bbox 3101 1065 3350 1133; x_wconf 84' lang='lat' dir='ltr'><strong>magnam</strong></span> <span class='ocrx_word' id='word_1_172' title='bbox 3394 1067 3650 1121; x_wconf 80' lang='lat' dir='ltr'><strong>mediocri</strong></span> <span class='ocrx_word' id='word_1_173' title='bbox 3690 1083 3782 1122; x_wconf 82' lang='lat' dir='ltr'><strong>re-</strong></span> 
     </span>
    </p>
   </div>
   <div class='ocr_carea' id='block_1_24' title="bbox 2186 1155 3783 1229">
    <p class='ocr_par' dir='ltr' id='par_1_24' title="bbox 2186 1155 3783 1229">
     <span class='ocr_line' id='line_1_24' title="bbox 2186 1155 3783 1229; baseline -0.002 -14"><span class='ocrx_word' id='word_1_174' title='bbox 2186 1157 2386 1215; x_wconf 82' lang='lat' dir='ltr'><strong>latione</strong></span> <span class='ocrx_word' id='word_1_175' title='bbox 2413 1158 2753 1229; x_wconf 78' lang='lat' dir='ltr'><strong>prol‘erimus.</strong></span> <span class='ocrx_word' id='word_1_176' title='bbox 2781 1155 2916 1212; x_wconf 87' lang='lat' dir='ltr'><strong>Dicit</strong></span> <span class='ocrx_word' id='word_1_177' title='bbox 2942 1157 3084 1212; x_wconf 90' lang='lat' dir='ltr'><strong>enim</strong></span> <span class='ocrx_word' id='word_1_178' title='bbox 3115 1171 3130 1212; x_wconf 90' lang='lat'><strong>:</strong></span> <span class='ocrx_word' id='word_1_179' title='bbox 3159 1156 3262 1224; x_wconf 88' lang='lat' dir='ltr'><strong>Qui</strong></span> <span class='ocrx_word' id='word_1_180' title='bbox 3281 1157 3520 1212; x_wconf 85' lang='lat' dir='ltr'><strong>videbant</strong></span> <span class='ocrx_word' id='word_1_181' title='bbox 3541 1175 3619 1213; x_wconf 87' lang='lat' dir='ltr'><strong>mc</strong></span> <span class='ocrx_word' id='word_1_182' title='bbox 3643 1159 3692 1228; x_wconf 89' lang='lat' dir='ltr'><strong>fo</strong></span> <span class='ocrx_word' id='word_1_183' title='bbox 3727 1177 3783 1212; x_wconf 82' lang='lat' dir='ltr'><strong>as</strong></span> 
     </span>
    </p>
   </div>
   <div class='ocr_carea' id='block_1_25' title="bbox 2185 1247 3783 1324">
    <p class='ocr_par' dir='ltr' id='par_1_25' title="bbox 2185 1247 3783 1324">
     <span class='ocr_line' id='line_1_25' title="bbox 2185 1247 3783 1324; baseline -0.001 -17"><span class='ocrx_word' id='word_1_184' title='bbox 2185 1247 2448 1324; x_wconf 81' lang='lat' dir='ltr'><strong>fugiebant</strong></span> <span class='ocrx_word' id='word_1_185' title='bbox 2477 1269 2508 1306; x_wconf 89' lang='lat' dir='ltr'><strong>a</strong></span> <span class='ocrx_word' id='word_1_186' title='bbox 2537 1267 2614 1305; x_wconf 88' lang='lat' dir='ltr'><strong>me</strong></span> <span class='ocrx_word' id='word_1_187' title='bbox 2635 1264 2657 1306; x_wconf 84' lang='lat'><strong>.&#39;</strong></span> <span class='ocrx_word' id='word_1_188' title='bbox 2686 1250 2890 1306; x_wconf 83' lang='lat' dir='ltr'><strong>scilicet</strong></span> <span class='ocrx_word' id='word_1_189' title='bbox 2911 1251 3000 1320; x_wconf 88' lang='lat' dir='ltr'><strong>qui</strong></span> <span class='ocrx_word' id='word_1_190' title='bbox 3028 1249 3207 1306; x_wconf 88' lang='lat' dir='ltr'><strong>minus</strong></span> <span class='ocrx_word' id='word_1_191' title='bbox 3234 1251 3525 1320; x_wconf 78' lang='lat' dir='ltr'><strong>Seripturis</strong></span> <span class='ocrx_word' id='word_1_192' title='bbox 3552 1253 3783 1306; x_wconf 60' lang='lat' dir='ltr'><strong>Credati-</strong></span> 
     </span>
    </p>
   </div>
   <div class='ocr_carea' id='block_1_26' title="bbox 2187 1341 3784 1414">
    <p class='ocr_par' dir='ltr' id='par_1_26' title="bbox 2187 1341 3784 1414">
     <span class='ocr_line' id='line_1_26' title="bbox 2187 1341 3784 1414; baseline -0.001 -13"><span class='ocrx_word' id='word_1_193' title='bbox 2187 1355 2292 1411; x_wconf 90' lang='lat' dir='ltr'><strong>tes,</strong></span> <span class='ocrx_word' id='word_1_194' title='bbox 2335 1341 2620 1399; x_wconf 88' lang='lat' dir='ltr'><strong>Dominum</strong></span> <span class='ocrx_word' id='word_1_195' title='bbox 2672 1341 2918 1397; x_wconf 85' lang='lat' dir='ltr'><strong>viderunt</strong></span> <span class='ocrx_word' id='word_1_196' title='bbox 2956 1341 3010 1397; x_wconf 91' lang='lat' dir='ltr'><strong>in</strong></span> <span class='ocrx_word' id='word_1_197' title='bbox 3061 1357 3222 1398; x_wconf 87' lang='lat' dir='ltr'><strong>cruce</strong></span> <span class='ocrx_word' id='word_1_198' title='bbox 3269 1343 3523 1414; x_wconf 88' lang='lat' dir='ltr'><strong>positum,</strong></span> <span class='ocrx_word' id='word_1_199' title='bbox 3568 1343 3710 1397; x_wconf 75' lang='lat' dir='ltr'><strong>foras</strong></span> <span class='ocrx_word' id='word_1_200' title='bbox 3756 1359 3784 1401; x_wconf 88' lang='lat' dir='ltr'><strong>a</strong></span> 
     </span>
    </p>
   </div>
   <div class='ocr_carea' id='block_1_27' title="bbox 2185 1435 3785 1507">
    <p class='ocr_par' dir='ltr' id='par_1_27' title="bbox 2185 1435 3785 1507">
     <span class='ocr_line' id='line_1_27' title="bbox 2185 1435 3785 1507; baseline -0.001 -15"><span class='ocrx_word' id='word_1_201' title='bbox 2185 1435 2388 1492; x_wconf 89' lang='lat' dir='ltr'><strong>deitate</strong></span> <span class='ocrx_word' id='word_1_202' title='bbox 2417 1436 2583 1507; x_wconf 87' lang='lat' dir='ltr'><strong>ipsius</strong></span> <span class='ocrx_word' id='word_1_203' title='bbox 2611 1437 2882 1501; x_wconf 77' lang='lat' dir='ltr'><strong>exierunt,</strong></span> <span class='ocrx_word' id='word_1_204' title='bbox 2917 1445 3198 1504; x_wconf 88' lang='lat' dir='ltr'><strong>sperantes</strong></span> <span class='ocrx_word' id='word_1_205' title='bbox 3237 1449 3389 1506; x_wconf 86' lang='lat' dir='ltr'><strong>spem</strong></span> <span class='ocrx_word' id='word_1_206' title='bbox 3425 1451 3574 1489; x_wconf 85' lang='lat' dir='ltr'><strong>suam</strong></span> <span class='ocrx_word' id='word_1_207' title='bbox 3607 1445 3785 1490; x_wconf 86' lang='lat' dir='ltr'><strong>morte</strong></span> 
     </span>
    </p>
   </div>
   <div class='ocr_carea' id='block_1_28' title="bbox 2187 1523 3785 1599">
    <p class='ocr_par' dir='ltr' id='par_1_28' title="bbox 2187 1523 3785 1599">
     <span class='ocr_line' id='line_1_28' title="bbox 2187 1523 3785 1599; baseline 0.001 -16"><span class='ocrx_word' id='word_1_208' title='bbox 2187 1527 2353 1598; x_wconf 77' lang='lat' dir='ltr'><strong>ipsius</strong></span> <span class='ocrx_word' id='word_1_209' title='bbox 2399 1523 2564 1583; x_wconf 79' lang='lat' dir='ltr'><strong>fuisse</strong></span> <span class='ocrx_word' id='word_1_210' title='bbox 2615 1525 2836 1581; x_wconf 86' lang='lat' dir='ltr'><strong>ﬁnitam.</strong></span> <span class='ocrx_word' id='word_1_211' title='bbox 2883 1527 3008 1583; x_wconf 81' lang='lat' dir='ltr'><strong>Sive</strong></span> <span class='ocrx_word' id='word_1_212' title='bbox 3049 1525 3332 1582; x_wconf 64' lang='lat' dir='ltr'><strong>haereticos</strong></span> <span class='ocrx_word' id='word_1_213' title='bbox 3376 1527 3657 1597; x_wconf 81' lang='lat' dir='ltr'><strong>signiﬁcat,</strong></span> <span class='ocrx_word' id='word_1_214' title='bbox 3689 1530 3785 1599; x_wconf 86' lang='lat' dir='ltr'><strong>qui</strong></span> 
     </span>
    </p>
   </div>
   <div class='ocr_carea' id='block_1_29' title="bbox 2187 1619 3786 1700">
    <p class='ocr_par' dir='ltr' id='par_1_29' title="bbox 2187 1619 3786 1700">
     <span class='ocr_line' id='line_1_29' title="bbox 2187 1619 3786 1700; baseline 0.001 -24"><span class='ocrx_word' id='word_1_215' title='bbox 2187 1621 2466 1676; x_wconf 87' lang='lat' dir='ltr'><strong>audientes</strong></span> <span class='ocrx_word' id='word_1_216' title='bbox 2490 1622 2542 1676; x_wconf 91' lang='lat' dir='ltr'><strong>in</strong></span> <span class='ocrx_word' id='word_1_217' title='bbox 2572 1619 2809 1677; x_wconf 82' lang='lat' dir='ltr'><strong>Ecclesia</strong></span> <span class='ocrx_word' id='word_1_218' title='bbox 2839 1620 3148 1691; x_wconf 89' lang='lat' dir='ltr'><strong>Scriptttras</strong></span> <span class='ocrx_word' id='word_1_219' title='bbox 3173 1620 3404 1700; x_wconf 84' lang='lat' dir='ltr'><strong>divinas,</strong></span> <span class='ocrx_word' id='word_1_220' title='bbox 3434 1619 3786 1693; x_wconf 88' lang='lat' dir='ltr'><strong>videntesquo</strong></span> 
     </span>
    </p>
   </div>
   <div class='ocr_carea' id='block_1_30' title="bbox 2187 1711 3784 1786">
    <p class='ocr_par' dir='ltr' id='par_1_30' title="bbox 2187 1711 3784 1786">
     <span class='ocr_line' id='line_1_30' title="bbox 2187 1711 3784 1786; baseline 0 -15"><span class='ocrx_word' id='word_1_221' title='bbox 2187 1716 2483 1786; x_wconf 84' lang='lat' dir='ltr'><strong>magnalia,</strong></span> <span class='ocrx_word' id='word_1_222' title='bbox 2527 1713 2669 1771; x_wconf 79' lang='lat' dir='ltr'><strong>foras</strong></span> <span class='ocrx_word' id='word_1_223' title='bbox 2716 1717 2911 1770; x_wconf 79' lang='lat' dir='ltr'><strong>exeunt</strong></span> <span class='ocrx_word' id='word_1_224' title='bbox 2959 1715 3025 1769; x_wconf 88' lang='lat' dir='ltr'><strong>ad</strong></span> <span class='ocrx_word' id='word_1_225' title='bbox 3080 1711 3287 1785; x_wconf 89' lang='lat' dir='ltr'><strong>iniquas</strong></span> <span class='ocrx_word' id='word_1_226' title='bbox 3333 1715 3784 1786; x_wconf 45' lang='lat' dir='ltr'><strong>praedicationes,</strong></span> 
     </span>
    </p>
   </div>
   <div class='ocr_carea' id='block_1_31' title="bbox 2190 1807 3785 1880">
    <p class='ocr_par' dir='ltr' id='par_1_31' title="bbox 2190 1807 3785 1880">
     <span class='ocr_line' id='line_1_31' title="bbox 2190 1807 3785 1880; baseline -0.001 -16"><span class='ocrx_word' id='word_1_227' title='bbox 2190 1809 2458 1880; x_wconf 77' lang='lat' dir='ltr'><strong>fugientes</strong></span> <span class='ocrx_word' id='word_1_228' title='bbox 2482 1809 2788 1874; x_wconf 75' lang='lat' dir='ltr'><strong>veritatem,</strong></span> <span class='ocrx_word' id='word_1_229' title='bbox 2819 1809 2871 1863; x_wconf 90' lang='lat' dir='ltr'><strong>itt</strong></span> <span class='ocrx_word' id='word_1_230' title='bbox 2904 1822 3007 1879; x_wconf 86' lang='lat' dir='ltr'><strong>qua</strong></span> <span class='ocrx_word' id='word_1_231' title='bbox 3045 1807 3265 1863; x_wconf 89' lang='lat' dir='ltr'><strong>minime</strong></span> <span class='ocrx_word' id='word_1_232' title='bbox 3309 1823 3657 1878; x_wconf 80' lang='lat' dir='ltr'><strong>perseverare</strong></span> <span class='ocrx_word' id='word_1_233' title='bbox 3686 1824 3785 1879; x_wconf 82' lang='lat' dir='ltr'><strong>pa-</strong></span> 
     </span>
    </p>
   </div>
   <div class='ocr_carea' id='block_1_32' title="bbox 487 1882 3786 1988">
    <p class='ocr_par' dir='ltr' id='par_1_32' title="bbox 487 1882 3786 1988">
     <span class='ocr_line' id='line_1_32' title="bbox 487 1882 3786 1988; baseline -0.002 -25"><span class='ocrx_word' id='word_1_234' title='bbox 487 1889 664 1988; x_wconf 76' lang='lat' dir='ltr'><strong>capite</strong></span> <span class='ocrx_word' id='word_1_235' title='bbox 706 1882 896 1964; x_wconf 77' lang='lat' dir='ltr'><strong>merito</strong></span> <span class='ocrx_word' id='word_1_236' title='bbox 949 1882 1340 1980; x_wconf 73' lang='lat' dir='ltr'><strong>inteliiguntur,</strong></span> <span class='ocrx_word' id='word_1_237' title='bbox 1379 1882 1631 1980; x_wconf 78' lang='lat' dir='ltr'><strong>quoniam</strong></span> <span class='ocrx_word' id='word_1_238' title='bbox 1685 1907 1790 1977; x_wconf 88' lang='lat' dir='ltr'><strong>ipsi</strong></span> <span class='ocrx_word' id='word_1_239' title='bbox 1842 1882 2082 1966; x_wconf 82' lang='lat' dir='ltr'><strong>membra</strong></span> <span class='ocrx_word' id='word_1_240' title='bbox 2118 1923 2160 1983; x_wconf 61' lang='grc' dir='ltr'><strong>ιι</strong></span> <span class='ocrx_word' id='word_1_241' title='bbox 2190 1903 2411 1959; x_wconf 88' lang='lat' dir='ltr'><strong>tiuntur.</strong></span> <span class='ocrx_word' id='word_1_242' title='bbox 2436 1902 2582 1958; x_wconf 87' lang='lat' dir='ltr'><strong>Bene</strong></span> <span class='ocrx_word' id='word_1_243' title='bbox 2607 1912 2784 1958; x_wconf 90' lang='lat' dir='ltr'><strong>autem</strong></span> <span class='ocrx_word' id='word_1_244' title='bbox 2807 1901 3070 1972; x_wconf 87' lang='lat' dir='ltr'><strong>sequitur,</strong></span> <span class='ocrx_word' id='word_1_245' title='bbox 3094 1901 3263 1956; x_wconf 73' lang='lat' dir='ltr'><strong>excidi</strong></span> <span class='ocrx_word' id='word_1_246' title='bbox 3284 1909 3522 1969; x_wconf 82' lang='lat' dir='ltr'><strong>tanquam</strong></span> <span class='ocrx_word' id='word_1_247' title='bbox 3548 1912 3786 1958; x_wconf 75' lang='lat' dir='ltr'><strong>mortuus</strong></span> 
     </span>
    </p>
   </div>
   <div class='ocr_carea' id='block_1_33' title="bbox 487 2000 2082 2071">
    <p class='ocr_par' dir='ltr' id='par_1_33' title="bbox 487 2000 2082 2071">
     <span class='ocr_line' id='line_1_33' title="bbox 487 2000 2082 2071; baseline -0.001 -13"><span class='ocrx_word' id='word_1_248' title='bbox 487 2012 613 2058; x_wconf 87' lang='lat' dir='ltr'><strong>sunt</strong></span> <span class='ocrx_word' id='word_1_249' title='bbox 639 2001 858 2058; x_wconf 86' lang='lat' dir='ltr'><strong>Christi.</strong></span> <span class='ocrx_word' id='word_1_250' title='bbox 890 2003 957 2057; x_wconf 87' lang='lat' dir='ltr'><strong>Et</strong></span> <span class='ocrx_word' id='word_1_251' title='bbox 986 2002 1267 2058; x_wconf 87' lang='lat' dir='ltr'><strong>considera</strong></span> <span class='ocrx_word' id='word_1_252' title='bbox 1298 2001 1423 2071; x_wconf 82' lang='lat' dir='ltr'><strong>quia</strong></span> <span class='ocrx_word' id='word_1_253' title='bbox 1451 2016 1560 2056; x_wconf 88' lang='lat' dir='ltr'><strong>non</strong></span> <span class='ocrx_word' id='word_1_254' title='bbox 1605 2000 1661 2055; x_wconf 89' lang='lat' dir='ltr'><strong>in</strong></span> <span class='ocrx_word' id='word_1_255' title='bbox 1710 2000 1954 2065; x_wconf 88' lang='lat' dir='ltr'><strong>vocibus,</strong></span> <span class='ocrx_word' id='word_1_256' title='bbox 1985 2001 2082 2056; x_wconf 86' lang='lat' dir='ltr'><strong>sed</strong></span> 
     </span>
    </p>
   </div>
   <div class='ocr_carea' id='block_1_34' title="bbox 485 2092 2083 2168">
    <p class='ocr_par' dir='ltr' id='par_1_34' title="bbox 485 2092 2083 2168">
     <span class='ocr_line' id='line_1_34' title="bbox 485 2092 2083 2168; baseline 0 -19"><span class='ocrx_word' id='word_1_257' title='bbox 485 2096 542 2154; x_wconf 82' lang='lat' dir='ltr'><strong>in</strong></span> <span class='ocrx_word' id='word_1_258' title='bbox 585 2095 852 2168; x_wconf 82' lang='lat' dir='ltr'><strong>gemitibus</strong></span> <span class='ocrx_word' id='word_1_259' title='bbox 903 2094 1100 2164; x_wconf 89' lang='lat' dir='ltr'><strong>posuit,</strong></span> <span class='ocrx_word' id='word_1_260' title='bbox 1148 2102 1206 2148; x_wconf 93' lang='lat' dir='ltr'><strong>ttt</strong></span> <span class='ocrx_word' id='word_1_261' title='bbox 1253 2093 1364 2150; x_wconf 91' lang='lat' dir='ltr'><strong>Deo</strong></span> <span class='ocrx_word' id='word_1_262' title='bbox 1412 2094 1566 2149; x_wconf 87' lang='lat' dir='ltr'><strong>ﬁeret</strong></span> <span class='ocrx_word' id='word_1_263' title='bbox 1617 2092 1848 2164; x_wconf 87' lang='lat' dir='ltr'><strong>amplius</strong></span> <span class='ocrx_word' id='word_1_264' title='bbox 1897 2103 2083 2149; x_wconf 89' lang='lat' dir='ltr'><strong>notum</strong></span> 
     </span>
    </p>
   </div>
   <div class='ocr_carea' id='block_1_35' title="bbox 486 2189 1610 2266">
    <p class='ocr_par' dir='ltr' id='par_1_35' title="bbox 486 2189 1610 2266">
     <span class='ocr_line' id='line_1_35' title="bbox 486 2189 1610 2266; baseline -0.001 -22"><span class='ocrx_word' id='word_1_265' title='bbox 486 2190 630 2266; x_wconf 82' lang='lat' dir='ltr'><strong>quod</strong></span> <span class='ocrx_word' id='word_1_266' title='bbox 663 2189 970 2246; x_wconf 84' lang='lat' dir='ltr'><strong>hominibus</strong></span> <span class='ocrx_word' id='word_1_267' title='bbox 1001 2189 1280 2245; x_wconf 86' lang='lat' dir='ltr'><strong>videbatur</strong></span> <span class='ocrx_word' id='word_1_268' title='bbox 1315 2189 1610 2245; x_wconf 90' lang='lat' dir='ltr'><strong>occultum.</strong></span> 
     </span>
    </p>
   </div>
   <div class='ocr_carea' id='block_1_36' title="bbox 561 2280 2084 2353">
    <p class='ocr_par' dir='ltr' id='par_1_36' title="bbox 561 2280 2084 2353">
     <span class='ocr_line' id='line_1_36' title="bbox 561 2280 2084 2353; baseline 0.001 -16"><span class='ocrx_word' id='word_1_269' title='bbox 561 2282 716 2340; x_wconf 80' lang='lat' dir='ltr'><strong>Vers.</strong></span> <span class='ocrx_word' id='word_1_270' title='bbox 753 2285 838 2340; x_wconf 83' lang='grc'><strong>15.</strong></span> <span class='ocrx_word' id='word_1_271' title='bbox 870 2280 1150 2353; x_wconf 77' lang='lat' dir='ltr'><strong>Inﬁrmata</strong></span> <span class='ocrx_word' id='word_1_272' title='bbox 1177 2293 1250 2337; x_wconf 89' lang='lat' dir='ltr'><strong>est</strong></span> <span class='ocrx_word' id='word_1_273' title='bbox 1274 2284 1328 2337; x_wconf 89' lang='lat' dir='ltr'><strong>in</strong></span> <span class='ocrx_word' id='word_1_274' title='bbox 1359 2290 1658 2353; x_wconf 84' lang='lat' dir='ltr'><strong>paupertate</strong></span> <span class='ocrx_word' id='word_1_275' title='bbox 1685 2282 1845 2336; x_wconf 87' lang='lat' dir='ltr'><strong>virtus</strong></span> <span class='ocrx_word' id='word_1_276' title='bbox 1871 2298 2004 2347; x_wconf 89' lang='lat' dir='ltr'><strong>mea,</strong></span> <span class='ocrx_word' id='word_1_277' title='bbox 2035 2290 2084 2338; x_wconf 87' lang='lat' dir='ltr'><strong>et</strong></span> 
     </span>
    </p>
   </div>
   <div class='ocr_carea' id='block_1_37' title="bbox 485 2374 2082 2448">
    <p class='ocr_par' dir='ltr' id='par_1_37' title="bbox 485 2374 2082 2448">
     <span class='ocr_line' id='line_1_37' title="bbox 485 2374 2082 2448; baseline -0.001 -16"><span class='ocrx_word' id='word_1_278' title='bbox 485 2393 603 2448; x_wconf 65' lang='lat' dir='ltr'><strong>ossa</strong></span> <span class='ocrx_word' id='word_1_279' title='bbox 631 2393 743 2432; x_wconf 90' lang='lat' dir='ltr'><strong>mea</strong></span> <span class='ocrx_word' id='word_1_280' title='bbox 768 2374 1075 2431; x_wconf 83' lang='lat' dir='ltr'><strong>conturbata</strong></span> <span class='ocrx_word' id='word_1_281' title='bbox 1113 2385 1252 2432; x_wconf 89' lang='lat' dir='ltr'><strong>sunt.</strong></span> <span class='ocrx_word' id='word_1_282' title='bbox 1301 2375 1472 2431; x_wconf 80' lang='lat' dir='ltr'><strong>Virtus</strong></span> <span class='ocrx_word' id='word_1_283' title='bbox 1511 2377 1676 2432; x_wconf 88' lang='lat' dir='ltr'><strong>animi</strong></span> <span class='ocrx_word' id='word_1_284' title='bbox 1709 2377 2004 2447; x_wconf 72' lang='lat' dir='ltr'><strong>infirmatur</strong></span> <span class='ocrx_word' id='word_1_285' title='bbox 2029 2378 2082 2431; x_wconf 88' lang='lat' dir='ltr'><strong>itt</strong></span> 
     </span>
    </p>
   </div>
   <div class='ocr_carea' id='block_1_38' title="bbox 485 2466 2084 2543">
    <p class='ocr_par' dir='ltr' id='par_1_38' title="bbox 485 2466 2084 2543">
     <span class='ocr_line' id='line_1_38' title="bbox 485 2466 2084 2543; baseline 0 -19"><span class='ocrx_word' id='word_1_286' title='bbox 485 2480 810 2543; x_wconf 75' lang='lat' dir='ltr'><strong>paupertate,</strong></span> <span class='ocrx_word' id='word_1_287' title='bbox 841 2467 1097 2538; x_wconf 89' lang='lat' dir='ltr'><strong>quoniam</strong></span> <span class='ocrx_word' id='word_1_288' title='bbox 1142 2467 1394 2524; x_wconf 87' lang='lat' dir='ltr'><strong>omnibus</strong></span> <span class='ocrx_word' id='word_1_289' title='bbox 1425 2468 1583 2524; x_wconf 88' lang='lat' dir='ltr'><strong>bonis</strong></span> <span class='ocrx_word' id='word_1_290' title='bbox 1621 2466 1825 2539; x_wconf 76' lang='lat' dir='ltr'><strong>indiget</strong></span> <span class='ocrx_word' id='word_1_291' title='bbox 1853 2470 2084 2524; x_wconf 86' lang='lat' dir='ltr'><strong>humana</strong></span> 
     </span>
    </p>
   </div>
   <div class='ocr_carea' id='block_1_39' title="bbox 485 2561 2084 2636">
    <p class='ocr_par' dir='ltr' id='par_1_39' title="bbox 485 2561 2084 2636">
     <span class='ocr_line' id='line_1_39' title="bbox 485 2561 2084 2636; baseline -0.001 -16"><span class='ocrx_word' id='word_1_292' title='bbox 485 2564 766 2636; x_wconf 72' lang='lat' dir='ltr'><strong>fragilitas.</strong></span> <span class='ocrx_word' id='word_1_293' title='bbox 799 2563 938 2632; x_wconf 85' lang='lat' dir='ltr'><strong>Quid</strong></span> <span class='ocrx_word' id='word_1_294' title='bbox 981 2562 1123 2619; x_wconf 89' lang='lat' dir='ltr'><strong>enim</strong></span> <span class='ocrx_word' id='word_1_295' title='bbox 1162 2562 1256 2618; x_wconf 88' lang='lat' dir='ltr'><strong>illa</strong></span> <span class='ocrx_word' id='word_1_296' title='bbox 1286 2563 1574 2632; x_wconf 86' lang='lat' dir='ltr'><strong>pauperius</strong></span> <span class='ocrx_word' id='word_1_297' title='bbox 1610 2575 1732 2632; x_wconf 69' lang='lat' dir='ltr'><strong>qua:</strong></span> <span class='ocrx_word' id='word_1_298' title='bbox 1772 2561 1907 2618; x_wconf 87' lang='lat' dir='ltr'><strong>nihil</strong></span> <span class='ocrx_word' id='word_1_299' title='bbox 1951 2561 2084 2619; x_wconf 89' lang='lat' dir='ltr'><strong>ido—</strong></span> 
     </span>
    </p>
   </div>
   <div class='ocr_carea' id='block_1_40' title="bbox 485 2653 2084 2727">
    <p class='ocr_par' dir='ltr' id='par_1_40' title="bbox 485 2653 2084 2727">
     <span class='ocr_line' id='line_1_40' title="bbox 485 2653 2084 2727; baseline -0.004 -9"><span class='ocrx_word' id='word_1_300' title='bbox 485 2672 646 2718; x_wconf 91' lang='lat' dir='ltr'><strong>neum</strong></span> <span class='ocrx_word' id='word_1_301' title='bbox 676 2657 745 2714; x_wconf 87' lang='lat' dir='ltr'><strong>de</strong></span> <span class='ocrx_word' id='word_1_302' title='bbox 769 2672 830 2714; x_wconf 91' lang='lat' dir='ltr'><strong>se</strong></span> <span class='ocrx_word' id='word_1_303' title='bbox 860 2657 1060 2713; x_wconf 90' lang='lat' dir='ltr'><strong>habere</strong></span> <span class='ocrx_word' id='word_1_304' title='bbox 1085 2656 1462 2727; x_wconf 82' lang='lat' dir='ltr'><strong>cognoscitur?</strong></span> <span class='ocrx_word' id='word_1_305' title='bbox 1494 2653 1628 2711; x_wconf 84' lang='lat' dir='ltr'><strong>Ossa</strong></span> <span class='ocrx_word' id='word_1_306' title='bbox 1665 2671 1796 2712; x_wconf 85' lang='lat' dir='ltr'><strong>vero</strong></span> <span class='ocrx_word' id='word_1_307' title='bbox 1825 2656 2084 2712; x_wconf 75' lang='lat' dir='ltr'><strong>fortitudo</strong></span> 
     </span>
    </p>
   </div>
   <div class='ocr_carea' id='block_1_41' title="bbox 486 2747 2084 2824">
    <p class='ocr_par' dir='ltr' id='par_1_41' title="bbox 486 2747 2084 2824">
     <span class='ocr_line' id='line_1_41' title="bbox 486 2747 2084 2824; baseline -0.001 -18"><span class='ocrx_word' id='word_1_308' title='bbox 486 2759 570 2824; x_wconf 79' lang='lat' dir='ltr'><strong>est</strong></span> <span class='ocrx_word' id='word_1_309' title='bbox 598 2764 701 2821; x_wconf 90' lang='lat' dir='ltr'><strong>qua</strong></span> <span class='ocrx_word' id='word_1_310' title='bbox 728 2763 990 2820; x_wconf 77' lang='lat' dir='ltr'><strong>compago</strong></span> <span class='ocrx_word' id='word_1_311' title='bbox 1017 2749 1261 2820; x_wconf 87' lang='lat' dir='ltr'><strong>corporis</strong></span> <span class='ocrx_word' id='word_1_312' title='bbox 1280 2748 1596 2806; x_wconf 88' lang='lat' dir='ltr'><strong>sustinetur.</strong></span> <span class='ocrx_word' id='word_1_313' title='bbox 1619 2747 1770 2816; x_wconf 87' lang='lat' dir='ltr'><strong>Quod</strong></span> <span class='ocrx_word' id='word_1_314' title='bbox 1795 2758 2084 2818; x_wconf 74' lang='lat' dir='ltr'><strong>utrumque</strong></span> 
     </span>
    </p>
   </div>
   <div class='ocr_carea' id='block_1_42' title="bbox 484 2841 2080 2915">
    <p class='ocr_par' dir='ltr' id='par_1_42' title="bbox 484 2841 2080 2915">
     <span class='ocr_line' id='line_1_42' title="bbox 484 2841 2080 2915; baseline 0 -16"><span class='ocrx_word' id='word_1_315' title='bbox 484 2843 709 2914; x_wconf 84' lang='lat' dir='ltr'><strong>pulchre</strong></span> <span class='ocrx_word' id='word_1_316' title='bbox 738 2844 968 2915; x_wconf 88' lang='lat' dir='ltr'><strong>positum</strong></span> <span class='ocrx_word' id='word_1_317' title='bbox 1003 2852 1086 2899; x_wconf 89' lang='lat' dir='ltr'><strong>est</strong></span> <span class='ocrx_word' id='word_1_318' title='bbox 1116 2842 1183 2897; x_wconf 92' lang='lat' dir='ltr'><strong>ad</strong></span> <span class='ocrx_word' id='word_1_319' title='bbox 1211 2841 1616 2912; x_wconf 79' lang='lat' dir='ltr'><strong>exprimendam</strong></span> <span class='ocrx_word' id='word_1_320' title='bbox 1657 2841 2080 2899; x_wconf 81' lang='lat' dir='ltr'><strong>imbecillitatem</strong></span> 
     </span>
    </p>
   </div>
   <div class='ocr_carea' id='block_1_43' title="bbox 486 2933 2079 3004">
    <p class='ocr_par' dir='ltr' id='par_1_43' title="bbox 486 2933 2079 3004">
     <span class='ocr_line' id='line_1_43' title="bbox 486 2933 2079 3004; baseline 0.002 -17"><span class='ocrx_word' id='word_1_321' title='bbox 486 2934 736 2990; x_wconf 72' lang='lat' dir='ltr'><strong>humana:</strong></span> <span class='ocrx_word' id='word_1_322' title='bbox 763 2934 1092 2992; x_wconf 64' lang='lat' dir='ltr'><strong>substantias</strong></span> <span class='ocrx_word' id='word_1_323' title='bbox 1125 2951 1141 2992; x_wconf 89' lang='lat'><strong>:</strong></span> <span class='ocrx_word' id='word_1_324' title='bbox 1169 2934 1294 3004; x_wconf 90' lang='lat' dir='ltr'><strong>quia</strong></span> <span class='ocrx_word' id='word_1_325' title='bbox 1325 2948 1500 3004; x_wconf 85' lang='lat' dir='ltr'><strong>neque</strong></span> <span class='ocrx_word' id='word_1_326' title='bbox 1547 2933 1604 2988; x_wconf 91' lang='lat' dir='ltr'><strong>in</strong></span> <span class='ocrx_word' id='word_1_327' title='bbox 1649 2933 1814 2990; x_wconf 87' lang='lat' dir='ltr'><strong>animi</strong></span> <span class='ocrx_word' id='word_1_328' title='bbox 1860 2933 2079 3001; x_wconf 76' lang='lat' dir='ltr'><strong>robore,</strong></span> 
     </span>
    </p>
   </div>
   <div class='ocr_carea' id='block_1_44' title="bbox 485 3024 2084 3098">
    <p class='ocr_par' dir='ltr' id='par_1_44' title="bbox 485 3024 2084 3098">
     <span class='ocr_line' id='line_1_44' title="bbox 485 3024 2084 3098; baseline 0.001 -18"><span class='ocrx_word' id='word_1_329' title='bbox 485 3041 662 3098; x_wconf 79' lang='lat' dir='ltr'><strong>neque</strong></span> <span class='ocrx_word' id='word_1_330' title='bbox 683 3027 736 3082; x_wconf 90' lang='lat' dir='ltr'><strong>in</strong></span> <span class='ocrx_word' id='word_1_331' title='bbox 763 3028 942 3082; x_wconf 87' lang='lat' dir='ltr'><strong>carnis</strong></span> <span class='ocrx_word' id='word_1_332' title='bbox 968 3041 1065 3096; x_wconf 88' lang='lat' dir='ltr'><strong>spe</strong></span> <span class='ocrx_word' id='word_1_333' title='bbox 1091 3026 1193 3088; x_wconf 77' lang='lat' dir='ltr'><strong>ulla</strong></span> <span class='ocrx_word' id='word_1_334' title='bbox 1223 3025 1384 3082; x_wconf 88' lang='lat' dir='ltr'><strong>debet</strong></span> <span class='ocrx_word' id='word_1_335' title='bbox 1401 3038 1524 3081; x_wconf 87' lang='lat' dir='ltr'><strong>esse</strong></span> <span class='ocrx_word' id='word_1_336' title='bbox 1549 3024 1917 3094; x_wconf 80' lang='lat' dir='ltr'><strong>praesumptio,</strong></span> <span class='ocrx_word' id='word_1_337' title='bbox 1941 3025 2084 3081; x_wconf 85' lang='lat' dir='ltr'><strong>sicut</strong></span> 
     </span>
    </p>
   </div>
   <div class='ocr_carea' id='block_1_45' title="bbox 2187 1995 3785 2069">
    <p class='ocr_par' dir='ltr' id='par_1_45' title="bbox 2187 1995 3785 2069">
     <span class='ocr_line' id='line_1_45' title="bbox 2187 1995 3785 2069; baseline 0.001 -17"><span class='ocrx_word' id='word_1_338' title='bbox 2187 2013 2220 2052; x_wconf 90' lang='lat' dir='ltr'><strong>a</strong></span> <span class='ocrx_word' id='word_1_339' title='bbox 2243 1999 2414 2054; x_wconf 89' lang='lat' dir='ltr'><strong>corde.</strong></span> <span class='ocrx_word' id='word_1_340' title='bbox 2445 1996 2562 2054; x_wconf 82' lang='lat' dir='ltr'><strong>Non</strong></span> <span class='ocrx_word' id='word_1_341' title='bbox 2593 1997 2734 2053; x_wconf 89' lang='lat' dir='ltr'><strong>enim</strong></span> <span class='ocrx_word' id='word_1_342' title='bbox 2767 2011 2798 2051; x_wconf 88' lang='lat' dir='ltr'><strong>a</strong></span> <span class='ocrx_word' id='word_1_343' title='bbox 2828 1995 3079 2052; x_wconf 88' lang='lat' dir='ltr'><strong>lldelibus</strong></span> <span class='ocrx_word' id='word_1_344' title='bbox 3107 2007 3348 2052; x_wconf 92' lang='lat' dir='ltr'><strong>mortuus</strong></span> <span class='ocrx_word' id='word_1_345' title='bbox 3378 1995 3593 2064; x_wconf 89' lang='lat' dir='ltr'><strong>dicitur,</strong></span> <span class='ocrx_word' id='word_1_346' title='bbox 3627 1997 3785 2069; x_wconf 82' lang='lat' dir='ltr'><strong>cujus</strong></span> 
     </span>
    </p>
   </div>
   <div class='ocr_carea' id='block_1_46' title="bbox 2185 2087 3786 2162">
    <p class='ocr_par' dir='ltr' id='par_1_46' title="bbox 2185 2087 3786 2162">
     <span class='ocr_line' id='line_1_46' title="bbox 2185 2087 3786 2162; baseline -0.002 -13"><span class='ocrx_word' id='word_1_347' title='bbox 2185 2091 2358 2150; x_wconf 89' lang='lat' dir='ltr'><strong>deitas</strong></span> <span class='ocrx_word' id='word_1_348' title='bbox 2414 2087 2766 2162; x_wconf 88' lang='lat' dir='ltr'><strong>impassihilis</strong></span> <span class='ocrx_word' id='word_1_349' title='bbox 2815 2091 3082 2146; x_wconf 85' lang='lat' dir='ltr'><strong>veraciter</strong></span> <span class='ocrx_word' id='word_1_350' title='bbox 3136 2090 3454 2146; x_wconf 71' lang='lat' dir='ltr'><strong>mstimatur.</strong></span> <span class='ocrx_word' id='word_1_351' title='bbox 3511 2089 3699 2145; x_wconf 75' lang='lat' dir='ltr'><strong>Excidi</strong></span> <span class='ocrx_word' id='word_1_352' title='bbox 3756 2103 3786 2146; x_wconf 84' lang='lat' dir='ltr'><strong>a</strong></span> 
     </span>
    </p>
   </div>
   <div class='ocr_carea' id='block_1_47' title="bbox 2183 2179 3785 2260">
    <p class='ocr_par' dir='ltr' id='par_1_47' title="bbox 2183 2179 3785 2260">
     <span class='ocr_line' id='line_1_47' title="bbox 2183 2179 3785 2260; baseline -0.001 -21"><span class='ocrx_word' id='word_1_353' title='bbox 2183 2187 2359 2252; x_wconf 86' lang='lat' dir='ltr'><strong>corde,</strong></span> <span class='ocrx_word' id='word_1_354' title='bbox 2391 2184 2444 2242; x_wconf 92' lang='lat' dir='ltr'><strong>id</strong></span> <span class='ocrx_word' id='word_1_355' title='bbox 2473 2195 2555 2241; x_wconf 90' lang='lat' dir='ltr'><strong>est</strong></span> <span class='ocrx_word' id='word_1_356' title='bbox 2582 2201 2609 2239; x_wconf 84' lang='lat' dir='ltr'><strong>a</strong></span> <span class='ocrx_word' id='word_1_357' title='bbox 2643 2195 2820 2240; x_wconf 90' lang='lat' dir='ltr'><strong>mente</strong></span> <span class='ocrx_word' id='word_1_358' title='bbox 2877 2182 3172 2239; x_wconf 89' lang='lat' dir='ltr'><strong>inﬁdelium</strong></span> <span class='ocrx_word' id='word_1_359' title='bbox 3205 2180 3350 2255; x_wconf 88' lang='lat' dir='ltr'><strong>[mss.</strong></span> <span class='ocrx_word' id='word_1_360' title='bbox 3393 2183 3482 2248; x_wconf 78' lang='lat' dir='ltr'><strong>A.,</strong></span> <span class='ocrx_word' id='word_1_361' title='bbox 3513 2179 3581 2235; x_wconf 83' lang='lat' dir='ltr'><strong>F.</strong></span> <span class='ocrx_word' id='word_1_362' title='bbox 3615 2192 3663 2260; x_wconf 76' lang='lat' dir='ltr'><strong>et</strong></span> <span class='ocrx_word' id='word_1_363' title='bbox 3689 2181 3785 2249; x_wconf 71' lang='grc' dir='ltr'><strong>Β..</strong></span> 
     </span>
    </p>
   </div>
   <div class='ocr_carea' id='block_1_48' title="bbox 2184 2271 3787 2350">
    <p class='ocr_par' dir='ltr' id='par_1_48' title="bbox 2184 2271 3787 2350">
     <span class='ocr_line' id='line_1_48' title="bbox 2184 2271 3787 2350; baseline 0 -18"><span class='ocrx_word' id='word_1_364' title='bbox 2184 2276 2466 2350; x_wconf 88' lang='lat' dir='ltr'><strong>ﬁdelium],</strong></span> <span class='ocrx_word' id='word_1_365' title='bbox 2511 2279 2654 2348; x_wconf 88' lang='lat' dir='ltr'><strong>quod</strong></span> <span class='ocrx_word' id='word_1_366' title='bbox 2704 2277 2844 2332; x_wconf 66' lang='lat' dir='ltr'><strong>solet</strong></span> <span class='ocrx_word' id='word_1_367' title='bbox 2890 2274 2997 2331; x_wconf 85' lang='lat' dir='ltr'><strong>illis</strong></span> <span class='ocrx_word' id='word_1_368' title='bbox 3033 2273 3346 2346; x_wconf 73' lang='lat' dir='ltr'><strong>contingere</strong></span> <span class='ocrx_word' id='word_1_369' title='bbox 3379 2271 3473 2346; x_wconf 87' lang='lat' dir='ltr'><strong>qui</strong></span> <span class='ocrx_word' id='word_1_370' title='bbox 3503 2275 3787 2332; x_wconf 77' lang='lat' dir='ltr'><strong>defunctos</strong></span> 
     </span>
    </p>
   </div>
   <div class='ocr_carea' id='block_1_49' title="bbox 2187 2367 3784 2438">
    <p class='ocr_par' dir='ltr' id='par_1_49' title="bbox 2187 2367 3784 2438">
     <span class='ocr_line' id='line_1_49' title="bbox 2187 2367 3784 2438; baseline -0.001 -12"><span class='ocrx_word' id='word_1_371' title='bbox 2187 2369 2432 2426; x_wconf 86' lang='lat' dir='ltr'><strong>homines</strong></span> <span class='ocrx_word' id='word_1_372' title='bbox 2462 2369 2762 2435; x_wconf 86' lang='lat' dir='ltr'><strong>obruenda,</strong></span> <span class='ocrx_word' id='word_1_373' title='bbox 2789 2384 2911 2424; x_wconf 92' lang='lat' dir='ltr'><strong>cum</strong></span> <span class='ocrx_word' id='word_1_374' title='bbox 2933 2382 3162 2438; x_wconf 85' lang='lat' dir='ltr'><strong>corpore</strong></span> <span class='ocrx_word' id='word_1_375' title='bbox 3183 2367 3343 2424; x_wconf 90' lang='lat' dir='ltr'><strong>simul</strong></span> <span class='ocrx_word' id='word_1_376' title='bbox 3363 2382 3551 2425; x_wconf 89' lang='lat' dir='ltr'><strong>eorum</strong></span> <span class='ocrx_word' id='word_1_377' title='bbox 3579 2383 3784 2425; x_wconf 82' lang='lat' dir='ltr'><strong>memo-</strong></span> 
     </span>
    </p>
   </div>
   <div class='ocr_carea' id='block_1_50' title="bbox 2186 2461 3203 2533">
    <p class='ocr_par' dir='ltr' id='par_1_50' title="bbox 2186 2461 3203 2533">
     <span class='ocr_line' id='line_1_50' title="bbox 2186 2461 3203 2533; baseline -0.005 -13"><span class='ocrx_word' id='word_1_378' title='bbox 2186 2463 2322 2520; x_wconf 87' lang='lat' dir='ltr'><strong>riam</strong></span> <span class='ocrx_word' id='word_1_379' title='bbox 2346 2462 2886 2533; x_wconf 86' lang='lat' dir='ltr'><strong>recordationemque</strong></span> <span class='ocrx_word' id='word_1_380' title='bbox 2916 2461 3203 2533; x_wconf 87' lang='lat' dir='ltr'><strong>sepeliunt.</strong></span> 
     </span>
    </p>
   </div>
   <div class='ocr_carea' id='block_1_51' title="bbox 2189 2553 3781 2626">
    <p class='ocr_par' dir='ltr' id='par_1_51' title="bbox 2189 2553 3781 2626">
     <span class='ocr_line' id='line_1_51' title="bbox 2189 2553 3781 2626; baseline 0 -16"><span class='ocrx_word' id='word_1_381' title='bbox 2189 2581 2200 2598; x_wconf 84' lang='lat'><strong>-</strong></span> <span class='ocrx_word' id='word_1_382' title='bbox 2261 2557 2417 2614; x_wconf 80' lang='lat' dir='ltr'><strong>Vers.</strong></span> <span class='ocrx_word' id='word_1_383' title='bbox 2456 2557 2541 2612; x_wconf 85' lang='grc'><strong>16.</strong></span> <span class='ocrx_word' id='word_1_384' title='bbox 2575 2553 2772 2610; x_wconf 84' lang='lat' dir='ltr'><strong>Factus</strong></span> <span class='ocrx_word' id='word_1_385' title='bbox 2797 2571 2911 2610; x_wconf 88' lang='lat' dir='ltr'><strong>sum</strong></span> <span class='ocrx_word' id='word_1_386' title='bbox 2951 2555 3080 2610; x_wconf 86' lang='lat' dir='ltr'><strong>sicut</strong></span> <span class='ocrx_word' id='word_1_387' title='bbox 3110 2571 3196 2610; x_wconf 74' lang='lat' dir='ltr'><strong>tias</strong></span> <span class='ocrx_word' id='word_1_388' title='bbox 3231 2555 3509 2625; x_wconf 86' lang='lat' dir='ltr'><strong>perditum,</strong></span> <span class='ocrx_word' id='word_1_389' title='bbox 3538 2555 3781 2626; x_wconf 84' lang='lat' dir='ltr'><strong>quoniam</strong></span> 
     </span>
    </p>
   </div>
   <div class='ocr_carea' id='block_1_52' title="bbox 2185 2647 3780 2722">
    <p class='ocr_par' dir='ltr' id='par_1_52' title="bbox 2185 2647 3780 2722">
     <span class='ocr_line' id='line_1_52' title="bbox 2185 2647 3780 2722; baseline 0.001 -19"><span class='ocrx_word' id='word_1_390' title='bbox 2185 2651 2359 2704; x_wconf 82' lang='lat' dir='ltr'><strong>audivi</strong></span> <span class='ocrx_word' id='word_1_391' title='bbox 2413 2650 2836 2722; x_wconf 87' lang='lat' dir='ltr'><strong>vituperationem</strong></span> <span class='ocrx_word' id='word_1_392' title='bbox 2887 2649 3165 2703; x_wconf 87' lang='lat' dir='ltr'><strong>multarunt</strong></span> <span class='ocrx_word' id='word_1_393' title='bbox 3220 2647 3780 2706; x_wconf 78' lang='lat' dir='ltr'><strong>circumhabitontitmt.</strong></span> 
     </span>
    </p>
   </div>
   <div class='ocr_carea' id='block_1_53' title="bbox 2193 2739 3780 2815">
    <p class='ocr_par' dir='ltr' id='par_1_53' title="bbox 2193 2739 3780 2815">
     <span class='ocr_line' id='line_1_53' title="bbox 2193 2739 3780 2815; baseline 0.002 -19"><span class='ocrx_word' id='word_1_394' title='bbox 2193 2740 2301 2796; x_wconf 77' lang='lat' dir='ltr'><strong>Vas</strong></span> <span class='ocrx_word' id='word_1_395' title='bbox 2329 2741 2587 2815; x_wconf 84' lang='lat' dir='ltr'><strong>perditum</strong></span> <span class='ocrx_word' id='word_1_396' title='bbox 2613 2751 2695 2798; x_wconf 91' lang='lat' dir='ltr'><strong>est</strong></span> <span class='ocrx_word' id='word_1_397' title='bbox 2718 2740 2861 2812; x_wconf 86' lang='lat' dir='ltr'><strong>quod</strong></span> <span class='ocrx_word' id='word_1_398' title='bbox 2891 2739 3116 2796; x_wconf 80' lang='lat' dir='ltr'><strong>tractum</strong></span> <span class='ocrx_word' id='word_1_399' title='bbox 3144 2749 3196 2796; x_wconf 92' lang='lat' dir='ltr'><strong>ct</strong></span> <span class='ocrx_word' id='word_1_400' title='bbox 3223 2741 3285 2797; x_wconf 89' lang='lat' dir='ltr'><strong>ad</strong></span> <span class='ocrx_word' id='word_1_401' title='bbox 3320 2742 3498 2798; x_wconf 91' lang='lat' dir='ltr'><strong>nullos</strong></span> <span class='ocrx_word' id='word_1_402' title='bbox 3528 2757 3656 2797; x_wconf 88' lang='lat' dir='ltr'><strong>usus</strong></span> <span class='ocrx_word' id='word_1_403' title='bbox 3689 2759 3780 2800; x_wconf 78' lang='lat' dir='ltr'><strong>tte-</strong></span> 
     </span>
    </p>
   </div>
   <div class='ocr_carea' id='block_1_54' title="bbox 2185 2837 3780 2908">
    <p class='ocr_par' dir='ltr' id='par_1_54' title="bbox 2185 2837 3780 2908">
     <span class='ocr_line' id='line_1_54' title="bbox 2185 2837 3780 2908; baseline 0.001 -14"><span class='ocrx_word' id='word_1_404' title='bbox 2185 2837 2478 2894; x_wconf 88' lang='lat' dir='ltr'><strong>cessarium</strong></span> <span class='ocrx_word' id='word_1_405' title='bbox 2521 2851 2738 2908; x_wconf 88' lang='lat' dir='ltr'><strong>semper</strong></span> <span class='ocrx_word' id='word_1_406' title='bbox 2779 2837 3030 2908; x_wconf 80' lang='lat' dir='ltr'><strong>abjicitur</strong></span> <span class='ocrx_word' id='word_1_407' title='bbox 3066 2855 3078 2891; x_wconf 93' lang='lat'>:</span> <span class='ocrx_word' id='word_1_408' title='bbox 3123 2837 3193 2892; x_wconf 86' lang='lat' dir='ltr'><strong>ita</strong></span> <span class='ocrx_word' id='word_1_409' title='bbox 3243 2847 3298 2894; x_wconf 90' lang='lat' dir='ltr'><strong>et</strong></span> <span class='ocrx_word' id='word_1_410' title='bbox 3340 2837 3494 2895; x_wconf 90' lang='lat' dir='ltr'><strong>Jesus</strong></span> <span class='ocrx_word' id='word_1_411' title='bbox 3539 2847 3780 2896; x_wconf 89' lang='lat' dir='ltr'><strong>mortuus</strong></span> 
     </span>
    </p>
   </div>
   <div class='ocr_carea' id='block_1_55' title="bbox 2185 2929 3777 3003">
    <p class='ocr_par' dir='ltr' id='par_1_55' title="bbox 2185 2929 3777 3003">
     <span class='ocr_line' id='line_1_55' title="bbox 2185 2929 3777 3003; baseline 0.005 -23"><span class='ocrx_word' id='word_1_412' title='bbox 2185 2931 2338 3000; x_wconf 83' lang='lat' dir='ltr'><strong>quasi</strong></span> <span class='ocrx_word' id='word_1_413' title='bbox 2371 2931 2594 2986; x_wconf 83' lang='lat' dir='ltr'><strong>tractum</strong></span> <span class='ocrx_word' id='word_1_414' title='bbox 2624 2945 2718 2985; x_wconf 87' lang='lat' dir='ltr'><strong>vas</strong></span> <span class='ocrx_word' id='word_1_415' title='bbox 2752 2929 3088 3000; x_wconf 85' lang='lat' dir='ltr'><strong>abjiciendus</strong></span> <span class='ocrx_word' id='word_1_416' title='bbox 3138 2930 3421 3000; x_wconf 86' lang='lat' dir='ltr'><strong>putabatur</strong></span> <span class='ocrx_word' id='word_1_417' title='bbox 3462 2945 3492 2985; x_wconf 85' lang='lat' dir='ltr'><strong>a</strong></span> <span class='ocrx_word' id='word_1_418' title='bbox 3540 2933 3777 3003; x_wconf 87' lang='lat' dir='ltr'><strong>perﬁdis.</strong></span> 
     </span>
    </p>
   </div>
   <div class='ocr_carea' id='block_1_56' title="bbox 2184 3021 3779 3096">
    <p class='ocr_par' dir='ltr' id='par_1_56' title="bbox 2184 3021 3779 3096">
     <span class='ocr_line' id='line_1_56' title="bbox 2184 3021 3779 3096; baseline 0.002 -17"><span class='ocrx_word' id='word_1_419' title='bbox 2184 3021 2323 3090; x_wconf 78' lang='lat' dir='ltr'><strong>Quid</strong></span> <span class='ocrx_word' id='word_1_420' title='bbox 2351 3025 2494 3081; x_wconf 90' lang='lat' dir='ltr'><strong>enim</strong></span> <span class='ocrx_word' id='word_1_421' title='bbox 2529 3023 2632 3080; x_wconf 88' lang='lat' dir='ltr'><strong>dici</strong></span> <span class='ocrx_word' id='word_1_422' title='bbox 2675 3033 2890 3096; x_wconf 88' lang='lat' dir='ltr'><strong>poterat</strong></span> <span class='ocrx_word' id='word_1_423' title='bbox 2919 3025 3246 3082; x_wconf 90' lang='lat' dir='ltr'><strong>mediocrius</strong></span> <span class='ocrx_word' id='word_1_424' title='bbox 3278 3041 3435 3096; x_wconf 88' lang='lat' dir='ltr'><strong>quam</strong></span> <span class='ocrx_word' id='word_1_425' title='bbox 3463 3035 3520 3080; x_wconf 91' lang='lat' dir='ltr'><strong>ut</strong></span> <span class='ocrx_word' id='word_1_426' title='bbox 3552 3026 3643 3081; x_wconf 89' lang='lat' dir='ltr'><strong>illa</strong></span> <span class='ocrx_word' id='word_1_427' title='bbox 3673 3043 3779 3082; x_wconf 88' lang='lat' dir='ltr'><strong>ma-</strong></span> 
     </span>
    </p>
   </div>
   <div class='ocr_carea' id='block_1_57' title="bbox 486 3116 3780 3196">
    <p class='ocr_par' dir='ltr' id='par_1_57' title="bbox 486 3116 3780 3196">
     <span class='ocr_line' id='line_1_57' title="bbox 486 3116 3780 3196; baseline 0.002 -23"><span class='ocrx_word' id='word_1_428' title='bbox 486 3117 746 3196; x_wconf 83' lang='lat' dir='ltr'><strong>proplteta</strong></span> <span class='ocrx_word' id='word_1_429' title='bbox 776 3117 951 3174; x_wconf 87' lang='lat' dir='ltr'><strong>dicit:</strong></span> <span class='ocrx_word' id='word_1_430' title='bbox 981 3116 1292 3172; x_wconf 80' lang='lat' dir='ltr'><strong>Maledictus</strong></span> <span class='ocrx_word' id='word_1_431' title='bbox 1323 3117 1414 3188; x_wconf 83' lang='lat' dir='ltr'><strong>qui</strong></span> <span class='ocrx_word' id='word_1_432' title='bbox 1448 3116 1661 3186; x_wconf 80' lang='lat' dir='ltr'><strong>conﬁdit</strong></span> <span class='ocrx_word' id='word_1_433' title='bbox 1689 3117 1743 3170; x_wconf 89' lang='lat' dir='ltr'><strong>in</strong></span> <span class='ocrx_word' id='word_1_434' title='bbox 1775 3116 1999 3181; x_wconf 82' lang='lat' dir='ltr'><strong>homine,</strong></span> <span class='ocrx_word' id='word_1_435' title='bbox 2032 3126 2081 3171; x_wconf 88' lang='lat' dir='ltr'><strong>et</strong></span> <span class='ocrx_word' id='word_1_436' title='bbox 2178 3119 2350 3186; x_wconf 86' lang='lat' dir='ltr'><strong>jestas</strong></span> <span class='ocrx_word' id='word_1_437' title='bbox 2391 3118 2732 3190; x_wconf 89' lang='lat' dir='ltr'><strong>omnipotens</strong></span> <span class='ocrx_word' id='word_1_438' title='bbox 2779 3121 2932 3176; x_wconf 91' lang='lat' dir='ltr'><strong>testis</strong></span> <span class='ocrx_word' id='word_1_439' title='bbox 2979 3121 3255 3193; x_wconf 86' lang='lat' dir='ltr'><strong>l’ragilibus</strong></span> <span class='ocrx_word' id='word_1_440' title='bbox 3297 3124 3634 3193; x_wconf 69' lang='lat' dir='ltr'><strong>aequaretur?</strong></span> <span class='ocrx_word' id='word_1_441' title='bbox 3674 3119 3780 3180; x_wconf 90' lang='lat' dir='ltr'><strong>Sed</strong></span> 
     </span>
    </p>
   </div>
   <div class='ocr_carea' id='block_1_58' title="bbox 487 3207 2079 3281">
    <p class='ocr_par' dir='ltr' id='par_1_58' title="bbox 487 3207 2079 3281">
     <span class='ocr_line' id='line_1_58' title="bbox 487 3207 2079 3281; baseline 0 -16"><span class='ocrx_word' id='word_1_442' title='bbox 487 3211 630 3281; x_wconf 77' lang='lat' dir='ltr'><strong>ponit</strong></span> <span class='ocrx_word' id='word_1_443' title='bbox 656 3226 800 3278; x_wconf 85' lang='lat' dir='ltr'><strong>spem</strong></span> <span class='ocrx_word' id='word_1_444' title='bbox 829 3227 1035 3265; x_wconf 88' lang='lat' dir='ltr'><strong>carnem</strong></span> <span class='ocrx_word' id='word_1_445' title='bbox 1059 3209 1256 3264; x_wconf 84' lang='lat' dir='ltr'><strong>brachii</strong></span> <span class='ocrx_word' id='word_1_446' title='bbox 1282 3210 1386 3276; x_wconf 86' lang='lat' dir='ltr'><strong>sui,</strong></span> <span class='ocrx_word' id='word_1_447' title='bbox 1407 3218 1454 3264; x_wconf 85' lang='lat' dir='ltr'><strong>et</strong></span> <span class='ocrx_word' id='word_1_448' title='bbox 1479 3225 1512 3263; x_wconf 89' lang='lat' dir='ltr'><strong>a</strong></span> <span class='ocrx_word' id='word_1_449' title='bbox 1538 3207 1758 3264; x_wconf 78' lang='lat' dir='ltr'><strong>Domino</strong></span> <span class='ocrx_word' id='word_1_450' title='bbox 1783 3209 1968 3264; x_wconf 79' lang='lat' dir='ltr'><strong>recedit</strong></span> <span class='ocrx_word' id='word_1_451' title='bbox 1992 3225 2079 3265; x_wconf 90' lang='lat' dir='ltr'><strong>cor</strong></span> 
     </span>
    </p>
   </div>
   <div class='ocr_carea' id='block_1_59' title="bbox 487 3299 1040 3376">
    <p class='ocr_par' dir='ltr' id='par_1_59' title="bbox 487 3299 1040 3376">
     <span class='ocr_line' id='line_1_59' title="bbox 487 3299 1040 3376; baseline 0.005 -21"><span class='ocrx_word' id='word_1_452' title='bbox 487 3301 593 3376; x_wconf 81' lang='lat' dir='ltr'><strong>sjus</strong></span> <span class='ocrx_word' id='word_1_453' title='bbox 628 3299 761 3374; x_wconf 83' lang='lat' dir='ltr'><strong>(Jer.</strong></span> <span class='ocrx_word' id='word_1_454' title='bbox 796 3315 930 3368; x_wconf 83' lang='lat' dir='ltr'><strong>xvn,</strong></span> <span class='ocrx_word' id='word_1_455' title='bbox 963 3299 1040 3374; x_wconf 83' lang='lat'><strong>5).</strong></span> 
     </span>
    </p>
   </div>
   <div class='ocr_carea' id='block_1_60' title="bbox 521 3392 2078 3466">
    <p class='ocr_par' dir='ltr' id='par_1_60' title="bbox 521 3392 2078 3466">
     <span class='ocr_line' id='line_1_60' title="bbox 521 3392 2078 3466; baseline -0.003 -16"><span class='ocrx_word' id='word_1_456' title='bbox 521 3455 534 3460; x_wconf 60' lang='grc'><em>,</em></span> <span class='ocrx_word' id='word_1_457' title='bbox 559 3393 713 3450; x_wconf 74' lang='lat' dir='ltr'><strong>Vere.</strong></span> <span class='ocrx_word' id='word_1_458' title='bbox 755 3395 845 3450; x_wconf 78' lang='grc'><strong>14.</strong></span> <span class='ocrx_word' id='word_1_459' title='bbox 886 3393 1059 3466; x_wconf 82' lang='lat' dir='ltr'><strong>Super</strong></span> <span class='ocrx_word' id='word_1_460' title='bbox 1095 3409 1270 3449; x_wconf 87' lang='lat' dir='ltr'><strong>omnes</strong></span> <span class='ocrx_word' id='word_1_461' title='bbox 1305 3392 1540 3448; x_wconf 89' lang='lat' dir='ltr'><strong>inimicos</strong></span> <span class='ocrx_word' id='word_1_462' title='bbox 1571 3409 1706 3448; x_wconf 88' lang='lat' dir='ltr'><strong>meos</strong></span> <span class='ocrx_word' id='word_1_463' title='bbox 1749 3394 1918 3464; x_wconf 85' lang='lat' dir='ltr'><strong>factus</strong></span> <span class='ocrx_word' id='word_1_464' title='bbox 1963 3409 2078 3447; x_wconf 83' lang='lat' dir='ltr'><strong>sunt</strong></span> 
     </span>
    </p>
   </div>
   <div class='ocr_carea' id='block_1_61' title="bbox 483 3484 2076 3562">
    <p class='ocr_par' dir='ltr' id='par_1_61' title="bbox 483 3484 2076 3562">
     <span class='ocr_line' id='line_1_61' title="bbox 483 3484 2076 3562; baseline -0.001 -21"><span class='ocrx_word' id='word_1_465' title='bbox 483 3485 840 3562; x_wconf 83' lang='lat' dir='ltr'><strong>opprobrium,</strong></span> <span class='ocrx_word' id='word_1_466' title='bbox 866 3493 912 3540; x_wconf 89' lang='lat' dir='ltr'><strong>et</strong></span> <span class='ocrx_word' id='word_1_467' title='bbox 933 3485 1114 3540; x_wconf 88' lang='lat' dir='ltr'><strong>vicinis</strong></span> <span class='ocrx_word' id='word_1_468' title='bbox 1135 3485 1258 3539; x_wconf 86' lang='lat' dir='ltr'><strong>meis</strong></span> <span class='ocrx_word' id='word_1_469' title='bbox 1279 3485 1518 3554; x_wconf 86' lang='lat' dir='ltr'><strong>nimium,</strong></span> <span class='ocrx_word' id='word_1_470' title='bbox 1543 3493 1591 3537; x_wconf 89' lang='lat' dir='ltr'><strong>et</strong></span> <span class='ocrx_word' id='word_1_471' title='bbox 1607 3492 1759 3538; x_wconf 74' lang='lat' dir='ltr'><strong>ttnt‘or</strong></span> <span class='ocrx_word' id='word_1_472' title='bbox 1779 3484 1910 3538; x_wconf 87' lang='lat' dir='ltr'><strong>notis</strong></span> <span class='ocrx_word' id='word_1_473' title='bbox 1931 3486 2076 3540; x_wconf 88' lang='lat' dir='ltr'><strong>meis.</strong></span> 
     </span>
    </p>
   </div>
   <div class='ocr_carea' id='block_1_62' title="bbox 483 3575 2076 3658">
    <p class='ocr_par' dir='ltr' id='par_1_62' title="bbox 483 3575 2076 3658">
     <span class='ocr_line' id='line_1_62' title="bbox 483 3575 2076 3658; baseline 0.001 -27"><span class='ocrx_word' id='word_1_474' title='bbox 483 3575 602 3647; x_wconf 70' lang='lat' dir='ltr'><strong>Non</strong></span> <span class='ocrx_word' id='word_1_475' title='bbox 635 3586 788 3633; x_wconf 85' lang='lat' dir='ltr'><strong>vacat</strong></span> <span class='ocrx_word' id='word_1_476' title='bbox 807 3577 950 3649; x_wconf 87' lang='lat' dir='ltr'><strong>quod</strong></span> <span class='ocrx_word' id='word_1_477' title='bbox 978 3593 1130 3658; x_wconf 80' lang='lat' dir='ltr'><strong>super</strong></span> <span class='ocrx_word' id='word_1_478' title='bbox 1158 3593 1354 3645; x_wconf 89' lang='lat' dir='ltr'><strong>omnes,</strong></span> <span class='ocrx_word' id='word_1_479' title='bbox 1378 3586 1434 3631; x_wconf 90' lang='lat' dir='ltr'><strong>et</strong></span> <span class='ocrx_word' id='word_1_480' title='bbox 1459 3589 1565 3631; x_wconf 92' lang='lat' dir='ltr'><strong>non</strong></span> <span class='ocrx_word' id='word_1_481' title='bbox 1591 3575 1733 3630; x_wconf 88' lang='lat' dir='ltr'><strong>inter</strong></span> <span class='ocrx_word' id='word_1_482' title='bbox 1763 3589 1954 3631; x_wconf 88' lang='lat' dir='ltr'><strong>omnes</strong></span> <span class='ocrx_word' id='word_1_483' title='bbox 1980 3577 2076 3632; x_wconf 90' lang='lat' dir='ltr'><strong>ait.</strong></span> 
     </span>
    </p>
   </div>
   <div class='ocr_carea' id='block_1_63' title="bbox 483 3668 2080 3748">
    <p class='ocr_par' dir='ltr' id='par_1_63' title="bbox 483 3668 2080 3748">
     <span class='ocr_line' id='line_1_63' title="bbox 483 3668 2080 3748; baseline -0.001 -23"><span class='ocrx_word' id='word_1_484' title='bbox 483 3670 661 3744; x_wconf 67' lang='lat' dir='ltr'><strong>super</strong></span> <span class='ocrx_word' id='word_1_485' title='bbox 695 3688 876 3748; x_wconf 76' lang='lat' dir='ltr'><strong>omnes</strong></span> <span class='ocrx_word' id='word_1_486' title='bbox 904 3672 1136 3742; x_wconf 86' lang='lat' dir='ltr'><strong>inimicos</strong></span> <span class='ocrx_word' id='word_1_487' title='bbox 1161 3687 1331 3746; x_wconf 68' lang='lat' dir='ltr'><strong>meos,</strong></span> <span class='ocrx_word' id='word_1_488' title='bbox 1362 3685 1459 3740; x_wconf 86' lang='lat' dir='ltr'><strong>per</strong></span> <span class='ocrx_word' id='word_1_489' title='bbox 1498 3668 1714 3742; x_wconf 83' lang='lat' dir='ltr'><strong>modum</strong></span> <span class='ocrx_word' id='word_1_490' title='bbox 1745 3670 2080 3740; x_wconf 74' lang='lat' dir='ltr'><strong>exaggerati-</strong></span> 
     </span>
    </p>
   </div>
   <div class='ocr_carea' id='block_1_64' title="bbox 484 3761 2082 3834">
    <p class='ocr_par' dir='ltr' id='par_1_64' title="bbox 484 3761 2082 3834">
     <span class='ocr_line' id='line_1_64' title="bbox 484 3761 2082 3834; baseline -0.003 -14"><span class='ocrx_word' id='word_1_491' title='bbox 484 3778 612 3820; x_wconf 82' lang='lat' dir='ltr'><strong>vunt</strong></span> <span class='ocrx_word' id='word_1_492' title='bbox 645 3763 857 3830; x_wconf 89' lang='lat' dir='ltr'><strong>dicitur,</strong></span> <span class='ocrx_word' id='word_1_493' title='bbox 891 3765 1142 3834; x_wconf 88' lang='lat' dir='ltr'><strong>quoniam</strong></span> <span class='ocrx_word' id='word_1_494' title='bbox 1182 3763 1310 3819; x_wconf 90' lang='lat' dir='ltr'><strong>dum</strong></span> <span class='ocrx_word' id='word_1_495' title='bbox 1358 3770 1541 3818; x_wconf 87' lang='lat' dir='ltr'><strong>essent</strong></span> <span class='ocrx_word' id='word_1_496' title='bbox 1588 3761 1661 3816; x_wconf 89' lang='lat' dir='ltr'><strong>illi</strong></span> <span class='ocrx_word' id='word_1_497' title='bbox 1712 3776 1838 3834; x_wconf 81' lang='lat' dir='ltr'><strong>vere</strong></span> <span class='ocrx_word' id='word_1_498' title='bbox 1891 3777 2082 3833; x_wconf 88' lang='lat' dir='ltr'><strong>oppro-</strong></span> 
     </span>
    </p>
   </div>
   <div class='ocr_carea' id='block_1_65' title="bbox 485 3853 2080 3925">
    <p class='ocr_par' dir='ltr' id='par_1_65' title="bbox 485 3853 2080 3925">
     <span class='ocr_line' id='line_1_65' title="bbox 485 3853 2080 3925; baseline -0.003 -13"><span class='ocrx_word' id='word_1_499' title='bbox 485 3857 672 3922; x_wconf 74' lang='lat' dir='ltr'><strong>brium,</strong></span> <span class='ocrx_word' id='word_1_500' title='bbox 705 3853 952 3912; x_wconf 89' lang='lat' dir='ltr'><strong>Christus</strong></span> <span class='ocrx_word' id='word_1_501' title='bbox 995 3856 1252 3911; x_wconf 91' lang='lat' dir='ltr'><strong>Dominus</strong></span> <span class='ocrx_word' id='word_1_502' title='bbox 1287 3854 1547 3910; x_wconf 89' lang='lat' dir='ltr'><strong>innocens</strong></span> <span class='ocrx_word' id='word_1_503' title='bbox 1577 3862 1740 3925; x_wconf 88' lang='lat' dir='ltr'><strong>atque</strong></span> <span class='ocrx_word' id='word_1_504' title='bbox 1766 3853 2080 3909; x_wconf 88' lang='lat' dir='ltr'><strong>immacula-</strong></span> 
     </span>
    </p>
   </div>
   <div class='ocr_carea' id='block_1_66' title="bbox 484 3937 2080 4025">
    <p class='ocr_par' dir='ltr' id='par_1_66' title="bbox 484 3937 2080 4025">
     <span class='ocr_line' id='line_1_66' title="bbox 484 3937 2080 4025; baseline 0.003 -21"><span class='ocrx_word' id='word_1_505' title='bbox 484 3958 575 4008; x_wconf 86' lang='lat' dir='ltr'><strong>ttts</strong></span> <span class='ocrx_word' id='word_1_506' title='bbox 605 3953 746 4008; x_wconf 89' lang='lat' dir='ltr'><strong>inter</strong></span> <span class='ocrx_word' id='word_1_507' title='bbox 775 3965 868 4008; x_wconf 88' lang='lat' dir='ltr'><strong>eos</strong></span> <span class='ocrx_word' id='word_1_508' title='bbox 905 3938 1201 4008; x_wconf 85' lang='lat' dir='ltr'><strong>habebatur</strong></span> <span class='ocrx_word' id='word_1_509' title='bbox 1248 3937 1601 4025; x_wconf 76' lang='lat' dir='ltr'><strong>opprobrium,</strong></span> <span class='ocrx_word' id='word_1_510' title='bbox 1634 3951 1724 4023; x_wconf 91' lang='lat' dir='ltr'><strong>qui</strong></span> <span class='ocrx_word' id='word_1_511' title='bbox 1770 3941 1831 4008; x_wconf 86' lang='lat' dir='ltr'><strong>se</strong></span> <span class='ocrx_word' id='word_1_512' title='bbox 1871 3950 2080 4009; x_wconf 83' lang='lat' dir='ltr'><strong>nefario</strong></span> 
     </span>
    </p>
   </div>
   <div class='ocr_carea' id='block_1_67' title="bbox 485 4044 2086 4118">
    <p class='ocr_par' dir='ltr' id='par_1_67' title="bbox 485 4044 2086 4118">
     <span class='ocr_line' id='line_1_67' title="bbox 485 4044 2086 4118; baseline -0.001 -17"><span class='ocrx_word' id='word_1_513' title='bbox 485 4045 691 4101; x_wconf 82' lang='lat' dir='ltr'><strong>scelere</strong></span> <span class='ocrx_word' id='word_1_514' title='bbox 715 4045 1036 4118; x_wconf 88' lang='lat' dir='ltr'><strong>polluebant.</strong></span> <span class='ocrx_word' id='word_1_515' title='bbox 1075 4045 1352 4116; x_wconf 86' lang='lat' dir='ltr'><strong>Sequitur,</strong></span> <span class='ocrx_word' id='word_1_516' title='bbox 1381 4047 1550 4114; x_wconf 86' lang='lat' dir='ltr'><strong>factus</strong></span> <span class='ocrx_word' id='word_1_517' title='bbox 1564 4045 1679 4100; x_wconf 86' lang='lat' dir='ltr'><strong>sum</strong></span> <span class='ocrx_word' id='word_1_518' title='bbox 1703 4044 2035 4118; x_wconf 86' lang='lat' dir='ltr'><strong>opprobrium</strong></span> <span class='ocrx_word' id='word_1_519' title='bbox 2060 4049 2086 4099; x_wconf 71' lang='grc' dir='ltr'><strong>τ’</strong></span> 
     </span>
    </p>
   </div>
   <div class='ocr_carea' id='block_1_68' title="bbox 477 4137 2082 4210">
    <p class='ocr_par' dir='ltr' id='par_1_68' title="bbox 477 4137 2082 4210">
     <span class='ocr_line' id='line_1_68' title="bbox 477 4137 2082 4210; baseline 0.002 -18"><span class='ocrx_word' id='word_1_520' title='bbox 477 4147 594 4192; x_wconf 78' lang='lat' dir='ltr'><strong>non</strong></span> <span class='ocrx_word' id='word_1_521' title='bbox 625 4139 746 4208; x_wconf 90' lang='lat' dir='ltr'><strong>quia</strong></span> <span class='ocrx_word' id='word_1_522' title='bbox 776 4152 878 4209; x_wconf 83' lang='lat' dir='ltr'><strong>ego</strong></span> <span class='ocrx_word' id='word_1_523' title='bbox 921 4153 1049 4194; x_wconf 89' lang='lat' dir='ltr'><strong>vere</strong></span> <span class='ocrx_word' id='word_1_524' title='bbox 1092 4138 1427 4209; x_wconf 83' lang='lat' dir='ltr'><strong>opprobrium</strong></span> <span class='ocrx_word' id='word_1_525' title='bbox 1467 4137 1564 4205; x_wconf 82' lang='lat' dir='ltr'><strong>lui,</strong></span> <span class='ocrx_word' id='word_1_526' title='bbox 1595 4137 1692 4195; x_wconf 89' lang='lat' dir='ltr'><strong>sed</strong></span> <span class='ocrx_word' id='word_1_527' title='bbox 1730 4138 1982 4210; x_wconf 90' lang='lat' dir='ltr'><strong>quoniam</strong></span> <span class='ocrx_word' id='word_1_528' title='bbox 2014 4138 2082 4196; x_wconf 88' lang='lat' dir='ltr'><strong>ab</strong></span> 
     </span>
    </p>
   </div>
   <div class='ocr_carea' id='block_1_69' title="bbox 485 4229 2082 4303">
    <p class='ocr_par' dir='ltr' id='par_1_69' title="bbox 485 4229 2082 4303">
     <span class='ocr_line' id='line_1_69' title="bbox 485 4229 2082 4303; baseline 0.003 -19"><span class='ocrx_word' id='word_1_529' title='bbox 485 4229 595 4285; x_wconf 86' lang='lat' dir='ltr'><strong>illis</strong></span> <span class='ocrx_word' id='word_1_530' title='bbox 624 4230 848 4299; x_wconf 89' lang='lat' dir='ltr'><strong>putabar</strong></span> <span class='ocrx_word' id='word_1_531' title='bbox 875 4245 996 4286; x_wconf 79' lang='lat' dir='ltr'><strong>esse</strong></span> <span class='ocrx_word' id='word_1_532' title='bbox 1021 4229 1163 4302; x_wconf 91' lang='lat' dir='ltr'><strong>quod</strong></span> <span class='ocrx_word' id='word_1_533' title='bbox 1195 4247 1304 4288; x_wconf 86' lang='lat' dir='ltr'><strong>non</strong></span> <span class='ocrx_word' id='word_1_534' title='bbox 1335 4247 1503 4299; x_wconf 82' lang='lat' dir='ltr'><strong>eram,</strong></span> <span class='ocrx_word' id='word_1_535' title='bbox 1541 4232 1630 4303; x_wconf 90' lang='lat' dir='ltr'><strong>qui</strong></span> <span class='ocrx_word' id='word_1_536' title='bbox 1675 4231 1886 4302; x_wconf 90' lang='lat' dir='ltr'><strong>decepti</strong></span> <span class='ocrx_word' id='word_1_537' title='bbox 1926 4233 2082 4288; x_wconf 86' lang='lat' dir='ltr'><strong>vanis</strong></span> 
     </span>
    </p>
   </div>
   <div class='ocr_carea' id='block_1_70' title="bbox 485 4319 2084 4393">
    <p class='ocr_par' dir='ltr' id='par_1_70' title="bbox 485 4319 2084 4393">
     <span class='ocr_line' id='line_1_70' title="bbox 485 4319 2084 4393; baseline 0.003 -18"><span class='ocrx_word' id='word_1_538' title='bbox 485 4319 928 4391; x_wconf 85' lang='lat' dir='ltr'><strong>persuasionibus</strong></span> <span class='ocrx_word' id='word_1_539' title='bbox 972 4333 1310 4378; x_wconf 88' lang='lat' dir='ltr'><strong>erraverunt.</strong></span> <span class='ocrx_word' id='word_1_540' title='bbox 1344 4323 1542 4379; x_wconf 89' lang='lat' dir='ltr'><strong>Contra</strong></span> <span class='ocrx_word' id='word_1_541' title='bbox 1584 4324 1809 4393; x_wconf 88' lang='lat' dir='ltr'><strong>probum</strong></span> <span class='ocrx_word' id='word_1_542' title='bbox 1850 4324 2084 4380; x_wconf 86' lang='lat' dir='ltr'><strong>dicimus</strong></span> 
     </span>
    </p>
   </div>
   <div class='ocr_carea' id='block_1_71' title="bbox 487 4411 2086 4487">
    <p class='ocr_par' dir='ltr' id='par_1_71' title="bbox 487 4411 2086 4487">
     <span class='ocr_line' id='line_1_71' title="bbox 487 4411 2086 4487; baseline 0.001 -19"><span class='ocrx_word' id='word_1_543' title='bbox 487 4411 769 4483; x_wconf 76' lang='lat' dir='ltr'><strong>probrum,</strong></span> <span class='ocrx_word' id='word_1_544' title='bbox 802 4411 854 4466; x_wconf 90' lang='lat' dir='ltr'><strong>id</strong></span> <span class='ocrx_word' id='word_1_545' title='bbox 884 4421 966 4467; x_wconf 89' lang='lat' dir='ltr'><strong>est</strong></span> <span class='ocrx_word' id='word_1_546' title='bbox 997 4413 1338 4468; x_wconf 86' lang='lat' dir='ltr'><strong>inhonestum</strong></span> <span class='ocrx_word' id='word_1_547' title='bbox 1383 4424 1546 4484; x_wconf 86' lang='lat' dir='ltr'><strong>atque</strong></span> <span class='ocrx_word' id='word_1_548' title='bbox 1591 4415 1925 4472; x_wconf 88' lang='lat' dir='ltr'><strong>indecorum.</strong></span> <span class='ocrx_word' id='word_1_549' title='bbox 1975 4415 2086 4487; x_wconf 85' lang='lat' dir='ltr'><strong>0p-</strong></span> 
     </span>
    </p>
   </div>
   <div class='ocr_carea' id='block_1_72' title="bbox 486 4505 2081 4580">
    <p class='ocr_par' dir='ltr' id='par_1_72' title="bbox 486 4505 2081 4580">
     <span class='ocr_line' id='line_1_72' title="bbox 486 4505 2081 4580; baseline -0.001 -18"><span class='ocrx_word' id='word_1_550' title='bbox 486 4506 752 4580; x_wconf 81' lang='lat' dir='ltr'><strong>probrium</strong></span> <span class='ocrx_word' id='word_1_551' title='bbox 776 4515 954 4563; x_wconf 88' lang='lat' dir='ltr'><strong>autem</strong></span> <span class='ocrx_word' id='word_1_552' title='bbox 987 4505 1255 4577; x_wconf 87' lang='lat' dir='ltr'><strong>signiﬁcat</strong></span> <span class='ocrx_word' id='word_1_553' title='bbox 1281 4507 1437 4562; x_wconf 82' lang='lat' dir='ltr'><strong>valde</strong></span> <span class='ocrx_word' id='word_1_554' title='bbox 1465 4507 1828 4564; x_wconf 88' lang='lat' dir='ltr'><strong>abominabile</strong></span> <span class='ocrx_word' id='word_1_555' title='bbox 1854 4508 2081 4576; x_wconf 87' lang='lat' dir='ltr'><strong>taeinus,</strong></span> 
     </span>
    </p>
   </div>
   <div class='ocr_carea' id='block_1_73' title="bbox 488 4597 2088 4670">
    <p class='ocr_par' dir='ltr' id='par_1_73' title="bbox 488 4597 2088 4670">
     <span class='ocr_line' id='line_1_73' title="bbox 488 4597 2088 4670; baseline 0.001 -15"><span class='ocrx_word' id='word_1_556' title='bbox 488 4599 632 4670; x_wconf 86' lang='lat' dir='ltr'><strong>quod</strong></span> <span class='ocrx_word' id='word_1_557' title='bbox 659 4597 886 4654; x_wconf 88' lang='lat' dir='ltr'><strong>Domino</strong></span> <span class='ocrx_word' id='word_1_558' title='bbox 905 4597 1174 4655; x_wconf 84' lang='lat' dir='ltr'><strong>Salvatori</strong></span> <span class='ocrx_word' id='word_1_559' title='bbox 1201 4598 1343 4654; x_wconf 89' lang='lat' dir='ltr'><strong>inter</strong></span> <span class='ocrx_word' id='word_1_560' title='bbox 1364 4597 1578 4668; x_wconf 85' lang='lat' dir='ltr'><strong>iniquos</strong></span> <span class='ocrx_word' id='word_1_561' title='bbox 1600 4597 1814 4655; x_wconf 73' lang='lat' dir='ltr'><strong>Judaeos</strong></span> <span class='ocrx_word' id='word_1_562' title='bbox 1837 4600 2088 4656; x_wconf 86' lang='lat' dir='ltr'><strong>evenisse</strong></span> 
     </span>
    </p>
   </div>
   <div class='ocr_carea' id='block_1_74' title="bbox 2185 3210 3779 3287">
    <p class='ocr_par' dir='ltr' id='par_1_74' title="bbox 2185 3210 3779 3287">
     <span class='ocr_line' id='line_1_74' title="bbox 2185 3210 3779 3287; baseline 0.004 -22"><span class='ocrx_word' id='word_1_563' title='bbox 2185 3210 2302 3267; x_wconf 70' lang='lat' dir='ltr'><strong>haec</strong></span> <span class='ocrx_word' id='word_1_564' title='bbox 2327 3211 2405 3266; x_wconf 92' lang='lat' dir='ltr'><strong>sic</strong></span> <span class='ocrx_word' id='word_1_565' title='bbox 2434 3226 2463 3266; x_wconf 88' lang='lat' dir='ltr'><strong>a</strong></span> <span class='ocrx_word' id='word_1_566' title='bbox 2490 3211 2829 3269; x_wconf 89' lang='lat' dir='ltr'><strong>dementihus</strong></span> <span class='ocrx_word' id='word_1_567' title='bbox 2876 3223 3057 3284; x_wconf 89' lang='lat' dir='ltr'><strong>putata</strong></span> <span class='ocrx_word' id='word_1_568' title='bbox 3108 3217 3399 3287; x_wconf 87' lang='lat' dir='ltr'><strong>perpende.</strong></span> <span class='ocrx_word' id='word_1_569' title='bbox 3429 3217 3699 3272; x_wconf 66' lang='lat' dir='ltr'><strong>Cmterum</strong></span> <span class='ocrx_word' id='word_1_570' title='bbox 3732 3218 3779 3272; x_wconf 92' lang='lat' dir='ltr'><strong>in</strong></span> 
     </span>
    </p>
   </div>
   <div class='ocr_carea' id='block_1_75' title="bbox 2108 3301 3779 3380">
    <p class='ocr_par' dir='ltr' id='par_1_75' title="bbox 2108 3301 3779 3380">
     <span class='ocr_line' id='line_1_75' title="bbox 2108 3301 3779 3380; baseline 0.004 -24"><span class='ocrx_word' id='word_1_571' title='bbox 2108 3311 2155 3376; x_wconf 74' lang='grc' dir='ltr'>ο</span> <span class='ocrx_word' id='word_1_572' title='bbox 2187 3301 2280 3358; x_wconf 88' lang='lat' dir='ltr'><strong>illo</strong></span> <span class='ocrx_word' id='word_1_573' title='bbox 2326 3317 2542 3374; x_wconf 88' lang='lat' dir='ltr'><strong>semper</strong></span> <span class='ocrx_word' id='word_1_574' title='bbox 2587 3302 2686 3360; x_wconf 80' lang='lat' dir='ltr'><strong>fuit</strong></span> <span class='ocrx_word' id='word_1_575' title='bbox 2732 3303 3118 3376; x_wconf 86' lang='lat' dir='ltr'><strong>omnipotentia</strong></span> <span class='ocrx_word' id='word_1_576' title='bbox 3165 3308 3453 3380; x_wconf 81' lang='lat' dir='ltr'><strong>singularis</strong></span> <span class='ocrx_word' id='word_1_577' title='bbox 3504 3317 3560 3364; x_wconf 89' lang='lat' dir='ltr'><strong>et</strong></span> <span class='ocrx_word' id='word_1_578' title='bbox 3605 3307 3779 3364; x_wconf 71' lang='lat' dir='ltr'><strong>divini</strong></span> 
     </span>
    </p>
   </div>
   <div class='ocr_carea' id='block_1_76' title="bbox 2185 3394 3779 3471">
    <p class='ocr_par' dir='ltr' id='par_1_76' title="bbox 2185 3394 3779 3471">
     <span class='ocr_line' id='line_1_76' title="bbox 2185 3394 3779 3471; baseline 0.003 -22"><span class='ocrx_word' id='word_1_579' title='bbox 2185 3394 2463 3466; x_wconf 75' lang='lat' dir='ltr'><strong>plenitudo</strong></span> <span class='ocrx_word' id='word_1_580' title='bbox 2491 3395 2778 3464; x_wconf 89' lang='lat' dir='ltr'><strong>mirabilis,</strong></span> <span class='ocrx_word' id='word_1_581' title='bbox 2807 3397 2945 3453; x_wconf 86' lang='lat' dir='ltr'><strong>sicut</strong></span> <span class='ocrx_word' id='word_1_582' title='bbox 2969 3398 3256 3469; x_wconf 82' lang='lat' dir='ltr'><strong>Apostolus</strong></span> <span class='ocrx_word' id='word_1_583' title='bbox 3282 3399 3410 3454; x_wconf 89' lang='lat' dir='ltr'><strong>dicit</strong></span> <span class='ocrx_word' id='word_1_584' title='bbox 3434 3417 3447 3455; x_wconf 94' lang='lat'>:</span> <span class='ocrx_word' id='word_1_585' title='bbox 3473 3398 3539 3454; x_wconf 85' lang='lat' dir='ltr'><strong>In</strong></span> <span class='ocrx_word' id='word_1_586' title='bbox 3565 3414 3668 3471; x_wconf 84' lang='lat' dir='ltr'><strong>quo</strong></span> <span class='ocrx_word' id='word_1_587' title='bbox 3690 3399 3779 3454; x_wconf 83' lang='lat' dir='ltr'><strong>Ita-</strong></span> 
     </span>
    </p>
   </div>
   <div class='ocr_carea' id='block_1_77' title="bbox 2181 3490 3780 3568">
    <p class='ocr_par' dir='ltr' id='par_1_77' title="bbox 2181 3490 3780 3568">
     <span class='ocr_line' id='line_1_77' title="bbox 2181 3490 3780 3568; baseline 0.004 -25"><span class='ocrx_word' id='word_1_588' title='bbox 2181 3490 2307 3545; x_wconf 85' lang='lat' dir='ltr'><strong>bt’tat</strong></span> <span class='ocrx_word' id='word_1_589' title='bbox 2333 3491 2499 3546; x_wconf 82' lang='lat' dir='ltr'><strong>omnis</strong></span> <span class='ocrx_word' id='word_1_590' title='bbox 2522 3491 2781 3563; x_wconf 84' lang='lat' dir='ltr'><strong>plenitudo</strong></span> <span class='ocrx_word' id='word_1_591' title='bbox 2806 3491 3088 3549; x_wconf 84' lang='lat' dir='ltr'><strong>divinitatis</strong></span> <span class='ocrx_word' id='word_1_592' title='bbox 3112 3495 3445 3568; x_wconf 80' lang='lat' dir='ltr'><strong>corporaliter</strong></span> <span class='ocrx_word' id='word_1_593' title='bbox 3470 3493 3696 3565; x_wconf 81' lang='lat' dir='ltr'><strong>(Coloss,</strong></span> <span class='ocrx_word' id='word_1_594' title='bbox 3723 3509 3780 3562; x_wconf 86' lang='lat' dir='ltr'><strong>tt,</strong></span> 
     </span>
    </p>
   </div>
   <div class='ocr_carea' id='block_1_78' title="bbox 2183 3579 3780 3654">
    <p class='ocr_par' dir='ltr' id='par_1_78' title="bbox 2183 3579 3780 3654">
     <span class='ocr_line' id='line_1_78' title="bbox 2183 3579 3780 3654; baseline 0.003 -16"><span class='ocrx_word' id='word_1_595' title='bbox 2183 3579 2264 3654; x_wconf 89' lang='lat'><strong>9),</strong></span> <span class='ocrx_word' id='word_1_596' title='bbox 2293 3581 2348 3640; x_wconf 88' lang='lat' dir='ltr'><strong>id</strong></span> <span class='ocrx_word' id='word_1_597' title='bbox 2375 3590 2458 3639; x_wconf 91' lang='lat' dir='ltr'><strong>est</strong></span> <span class='ocrx_word' id='word_1_598' title='bbox 2487 3583 2911 3641; x_wconf 86' lang='lat' dir='ltr'><strong>substantialiter</strong></span> <span class='ocrx_word' id='word_1_599' title='bbox 2933 3595 2989 3642; x_wconf 91' lang='lat' dir='ltr'><strong>et</strong></span> <span class='ocrx_word' id='word_1_600' title='bbox 3011 3588 3309 3644; x_wconf 82' lang='lat' dir='ltr'><strong>manifeste.</strong></span> <span class='ocrx_word' id='word_1_601' title='bbox 3343 3587 3607 3642; x_wconf 86' lang='lat' dir='ltr'><strong>Divinitas</strong></span> <span class='ocrx_word' id='word_1_602' title='bbox 3635 3585 3780 3644; x_wconf 88' lang='lat' dir='ltr'><strong>enim</strong></span> 
     </span>
    </p>
   </div>
   <div class='ocr_carea' id='block_1_79' title="bbox 2182 3673 3782 3752">
    <p class='ocr_par' dir='ltr' id='par_1_79' title="bbox 2182 3673 3782 3752">
     <span class='ocr_line' id='line_1_79' title="bbox 2182 3673 3782 3752; baseline 0.003 -19"><span class='ocrx_word' id='word_1_603' title='bbox 2182 3691 2304 3734; x_wconf 86' lang='lat' dir='ltr'><strong>esse</strong></span> <span class='ocrx_word' id='word_1_604' title='bbox 2331 3693 2437 3734; x_wconf 93' lang='lat' dir='ltr'><strong>non</strong></span> <span class='ocrx_word' id='word_1_605' title='bbox 2469 3687 2645 3750; x_wconf 83' lang='lat' dir='ltr'><strong>potest</strong></span> <span class='ocrx_word' id='word_1_606' title='bbox 2672 3679 2990 3750; x_wconf 88' lang='lat' dir='ltr'><strong>corporalis.</strong></span> <span class='ocrx_word' id='word_1_607' title='bbox 3032 3679 3304 3750; x_wconf 89' lang='lat' dir='ltr'><strong>Sequitur,</strong></span> <span class='ocrx_word' id='word_1_608' title='bbox 3332 3681 3578 3752; x_wconf 75' lang='lat' dir='ltr'><strong>quoniam</strong></span> <span class='ocrx_word' id='word_1_609' title='bbox 3605 3673 3782 3737; x_wconf 80' lang='lat' dir='ltr'><strong>audiri</strong></span> 
     </span>
    </p>
   </div>
   <div class='ocr_carea' id='block_1_80' title="bbox 2181 3770 3781 3843">
    <p class='ocr_par' dir='ltr' id='par_1_80' title="bbox 2181 3770 3781 3843">
     <span class='ocr_line' id='line_1_80' title="bbox 2181 3770 3781 3843; baseline 0.005 -20"><span class='ocrx_word' id='word_1_610' title='bbox 2181 3770 2598 3842; x_wconf 84' lang='lat' dir='ltr'><strong>vituperationem</strong></span> <span class='ocrx_word' id='word_1_611' title='bbox 2618 3773 2901 3827; x_wconf 84' lang='lat' dir='ltr'><strong>multarunt</strong></span> <span class='ocrx_word' id='word_1_612' title='bbox 2924 3773 3459 3829; x_wconf 80' lang='lat' dir='ltr'><strong>circumhabitantlum</strong></span> <span class='ocrx_word' id='word_1_613' title='bbox 3472 3791 3491 3841; x_wconf 87' lang='lat'><em>;</em></span> <span class='ocrx_word' id='word_1_614' title='bbox 3517 3773 3781 3843; x_wconf 84' lang='lat' dir='ltr'><strong>signiﬁcat</strong></span> 
     </span>
    </p>
   </div>
   <div class='ocr_carea' id='block_1_81' title="bbox 2183 3863 3780 3938">
    <p class='ocr_par' dir='ltr' id='par_1_81' title="bbox 2183 3863 3780 3938">
     <span class='ocr_line' id='line_1_81' title="bbox 2183 3863 3780 3938; baseline 0.004 -21"><span class='ocrx_word' id='word_1_615' title='bbox 2183 3863 2420 3934; x_wconf 89' lang='lat' dir='ltr'><strong>perﬁdos</strong></span> <span class='ocrx_word' id='word_1_616' title='bbox 2446 3863 2680 3930; x_wconf 84' lang='lat' dir='ltr'><strong>Judaeos,</strong></span> <span class='ocrx_word' id='word_1_617' title='bbox 2713 3866 2802 3935; x_wconf 87' lang='lat' dir='ltr'><strong>qui</strong></span> <span class='ocrx_word' id='word_1_618' title='bbox 2830 3881 3158 3938; x_wconf 81' lang='lat' dir='ltr'><strong>synagogam</strong></span> <span class='ocrx_word' id='word_1_619' title='bbox 3195 3867 3643 3933; x_wconf 74' lang='lat' dir='ltr'><strong>circunihabitant,</strong></span> <span class='ocrx_word' id='word_1_620' title='bbox 3676 3883 3780 3923; x_wconf 89' lang='lat' dir='ltr'><strong>non</strong></span> 
     </span>
    </p>
   </div>
   <div class='ocr_carea' id='block_1_82' title="bbox 2183 3953 3780 4030">
    <p class='ocr_par' dir='ltr' id='par_1_82' title="bbox 2183 3953 3780 4030">
     <span class='ocr_line' id='line_1_82' title="bbox 2183 3953 3780 4030; baseline 0.004 -21"><span class='ocrx_word' id='word_1_621' title='bbox 2183 3954 2507 4011; x_wconf 82' lang='lat' dir='ltr'><strong>inhabitant.</strong></span> <span class='ocrx_word' id='word_1_622' title='bbox 2539 3953 2742 4011; x_wconf 86' lang='lat' dir='ltr'><strong>Circum</strong></span> <span class='ocrx_word' id='word_1_623' title='bbox 2788 3959 2930 4013; x_wconf 89' lang='lat' dir='ltr'><strong>enim</strong></span> <span class='ocrx_word' id='word_1_624' title='bbox 2969 3973 2998 4013; x_wconf 94' lang='lat' dir='ltr'><strong>a</strong></span> <span class='ocrx_word' id='word_1_625' title='bbox 3035 3959 3281 4024; x_wconf 86' lang='lat' dir='ltr'><strong>circuitu,</strong></span> <span class='ocrx_word' id='word_1_626' title='bbox 3321 3969 3635 4030; x_wconf 81' lang='lat' dir='ltr'><strong>peccatores</strong></span> <span class='ocrx_word' id='word_1_627' title='bbox 3664 3960 3780 4016; x_wconf 87' lang='lat' dir='ltr'><strong>vult</strong></span> 
     </span>
    </p>
   </div>
   <div class='ocr_carea' id='block_1_83' title="bbox 2161 4046 3780 4121">
    <p class='ocr_par' dir='ltr' id='par_1_83' title="bbox 2161 4046 3780 4121">
     <span class='ocr_line' id='line_1_83' title="bbox 2161 4046 3780 4121; baseline 0.002 -19"><span class='ocrx_word' id='word_1_628' title='bbox 2161 4047 2429 4120; x_wconf 80' lang='lat' dir='ltr'><strong>intelligi,</strong></span> <span class='ocrx_word' id='word_1_629' title='bbox 2444 4046 2512 4104; x_wconf 89' lang='lat' dir='ltr'><strong>de</strong></span> <span class='ocrx_word' id='word_1_630' title='bbox 2528 4047 2720 4118; x_wconf 85' lang='lat' dir='ltr'><strong>quibus</strong></span> <span class='ocrx_word' id='word_1_631' title='bbox 2743 4047 2794 4104; x_wconf 91' lang='lat' dir='ltr'><strong>in</strong></span> <span class='ocrx_word' id='word_1_632' title='bbox 2813 4047 2916 4104; x_wconf 87' lang='lat' dir='ltr'><strong>alio</strong></span> <span class='ocrx_word' id='word_1_633' title='bbox 2940 4049 3056 4105; x_wconf 92' lang='lat' dir='ltr'><strong>loco</strong></span> <span class='ocrx_word' id='word_1_634' title='bbox 3078 4050 3180 4106; x_wconf 89' lang='lat' dir='ltr'><strong>ait:</strong></span> <span class='ocrx_word' id='word_1_635' title='bbox 3201 4049 3263 4104; x_wconf 89' lang='lat' dir='ltr'><strong>In</strong></span> <span class='ocrx_word' id='word_1_636' title='bbox 3281 4051 3496 4105; x_wconf 85' lang='lat' dir='ltr'><strong>circuitu</strong></span> <span class='ocrx_word' id='word_1_637' title='bbox 3516 4051 3662 4121; x_wconf 82' lang='lat' dir='ltr'><strong>impii</strong></span> <span class='ocrx_word' id='word_1_638' title='bbox 3677 4067 3780 4106; x_wconf 57' lang='lat' dir='ltr'><strong>am.</strong></span> 
     </span>
    </p>
   </div>
   <div class='ocr_carea' id='block_1_84' title="bbox 2185 4139 3780 4213">
    <p class='ocr_par' dir='ltr' id='par_1_84' title="bbox 2185 4139 3780 4213">
     <span class='ocr_line' id='line_1_84' title="bbox 2185 4139 3780 4213; baseline 0.002 -19"><span class='ocrx_word' id='word_1_639' title='bbox 2185 4139 2359 4195; x_wconf 85' lang='lat' dir='ltr'><strong>balant</strong></span> <span class='ocrx_word' id='word_1_640' title='bbox 2382 4139 2553 4212; x_wconf 87' lang='lat' dir='ltr'><strong>(Psal.</strong></span> <span class='ocrx_word' id='word_1_641' title='bbox 2579 4155 2653 4208; x_wconf 69' lang='grc' dir='ltr'><strong>χι,</strong></span> <span class='ocrx_word' id='word_1_642' title='bbox 2672 4141 2751 4212; x_wconf 82' lang='grc'><strong>9).</strong></span> <span class='ocrx_word' id='word_1_643' title='bbox 2775 4141 2964 4198; x_wconf 84' lang='lat' dir='ltr'><strong>Merito</strong></span> <span class='ocrx_word' id='word_1_644' title='bbox 2991 4157 3120 4213; x_wconf 82' lang='lat' dir='ltr'><strong>ergo</strong></span> <span class='ocrx_word' id='word_1_645' title='bbox 3141 4143 3274 4199; x_wconf 88' lang='lat' dir='ltr'><strong>tales</strong></span> <span class='ocrx_word' id='word_1_646' title='bbox 3299 4143 3780 4198; x_wconf 81' lang='lat' dir='ltr'><strong>circumhabitontes</strong></span> 
     </span>
    </p>
   </div>
   <div class='ocr_carea' id='block_1_85' title="bbox 2184 4231 3782 4305">
    <p class='ocr_par' dir='ltr' id='par_1_85' title="bbox 2184 4231 3782 4305">
     <span class='ocr_line' id='line_1_85' title="bbox 2184 4231 3782 4305; baseline 0 -15"><span class='ocrx_word' id='word_1_647' title='bbox 2184 4233 2455 4303; x_wconf 81' lang='lat' dir='ltr'><strong>dicuntur,</strong></span> <span class='ocrx_word' id='word_1_648' title='bbox 2486 4235 2576 4305; x_wconf 87' lang='lat' dir='ltr'><strong>qui</strong></span> <span class='ocrx_word' id='word_1_649' title='bbox 2606 4234 2780 4305; x_wconf 86' lang='lat' dir='ltr'><strong>legem</strong></span> <span class='ocrx_word' id='word_1_650' title='bbox 2813 4231 2905 4289; x_wconf 88' lang='lat' dir='ltr'><strong>Dei</strong></span> <span class='ocrx_word' id='word_1_651' title='bbox 2935 4247 3042 4289; x_wconf 92' lang='lat' dir='ltr'><strong>non</strong></span> <span class='ocrx_word' id='word_1_652' title='bbox 3071 4233 3438 4304; x_wconf 88' lang='lat' dir='ltr'><strong>spiritualiter,</strong></span> <span class='ocrx_word' id='word_1_653' title='bbox 3468 4235 3562 4290; x_wconf 89' lang='lat' dir='ltr'><strong>sed</strong></span> <span class='ocrx_word' id='word_1_654' title='bbox 3591 4249 3782 4290; x_wconf 85' lang='lat' dir='ltr'><strong>carna-</strong></span> 
     </span>
    </p>
   </div>
   <div class='ocr_carea' id='block_1_86' title="bbox 2185 4327 3781 4400">
    <p class='ocr_par' dir='ltr' id='par_1_86' title="bbox 2185 4327 3781 4400">
     <span class='ocr_line' id='line_1_86' title="bbox 2185 4327 3781 4400; baseline 0.001 -17"><span class='ocrx_word' id='word_1_655' title='bbox 2185 4327 2308 4384; x_wconf 88' lang='lat' dir='ltr'><strong>llter</strong></span> <span class='ocrx_word' id='word_1_656' title='bbox 2333 4327 2619 4384; x_wconf 88' lang='lat' dir='ltr'><strong>advertere</strong></span> <span class='ocrx_word' id='word_1_657' title='bbox 2645 4329 2968 4384; x_wconf 87' lang='lat' dir='ltr'><strong>maluerunt.</strong></span> <span class='ocrx_word' id='word_1_658' title='bbox 3004 4328 3096 4385; x_wconf 90' lang='lat' dir='ltr'><strong>Sic</strong></span> <span class='ocrx_word' id='word_1_659' title='bbox 3131 4343 3228 4400; x_wconf 90' lang='lat' dir='ltr'><strong>per</strong></span> <span class='ocrx_word' id='word_1_660' title='bbox 3263 4327 3379 4384; x_wconf 54' lang='lat' dir='ltr'><strong>haec</strong></span> <span class='ocrx_word' id='word_1_661' title='bbox 3406 4328 3569 4384; x_wconf 86' lang='lat' dir='ltr'><strong>verba</strong></span> <span class='ocrx_word' id='word_1_662' title='bbox 3601 4329 3781 4384; x_wconf 43' lang='lat' dir='ltr'><strong>lucens</strong></span> 
     </span>
    </p>
   </div>
   <div class='ocr_carea' id='block_1_87' title="bbox 2184 4419 3780 4496">
    <p class='ocr_par' dir='ltr' id='par_1_87' title="bbox 2184 4419 3780 4496">
     <span class='ocr_line' id='line_1_87' title="bbox 2184 4419 3780 4496; baseline 0.003 -21"><span class='ocrx_word' id='word_1_663' title='bbox 2184 4420 2280 4491; x_wconf 86' lang='lat' dir='ltr'><strong>tia,</strong></span> <span class='ocrx_word' id='word_1_664' title='bbox 2311 4419 2595 4477; x_wconf 85' lang='lat' dir='ltr'><strong>tenebrosa</strong></span> <span class='ocrx_word' id='word_1_665' title='bbox 2623 4419 2858 4478; x_wconf 82' lang='lat' dir='ltr'><strong>facinora</strong></span> <span class='ocrx_word' id='word_1_666' title='bbox 2894 4421 3104 4480; x_wconf 83' lang='lat' dir='ltr'><strong>Judaici</strong></span> <span class='ocrx_word' id='word_1_667' title='bbox 3133 4423 3311 4496; x_wconf 84' lang='lat' dir='ltr'><strong>populi</strong></span> <span class='ocrx_word' id='word_1_668' title='bbox 3335 4421 3606 4480; x_wconf 88' lang='lat' dir='ltr'><strong>subtiliter</strong></span> <span class='ocrx_word' id='word_1_669' title='bbox 3637 4423 3780 4480; x_wconf 83' lang='lat' dir='ltr'><strong>indi-</strong></span> 
     </span>
    </p>
   </div>
   <div class='ocr_carea' id='block_1_88' title="bbox 2185 4521 2395 4568">
    <p class='ocr_par' dir='ltr' id='par_1_88' title="bbox 2185 4521 2395 4568">
     <span class='ocr_line' id='line_1_88' title="bbox 2185 4521 2395 4568; baseline -0.01 0"><span class='ocrx_word' id='word_1_670' title='bbox 2185 4521 2395 4568; x_wconf 87' lang='lat' dir='ltr'><strong>cantur.</strong></span> 
     </span>
    </p>
   </div>
   <div class='ocr_carea' id='block_1_89' title="bbox 2262 4603 3784 4682">
    <p class='ocr_par' dir='ltr' id='par_1_89' title="bbox 2262 4603 3784 4682">
     <span class='ocr_line' id='line_1_89' title="bbox 2262 4603 3784 4682; baseline 0.003 -22"><span class='ocrx_word' id='word_1_671' title='bbox 2262 4604 2412 4661; x_wconf 86' lang='lat' dir='ltr'><strong>Vers.</strong></span> <span class='ocrx_word' id='word_1_672' title='bbox 2462 4605 2550 4661; x_wconf 88' lang='grc'><strong>17.</strong></span> <span class='ocrx_word' id='word_1_673' title='bbox 2598 4603 2666 4660; x_wconf 84' lang='grc' dir='ltr'><strong>1η</strong></span> <span class='ocrx_word' id='word_1_674' title='bbox 2706 4622 2766 4663; x_wconf 88' lang='lat' dir='ltr'><strong>eo</strong></span> <span class='ocrx_word' id='word_1_675' title='bbox 2801 4605 2926 4662; x_wconf 88' lang='lat' dir='ltr'><strong>dum</strong></span> <span class='ocrx_word' id='word_1_676' title='bbox 2961 4616 3390 4682; x_wconf 83' lang='lat' dir='ltr'><strong>congregarentur</strong></span> <span class='ocrx_word' id='word_1_677' title='bbox 3419 4611 3594 4664; x_wconf 81' lang='lat' dir='ltr'><strong>omnes</strong></span> <span class='ocrx_word' id='word_1_678' title='bbox 3627 4605 3784 4664; x_wconf 83' lang='lat' dir='ltr'><strong>simul</strong></span> 
     </span>
    </p>
   </div>
   <div class='ocr_carea' id='block_1_90' title="bbox 487 4688 3784 4772">
    <p class='ocr_par' dir='ltr' id='par_1_90' title="bbox 487 4688 3784 4772">
     <span class='ocr_line' id='line_1_90' title="bbox 487 4688 3784 4772; baseline 0.004 -26"><span class='ocrx_word' id='word_1_679' title='bbox 487 4689 830 4748; x_wconf 78' lang='lat' dir='ltr'><strong>manifestum</strong></span> <span class='ocrx_word' id='word_1_680' title='bbox 858 4701 962 4758; x_wconf 87' lang='lat' dir='ltr'><strong>est,</strong></span> <span class='ocrx_word' id='word_1_681' title='bbox 993 4705 1114 4747; x_wconf 93' lang='lat' dir='ltr'><strong>cum</strong></span> <span class='ocrx_word' id='word_1_682' title='bbox 1141 4690 1386 4746; x_wconf 80' lang='lat' dir='ltr'><strong>dicerent</strong></span> <span class='ocrx_word' id='word_1_683' title='bbox 1417 4707 1430 4744; x_wconf 74' lang='grc' dir='ltr'><em>τ</em></span> <span class='ocrx_word' id='word_1_684' title='bbox 1462 4688 1565 4745; x_wconf 83' lang='lat' dir='ltr'><strong>Hic</strong></span> <span class='ocrx_word' id='word_1_685' title='bbox 1598 4691 1749 4744; x_wconf 79' lang='lat' dir='ltr'><strong>homo</strong></span> <span class='ocrx_word' id='word_1_686' title='bbox 1777 4707 1810 4746; x_wconf 89' lang='lat' dir='ltr'><strong>a</strong></span> <span class='ocrx_word' id='word_1_687' title='bbox 1835 4688 1948 4746; x_wconf 79' lang='lat' dir='ltr'><strong>Deo</strong></span> <span class='ocrx_word' id='word_1_688' title='bbox 1978 4705 2084 4746; x_wconf 75' lang='lat' dir='ltr'><strong>non</strong></span> <span class='ocrx_word' id='word_1_689' title='bbox 2110 4709 2162 4770; x_wconf 78' lang='grc' dir='ltr'>υ</span> <span class='ocrx_word' id='word_1_690' title='bbox 2188 4697 2460 4753; x_wconf 83' lang='lat' dir='ltr'><strong>adversum</strong></span> <span class='ocrx_word' id='word_1_691' title='bbox 2498 4715 2598 4769; x_wconf 89' lang='lat' dir='ltr'><strong>me,</strong></span> <span class='ocrx_word' id='word_1_692' title='bbox 2637 4709 2692 4754; x_wconf 91' lang='lat' dir='ltr'><strong>ut</strong></span> <span class='ocrx_word' id='word_1_693' title='bbox 2725 4701 3015 4772; x_wconf 85' lang='lat' dir='ltr'><strong>deciperent</strong></span> <span class='ocrx_word' id='word_1_694' title='bbox 3055 4704 3280 4756; x_wconf 83' lang='lat' dir='ltr'><strong>animant</strong></span> <span class='ocrx_word' id='word_1_695' title='bbox 3319 4717 3483 4757; x_wconf 87' lang='lat' dir='ltr'><strong>meam</strong></span> <span class='ocrx_word' id='word_1_696' title='bbox 3519 4699 3784 4758; x_wconf 83' lang='lat' dir='ltr'><strong>consiliati</strong></span> 
     </span>
    </p>
   </div>
   <div class='ocr_carea' id='block_1_91' title="bbox 486 4781 2078 4855">
    <p class='ocr_par' dir='ltr' id='par_1_91' title="bbox 486 4781 2078 4855">
     <span class='ocr_line' id='line_1_91' title="bbox 486 4781 2078 4855; baseline 0.001 -19"><span class='ocrx_word' id='word_1_697' title='bbox 486 4792 581 4849; x_wconf 86' lang='lat' dir='ltr'><strong>est,</strong></span> <span class='ocrx_word' id='word_1_698' title='bbox 604 4783 694 4852; x_wconf 89' lang='lat' dir='ltr'><strong>qui</strong></span> <span class='ocrx_word' id='word_1_699' title='bbox 713 4783 978 4838; x_wconf 86' lang='lat' dir='ltr'><strong>sabbatum</strong></span> <span class='ocrx_word' id='word_1_700' title='bbox 1007 4799 1110 4839; x_wconf 90' lang='lat' dir='ltr'><strong>non</strong></span> <span class='ocrx_word' id='word_1_701' title='bbox 1137 4783 1352 4838; x_wconf 86' lang='lat' dir='ltr'><strong>custodit</strong></span> <span class='ocrx_word' id='word_1_702' title='bbox 1382 4781 1558 4855; x_wconf 79' lang='lat' dir='ltr'><strong>(Joan.</strong></span> <span class='ocrx_word' id='word_1_703' title='bbox 1583 4797 1658 4848; x_wconf 82' lang='lat' dir='ltr'><strong>tx,</strong></span> <span class='ocrx_word' id='word_1_704' title='bbox 1684 4783 1806 4855; x_wconf 76' lang='lat'><strong>16);</strong></span> <span class='ocrx_word' id='word_1_705' title='bbox 1835 4793 1890 4838; x_wconf 90' lang='lat' dir='ltr'><strong>et</strong></span> <span class='ocrx_word' id='word_1_706' title='bbox 1911 4783 2036 4839; x_wconf 88' lang='lat' dir='ltr'><strong>alibi</strong></span> <span class='ocrx_word' id='word_1_707' title='bbox 2061 4801 2078 4838; x_wconf 84' lang='lat'><strong>:</strong></span> 
     </span>
    </p>
   </div>
   <div class='ocr_carea' id='block_1_92' title="bbox 487 4877 2077 4951">
    <p class='ocr_par' dir='ltr' id='par_1_92' title="bbox 487 4877 2077 4951">
     <span class='ocr_line' id='line_1_92' title="bbox 487 4877 2077 4951; baseline -0.003 -13"><span class='ocrx_word' id='word_1_708' title='bbox 487 4881 852 4938; x_wconf 84' lang='lat' dir='ltr'><strong>Samaritanus</strong></span> <span class='ocrx_word' id='word_1_709' title='bbox 893 4896 969 4951; x_wconf 84' lang='lat' dir='ltr'><strong>es,</strong></span> <span class='ocrx_word' id='word_1_710' title='bbox 997 4889 1047 4935; x_wconf 89' lang='lat' dir='ltr'><strong>et</strong></span> <span class='ocrx_word' id='word_1_711' title='bbox 1076 4880 1388 4936; x_wconf 68' lang='lat' dir='ltr'><strong>daemonium</strong></span> <span class='ocrx_word' id='word_1_712' title='bbox 1418 4879 1570 4934; x_wconf 85' lang='lat' dir='ltr'><strong>habes</strong></span> <span class='ocrx_word' id='word_1_713' title='bbox 1599 4877 1782 4947; x_wconf 67' lang='lat' dir='ltr'><strong>(toan.</strong></span> <span class='ocrx_word' id='word_1_714' title='bbox 1815 4895 1927 4944; x_wconf 87' lang='lat' dir='ltr'><strong>vm,</strong></span> <span class='ocrx_word' id='word_1_715' title='bbox 1961 4877 2077 4949; x_wconf 70' lang='lat'><strong>48).</strong></span> 
     </span>
    </p>
   </div>
   <div class='ocr_carea' id='block_1_93' title="bbox 492 4971 2082 5046">
    <p class='ocr_par' dir='ltr' id='par_1_93' title="bbox 492 4971 2082 5046">
     <span class='ocr_line' id='line_1_93' title="bbox 492 4971 2082 5046; baseline -0.001 -17"><span class='ocrx_word' id='word_1_716' title='bbox 492 4973 705 5030; x_wconf 81' lang='lat' dir='ltr'><strong>Vicinos</strong></span> <span class='ocrx_word' id='word_1_717' title='bbox 730 4985 908 5031; x_wconf 83' lang='lat' dir='ltr'><strong>autem</strong></span> <span class='ocrx_word' id='word_1_718' title='bbox 941 4976 1068 5032; x_wconf 86' lang='lat' dir='ltr'><strong>illos</strong></span> <span class='ocrx_word' id='word_1_719' title='bbox 1100 4974 1232 5030; x_wconf 91' lang='lat' dir='ltr'><strong>dicit</strong></span> <span class='ocrx_word' id='word_1_720' title='bbox 1256 4974 1350 5046; x_wconf 89' lang='lat' dir='ltr'><strong>qui</strong></span> <span class='ocrx_word' id='word_1_721' title='bbox 1385 4975 1435 5030; x_wconf 91' lang='lat' dir='ltr'><strong>ei</strong></span> <span class='ocrx_word' id='word_1_722' title='bbox 1475 4971 1747 5028; x_wconf 85' lang='lat' dir='ltr'><strong>vicinitate</strong></span> <span class='ocrx_word' id='word_1_723' title='bbox 1788 4973 1910 5028; x_wconf 91' lang='lat' dir='ltr'><strong>ﬁdei</strong></span> <span class='ocrx_word' id='word_1_724' title='bbox 1957 4987 2082 5042; x_wconf 83' lang='lat' dir='ltr'><strong>pro-</strong></span> 
     </span>
    </p>
   </div>
   <div class='ocr_carea' id='block_1_94' title="bbox 486 5065 2078 5139">
    <p class='ocr_par' dir='ltr' id='par_1_94' title="bbox 486 5065 2078 5139">
     <span class='ocr_line' id='line_1_94' title="bbox 486 5065 2078 5139; baseline -0.001 -16"><span class='ocrx_word' id='word_1_725' title='bbox 486 5067 836 5138; x_wconf 85' lang='lat' dir='ltr'><strong>pinquabant,</strong></span> <span class='ocrx_word' id='word_1_726' title='bbox 863 5068 956 5139; x_wconf 90' lang='lat' dir='ltr'><strong>qui</strong></span> <span class='ocrx_word' id='word_1_727' title='bbox 983 5067 1160 5125; x_wconf 86' lang='lat' dir='ltr'><strong>adhuc</strong></span> <span class='ocrx_word' id='word_1_728' title='bbox 1197 5081 1304 5125; x_wconf 93' lang='lat' dir='ltr'><strong>non</strong></span> <span class='ocrx_word' id='word_1_729' title='bbox 1346 5065 1710 5134; x_wconf 85' lang='lat' dir='ltr'><strong>crediderant,</strong></span> <span class='ocrx_word' id='word_1_730' title='bbox 1738 5065 1833 5122; x_wconf 90' lang='lat' dir='ltr'><strong>sed</strong></span> <span class='ocrx_word' id='word_1_731' title='bbox 1856 5065 2078 5122; x_wconf 90' lang='lat' dir='ltr'><strong>credere</strong></span> 
     </span>
    </p>
   </div>
   <div class='ocr_carea' id='block_1_95' title="bbox 485 5158 2074 5230">
    <p class='ocr_par' dir='ltr' id='par_1_95' title="bbox 485 5158 2074 5230">
     <span class='ocr_line' id='line_1_95' title="bbox 485 5158 2074 5230; baseline -0.001 -14"><span class='ocrx_word' id='word_1_732' title='bbox 485 5159 874 5230; x_wconf 87' lang='lat' dir='ltr'><strong>disponebant;</strong></span> <span class='ocrx_word' id='word_1_733' title='bbox 905 5159 1002 5216; x_wconf 84' lang='lat' dir='ltr'><strong>sed</strong></span> <span class='ocrx_word' id='word_1_734' title='bbox 1030 5159 1277 5216; x_wconf 86' lang='lat' dir='ltr'><strong>videntes</strong></span> <span class='ocrx_word' id='word_1_735' title='bbox 1302 5175 1426 5216; x_wconf 90' lang='lat' dir='ltr'><strong>eum</strong></span> <span class='ocrx_word' id='word_1_736' title='bbox 1459 5158 1512 5214; x_wconf 91' lang='lat' dir='ltr'><strong>in</strong></span> <span class='ocrx_word' id='word_1_737' title='bbox 1543 5171 1704 5213; x_wconf 87' lang='lat' dir='ltr'><strong>cruce</strong></span> <span class='ocrx_word' id='word_1_738' title='bbox 1733 5158 2074 5229; x_wconf 89' lang='lat' dir='ltr'><strong>pependisse,</strong></span> 
     </span>
    </p>
   </div>
   <div class='ocr_carea' id='block_1_96' title="bbox 409 5250 2077 5322">
    <p class='ocr_par' dir='ltr' id='par_1_96' title="bbox 409 5250 2077 5322">
     <span class='ocr_line' id='line_1_96' title="bbox 409 5250 2077 5322; baseline 0.001 -15"><span class='ocrx_word' id='word_1_739' title='bbox 409 5258 415 5268; x_wconf 89' lang='lat'>&#39;</span> <span class='ocrx_word' id='word_1_740' title='bbox 441 5253 520 5307; x_wconf 74' lang='lat' dir='ltr'><strong>:‘a</strong></span> <span class='ocrx_word' id='word_1_741' title='bbox 545 5251 878 5308; x_wconf 85' lang='lat' dir='ltr'><strong>credulitatis</strong></span> <span class='ocrx_word' id='word_1_742' title='bbox 920 5251 1198 5308; x_wconf 85' lang='lat' dir='ltr'><strong>vicinitate</strong></span> <span class='ocrx_word' id='word_1_743' title='bbox 1226 5251 1420 5307; x_wconf 88' lang='lat' dir='ltr'><strong>remoti</strong></span> <span class='ocrx_word' id='word_1_744' title='bbox 1450 5259 1595 5316; x_wconf 81' lang='lat' dir='ltr'><strong>sunt,</strong></span> <span class='ocrx_word' id='word_1_745' title='bbox 1627 5250 1752 5305; x_wconf 88' lang='lat' dir='ltr'><strong>dunt</strong></span> <span class='ocrx_word' id='word_1_746' title='bbox 1783 5250 1892 5322; x_wconf 87' lang='lat' dir='ltr'><strong>pati</strong></span> <span class='ocrx_word' id='word_1_747' title='bbox 1923 5250 2077 5308; x_wconf 88' lang='lat' dir='ltr'><strong>vide-</strong></span> 
     </span>
    </p>
   </div>
   <div class='ocr_carea' id='block_1_97' title="bbox 483 5339 2074 5416">
    <p class='ocr_par' dir='ltr' id='par_1_97' title="bbox 483 5339 2074 5416">
     <span class='ocr_line' id='line_1_97' title="bbox 483 5339 2074 5416; baseline -0.001 -14"><span class='ocrx_word' id='word_1_748' title='bbox 483 5343 616 5402; x_wconf 85' lang='lat' dir='ltr'><strong>bant</strong></span> <span class='ocrx_word' id='word_1_749' title='bbox 643 5359 803 5414; x_wconf 86' lang='lat' dir='ltr'><strong>quem</strong></span> <span class='ocrx_word' id='word_1_750' title='bbox 843 5343 1174 5400; x_wconf 84' lang='lat' dir='ltr'><strong>adorandum</strong></span> <span class='ocrx_word' id='word_1_751' title='bbox 1204 5358 1325 5400; x_wconf 90' lang='lat' dir='ltr'><strong>esse</strong></span> <span class='ocrx_word' id='word_1_752' title='bbox 1361 5352 1707 5415; x_wconf 89' lang='lat' dir='ltr'><strong>putaverunt.</strong></span> <span class='ocrx_word' id='word_1_753' title='bbox 1747 5339 1922 5416; x_wconf 89' lang='lat' dir='ltr'><strong>Ignari</strong></span> <span class='ocrx_word' id='word_1_754' title='bbox 1952 5359 2074 5401; x_wconf 90' lang='lat' dir='ltr'><strong>cum</strong></span> 
     </span>
    </p>
   </div>
   <div class='ocr_carea' id='block_1_98' title="bbox 484 5431 2074 5509">
    <p class='ocr_par' dir='ltr' id='par_1_98' title="bbox 484 5431 2074 5509">
     <span class='ocr_line' id='line_1_98' title="bbox 484 5431 2074 5509; baseline 0.001 -17"><span class='ocrx_word' id='word_1_755' title='bbox 484 5435 720 5492; x_wconf 85' lang='lat' dir='ltr'><strong>ﬁdeliter</strong></span> <span class='ocrx_word' id='word_1_756' title='bbox 764 5431 1022 5509; x_wconf 66' lang='lat' dir='ltr'><strong>praedicta</strong></span> <span class='ocrx_word' id='word_1_757' title='bbox 1071 5437 1380 5494; x_wconf 86' lang='lat' dir='ltr'><strong>necessario</strong></span> <span class='ocrx_word' id='word_1_758' title='bbox 1430 5447 1715 5494; x_wconf 88' lang='lat' dir='ltr'><strong>cernerent</strong></span> <span class='ocrx_word' id='word_1_759' title='bbox 1756 5445 2074 5508; x_wconf 71' lang='lat' dir='ltr'><strong>consecuta,</strong></span> 
     </span>
    </p>
   </div>
   <div class='ocr_carea' id='block_1_99' title="bbox 483 5529 2076 5599">
    <p class='ocr_par' dir='ltr' id='par_1_99' title="bbox 483 5529 2076 5599">
     <span class='ocr_line' id='line_1_99' title="bbox 483 5529 2076 5599; baseline -0.001 -15"><span class='ocrx_word' id='word_1_760' title='bbox 483 5536 616 5585; x_wconf 83' lang='lat' dir='ltr'><strong>tunc</strong></span> <span class='ocrx_word' id='word_1_761' title='bbox 640 5529 810 5599; x_wconf 80' lang='lat' dir='ltr'><strong>magis</strong></span> <span class='ocrx_word' id='word_1_762' title='bbox 833 5545 862 5584; x_wconf 91' lang='lat' dir='ltr'><strong>a</strong></span> <span class='ocrx_word' id='word_1_763' title='bbox 887 5530 1041 5585; x_wconf 84' lang='lat' dir='ltr'><strong>ﬁrma</strong></span> <span class='ocrx_word' id='word_1_764' title='bbox 1066 5529 1387 5586; x_wconf 88' lang='lat' dir='ltr'><strong>credulitate</strong></span> <span class='ocrx_word' id='word_1_765' title='bbox 1413 5532 1658 5598; x_wconf 87' lang='lat' dir='ltr'><strong>suspensi</strong></span> <span class='ocrx_word' id='word_1_766' title='bbox 1689 5537 1830 5585; x_wconf 90' lang='lat' dir='ltr'><strong>sunt.</strong></span> <span class='ocrx_word' id='word_1_767' title='bbox 1860 5530 1930 5585; x_wconf 87' lang='lat' dir='ltr'><strong>Et</strong></span> <span class='ocrx_word' id='word_1_768' title='bbox 1952 5540 2076 5585; x_wconf 90' lang='lat' dir='ltr'><strong>nota</strong></span> 
     </span>
    </p>
   </div>
   <div class='ocr_carea' id='block_1_100' title="bbox 484 5623 2079 5698">
    <p class='ocr_par' dir='ltr' id='par_1_100' title="bbox 484 5623 2079 5698">
     <span class='ocr_line' id='line_1_100' title="bbox 484 5623 2079 5698; baseline 0.001 -17"><span class='ocrx_word' id='word_1_769' title='bbox 484 5623 628 5698; x_wconf 77' lang='lat' dir='ltr'><strong>quod</strong></span> <span class='ocrx_word' id='word_1_770' title='bbox 659 5626 808 5694; x_wconf 83' lang='lat' dir='ltr'><strong>prius</strong></span> <span class='ocrx_word' id='word_1_771' title='bbox 836 5623 974 5680; x_wconf 74' lang='lat' dir='ltr'><strong>dixit</strong></span> <span class='ocrx_word' id='word_1_772' title='bbox 1003 5625 1257 5692; x_wconf 88' lang='lat' dir='ltr'><strong>inimicos,</strong></span> <span class='ocrx_word' id='word_1_773' title='bbox 1286 5625 1482 5681; x_wconf 88' lang='lat' dir='ltr'><strong>deinde</strong></span> <span class='ocrx_word' id='word_1_774' title='bbox 1511 5626 1724 5695; x_wconf 88' lang='lat' dir='ltr'><strong>vicinos,</strong></span> <span class='ocrx_word' id='word_1_775' title='bbox 1754 5641 1894 5681; x_wconf 90' lang='lat' dir='ltr'><strong>nunc</strong></span> <span class='ocrx_word' id='word_1_776' title='bbox 1922 5641 2079 5682; x_wconf 78' lang='lat' dir='ltr'><strong>acce-</strong></span> 
     </span>
    </p>
   </div>
   <div class='ocr_carea' id='block_1_101' title="bbox 485 5719 2077 5793">
    <p class='ocr_par' dir='ltr' id='par_1_101' title="bbox 485 5719 2077 5793">
     <span class='ocr_line' id='line_1_101' title="bbox 485 5719 2077 5793; baseline 0 -17"><span class='ocrx_word' id='word_1_777' title='bbox 485 5719 662 5776; x_wconf 78' lang='lat' dir='ltr'><strong>dettth</strong></span> <span class='ocrx_word' id='word_1_778' title='bbox 694 5719 938 5789; x_wconf 82' lang='lat' dir='ltr'><strong>pervenit</strong></span> <span class='ocrx_word' id='word_1_779' title='bbox 965 5719 1032 5774; x_wconf 85' lang='lat' dir='ltr'><strong>ad</strong></span> <span class='ocrx_word' id='word_1_780' title='bbox 1062 5729 1230 5774; x_wconf 84' lang='lat' dir='ltr'><strong>notos.</strong></span> <span class='ocrx_word' id='word_1_781' title='bbox 1265 5719 1431 5775; x_wconf 82' lang='lat' dir='ltr'><strong>Notos</strong></span> <span class='ocrx_word' id='word_1_782' title='bbox 1460 5727 1637 5776; x_wconf 87' lang='lat' dir='ltr'><strong>autem</strong></span> <span class='ocrx_word' id='word_1_783' title='bbox 1671 5723 1828 5793; x_wconf 78' lang='lat'><strong>100</strong></span> <span class='ocrx_word' id='word_1_784' title='bbox 1855 5723 2077 5791; x_wconf 77' lang='lat' dir='ltr'><strong>apbsto—</strong></span> 
     </span>
    </p>
   </div>
   <div class='ocr_carea' id='block_1_102' title="bbox 483 5814 2076 5886">
    <p class='ocr_par' dir='ltr' id='par_1_102' title="bbox 483 5814 2076 5886">
     <span class='ocr_line' id='line_1_102' title="bbox 483 5814 2076 5886; baseline -0.001 -15"><span class='ocrx_word' id='word_1_785' title='bbox 483 5815 568 5871; x_wconf 84' lang='lat' dir='ltr'><strong>los</strong></span> <span class='ocrx_word' id='word_1_786' title='bbox 613 5816 911 5886; x_wconf 82' lang='lat' dir='ltr'><strong>signiﬁcat,</strong></span> <span class='ocrx_word' id='word_1_787' title='bbox 961 5815 1052 5886; x_wconf 87' lang='lat' dir='ltr'><strong>qui</strong></span> <span class='ocrx_word' id='word_1_788' title='bbox 1101 5816 1347 5884; x_wconf 88' lang='lat' dir='ltr'><strong>passione</strong></span> <span class='ocrx_word' id='word_1_789' title='bbox 1392 5815 1560 5885; x_wconf 90' lang='lat' dir='ltr'><strong>ipsius</strong></span> <span class='ocrx_word' id='word_1_790' title='bbox 1613 5817 1831 5871; x_wconf 90' lang='lat' dir='ltr'><strong>omnino</strong></span> <span class='ocrx_word' id='word_1_791' title='bbox 1881 5814 2076 5870; x_wconf 86' lang='lat' dir='ltr'><strong>turbati</strong></span> 
     </span>
    </p>
   </div>
   <div class='ocr_carea' id='block_1_103' title="bbox 480 5901 2073 5981">
    <p class='ocr_par' dir='ltr' id='par_1_103' title="bbox 480 5901 2073 5981">
     <span class='ocr_line' id='line_1_103' title="bbox 480 5901 2073 5981; baseline -0.002 -15"><span class='ocrx_word' id='word_1_792' title='bbox 480 5913 613 5966; x_wconf 81' lang='lat' dir='ltr'><strong>sunt</strong></span> <span class='ocrx_word' id='word_1_793' title='bbox 639 5922 658 5978; x_wconf 84' lang='lat'><strong>;</strong></span> <span class='ocrx_word' id='word_1_794' title='bbox 689 5907 760 5966; x_wconf 84' lang='lat' dir='ltr'><strong>de</strong></span> <span class='ocrx_word' id='word_1_795' title='bbox 783 5901 976 5980; x_wconf 83' lang='lat' dir='ltr'><strong>quibus</strong></span> <span class='ocrx_word' id='word_1_796' title='bbox 1010 5909 1265 5980; x_wconf 78' lang='lat' dir='ltr'><strong>scriptum</strong></span> <span class='ocrx_word' id='word_1_797' title='bbox 1306 5917 1389 5966; x_wconf 86' lang='lat' dir='ltr'><strong>est</strong></span> <span class='ocrx_word' id='word_1_798' title='bbox 1418 5924 1431 5962; x_wconf 90' lang='lat'>:</span> <span class='ocrx_word' id='word_1_799' title='bbox 1458 5907 1755 5964; x_wconf 81' lang='lat' dir='ltr'><strong>Percutt&#39;am</strong></span> <span class='ocrx_word' id='word_1_800' title='bbox 1791 5917 2073 5981; x_wconf 79' lang='lat' dir='ltr'><strong>pastorem,</strong></span> 
     </span>
    </p>
   </div>
   <div class='ocr_carea' id='block_1_104' title="bbox 2183 4791 3782 4863">
    <p class='ocr_par' dir='ltr' id='par_1_104' title="bbox 2183 4791 3782 4863">
     <span class='ocr_line' id='line_1_104' title="bbox 2183 4791 3782 4863; baseline 0.001 -17"><span class='ocrx_word' id='word_1_801' title='bbox 2183 4799 2298 4846; x_wconf 88' lang='lat' dir='ltr'><strong>sunt</strong></span> <span class='ocrx_word' id='word_1_802' title='bbox 2315 4806 2333 4844; x_wconf 91' lang='lat'><strong><em>:</em></strong></span> <span class='ocrx_word' id='word_1_803' title='bbox 2349 4807 2440 4863; x_wconf 86' lang='lat' dir='ltr'><strong>ego</strong></span> <span class='ocrx_word' id='word_1_804' title='bbox 2465 4801 2630 4848; x_wconf 89' lang='lat' dir='ltr'><strong>autem</strong></span> <span class='ocrx_word' id='word_1_805' title='bbox 2656 4791 2708 4846; x_wconf 90' lang='lat' dir='ltr'><strong>in</strong></span> <span class='ocrx_word' id='word_1_806' title='bbox 2736 4802 2783 4849; x_wconf 85' lang='lat' dir='ltr'><strong>te</strong></span> <span class='ocrx_word' id='word_1_807' title='bbox 2805 4795 3026 4862; x_wconf 81' lang='lat' dir='ltr'><strong>speravi,</strong></span> <span class='ocrx_word' id='word_1_808' title='bbox 3049 4793 3284 4850; x_wconf 87' lang='lat' dir='ltr'><strong>Domine.</strong></span> <span class='ocrx_word' id='word_1_809' title='bbox 3304 4793 3616 4850; x_wconf 77' lang='lat' dir='ltr'><strong>Reddamus</strong></span> <span class='ocrx_word' id='word_1_810' title='bbox 3641 4795 3782 4849; x_wconf 72' lang='lat' dir='ltr'><strong>ordi~</strong></span> 
     </span>
    </p>
   </div>
   <div class='ocr_carea' id='block_1_105' title="bbox 2184 4883 3780 4956">
    <p class='ocr_par' dir='ltr' id='par_1_105' title="bbox 2184 4883 3780 4956">
     <span class='ocr_line' id='line_1_105' title="bbox 2184 4883 3780 4956; baseline 0.001 -17"><span class='ocrx_word' id='word_1_811' title='bbox 2184 4897 2308 4939; x_wconf 87' lang='lat' dir='ltr'><strong>nem</strong></span> <span class='ocrx_word' id='word_1_812' title='bbox 2326 4883 2630 4950; x_wconf 82' lang='lat' dir='ltr'><strong>verborum,</strong></span> <span class='ocrx_word' id='word_1_813' title='bbox 2653 4891 2707 4939; x_wconf 86' lang='lat' dir='ltr'><strong>ut</strong></span> <span class='ocrx_word' id='word_1_814' title='bbox 2722 4883 2928 4954; x_wconf 88' lang='lat' dir='ltr'><strong>planius</strong></span> <span class='ocrx_word' id='word_1_815' title='bbox 2942 4885 3308 4956; x_wconf 84' lang='lat' dir='ltr'><strong>intelligantur</strong></span> <span class='ocrx_word' id='word_1_816' title='bbox 3323 4886 3425 4940; x_wconf 86' lang='lat' dir='ltr'><strong>sibi</strong></span> <span class='ocrx_word' id='word_1_817' title='bbox 3441 4887 3587 4941; x_wconf 87' lang='lat' dir='ltr'><strong>‘dicta</strong></span> <span class='ocrx_word' id='word_1_818' title='bbox 3603 4887 3780 4942; x_wconf 46' lang='lat' dir='ltr'><strong>culta}.</strong></span> 
     </span>
    </p>
   </div>
   <div class='ocr_carea' id='block_1_106' title="bbox 2184 4973 3779 5051">
    <p class='ocr_par' dir='ltr' id='par_1_106' title="bbox 2184 4973 3779 5051">
     <span class='ocr_line' id='line_1_106' title="bbox 2184 4973 3779 5051; baseline 0 -20"><span class='ocrx_word' id='word_1_819' title='bbox 2184 4976 2374 5031; x_wconf 87' lang='lat' dir='ltr'><strong>rentia.</strong></span> <span class='ocrx_word' id='word_1_820' title='bbox 2403 4973 2538 5029; x_wconf 89' lang='lat' dir='ltr'><strong>Dum</strong></span> <span class='ocrx_word' id='word_1_821' title='bbox 2563 4976 2716 5030; x_wconf 85' lang='lat' dir='ltr'><strong>simul</strong></span> <span class='ocrx_word' id='word_1_822' title='bbox 2742 4991 2916 5032; x_wconf 86' lang='lat' dir='ltr'><strong>omnes</strong></span> <span class='ocrx_word' id='word_1_823' title='bbox 2937 4987 3366 5051; x_wconf 82' lang='lat' dir='ltr'><strong>congregarentur</strong></span> <span class='ocrx_word' id='word_1_824' title='bbox 3389 4979 3659 5032; x_wconf 82' lang='lat' dir='ltr'><strong>adversum</strong></span> <span class='ocrx_word' id='word_1_825' title='bbox 3681 4993 3779 5042; x_wconf 89' lang='lat' dir='ltr'><strong>me,</strong></span> 
     </span>
    </p>
   </div>
   <div class='ocr_carea' id='block_1_107' title="bbox 2182 5069 3780 5144">
    <p class='ocr_par' dir='ltr' id='par_1_107' title="bbox 2182 5069 3780 5144">
     <span class='ocr_line' id='line_1_107' title="bbox 2182 5069 3780 5144; baseline 0.001 -21"><span class='ocrx_word' id='word_1_826' title='bbox 2182 5069 2236 5123; x_wconf 87' lang='lat' dir='ltr'><strong>in</strong></span> <span class='ocrx_word' id='word_1_827' title='bbox 2266 5085 2324 5124; x_wconf 85' lang='lat' dir='ltr'><strong>eo</strong></span> <span class='ocrx_word' id='word_1_828' title='bbox 2354 5071 2608 5125; x_wconf 86' lang='lat' dir='ltr'><strong>consiliati</strong></span> <span class='ocrx_word' id='word_1_829' title='bbox 2644 5079 2782 5137; x_wconf 87' lang='lat' dir='ltr'><strong>sunt,</strong></span> <span class='ocrx_word' id='word_1_830' title='bbox 2816 5079 2871 5125; x_wconf 83' lang='lat' dir='ltr'><strong>ut</strong></span> <span class='ocrx_word' id='word_1_831' title='bbox 2905 5074 3190 5144; x_wconf 86' lang='lat' dir='ltr'><strong>acciperent</strong></span> <span class='ocrx_word' id='word_1_832' title='bbox 3230 5071 3459 5127; x_wconf 86' lang='lat' dir='ltr'><strong>animam</strong></span> <span class='ocrx_word' id='word_1_833' title='bbox 3497 5089 3680 5129; x_wconf 83' lang='lat' dir='ltr'><strong>meam.</strong></span> <span class='ocrx_word' id='word_1_834' title='bbox 3715 5072 3780 5124; x_wconf 82' lang='lat' dir='ltr'><strong>in</strong></span> 
     </span>
    </p>
   </div>
   <div class='ocr_carea' id='block_1_108' title="bbox 2182 5161 3779 5234">
    <p class='ocr_par' dir='ltr' id='par_1_108' title="bbox 2182 5161 3779 5234">
     <span class='ocr_line' id='line_1_108' title="bbox 2182 5161 3779 5234; baseline 0.001 -19"><span class='ocrx_word' id='word_1_835' title='bbox 2182 5176 2240 5215; x_wconf 86' lang='lat' dir='ltr'><strong>eo</strong></span> <span class='ocrx_word' id='word_1_836' title='bbox 2270 5161 2595 5216; x_wconf 84' lang='lat' dir='ltr'><strong>consiliatam</strong></span> <span class='ocrx_word' id='word_1_837' title='bbox 2635 5162 2766 5218; x_wconf 88' lang='lat' dir='ltr'><strong>dicit</strong></span> <span class='ocrx_word' id='word_1_838' title='bbox 2803 5172 3010 5234; x_wconf 86' lang='lat' dir='ltr'><strong>partem</strong></span> <span class='ocrx_word' id='word_1_839' title='bbox 3041 5165 3328 5220; x_wconf 81' lang='lat' dir='ltr'><strong>maximam</strong></span> <span class='ocrx_word' id='word_1_840' title='bbox 3359 5163 3688 5233; x_wconf 77' lang='lat' dir='ltr'><strong>Jttdtcorum,</strong></span> <span class='ocrx_word' id='word_1_841' title='bbox 3721 5169 3779 5218; x_wconf 86' lang='lat' dir='ltr'><strong>ut</strong></span> 
     </span>
    </p>
   </div>
   <div class='ocr_carea' id='block_1_109' title="bbox 2183 5251 3781 5326">
    <p class='ocr_par' dir='ltr' id='par_1_109' title="bbox 2183 5251 3781 5326">
     <span class='ocr_line' id='line_1_109' title="bbox 2183 5251 3781 5326; baseline 0.001 -20"><span class='ocrx_word' id='word_1_842' title='bbox 2183 5251 2470 5308; x_wconf 89' lang='lat' dir='ltr'><strong>Dominum</strong></span> <span class='ocrx_word' id='word_1_843' title='bbox 2510 5253 2627 5308; x_wconf 90' lang='lat' dir='ltr'><strong>neci</strong></span> <span class='ocrx_word' id='word_1_844' title='bbox 2667 5254 2973 5324; x_wconf 88' lang='lat' dir='ltr'><strong>traderent,</strong></span> <span class='ocrx_word' id='word_1_845' title='bbox 3013 5256 3226 5326; x_wconf 87' lang='lat' dir='ltr'><strong>quando</strong></span> <span class='ocrx_word' id='word_1_846' title='bbox 3259 5268 3425 5312; x_wconf 84' lang='lat' dir='ltr'><strong>omne</strong></span> <span class='ocrx_word' id='word_1_847' title='bbox 3457 5257 3634 5312; x_wconf 89' lang='lat' dir='ltr'><strong>scelus</strong></span> <span class='ocrx_word' id='word_1_848' title='bbox 3661 5269 3781 5324; x_wconf 60' lang='lat' dir='ltr'><strong>grae-</strong></span> 
     </span>
    </p>
   </div>
   <div class='ocr_carea' id='block_1_110' title="bbox 2181 5343 3775 5420">
    <p class='ocr_par' dir='ltr' id='par_1_110' title="bbox 2181 5343 3775 5420">
     <span class='ocr_line' id='line_1_110' title="bbox 2181 5343 3775 5420; baseline 0 -20"><span class='ocrx_word' id='word_1_849' title='bbox 2181 5346 2301 5401; x_wconf 79' lang='lat' dir='ltr'><strong>vius</strong></span> <span class='ocrx_word' id='word_1_850' title='bbox 2349 5355 2434 5402; x_wconf 84' lang='lat' dir='ltr'><strong>est</strong></span> <span class='ocrx_word' id='word_1_851' title='bbox 2480 5347 2622 5417; x_wconf 91' lang='lat' dir='ltr'><strong>quod</strong></span> <span class='ocrx_word' id='word_1_852' title='bbox 2671 5349 2900 5404; x_wconf 87' lang='lat' dir='ltr'><strong>consilio</strong></span> <span class='ocrx_word' id='word_1_853' title='bbox 2953 5343 3157 5420; x_wconf 83' lang='lat' dir='ltr'><strong>geritur</strong></span> <span class='ocrx_word' id='word_1_854' title='bbox 3211 5349 3587 5418; x_wconf 83' lang='lat' dir='ltr'><strong>plurimorum.</strong></span> <span class='ocrx_word' id='word_1_855' title='bbox 3641 5345 3775 5400; x_wconf 84' lang='lat' dir='ltr'><strong>Nam</strong></span> 
     </span>
    </p>
   </div>
   <div class='ocr_carea' id='block_1_111' title="bbox 2182 5437 3776 5510">
    <p class='ocr_par' dir='ltr' id='par_1_111' title="bbox 2182 5437 3776 5510">
     <span class='ocr_line' id='line_1_111' title="bbox 2182 5437 3776 5510; baseline -0.003 -16"><span class='ocrx_word' id='word_1_856' title='bbox 2182 5438 2431 5507; x_wconf 87' lang='lat' dir='ltr'><strong>dicendo,</strong></span> <span class='ocrx_word' id='word_1_857' title='bbox 2469 5437 2642 5494; x_wconf 83' lang='lat' dir='ltr'><strong>omnes</strong></span> <span class='ocrx_word' id='word_1_858' title='bbox 2680 5442 2854 5508; x_wconf 86' lang='lat' dir='ltr'><strong>simul,</strong></span> <span class='ocrx_word' id='word_1_859' title='bbox 2897 5455 3001 5498; x_wconf 90' lang='lat' dir='ltr'><strong>non</strong></span> <span class='ocrx_word' id='word_1_860' title='bbox 3043 5442 3154 5497; x_wconf 85' lang='lat' dir='ltr'><strong>vult</strong></span> <span class='ocrx_word' id='word_1_861' title='bbox 3192 5455 3392 5510; x_wconf 87' lang='lat' dir='ltr'><strong>paucos</strong></span> <span class='ocrx_word' id='word_1_862' title='bbox 3430 5440 3673 5510; x_wconf 82' lang='lat' dir='ltr'><strong>intelligi,</strong></span> <span class='ocrx_word' id='word_1_863' title='bbox 3714 5447 3776 5490; x_wconf 76' lang='grc' dir='ltr'><strong>ιιι</strong></span> 
     </span>
    </p>
   </div>
   <div class='ocr_carea' id='block_1_112' title="bbox 2187 5530 3780 5603">
    <p class='ocr_par' dir='ltr' id='par_1_112' title="bbox 2187 5530 3780 5603">
     <span class='ocr_line' id='line_1_112' title="bbox 2187 5530 3780 5603; baseline -0.001 -17"><span class='ocrx_word' id='word_1_864' title='bbox 2187 5530 2504 5587; x_wconf 85' lang='lat' dir='ltr'><strong>sceleratam</strong></span> <span class='ocrx_word' id='word_1_865' title='bbox 2531 5533 2738 5589; x_wconf 89' lang='lat' dir='ltr'><strong>turbam</strong></span> <span class='ocrx_word' id='word_1_866' title='bbox 2766 5534 2913 5588; x_wconf 85' lang='lat' dir='ltr'><strong>illam</strong></span> <span class='ocrx_word' id='word_1_867' title='bbox 2941 5534 3073 5590; x_wconf 89' lang='lat' dir='ltr'><strong>ultio</strong></span> <span class='ocrx_word' id='word_1_868' title='bbox 3097 5533 3274 5590; x_wconf 88' lang='lat' dir='ltr'><strong>debita</strong></span> <span class='ocrx_word' id='word_1_869' title='bbox 3303 5533 3679 5603; x_wconf 83' lang='lat' dir='ltr'><strong>subsequatur.</strong></span> <span class='ocrx_word' id='word_1_870' title='bbox 3705 5530 3780 5585; x_wconf 80' lang='lat' dir='ltr'><strong>Ut</strong></span> 
     </span>
    </p>
   </div>
   <div class='ocr_carea' id='block_1_113' title="bbox 2187 5628 3776 5700">
    <p class='ocr_par' dir='ltr' id='par_1_113' title="bbox 2187 5628 3776 5700">
     <span class='ocr_line' id='line_1_113' title="bbox 2187 5628 3776 5700; baseline 0.001 -20"><span class='ocrx_word' id='word_1_871' title='bbox 2187 5629 2474 5698; x_wconf 82' lang='lat' dir='ltr'><strong>acciperent</strong></span> <span class='ocrx_word' id='word_1_872' title='bbox 2523 5628 2750 5682; x_wconf 87' lang='lat' dir='ltr'><strong>animam</strong></span> <span class='ocrx_word' id='word_1_873' title='bbox 2793 5645 2986 5698; x_wconf 84' lang='lat' dir='ltr'><strong>meam,</strong></span> <span class='ocrx_word' id='word_1_874' title='bbox 3036 5630 3300 5700; x_wconf 85' lang='lat' dir='ltr'><strong>signiﬁcat</strong></span> <span class='ocrx_word' id='word_1_875' title='bbox 3348 5639 3408 5685; x_wconf 87' lang='lat' dir='ltr'><strong>ut</strong></span> <span class='ocrx_word' id='word_1_876' title='bbox 3448 5629 3776 5690; x_wconf 77' lang='lat' dir='ltr'><strong>adimerent,-</strong></span> 
     </span>
    </p>
   </div>
   <div class='ocr_carea' id='block_1_114' title="bbox 2187 5721 3776 5779">
    <p class='ocr_par' dir='ltr' id='par_1_114' title="bbox 2187 5721 3776 5779">
     <span class='ocr_line' id='line_1_114' title="bbox 2187 5721 3776 5779; baseline -0.002 -2"><span class='ocrx_word' id='word_1_877' title='bbox 2187 5721 2302 5777; x_wconf 81' lang='lat' dir='ltr'><strong>sive</strong></span> <span class='ocrx_word' id='word_1_878' title='bbox 2324 5721 2596 5778; x_wconf 88' lang='lat' dir='ltr'><strong>tollerent.</strong></span> <span class='ocrx_word' id='word_1_879' title='bbox 2628 5722 2886 5778; x_wconf 84' lang='lat' dir='ltr'><strong>Mirabilis</strong></span> <span class='ocrx_word' id='word_1_880' title='bbox 2906 5731 2961 5778; x_wconf 92' lang='lat' dir='ltr'><strong>et</strong></span> <span class='ocrx_word' id='word_1_881' title='bbox 2987 5725 3359 5779; x_wconf 87' lang='lat' dir='ltr'><strong>sanctissimus</strong></span> <span class='ocrx_word' id='word_1_882' title='bbox 3387 5723 3521 5779; x_wconf 90' lang='lat' dir='ltr'><strong>ordo</strong></span> <span class='ocrx_word' id='word_1_883' title='bbox 3543 5721 3776 5778; x_wconf 85' lang='lat' dir='ltr'><strong>dicendi.</strong></span> 
     </span>
    </p>
   </div>
   <div class='ocr_carea' id='block_1_115' title="bbox 2188 5812 3774 5889">
    <p class='ocr_par' dir='ltr' id='par_1_115' title="bbox 2188 5812 3774 5889">
     <span class='ocr_line' id='line_1_115' title="bbox 2188 5812 3774 5889; baseline -0.002 -19"><span class='ocrx_word' id='word_1_884' title='bbox 2188 5812 2322 5870; x_wconf 83' lang='lat' dir='ltr'><strong>Cum</strong></span> <span class='ocrx_word' id='word_1_885' title='bbox 2367 5815 2567 5871; x_wconf 89' lang='lat' dir='ltr'><strong>ittimlei</strong></span> <span class='ocrx_word' id='word_1_886' title='bbox 2619 5817 3099 5872; x_wconf 84' lang='lat' dir='ltr'><strong>circuntltabitarent</strong></span> <span class='ocrx_word' id='word_1_887' title='bbox 3143 5833 3490 5889; x_wconf 80' lang='lat' dir='ltr'><strong>synagogam,</strong></span> <span class='ocrx_word' id='word_1_888' title='bbox 3531 5827 3586 5873; x_wconf 88' lang='lat' dir='ltr'><strong>et</strong></span> <span class='ocrx_word' id='word_1_889' title='bbox 3628 5813 3774 5887; x_wconf 81' lang='lat' dir='ltr'><strong>spent</strong></span> 
     </span>
    </p>
   </div>
   <div class='ocr_carea' id='block_1_116' title="bbox 2187 5893 3777 5984">
    <p class='ocr_par' dir='ltr' id='par_1_116' title="bbox 2187 5893 3777 5984">
     <span class='ocr_line' id='line_1_116' title="bbox 2187 5893 3777 5984; baseline 0 -18"><span class='ocrx_word' id='word_1_890' title='bbox 2187 5923 2339 5966; x_wconf 80' lang='lat' dir='ltr'><strong>suam</strong></span> <span class='ocrx_word' id='word_1_891' title='bbox 2380 5908 2636 5966; x_wconf 86' lang='lat' dir='ltr'><strong>haberent</strong></span> <span class='ocrx_word' id='word_1_892' title='bbox 2671 5911 2724 5966; x_wconf 90' lang='lat' dir='ltr'><strong>itt</strong></span> <span class='ocrx_word' id='word_1_893' title='bbox 2763 5911 2968 5968; x_wconf 84' lang='lat' dir='ltr'><strong>viribus</strong></span> <span class='ocrx_word' id='word_1_894' title='bbox 3007 5913 3142 5983; x_wconf 82' lang='lat' dir='ltr'><strong>suis,</strong></span> <span class='ocrx_word' id='word_1_895' title='bbox 3182 5928 3242 5971; x_wconf 91' lang='lat' dir='ltr'><strong>se</strong></span> <span class='ocrx_word' id='word_1_896' title='bbox 3281 5913 3412 5970; x_wconf 86' lang='lat' dir='ltr'><strong>dicit</strong></span> <span class='ocrx_word' id='word_1_897' title='bbox 3445 5925 3674 5984; x_wconf 80' lang='lat' dir='ltr'><strong>sperasse</strong></span> <span class='ocrx_word' id='word_1_898' title='bbox 3704 5893 3777 5966; x_wconf 68' lang='lat' dir='ltr'><strong>de</strong></span> 
     </span>
    </p>
   </div>
  </div>
