4004 6342
284 354 394 431 eis

1213 363 1576 424 sxrosmo
1616 359 1681 418 lN
1724 338 2185 415 PSALTERIUM.
2230 348 2420 411 νείκει.
2466 350 2641 411 xxx.

3461 352 3570 413 2M

286 493 550 560 Domino,
583 488 760 548 sciens
801 490 921 562 quia
963 466 1199 560 potestas
1230 500 1416 542 eorum
1452 484 1599 539 nulla
1638 488 1792 555 erat,
1826 485 1883 535 et
1906 481 1961 540 A
1987 485 2099 548 tos,
2121 478 2376 535 velociter
2395 466 2772 535 obmutescunt
2793 491 2807 542 ;
2831 488 2931 532 nec
2952 452 3060 545 jam
3084 474 3135 529 in
3160 472 3405 545 pronacia‘
3434 471 3577 533 dicta

285 586 499 644 insidiis
547 584 741 642 talibus
784 583 1103 654 semetipsos
1152 581 1321 653 magis
1366 578 1677 643 interﬁcere
1720 592 1886 635 cona-

289 681 512 739 bantur.

361 772 517 829 Vers.
549 772 639 829 18.
678 769 823 842 Dixi,
865 781 918 827 tu
962 788 1015 827 es
1055 767 1197 825 Deus
1223 784 1395 835 meus;
1432 767 1486 822 in
1527 766 1757 821 manibus
1784 766 1884 821 tuis

289 873 523 937 tempora
569 881 696 921 mea.
749 863 1006 920 Dominus
1049 860 1293 919 Christus
1332 859 1461 915 dicit
1497 875 1512 914 :
1551 848 1631 913 Tu
1661 874 1713 913 es
1744 857 1883 941 Deus

287 975 462 1028 meus,
508 957 603 1014 sed
647 973 676 1012 a
720 970 871 1027 parte
916 956 1122 1011 scilicet
1165 950 1510 1009 humanitatis
1558 952 1881 1021 assumptus,

285 1065 439 1121 qum,
480 1050 615 1105 sicut
665 1050 740 1105 ait
780 1048 1035 1114 inferius,
1088 1054 1143 1103 et
1194 1044 1421 1116 tempori
1474 1043 1785 1115 subjacebat
1829 1032 1884 1101 et

285 1144 471 1199 morti.
515 1141 633 1197 Non
673 1142 835 1209 enim,
866 1140 1312 1211 quemadmodum
1355 1137 1553 1193 inimici
1602 1138 1879 1208 putabant,

286 1250 475 1291 eorum
501 1234 879 1304 persecutione
904 1231 1065 1285 vitam
1093 1245 1245 1284 suam
1277 1229 1560 1284 ﬁniendam
1590 1240 1709 1283 esse
1734 1218 1881 1283 com-

287 1334 575 1392 memorat,
601 1325 693 1382 sed
723 1326 776 1381 in
808 1335 1071 1396 potestate
1097 1324 1246 1395 ponit
1270 1322 1481 1378 Domini
1505 1331 1733 1393 tempora
1758 1321 1882 1377 vitae

286 1435 425 1476 suae.
470 1418 590 1489 Ipso
639 1419 781 1473 enim
823 1426 1040 1473 creante
1077 1417 1378 1482 existimas,
1411 1415 1527 1485 ipso
1560 1400 1881 1484 disponente

287 1522 625 1583 vegetamur,
673 1511 861 1568 eodem
908 1514 1068 1567 etiam
1113 1511 1336 1582 jubente
1373 1509 1685 1566 transimus.
1730 1509 1883 1566 Unde

287 1620 513 1661 necesse
555 1615 671 1661 erat
700 1613 756 1661 ut
783 1619 935 1675 spem
968 1605 1124 1659 ﬁxam
1162 1602 1387 1660 haberet
1424 1604 1478 1659 in
1512 1602 1758 1669 Domino,
1792 1603 1880 1674 qui

288 1700 452 1752 vitam
490 1705 827 1769 mortemque
862 1712 1012 1753 suam
1050 1698 1106 1753 in
1144 1696 1260 1770 ejus
1305 1710 1425 1753 esse
1472 1703 1739 1767 potestate
1782 1709 1881 1752 no-

287 1790 495 1845 scebat.

1985 572 2293 645 prosiliunt,
2324 589 2444 643 quae
2474 572 2641 628 nimio
2668 580 2875 627 terrore
2905 568 3245 625 clauduntur.

2059 662 2212 719 Vcrs.
2243 662 2333 718 22.
2369 664 2498 731 Quae
2522 665 2799 732 loquuntur
2837 663 3076 716 adversus
3098 662 3302 733 justum
3325 657 3571 730 iniquita-

1986 761 2109 824 tem,
2143 757 2197 809 in
2236 756 2473 824 superbia
2513 762 2559 809 et
2603 755 2656 809 in
2701 762 3009 825 contemptu.
3045 752 3137 807 llla
3176 751 3314 807 labia
3350 756 3571 821 expon't

1986 849 2187 915 dolosa,
2226 864 2345 920 qua:
2387 847 2633 918 superius
2664 847 3034 904 obmutescere
3056 846 3437 917 dignoseentizc
3461 846 3575 901 vir-

1987 948 2097 997 tute
2129 940 2392 1009 prutdixit,
2424 955 2538 1011 qua:
2568 939 2622 994 in
2651 938 2754 995 hoc
2784 940 2984 995 sacculo
3023 939 3299 1010 loquuntur
3335 939 3573 994 adversus

1976 1037 2202 1109 justum,
2233 1033 2287 1089 id
2322 1043 2404 1088 est
2431 1032 2723 1087 Christum.
2770 1032 2996 1103 Dignum
3046 1047 3242 1086 nomen
3285 1030 3572 1103 aptumque

1956 1124 2329 1190 vocabulum,
2359 1125 2448 1193 qui
2480 1121 2672 1178 merito
2689 1122 2866 1193 justus
2898 1123 3047 1193 101
3077 1120 3292 1187 dicitur,
3318 1122 3443 1191 quia
3469 1124 3573 1185 via,

1986 1220 2171 1272 veritas
2196 1227 2243 1273 et
2272 1217 2373 1271 vita
2399 1216 2579 1290 (Joan.
2605 1231 2715 1282 xrv,
2742 1215 2799 1286 6)
2824 1217 3223 1285 comprobatur.
3254 1215 3361 1272 Sed
3391 1223 3577 1272 contra

1988 1311 2094 1367 tale
2144 1321 2453 1381 tantumque
2501 1325 2698 1365 nomen
2752 1308 2976 1380 pulchre
3031 1308 3180 1377 pauit
3230 1309 3577 1380 iniquitatem.

1985 1406 2119 1464 Nam
2148 1408 2286 1462 sicut
2326 1406 2418 1460 lux
2458 1405 2769 1460 obscuritati
2815 1402 3081 1459 contraria
3112 1410 3218 1467 est,
3249 1402 3326 1457 sic
3350 1400 3576 1472 iustitia:

1954 1502 1957 1507 ⁴
1985 1498 2230 1569 iniquitas
2257 1496 2465 1552 videtur
2496 1496 2739 1551 adversa.
2766 1495 3025 1565 Loquitur
3045 1492 3188 1549 enim
3220 1492 3422 1547 falsitas
3442 1507 3577 1547 con-

1958 1596 2069 1646 tra
2114 1588 2419 1657 veritatem,
2470 1587 2683 1659 quando
2729 1584 2900 1643 Judaei
2949 1586 3195 1641 Messium
3246 1580 3577 1655 proclamant

1951 1704 1957 1709 ·
1984 1684 2159 1740 adhuc
2190 1696 2309 1738 esse
2339 1690 2654 1748 venturum;
2687 1679 2901 1751 quando
2939 1678 3127 1734 Ariani
3165 1687 3467 1734 creaturam
3498 1677 3578 1731 di-

1986 1788 2114 1837 cunt
2137 1779 2421 1834 Dominum
2449 1777 2781 1839 Creatorem;
2806 1774 3022 1845 quando
3048 1773 3241 1845 pagani
3263 1772 3575 1837 Saturnum,

364 1882 517 1939 Vers.
558 1884 645 1939 l9.
678 1882 860 1939 Libera
882 1900 978 1949 me,
1008 1892 1054 1940 et
1079 1885 1215 1958 eripe
1243 1902 1322 1941 me
1354 1885 1419 1939 de
1452 1900 1608 1939 manu
1648 1885 1885 1939 inimico-
1912 1884 1962 1946 B
1988 1876 2197 1941 Jovem,
2233 1872 2517 1938 Venerem,
2546 1880 2850 1940 emteraque
2882 1872 3125 1939 portenta
3165 1867 3329 1921 stulte
3363 1865 3578 1920 nomina

289 1990 404 2029 rum
434 1990 678 2043 meorum,
709 1985 755 2029 et
789 1991 821 2029 a
857 1978 1269 2047 persequentibus
1295 1993 1406 2043 me;
1431 1976 1672 2031 illumina
1700 1977 1886 2047 faciem

291 2076 432 2122 tuam
457 2084 609 2140 super
637 2084 837 2123 servum
870 2080 1039 2124 tuum.
1072 2069 1245 2138 Ipsum
1278 2078 1429 2138 rogat
1454 2069 1541 2139 qui
1580 2076 1756 2139 potest
1788 2067 1886 2122 ad-

289 2164 622 2218 versantium
671 2164 835 2218 vitam
879 2162 1252 2233 confringere,
1300 2162 1685 2232 hominumque
1724 2161 1887 2216 corda

292 2269 392 2325 pro
443 2269 535 2310 sua
587 2255 819 2310 mirabili
877 2255 1280 2325 dispensatione
1338 2264 1677 2310 convertere.
1734 2248 1889 2309 Prius

291 2346 435 2401 enim
456 2346 630 2413 dixit,
665 2346 1009 2413 inimicorum,
1038 2346 1089 2401 id
1122 2357 1203 2401 cst
1231 2345 1565 2412 Judmorum;
1595 2340 1886 2415 subjungit,

292 2445 346 2491 et
371 2455 402 2490 α
432 2440 843 2509 persequentibus
881 2455 981 2505 me,
1013 2439 1112 2495 hoc
1151 2446 1231 2495 est
1270 2440 1512 2510 paganis,
1537 2439 1620 2494 vel
1651 2454 1681 2493 a
1710 2439 1888 2494 diver-

292 2530 370 2586 sis
398 2528 686 2600 haereticis,
719 2533 809 2603 qui
844 2533 1136 2588 Ecclesiam
1181 2533 1273 2587 Dei
1304 2532 1659 2588 lraudulentis
1690 2533 1891 2588 machi-

292 2624 600 2679 nationibus
644 2624 1014 2695 insequuntur.
1073 2624 1363 2695 Sequitur,
1417 2626 1658 2680 illumina
1708 2627 1893 2697 faciem

291 2726 439 2773 tuam
466 2732 622 2783 super
650 2732 846 2771 servum
878 2727 1039 2783 tuum,
1070 2716 1120 2772 id
1144 2728 1226 2772 est
1252 2717 1329 2771 lac
1357 2717 1561 2783 videre,
1588 2718 1708 2787 quia
1733 2733 1895 2788 super

290 2810 385 2867 me
414 2810 658 2882 dignaris
697 2811 1003 2877 intendere;
1034 2820 1090 2866 ut
1129 2811 1266 2866 sicut
1302 2814 1368 2866 de
1403 2812 1664 2865 moriente
1711 2812 1898 2881 tlespe-

294 2915 469 2976 rant,
510 2902 584 2959 ita
631 2904 698 2960 de
747 2916 1059 2976 resurgente
1111 2905 1402 2960 confidant.
1453 2904 1559 2960 Nec
1606 2904 1895 2960 oli‘enuiaris

295 2999 439 3070 quod
470 2994 622 3053 audis
660 3014 689 3053 a
730 2997 957 3052 Domino
1001 2992 1108 3052 dici
1157 3014 1356 3052 servum
1404 3009 1566 3053 tuum.
1599 2998 1791 3052 Omnia
1825 2999 1897 3052 si-

298 3187 494 3250 canda,
545 3183 681 3239 sicut
722 3180 775 3239 in
814 3185 918 3239 alio
958 3183 1077 3238 loco
1113 3182 1241 3239 dicit
1280 3199 1296 3240 :
1339 3183 1451 3254 Ego
1483 3200 1657 3238 servus
1692 3192 1807 3239 tuus
1850 3193 1896 3238 et

1990 1968 2315 2040 profitentur
2357 1963 2621 2020 cmlestia.
2660 1961 2897 2026 Addidit,
2930 1960 2985 2015 in
3010 1959 3249 2030 superbia
3281 1966 3329 2013 et
3357 1965 3579 2013 contem.

1991 2068 2106 2131 ptu,
2133 2058 2337 2115 scilicet
2358 2052 2609 2128 quoniam
2642 2054 2913 2124 disputant
2943 2051 3156 2122 superbi
3187 2050 3255 2106 de
3286 2050 3583 2106 humilitate

1990 2136 2211 2217 Christi,
2245 2162 2366 2204 cum
2396 2148 2581 2202 dicunt
2610 2145 2894 2200 Dominum
2924 2145 3185 2199 ctelorum
3228 2141 3406 2198 carnis
3430 2152 3583 2198 assu-

1958 2270 1959 2273 η
1992 2258 2142 2300 mere
2168 2257 2277 2298 non
2302 2240 2541 2312 potuisse
2570 2236 2949 2294 substantiam.
2977 2235 3385 2305 Contemptores
3404 2240 3583 2290 autem

1954 2335 2296 2406 despiciunt
2349 2331 2669 2388 immortalis
2721 2328 2945 2386 credere
2994 2327 3205 2382 Domini
3256 2326 3582 2397 passionem.

1956 2458 1959 2461 -
1993 2426 2128 2483 Nam
2176 2439 2299 2480 cum
2340 2424 2562 2478 audiunt
2607 2420 2830 2492 ﬂagellis
2862 2434 3085 2483 ciosum,
3125 2417 3295 2488 alapis
3334 2417 3584 2473 verbera-

1996 2528 2130 2586 tum,
2156 2516 2408 2573 traditum
2440 2513 2689 2569 manibus
2714 2510 3022 2581 impiorum,
3051 2509 3231 2565 statim
3258 2507 3311 2563 in
3336 2508 3583 2577 blasphe-

1996 2626 2085 2667 na
2128 2609 2293 2664 verba
2336 2605 2639 2677 prosiliunt,
2679 2616 3015 2675 nequaquam
3052 2601 3409 2673 intelligentiae
3437 2600 3585 2663 salu-

1997 2713 2115 2760 tare
2139 2702 2452 2765 consilium;
2484 2715 2591 2754 non
2618 2698 2742 2769 quia
2772 2699 2951 2752 minus
2982 2696 3152 2765 potuit
3189 2694 3498 2751 Altissimus
3526 2694 3583 2751 in

1950 2822 1955 2827 ·
1998 2796 2273 2867 pomposis
2304 2792 2597 2848 lunaribus
2640 2791 2798 2860 hujus
2841 2789 3024 2845 saeculi
3049 2787 3468 2859 gloriosissimus
3494 2801 3585 2857 θρα

1956 2938 1957 2941 η
2000 2903 2216 2961 parere,
2269 2885 2368 2941 sed
2415 2884 2689 2940 declinare
2726 2882 2941 2950 decuit,
2990 2896 3085 2952 per
3124 2896 3246 2951 qum
3294 2881 3586 2937 humanum

1948 3017 1960 3024 -
1998 2996 2169 3054 genus
2199 2994 2354 3038 suum
2383 2981 2629 3052 nequiter
2652 2979 2979 3051 contempsit
3001 2989 3298 3035 auctorem.

295 3086 516 3163 quidem
545 3091 708 3146 verba
739 3090 863 3144 talia
897 3090 1211 3145 humanitati
1240 3100 1360 3145 sunt
1393 3090 1698 3162 specialiter
1725 3078 1898 3161 appli-
1952 3114 1955 3119 ν

2074 3094 2231 3151 Vers.
2261 3095 2353 3152 25.
2395 3095 2563 3162 Quam
2603 3110 2793 3164 magna
2830 3092 3104 3149 multitudo
3144 3090 3587 3156 dulcedinistute,

2002 3187 2240 3253 Domine,
2274 3190 2425 3258 quam
2452 3186 2764 3242 abscondisti
2795 3186 3089 3242 timentibus
3117 3185 3210 3239 te!
3262 3184 3343 3240 Ad
3373 3184 3586 3243 tertitln

299 3277 444 3349 ﬁlius
473 3275 674 3332 ancilla!
702 3286 802 3332 tua:
838 3274 1009 3349 (Psal.
1041 3293 1170 3342 εκν,
1207 3277 1317 3346 16).
1353 3274 1451 3332 Ubi
1490 3288 1611 3331 sunt
1639 3276 1731 3345 qui
1762 3277 1893 3331 duas
1923 3272 1969 3337 ϐ
2002 3279 2151 3335 venit
2177 3280 2503 3350 ingressum,
2534 3280 2623 3335 ubi
2646 3279 2875 3335 diversis
2898 3280 3070 3334 modis
3088 3286 3370 3333 enumerat
3390 3284 3586 3347 quanta

302 3377 524 3425 naturas
570 3369 747 3425 dicere
795 3370 981 3425 nolunt
1026 3372 1079 3425 in
1131 3364 1357 3424 deino
1405 3366 1720 3425 Salvatore?
1760 3368 1895 3425 Nam

300 3459 755 3530 quemadmodum
778 3461 934 3515 aliter
955 3460 1056 3515 sibi
1087 3460 1375 3515 convenire
1400 3452 1565 3529 potest
1595 3460 1696 3516 ista
1724 3460 1899 3516 diver-

303 3548 457 3617 sitas,
490 3550 628 3606 utin
658 3560 767 3605 una
787 3550 1083 3621 eademque
1122 3560 1351 3622 persona
1392 3558 1445 3607 et
1491 3552 1772 3607 Dominum
1816 3552 1900 3607 in-

304 3643 519 3714 telligas
546 3641 690 3709 celi,
722 3650 778 3697 et
804 3643 1094 3697 obnoxium
1127 3642 1400 3712 passioni?

381 3736 533 3791 Vera.
558 3735 652 3791 20.
682 3735 894 3792 Salvum
933 3752 1010 3790 me
1050 3739 1135 3806 (ac
1160 3736 1215 3789 in
1246 3745 1334 3789 tua
1363 3732 1711 3790 misericordia
1739 3749 1761 3790 :
1790 3734 1899 3790 Do-

308 4103 396 4171 tit,
424 4104 527 4160 nec
550 4103 620 4159 de
660 4103 876 4158 amabili
926 4103 1267 4159 confessione
1313 4106 1559 4170 satiatur,
1587 4098 1711 4175 quia
1754 4103 1903 4160 lasti-

306 4193 461 4251 dium
497 4196 607 4251 non
653 4195 811 4253 habet
839 4195 1067 4251 dulcedo
1097 4196 1358 4252 veritatis.
1402 4196 1686 4267 thjnngit
1717 4198 1900 4265 etiam,

1955 3386 1960 3393 δ
2002 3373 2262 3430 beneﬁcia
2294 3373 2555 3429 Dominus
2583 3387 2643 3428 se
2673 3372 2986 3427 timentibus
3017 3373 3314 3442 largiatur:
3346 3376 3588 3425 commo-

1950 3484 1959 3490 ’
2002 3480 2138 3523 nens
2186 3474 2246 3522 ut
2289 3480 2481 3523 omnes
2511 3454 2682 3522 sancti
2731 3466 2953 3535 diligant
2982 3454 3286 3528 Dominum,
3337 3464 3587 3532 quoniam

1950 3576 1957 3585 '
2001 3570 2121 3616 esse
2144 3566 2358 3615 constat
2382 3567 2435 3614 et
2461 3567 2704 3614 nostrum
2730 3558 2985 3628 iudicem,
3018 3558 3072 3612 et
3096 3557 3148 3611 in
3180 3548 3360 3611 futuro
3385 3550 3589 3611 beneﬁ-

2000 3653 2209 3709 ciorum
2235 3654 2475 3708 omnium
2501 3653 2836 3723 largitorem.
2867 3650 2974 3707 Sed
2998 3648 3400 3706 Considerernus
3429 3647 3588 3717 hujus

1950 3764 1961 3769 -
2003 3754 2190 3801 versus
2216 3745 2379 3801 verba
2409 3744 2536 3815 quid
2560 3744 2813 3800 habeant;
2862 3741 3147 3797 Multitudo
3174 3741 3463 3796 dulcedinis
3482 3740 3588 3807 est,

306 3828 461 3893 uiris,
503 3844 604 3882 non
644 3829 963 3897 confundor,
992 3831 1250 3899 quoniam
1278 3828 1509 3882 invocavi
1540 3838 1608 3885 te.
1640 3820 1898 3895 Dicenda,
1952 3846 1959 3863 ε

303 3923 376 3975 ιη
418 3928 509 3975 tua
551 3918 902 3974 ntiserieordiu
947 3920 1141 3973 salvum
1181 3920 1261 3974 itte
1308 3920 1413 3991 fac,
1459 3928 1617 3990 negat
1650 3918 1900 3974 meritum
1954 3942 1957 3959 >

304 4027 485 4069 suum.
514 4013 595 4069 Ad
620 4012 965 4069 instruendus
992 4012 1137 4067 enim
1168 4025 1267 4066 nos
1295 4022 1509 4081 semper
1528 4012 1719 4068 eadem
1745 4012 1900 4082 rep'e-
1950 4048 1955 4051 -

2003 3838 2131 3909 quia
2156 3838 2339 3893 multis
2372 3837 2608 3906 praemiis
2638 3838 2849 3891 Domini
2887 3836 3120 3890 suavitas
3147 3834 3433 3889 indicatur.
3468 3834 3591 3889 Dtil.

2002 3928 2087 3986 eis
2110 3936 2192 3985 est
2217 3944 2338 3985 cum
2376 3929 2825 4000 corrigit,,dulcis
2863 3930 2990 3985 dum
3028 3932 3222 3999 parcit,
3268 3926 3439 3986 dulcis
3467 3926 3592 3985 etim

2002 4021 2345 4080 credentibus
2375 4027 2576 4076 aeterna
2608 4022 2825 4091 praemia
2852 4023 3262 4090 compromittit.
3296 4022 3399 4078 Sed
3436 4021 3591 4077 intel-

2004 4118 2112 4188 lige
2150 4116 2294 4187 quod
2324 4116 2403 4171 eis
2429 4122 2635 4170 tantum
2670 4115 2859 4169 dulcis
2891 4122 2975 4169 est
3014 4115 3105 4185 qui
3145 4100 3214 4170 de
3242 4102 3360 4183 ejus
3399 4124 3592 4182 sapore

1826 4212 1900 4289 in.
1952 4230 1959 4235 ·
2004 4202 2355 4279 gustaverit".
2389 4198 2655 4261 Craterum
2680 4206 2899 4260 dulcedo
2922 4206 2987 4261 ad
3009 4218 3104 4261 eos
3128 4194 3233 4260 non
3260 4210 3437 4275 potest
3470 4202 3593 4274 ptir-

308 4289 552 4358 Dontine,
582 4304 686 4346 non
710 4292 1020 4363 confundas,
1046 4293 1291 4361 quoniam
1312 4292 1536 4346 invocavi
1561 4302 1627 4346 te.
1651 4292 1904 4348 Mirahiiis
1952 4322 1959 4327 -

307 4398 377 4440 ac
410 4385 645 4455 perfecta
672 4387 1005 4457 pradieatio,
1040 4400 1161 4452 qua:
1196 4385 1357 4441 habet
1382 4397 1434 4441 et
1465 4385 1681 4442 humilis
1703 4388 1904 4457 suppli-
1952 4414 1957 4417 -

2006 4301 2315 4372 venirequi
2344 4308 2557 4369 gustum
2597 4297 2715 4369 ejus
2753 4298 2975 4353 minime
3021 4299 3331 4369 comingere
3376 4298 3593 4352 merite-

2006 4401 2154 4463 runt,
2208 4396 2347 4450 sicut
2385 4403 2438 4448 ct
2465 4393 2602 4448 alius
2634 4393 2871 4463 psalmus
2901 4393 3070 4449 dicit:
3110 4386 3326 4445 Gttstate
3355 4400 3402 4445 et
3430 4380 3595 4445 statim

308 4478 600 4546 tationem,
625 4491 679 4533 et
698 4479 967 4535 credentis
992 4479 1353 4535 inviolabilem
1380 4480 1706 4536 ﬁrmitatem.
1735 4480 1906 4551 Rogat

2004 4490 2249 4561 quoniam
2279 4488 2454 4543 suavis
2482 4492 2555 4542 est
2582 4485 2834 4542 Dominus
2876 4485 3049 4558 (Psal.
3072 4500 3261 4552 xxxrn,
3291 4486 3369 4551 9).
3406 4485 3596 4555 Sequi-

310 4586 447 4642 ergo
474 4580 547 4628 ne
575 4573 974 4641 praetermissus
1006 4572 1384 4629 confundatur.
1416 4573 1520 4630 Sed
1552 4575 1819 4643 quomodo
1846 4588 1905 4629 se
1958 4606 1965 4611 ο
2006 4591 2115 4649 tur,
2146 4596 2303 4654 quam
2346 4581 2658 4636 abscondisti
2697 4570 2987 4634 timentibus
3025 4587 3091 4633 te.‘
3156 4577 3270 4633 Non
3313 4576 3436 4646 quia
3466 4586 3595 4631 san.

309 4665 493 4720 credit
515 4664 724 4721 audiri?
759 4666 1017 4732 Quoniam
1050 4667 1281 4721 inuocaui
1316 4676 1383 4722 te.
1425 4666 1709 4723 Dominum
1739 4664 1905 4739 siqui-
1930 4672 1985 4734 Β
2009 4675 2110 4731 οῑίς
2141 4675 2262 4729 ideo
2287 4670 2599 4729 abscondita
2619 4684 2702 4728 est
2730 4680 2788 4726 ut
2807 4686 2925 4725 eam
2956 4670 3176 4724 minimo
3199 4681 3594 4736 consequere“.

311 4757 439 4813 dem
466 4757 694 4813 ﬁdeliter
717 4759 973 4825 inuocare,
997 4759 1191 4814 mereri
1210 4768 1315 4823 est,
1340 4774 1447 4815 non
1472 4760 1663 4830 injuria
1694 4779 1708 4827 ;
1738 4776 1906 4831 quan-
1950 4786 1957 4793 ι

311 4852 387 4905 do
417 4851 724 4907 nullatenus
752 4860 930 4921 potest
950 4851 1148 4923 decipi,
1178 4851 1269 4923 qui
1296 4852 1363 4908 ab
1391 4853 1511 4924 ipso
1536 4866 1600 4913 se
1630 4855 1906 4924 praesumit
1954 4892 1959 4893 κ

311 4943 510 4999 audiri.

238 5160 245 5169 ο
316 5144 477 5193 nam;
504 5140 642 5184 muta
672 5132 955 5201 efﬁciantur
984 5133 1118 5186 labia
1160 5133 1359 5189 dolosa.
1413 5134 1699 5204 Superiora
1745 5147 1904 5190 versu

314 5221 489 5278 dixit:
523 5222 644 5277 Non
668 5224 978 5294 confundor,
1003 5223 1244 5294 quoniam
1273 5224 1497 5279 invocavi
1524 5234 1572 5279 te
1600 5241 1617 5278 .'
1648 5225 1733 5280 hic
1758 5231 1909 5294 optat
1952 5260 1955 5261 ν

313 5328 578 5370 conversa
626 5314 762 5381 vice,
793 5324 851 5370 ut
880 5315 955 5371 illi
986 5315 1165 5383 potius
1200 5315 1497 5395 erubescant
1527 5316 1614 5386 qui
1660 5317 1909 5372 invocant

242 5448 243 5451 η
318 5405 487 5470 idola,
516 5414 566 5460 et
596 5406 776 5460 caeteri
804 5408 895 5474 qui
926 5419 986 5461 se
1011 5404 1169 5459 simili
1198 5404 1470 5476 impietate
1492 5407 1905 5463 eommaculant.
1950 5430 1959 5441 ι

318 5506 472 5573 Ipsos
516 5505 659 5561 enim
707 5504 956 5559 convenit
993 5503 1307 5569 erubescere,
1337 5516 1473 5571 quos
1510 5502 1674 5559 habet
1709 5513 1908 5559 aeterna

320 5611 483 5667 pinna
506 5606 774 5668 torquere.
804 5595 935 5650 Nam
957 5609 1078 5650 cum
1110 5594 1196 5650 hic
1218 5610 1322 5649 non
1343 5592 1569 5648 credunt
1591 5595 1909 5663 promissum

313 5689 577 5761 judicium
608 5689 719 5756 Dei,
748 5689 925 5743 dolosa
949 5688 1083 5743 labia
1113 5686 1422 5757 blaSpltema
1448 5695 1500 5742 et
1528 5689 1739 5759 garrula
1762 5696 1905 5744 stitit.
1958 5720 1965 5724 α

318 5782 546 5850 Quando
580 5792 754 5837 autem
786 5782 1268 5839 .nanil‘estationcm
1302 5782 1709 5837 resurrectionis
1744 5796 1909 5851 agno—

250 5928 259 5935 .
325 5874 522 5946 verint,
552 5889 716 5943 seque
746 5875 1078 5942 respexsrint
1108 5876 1161 5931 in
1198 5874 1345 5941 gravi
1380 5874 1618 5939 periculo
1655 5878 1917 5937 constitu-

2012 4775 2120 4833 tur,
2152 4767 2245 4822 sed
2271 4768 2391 4836 quia
2419 4760 2472 4820 in
2503 4764 2683 4820 futuro
2703 4762 2909 4833 judicio
2930 4756 3593 4831 promlttitur‘ma'nilesta,

2010 4872 2130 4928 quae
2167 4858 2259 4914 hie
2283 4857 2511 4912 sentitur
2551 4855 2872 4912 abscondita.
2925 4852 3090 4908 Recte
3126 4861 3303 4907 autem
3345 4851 3596 4923 intelligi-

1951 4972 1955 4980 ·
2012 4965 2131 5005 mus
2161 4946 2530 5015 absconditam,
2560 4946 2621 5003 ut
2647 4963 2765 5003 eam
2797 4943 3065 5002 desideria
3096 4944 3327 5000 humana
3352 4944 3469 5013 plus
3499 4946 3596 5013 sp-

393 5036 667 5102 Vers.,2l.
701 5038 1015 5093 Erubescant
1046 5038 1210 5109 impii,
1242 5049 1288 5094 et
1316 5038 1637 5094 deducantur
1663 5040 1720 5094 in
1748 5039 1906 5111 infer-
1956 5062 1959 5067 ν

2014 5051 2198 5114 petant
2228 5059 2243 5099 :
2284 5043 2407 5114 quia
2437 5042 2576 5097 solet
2602 5040 2829 5096 fastidiri
2858 5051 3018 5093 omne
3042 5038 3182 5107 quod
3212 5037 3491 5108 snbjacet;
3539 5046 3595 5092 et

1958 5166 1963 5169 ι
2013 5139 2121 5196 vile
2145 5139 2456 5209 plerumque
2482 5135 2737 5199 creditur,
2773 5133 2914 5205 quod
2936 5134 3052 5189 sine
3078 5133 3251 5201 aliqua
3280 5132 3597 5188 difﬁcultate

2011 5226 2315 5302 prtestautr.
2332 5230 2436 5286 Sed
2456 5230 2555 5282 hoc
2577 5226 2718 5298 quod
2735 5228 2831 5293 ait,
2860 5226 3193 5291 abscondisti,
3224 5226 3587 5297 homunymon
3628 5286 3635 5295 .

2015 5322 2131 5391 est;
2163 5325 2428 5396 signiﬁcat
2459 5324 2617 5378 etiam
2642 5329 2693 5378 et
2722 5334 2909 5393 negata
2938 5339 2951 5391 ;
2979 5330 3036 5379 ut
3066 5332 3149 5377 est
3175 5320 3302 5377 illud
3338 5314 3353 5375 ὲ
3386 5319 3598 5376 Gratias

2017 5414 2107 5470 tibi
2133 5433 2252 5487 ago,
2282 5410 2440 5469 Pater
2469 5414 2691 5469 Domine
2710 5416 2822 5469 caeli
2851 5425 2897 5469 et
2932 5426 3103 5477 terrm,
3141 5414 3261 5483 quia
3284 5412 3599 5467 abscondisti

2017 5509 2123 5563 hwc
2150 5522 2181 5562 a
2204 5506 2513 5579 sapientibus
2539 5516 2585 5562 et
2612 5507 2963 5579 prudentibus,
2999 5515 3048 5561 et
3073 5506 3308 5561 reuelasti
3324 5520 3387 5559 ea
3412 5519 3599 5575 parvu-

2008 5601 2078 5656 lis
2105 5598 2320 5671 (Matth.
2346 5616 2418 5664 xr,
2447 5598 2565 5671 25).
2688 5610 2691 5611 '

2088 5693 2243 5749 Vers.
2263 5688 2354 5749 24.
2382 5691 2448 5747 Et
2470 5693 2723 5763 perfecisti
2743 5691 3060 5760 sperantibus
3079 5691 3134 5745 in
3156 5700 3223 5759 te,
3253 5691 3307 5745 in
3326 5690 3599 5756 conspectu

2014 5786 2237 5849 ﬁliorum
2272 5786 2558 5843 hominum.
2604 5784 2946 5841 Dulcedinem
2984 5783 3130 5839 illam
3169 5797 3327 5854 quam
3368 5779 3599 5833 abscon-

1986 5884 1989 5885 '
2016 5879 2168 5936 derat
2189 5879 2497 5935 timentibus
2517 5894 2596 5943 se,
2632 5878 2829 5943 per/icit
2861 5872 3001 5933 illam
3028 5874 3082 5933 in
3103 5875 3182 5933 eis
3210 5873 3302 5945 qui
3322 5868 3617 5950 constanti.
