4004 6342
398 413 426 425 ..
447 333 564 412 ²¹⁵
1671 327 1742 386 tt.
1791 326 2076 387 AURELII
2113 324 2524 385 CASSIODORI
3637 320 3752 389 m-

363 435 436 462 “”’
461 457 642 510 animo
682 464 804 509 eam
845 450 1220 509 desideranter
1251 425 1579 521 exquirunt.
1626 445 1738 503 lloc
1779 456 1863 504 est
1901 446 2046 502 enim
2075 449 2131 510 Α
2155 453 2386 510 vertere,
2421 458 2539 514 quae
2579 444 2631 502 in
2652 445 2828 501 medio
2857 445 3092 517 gentium
3115 446 3426 512 constituta,
3447 457 3754 519 quastion-

464 562 597 608 vere
627 561 858 617 sperare,
905 546 951 601 si
998 559 1094 600 nos
1122 544 1398 612 contingat
1433 542 1635 614 aliquid
1667 542 1819 597 firma
1856 540 2052 596 mentis
2158 536 2304 607 plum
2331 534 2454 590 fidei
2488 537 2817 605 probabatur
2836 539 3086 594 existere.
3119 538 3202 594 Ab
3224 539 3323 595 hac
3350 539 3494 596 enim
3521 541 3754 599 circum-

462 639 771 711 integritate
805 652 1151 709 prtesumere.
1200 636 1413 706 Adjecit
1439 635 1603 692 etiam
1631 675 1647 702 ,
1696 635 1751 690 in
1777 643 2054 702 conspectu
2154 629 2310 700 jecta:
2341 632 2588 686 nationes
2617 628 2913 686 Christiani
2948 631 3212 702 dogmatis
3242 632 3450 704 regulas
3480 634 3760 706 suscipere

463 735 696 808 ﬁliorum
718 732 1009 797 hominum,
1037 732 1091 787 id
1131 740 1214 787 est
1242 731 1298 787 in
1328 729 1420 788 illa
1452 730 1850 787 resurrectione
1891 741 2053 798 gene-

464 829 591 894 rali,
620 827 833 900 quando
864 826 1065 882 sanctis
1095 825 1209 881 suis
1235 824 1454 896 praemia
1492 823 1758 894 promissa
1791 823 2057 888 restituet,

468 927 527 978 et
554 921 711 978 faciet
739 935 1072 992 cognoscere
1101 920 1379 988 universas
1399 928 1611 990 gentes,
1657 932 1783 974 suos
1813 914 2058 974 certissi-

468 1028 589 1070 mos
613 1015 776 1070 tuisse
796 1027 1096 1070 sermones.

542 1107 696 1166 Vers.
728 1108 820 1165 25.
863 1107 1155 1162 Abscondes
1176 1122 1262 1162 eos
1296 1106 1350 1160 in
1378 1105 1677 1160 abscondito
1698 1101 1833 1178 [ed.,
1861 1100 2060 1176 audito]

469 1204 640 1263 vultus
672 1205 746 1259 tui
771 1221 802 1259 a
823 1203 1207 1259 contnrbatione
1238 1201 1523 1262 hominum.

547 1297 702 1354 Vere.
726 1297 817 1354 26.
862 1297 1103 1368 l’roteges
1128 1313 1210 1352 eos
1233 1297 1285 1352 in
1312 1296 1636 1352 tabernaculo
1666 1305 1773 1363 tuo,
1796 1311 1828 1350 a
1853 1306 2064 1352 contra-

470 1390 698 1447 dictione
723 1392 1038 1462 linguarum.

546 1484 707 1540 Vers:
737 1484 829 1538 27.
869 1483 1176 1540 Benedictus
1199 1483 1473 1550 Dominus,
1501 1484 1741 1554 quoniam
1773 1485 2066 1555 miriﬁcavit

473 1578 883 1634 misericordiam
921 1596 1070 1634 suam
1113 1580 1166 1634 in
1207 1579 1407 1633 civitate
1448 1579 1866 1634 circumstantiis.
1914 1578 2070 1636 Venit

473 1671 544 1728 ad
573 1672 1014 1728 enumerationes
1041 1670 1426 1727 beneficiorum
1457 1686 1578 1740 qua:
1599 1671 1807 1726 sanctis
1829 1671 1942 1726 suis
1973 1670 2071 1725 Do-

475 1767 658 1822 minus
703 1769 917 1837 copiosa
969 1766 1316 1822 miseratione
1359 1765 1602 1838 largitur.
1655 1767 1810 1834 Quod
1850 1768 2068 1824 schema

2160 730 2509 789 meruerunt;
2541 731 2595 778 et
2635 723 2781 779 velut
2813 724 3100 794 purissimo
3135 725 3282 782 fonte
3321 725 3611 798 patefacto,
3643 745 3762 786 crn-

2160 816 2315 874 lestis
2337 817 2457 875 vitae
2489 829 2610 874 sunt
2638 819 2952 876 muneribus
2986 820 3240 893 irrigatus.
3291 819 3356 874 In
3379 821 3482 877 hac
3510 837 3639 893 ergo
3676 825 3758 880 ci-

2161 909 2316 966 nitate
2345 911 2634 980 ntiriﬁcavit
2663 910 2916 967 Dominus
2946 912 3351 968 misericordiam
3387 931 3558 980 suam,
3591 929 3765 986 quan-

2161 1001 2233 1058 do
2273 1004 2346 1060 ibi
2374 1012 2429 1060 ct
2455 1005 2672 1072 docere,
2717 1005 2788 1062 ibi
2817 1005 3073 1062 miracula
3106 1003 3307 1072 facere,
3337 1007 3411 1062 ibi
3444 1016 3501 1063 et
3525 1007 3633 1076 pati
3667 1023 3767 1079 pro

2165 1093 2445 1153 hominum
2473 1099 2648 1154 salute
2669 1097 2920 1170 dignatus
2941 1109 3042 1155 est.
3073 1100 3147 1155 lbi
3171 1115 3383 1171 quoque
3403 1101 3626 1172 gloriam
3653 1117 3767 1157 sua:

2165 1193 2583 1249 resurrectionis
2609 1192 2867 1259 ostendit,
2913 1202 2973 1250 ut
3005 1195 3199 1249 merito
3228 1194 3429 1250 dictant
3462 1196 3531 1250 sit
3561 1197 3684 1266 quia
3717 1197 3767 1252 it:

2167 1282 2467 1342 Jerusalem
2495 1287 2788 1356 potentiam
2816 1302 2965 1344 suam
2989 1288 3179 1344 miram
3203 1287 3347 1359 fecit,
3373 1288 3464 1344 ubi
3489 1289 3772 1348 declarare
3872 1277 3888 1297 ’

2170 1388 2280 1436 tam
2311 1381 2548 1451 ingentia
2579 1391 2916 1438 sacramenta
2958 1382 3180 1454 delegit.

2242 1471 2401 1528 Vcrs.
2429 1472 2521 1527 9.8.
2569 1470 2680 1545 Ego
2709 1484 2880 1526 autent
2909 1472 3019 1528 disi
3060 1472 3112 1527 in
3142 1488 3327 1544 pavore
3349 1478 3481 1539 nico,
3513 1481 3774 1547 projecth

2169 1582 2285 1624 sum
2326 1583 2358 1622 a
2399 1566 2543 1623 vultu
2583 1568 2851 1623 oculorum
2899 1576 3124 1625 tuorum.
3175 1569 3320 1625 Patri
3364 1569 3493 1625 dicit
3536 1569 3708 1625 Filius
3747 1585 3774 1624 a

2172 1659 2344 1717 forma
2373 1662 2538 1728 servi,
2571 1665 2780 1733 speravi
2823 1679 2836 1717 :
2868 1663 2991 1733 quia
3029 1677 3115 1719 me
3149 1664 3323 1734 gratia
3348 1671 3438 1719 tua
3469 1661 3774 1728 desereret,

2174 1768 2295 1810 cum
2329 1756 2594 1825 passionis
2638 1755 2850 1811 tristitia
2884 1756 3224 1827 praevaleret,
3268 1757 3323 1811 in
3362 1773 3549 1826 pavore
3590 1756 3774 1827 utique

475 1833 874 1918 nobilissimum
906 1861 1102 1917 dicitur
1140 1833 1563 1934 synatroesmos,
1611 1833 1798 1919 Latine
1836 1877 2063 1935 congre-
2094 1843 2140 1903 Β
2168 1849 2378 1905 ιηοτιίεο
2399 1833 3520 1922 Avulmocuiommmomm.idle“1023
3546 1863 3774 1919 €005!»

473 1955 641 2026 gatio,
685 1954 776 2010 ubi
816 1955 869 2010 in
900 1969 1086 2021 unum,
1129 1964 1222 2009 aut
1258 1955 1423 2010 multa
1466 1955 1716 2024 crimina,
1764 1963 1858 2012 aut
1902 1955 2069 2011 multa

477 2045 744 2103 beneficia
770 2046 1114 2118 colliguntur.
1147 2047 1299 2114 Quod
1333 2047 1471 2103 inter
1496 2048 1914 2104 violentissimas
1937 2049 2072 2120 figu-

478 2153 570 2196 ras
590 2140 850 2211 accipitur
877 2181 892 2207 ,
927 2141 1054 2211 quia
1075 2144 1421 2212 congregatio
1448 2157 1627 2198 rerum
1649 2156 1826 2198 causae
1850 2151 2070 2213 praestat

476 2243 845 2306 augmentum.
887 2234 944 2290 in
979 2235 1314 2306 expositione
1342 2235 1539 2306 quippe
1573 2235 1856 2292 dominicis
1884 2235 2072 2294 dulce-

474 2328 620 2386 dinis
669 2343 1046 2400 perseverans,
1091 2330 1264 2401 primo
1307 2328 1442 2385 dicit
1481 2345 1496 2385 :
1553 2329 1843 2386 Abscondes
1888 2347 1972 2386 eos
2015 2332 2071 2386 in

476 2425 778 2481 abscondito
807 2425 978 2478 vultus
1011 2425 1084 2478 tui
1127 2441 1160 2478 a
1199 2425 1590 2479 ronturbations
1628 2424 1935 2492 hominum;
1981 2439 2071 2481 se-

477 2517 677 2586 cundo,
707 2517 951 2590 Proteges
976 2535 1061 2573 eos
1091 2519 1146 2573 in
1176 2518 1506 2574 tabernaculo
1535 2527 1624 2574 tuo
1653 2537 1685 2574 a
1709 2519 2074 2575 contradictio-

477 2627 546 2667 ne
572 2610 914 2681 linguarum;
963 2612 1148 2680 tertio,
1197 2611 1584 2682 plenitudinem
1630 2611 1876 2668 beneficii
1907 2613 2073 2684 ipsius

369 2693 374 2696 ’
477 2703 715 2776 evidenti
747 2703 904 2761 laude
934 2704 1245 2774 complevit,
1279 2703 1466 2760 dicens
1496 2722 1510 2758 :
1560 2703 1866 2759 Benedictus
1897 2702 2073 2760 Domi-

478 2816 596 2868 stus,
621 2800 866 2871 quoniam
894 2799 1187 2870 miri/ienuit
1203 2801 1608 2855 misericordiam
1634 2817 1781 2856 suam
1796 2802 1849 2856 in
1871 2802 2074 2857 civitate

476 2893 894 2950 circumstantiae.
929 2893 1082 2949 Nunc
1119 2894 1184 2948 ad
1217 2894 1532 2965 exponenda
1571 2895 1731 2951 verba
1767 2896 2070 2952 veniamus.

474 2983 546 3040 In
571 2986 870 3040 abscondito
893 2986 1064 3040 vultus
1089 2985 1300 3041 Domini
1320 2985 1470 3051 dicit,
1504 2986 1556 3041 id
1581 2997 1662 3042 est
1693 2988 1744 3042 in
1773 2987 1876 3042 alia
1902 3002 2077 3043 resur-

475 3080 737 3144 rectione,
788 3078 1004 3149 quando
1033 3093 1227 3134 omnes
1268 3079 1398 3149 justi
1445 3080 1915 3150 contemplationis
1955 3080 2075 3150 ejus

476 3171 698 3242 praemia
739 3180 1181 3240 consequentur;
1234 3172 1372 3228 sicut
1412 3171 1605 3241 legitur
1650 3191 1663 3226 :
1705 3171 1854 3228 Beati
1884 3174 2075 3227 mundo

2173 1951 2261 1998 ctu
2285 1941 2668 1997 misericordia)
2693 1949 2819 1998 tum.
2847 1941 2912 1996 Et
2937 1943 3160 2013 pulchre
3187 1945 3380 1998 uultum
3402 1943 3550 2000 dedit
3576 1943 3774 2010 oculis,

2171 2037 2299 2106 quia
2329 2036 2430 2105 ipsi
2467 2051 2625 2105 quam
2652 2037 2885 2092 maxime
2909 2037 3219 2107 significant
3240 2037 3545 2092 voluntates
3569 2036 3775 2091 animo-

2173 2145 2316 2186 rum.
2358 2127 2546 2184 Vultus
2568 2129 2713 2184 enim
2735 2129 2930 2184 dicitur
2959 2129 3027 2185 ab
3049 2145 3115 2186 eo
3143 2129 3285 2200 quod
3312 2129 3494 2186 cordis
3515 2129 3651 2185 velle
3677 2143 3776 2199 per

2173 2234 2270 2276 sua
2301 2220 2452 2290 signa
2479 2219 2834 2276 demonstret.
2883 2219 2976 2276 Sic
3015 2221 3157 2276 oculi
3182 2220 3509 2292 Divinitatis,
3535 2234 3658 2276 cum
3693 2233 3777 2276 reo

2173 2311 2430 2383 spiciunt,
2473 2325 2624 2366 suam
2653 2311 2880 2382 gratiam
2913 2312 3249 2382 pollicentur.

2245 2406 2402 2460 Vcrs.
2434 2405 2524 2462 ‘29.
2567 2405 2698 2460 Ideo
2721 2406 2981 2474 exaudisti
3000 2422 3170 2462 vocem
3191 2407 3436 2462 orationis
3466 2422 3612 2475 meat,
3650 2407 3771 2463 dum

2176 2501 2449 2556 clamarem
2487 2499 2557 2554 ad
2600 2508 2667 2554 te.
2716 2501 2760 2555 Α
2791 2499 3018 2556 Domino
3043 2500 3165 2557 ideo
3201 2515 3260 2557 se
3293 2500 3425 2557 dicit
3453 2500 3770 2571 exauditam,

2178 2595 2301 2666 quia
2335 2594 2628 2661 humiliter,
2686 2607 2796 2651 non
2840 2594 3191 2666 desperanler
3233 2610 3386 2652 more
3423 2594 3770 2653 humanitatis

2176 2686 2392 2744 dicebat
2431 2701 2554 2743 esse
2582 2696 2948 2759 contemptum
2985 2706 2997 2742 :
3043 2688 3130 2744 cui
3175 2702 3281 2744 non
3320 2697 3531 2759 poterat
3569 2689 3772 2745 tardari

2183 2780 2375 2850 gratia,
2407 2779 2475 2835 de
2497 2795 2603 2851 quo
2633 2793 2739 2837 vox
2771 2792 2990 2852 paterna
3023 2781 3231 2838 dictura
3255 2790 3409 2838 erat:
3446 2781 3553 2837 Hic
3581 2792 3660 2838 est
3689 2780 3774 2836 Fi-

2177 2871 2279 2926 lius
2310 2887 2455 2926 nteus
2485 2873 2727 2942 dilectus,
2751 2873 2806 2927 in
2835 2890 2936 2943 quo
2956 2873 3082 2928 mihi
3105 2874 3226 2929 bene
3253 2875 3539 2945 complacai
3559 2874 3773 2943 (Matth.

2175 2979 2254 3030 lli,
2292 2964 2406 3035 17).
2467 2963 2602 3018 Dum
2646 2966 2925 3022 clamarem
2954 2969 3021 3021 ad
3050 2976 3118 3031 te,
3170 2968 3384 3037 quando
3424 2969 3481 3024 in
3518 2969 3772 3040 passione

2175 3071 2307 3113 voce
2332 3072 2520 3128 magna
2550 3058 2718 3114 dixit:
2753 3056 2896 3115 Deus
2927 3076 3090 3126 meus,
3137 3059 3276 3116 Deus
3311 3078 3471 3124 meus,
3499 3079 3665 3134 quare
3698 3079 3775 3118 me

2177 3153 2493 3224 dereliquisti
2526 3152 2743 3225 (Mollis.
2776 3171 2945 3223 xxvtt,
2971 3155 3064 3227 46)
3085 3156 3109 3211 ἲ
3131 3155 3354 3213 Constat
3381 3171 3522 3214 enim
3554 3157 3643 3214 bis
3673 3159 3776 3214 cla~

477 3267 654 3332 corde,
695 3267 941 3336 quoniam
969 3267 1068 3334 ipsi
1099 3265 1265 3321 Deum
1307 3266 1546 3322 videbunt
1582 3267 1798 3338 (Matth.
1822 3283 1878 3334 ν,
1904 3267 1984 3339 8).
2030 3269 2073 3323 Α

2182 3246 2422 3302 moribus
2456 3247 2757 3302 exauditam
2786 3247 2976 3314 fuisse,
3026 3248 3241 3318 quando
3269 3260 3329 3306 et
3365 3251 3776 3307 resurrectionis

477 3358 868 3414 conturbatione
893 3358 1181 3424 hominum,
1211 3358 1477 3414 malorum
1503 3360 1730 3429 scilicet,
1759 3358 1890 3416 dicit
1908 3361 2073 3417 etiam

476 3450 831 3509 fidelissimos
856 3451 1208 3521 occulendos,
1252 3453 1467 3524 quando
1488 3451 1600 3524 jam
1632 3455 1685 3510 in
1713 3462 1915 3510 aeterna
1947 3454 2075 3512 bea-

476 3544 711 3601 titudine
738 3545 1081 3612 locabuntur,
1113 3545 1202 3602 ubi
1228 3545 1569 3616 purissimam
1601 3547 1885 3604 veritatem
1913 3563 2075 3605 nemo

477 3635 749 3695 fmcilenta
783 3637 1058 3694 voluntate
1083 3637 1388 3708 conturbat,
1435 3639 1530 3695 sed
1558 3639 1768 3696 bonitas
1803 3656 1987 3698 rerum
2017 3641 2074 3697 in

478 3727 594 3785 luis
623 3727 1002 3798 splendoribus
1041 3740 1373 3800 perseverat.
1420 3729 1488 3784 Et
1529 3745 1688 3802 quam
1721 3731 1945 3801 pulchre
1990 3748 2078 3789 re-

481 3819 660 3892 galem
691 3829 1042 3891 conspectum
1075 3835 1197 3878 esse
1223 3821 1356 3877 dicit
1384 3823 1438 3877 in
1465 3823 1657 3890 abdito,
1697 3837 1905 3891 revera,
1950 3825 2076 3896 quia

437 3979 444 3986 I
479 3914 998 3985 contemplationem
1029 3915 1169 3984 ejus,
1201 3929 1306 3986 qua
1331 3914 1464 3984 justi
1506 3914 1871 3986 perfruentur,
1927 3915 2076 3987 impii

477 4022 590 4065 non
619 4007 896 4080 videbunt.
929 4005 1180 4064 Homines
1200 4008 1344 4064 enim
1367 4007 1456 4065 hic
1486 4023 1677 4065 omnes
1705 4019 2078 4080 persecutores

480 4112 540 4161 et
582 4103 914 4160 schismatici
965 4103 1358 4174 significantur,
1412 4104 1505 4175 qui
1552 4105 1638 4160 hic
1681 4115 2078 4164 consueverunt

477 4203 688 4256 terrere
719 4198 975 4268 populum
999 4197 1384 4256 Christianum.
1415 4197 1524 4256 Sed
1553 4213 1676 4256 cum
1703 4200 1832 4257 illuc
1855 4216 2078 4273 perven-

477 4297 600 4346 tum
639 4287 822 4357 fuerit,
851 4301 1013 4359 supra
1038 4287 1132 4343 Dei
1162 4289 1392 4346 famulos
1431 4291 1822 4350 sceleratorum
1864 4305 2078 4350 contur-

481 4383 735 4451 bationes,
791 4382 969 4438 locum
1016 4381 1147 4438 dicit
1195 4384 1424 4439 ulterius
1466 4400 1574 4441 non
1626 4386 1849 4455 habere,
1877 4389 2078 4460 quippe

479 4492 617 4552 quos
643 4493 672 4534 a
695 4491 755 4536 se
777 4481 990 4533 constat
1008 4489 1132 4531 esse
1157 4475 1493 4534 dividendos.
1521 4478 1602 4536 illi
1623 4481 1767 4538 enim
1790 4483 2079 4538 mittuntur

480 4575 541 4633 in
568 4582 824 4631 aeternam
852 4585 1091 4643 poenam.
1119 4569 1251 4641 justi
1279 4580 1538 4630 vocantur
1563 4574 1628 4630 ad
1657 4579 1897 4650 requiem
1923 4593 2073 4635 sem-

2179 3338 2403 3410 gloriam
2437 3349 2779 3411 consecutus,
2809 3350 2865 3398 et
2890 3340 2959 3398 ad
2985 3339 3161 3399 Patris
3181 3350 3271 3407 est
3301 3341 3558 3401 videlicet
3581 3343 3776 3402 dexte-

2178 3446 2296 3487 ram
2326 3431 2643 3488 collocatus.

2251 3533 2407 3589 Vers.
2437 3532 2526 3590 50.
2568 3531 2781 3607 Diligite
2794 3533 3095 3603 Dominum,
3118 3553 3291 3594 omnes
3312 3539 3479 3594 sancti
3499 3539 3636 3613 ejus.
3669 3540 3774 3596 Pro

2179 3626 2388 3684 collatis
2414 3628 2516 3683 sibi
2548 3628 2824 3685 beneficiis
2856 3629 3060 3699 hymno
3087 3629 3335 3699 decurso,
3378 3643 3598 3688 sanctos
3631 3648 3775 3689 com-

2181 3729 2365 3777 monet
2390 3728 2446 3777 ut
2473 3731 2655 3780 ament
2685 3722 3008 3790 Dominum;
3043 3734 3306 3795 quatenus
3335 3735 3613 3784 auctorem
3639 3729 3776 3784 tanti

2179 3811 2427 3871 beneficii
2455 3814 2694 3870 membra
2724 3815 2973 3887 diligant,
3000 3831 3124 3874 cum
3149 3819 3252 3874 sibi
3280 3819 3332 3875 in
3355 3819 3536 3888 capite
3566 3820 3776 3891 prasti-

2179 3913 2292 3962 tum
2313 3905 2480 3964 fuisse
2509 3917 2856 3979 cognoscant.
2893 3908 3108 3982 Ditigite
3131 3909 3436 3982 Dominum,
3463 3913 3615 3982 dicit,
3661 3912 3775 3984 jam

2181 4010 2433 4071 tanquam
2471 4000 2683 4068 amicis,
2713 4016 2820 4058 non
2855 4009 3107 4074 tanquam
3132 4005 3332 4060 servis.
3373 4006 3670 4062 Servorum
3698 4016 3779 4063 est

2178 4094 2325 4153 enim
2368 4094 2682 4163 formidare,
2734 4095 3032 4153 amicorum
3063 4097 3326 4169 diligere;
3369 4098 3511 4155 sicut
3553 4099 3676 4169 ipse
3725 4099 3776 4155 in

2179 4187 2477 4262 Evangelio
2507 4187 2638 4243 dicit
2677 4204 2692 4242 :
2741 4187 2805 4244 Si
2832 4187 3055 4260 feceritis
3078 4206 3195 4261 quis
3225 4207 3318 4263 ego
3344 4191 3592 4262 principio
3618 4191 3778 4259 vobis,

2169 4284 2290 4355 jam
2325 4297 2427 4336 non
2455 4280 2622 4336 dicam
2647 4295 2735 4335 vos
2763 4296 2955 4348 seruos,
2996 4281 3086 4336 sed
3116 4282 3304 4338 amicos
3336 4280 3518 4355 (Joan.
3558 4297 3654 4351 xv,
3687 4281 3776 4350 ιι,

2182 4377 2294 4447 15).
2319 4374 2425 4432 Sed
2448 4373 2549 4432 hoc
2570 4374 2810 4444 praecipit
2826 4375 3048 4442 sanctis,
3080 4375 3206 4444 quia
3230 4375 3468 4447 ipsorum
3489 4384 3574 4434 est
3593 4390 3779 4433 amare

2181 4467 2490 4534 Dominum,
2521 4466 2644 4536 quia
2676 4480 2784 4521 non
2809 4465 3039 4538 diligunt
3067 4467 3351 4526 mundum.

2253 4573 2410 4630 Vera.
2435 4572 2528 4628 5|.
2571 4571 2828 4640 Quoniam
2866 4573 3125 4628 veritatem
3157 4573 3382 4645 requiret
3400 4570 3679 4638 Dominus,
3728 4580 3777 4628 et

479 4671 772 4743 piternam.
821 4665 929 4722 Sed
969 4679 1038 4720 ne
1083 4671 1286 4719 tantum
1336 4663 1502 4722 futuri
1543 4645 1751 4738 prmmii
1791 4671 2078 4742 promissio
2107 4645 2424 4726 Dretribuet
2471 4669 2550 4724 his
2589 4670 2679 4742 qui
2726 4670 3045 4726 abundanter
3092 4671 3290 4742 faciunt
3335 4671 3654 4742 superbiam.
3703 4668 3781 4726 Ne

481 4762 691 4836 fragilia
726 4759 892 4818 corda
919 4757 1182 4824 turbaret,
1209 4757 1443 4815 secundo
1471 4759 1646 4832 capite
1672 4762 1804 4820 dicit
1832 4779 1928 4821 eos
1955 4778 2078 4821 esse

481 4857 840 4930 protegendos.
908 4853 1040 4909 Nam
1085 4867 1181 4923 per
1223 4853 1611 4911 tabernaculum
1657 4873 1804 4930 saepe
1845 4857 2078 4917 diximus

483 4948 783 5009 Ecciesiam
811 4943 1132 5003 catholicam
1161 4945 1471 5021 significari,
1511 4965 1632 5022 quas
1656 4950 1713 5006 in
1739 4951 1846 5006 isto
1875 4949 2080 5006 mundo

481 5041 781 5100 certamina
797 5039 1089 5106 sustinens,
1117 5039 1524 5110 expeditionalis
1546 5044 1836 5100 habitaculi
1858 5045 2077 5100 nomine

405 5129 440 5169 ’-
482 5137 770 5194 vocitatur.
823 5131 1076 5204 Superius
1097 5134 1252 5220 enim
1278 5135 1438 5205 dixit,
1477 5137 1798 5204 abscondes;
1844 5137 1934 5193 hic
1959 5153 2082 5208 pro-

388 5233 418 5270 -"
485 5239 642 5301 teges.
675 5226 752 5283 lbi
779 5227 923 5283 enim
953 5226 1349 5299 abscondantur,
1401 5230 1492 5287 ubi
1523 5231 1591 5286 ab
1627 5230 1806 5300 impiis
1846 5244 1953 5284 non
2000 5231 2080 5284 vi-

484 5321 720 5388 dentur;
754 5319 842 5377 hic
858 5333 990 5377 vero
1015 5331 1370 5393 proteguntur,
1399 5322 1493 5381 ubi
1522 5323 1788 5378 malorum
1815 5319 2079 5391 improbi-

488 5423 570 5470 tas
599 5414 818 5470 minime
842 5427 1038 5481 nocere
1058 5415 1408 5486 permittitur,
1434 5412 1650 5486 quando
1675 5413 1861 5470 illmsa:
1885 5413 2079 5468 animus

485 5509 748 5581 iustorum
778 5507 879 5562 sub
907 5508 1145 5578 qualibet
1169 5507 1412 5578 corporis
1441 5503 1736 5562 afﬂictione
1765 5511 2077 5562 servantur.

483 5600 670 5658 Tertio
708 5598 919 5654 laetatur
962 5600 1124 5655 homo
1159 5600 1419 5665 caelestis,
1469 5599 1561 5668 qui
1601 5606 1657 5653 et
1694 5593 1958 5652 Mediator
1993 5598 2084 5655 est

486 5692 750 5750 Dominus
794 5692 1037 5750 Christus
1073 5689 1271 5763 gaudio
1317 5689 1627 5761 spirituali;
1678 5689 1802 5760 quia
1831 5690 2079 5746 incarna-

481 5786 634 5844 tione
662 5785 827 5842 ‘Verbi
857 5785 1056 5841 mundo
1075 5783 1328 5841 salutaria
1358 5782 1500 5840 dona
1523 5792 1907 5854 provenerunt.
1941 5783 2078 5840 Civi-

485 5887 653 5939 tatem
677 5879 1093 5949 circumstantiis,
1117 5877 1421 5941 Jerusalem
1447 5877 1675 5946 localetn
1700 5876 1959 5940 debemus
1983 5877 2080 5941 ad-

2186 4772 2468 4836 putaretur
2498 4762 2875 4820 hereticorum
2905 4761 3272 4834 blasphemias
3301 4761 3590 4817 Dominum
3621 4775 3782 4832 posse

2187 4855 2480 4926 negligere,
2511 4853 2641 4911 dicit
2677 4870 2693 4910 :
2748 4854 3029 4911 Veritatem
3053 4855 3274 4929 requiret
3298 4855 3570 4922 Dentium,
3618 4869 3779 4925 quam

2188 4947 2268 5004 illi
2299 4947 2546 5003 nesciunt
2573 4945 2723 5002 falsis
2752 4948 3026 5004 erroribus
3064 4949 3271 5021 illigati.
3320 4949 3590 5020 Sequitur,
3623 4959 3671 5004 et
3699 4965 3782 5003 re-

2185 5038 2368 5094 tribuet
2391 5039 2469 5093 his
2483 5039 2573 5110 qui
2593 5039 2918 5095 abundanter
2936 5041 3130 5112 faciunt
3150 5039 3461 5111 superbiam.
3490 5039 3616 5096 Ideo
3636 5040 3777 5095 enim

2187 5133 2406 5189 discutit
2437 5139 2497 5188 ut
2517 5131 2772 5202 vindicet,
2806 5132 2929 5191 ideo
2955 5135 3180 5206 requirit
3207 5143 3264 5190 ut
3291 5134 3492 5203 puniat.
3545 5131 3615 5190 Et
3644 5133 3778 5189 bene

2188 5225 2417 5290 addidit,
2463 5225 2785 5281 abundanter
2815 5243 2836 5282 :
2865 5227 2990 5299 quia
3029 5227 3136 5283 illis
3183 5242 3290 5282 non
3321 5228 3561 5283 retribuet
3590 5227 3676 5298 qui
3718 5241 3778 5281 se

2186 5320 2351 5380 celeri
2379 5320 2758 5378 emendatione
2785 5329 3108 5378 convertunt
3136 5338 3152 5380 ε
3195 5321 3301 5377 illis
3328 5332 3506 5382 autem
3532 5319 3778 5391 superbis

2186 5415 2280 5486 qni
2308 5413 2528 5485 copiose
2572 5413 2915 5486 delinquunt,
2959 5423 3016 5471 et
3053 5426 3321 5486 praecepta
3351 5415 3565 5471 Domini
3597 5415 3773 5484 iniqua

2182 5508 2605 5578 presumptione
2630 5507 2956 5579 despiciunt,
3007 5505 3063 5563 in
3111 5508 3244 5579 ipsis
3269 5515 3354 5566 est
3401 5509 3520 5565 sine
3564 5506 3774 5563 dubita-

2184 5604 2336 5661 tione
2357 5604 2732 5662 resecandum.
2764 5603 2872 5660 Sed
2900 5602 2989 5660 hic
3014 5604 3328 5677 superbiam,
3363 5618 3470 5659 non
3502 5617 3662 5659 unum
3689 5599 3772 5657 vi-

2181 5697 2320 5755 tium
2349 5699 2608 5757 debemus
2637 5697 2899 5768 accipere,
2933 5697 3186 5768 quoniam
3212 5711 3279 5753 ex
3310 5696 3563 5762 superbia
3593 5691 3769 5750 nasci-

2183 5797 2271 5848 tur
2299 5791 2552 5862 quidquid
2597 5804 2806 5845 mnrunt
2857 5791 3120 5858 pravitate
3161 5798 3433 5858 peccatur.
3497 5788 3772 5856 Scriptum

2180 5890 2268 5944 est
2289 5883 2435 5943 enim
2466 5899 2480 5936 :
2524 5879 2746 5939 Initium
2783 5882 2946 5939 omnis
2969 5882 3166 5952 peccati
3209 5881 3452 5952 superbia
3483 5880 3669 5951 (ticali.
3699 5892 3767 5944 st.
