4004 6342
252 5062 266 5209 ἓ

253 357 364 415 ΞΠ

1187 338 1553 398 EXPOSlTlO
1592 337 1656 394 IN
1696 336 2153 396 PSAL’I‘ERIUM.
2200 340 2390 400 PSAL.
2437 339 2631 398 XXXI.

259 479 384 551 {5).
438 477 506 533 Et
535 473 728 532 merito
748 468 954 528 cunctis
978 465 1122 523 vitiis
1150 463 1262 521 tale
1289 477 1484 519 nomen
1507 467 1719 518 constat
1738 459 1840 515 im-
1875 460 1929 522 Α
1952 458 2183 514 ricordia
2208 460 2415 517 Domini
2442 461 2769 533 suﬁ‘ragante
2794 476 3012 534 peccata
3045 463 3230 524 nostra
3253 462 3537 528 intellexe-

256 576 519 646 positum,
554 570 676 642 quia
704 581 809 623 non
839 565 1011 621 solum
1043 563 1096 618 in
1123 570 1439 632 arrogantes
1466 558 1718 624 vindicat,
1750 557 1846 615 sed

258 667 427 726 etiam
456 668 510 722 in
543 675 733 719 omnes
762 659 853 731 qui
882 655 1121 727 regulam
1160 654 1263 725 pia:
1294 650 1720 709 conversationis
1748 651 1848 707 im-

257 768 522 835 pugnant.
1344 834 1349 839 λ

332 854 492 910 Vers.
516 850 605 909 52.
654 847 885 904 Viriliter
900 846 1056 916 agite,
1082 850 1131 900 et
1157 843 1473 915 confortetur
1497 855 1586 896 cor
1604 846 1846 907 vestrum,

262 962 440 1003 omnes
468 945 556 1015 qui
576 941 792 1013 speratis
824 940 878 994 in
907 937 1146 992 Domino.
1179 936 1277 991 Hic
1312 936 1485 989 virtus
1515 933 1678 989 totius
1703 930 1849 1002 psal-

257 1039 362 1105 mi,
404 1047 459 1093 et
486 1049 654 1091 sacrae
679 1033 945 1103 colligitur
978 1029 1242 1101 passionis
1279 1027 1505 1083 utilitas.
1557 1025 1689 1080 Nam
1721 1039 1845 1079 cum

259 1129 487 1186 dixisset
526 1144 540 1181 :
593 1125 805 1196 Itiligite
830 1122 1126 1186 Dominum,
1176 1120 1338 1175 sancti
1367 1121 1497 1192 ejus,
1543 1119 1634 1189 qui
1682 1116 1846 1186 capiti

258 1232 447 1279 vestro
487 1227 539 1275 et
562 1206 960 1275 cruciﬁx‘ionem
988 1215 1228 1281 contulit,
1274 1222 1328 1269 et
1351 1212 1574 1283 gloriam
1603 1224 1846 1267 resurre-

260 1314 461 1371 ctionis
488 1311 767 1377 attribuit,
798 1310 867 1364 ad
896 1318 1221 1379 postremum
1252 1320 1348 1376 per
1368 1305 1697 1361 deﬁuitivam
1721 1319 1846 1360 sen-

261 1408 487 1465 tentiam
514 1404 646 1467 dicit
682 1421 698 1459 :
762 1402 984 1457 Viriliter
1008 1403 1162 1472 agite,
1208 1410 1255 1454 et
1283 1400 1599 1471 conferatur
1636 1414 1726 1453 cor
1764 1414 1849 1452 ve-

262 1511 450 1570 strum,
480 1513 650 1553 omnes
677 1497 766 1569 qui
785 1496 1001 1566 speratis
1020 1495 1074 1547 in
1095 1490 1317 1546 Domino
1341 1506 1359 1545 :
1386 1490 1593 1546 scilicet
1618 1505 1687 1545 ne
1709 1505 1846 1561 prat-

261 1593 424 1649 dictis
462 1590 801 1662 passionibus
850 1592 1199 1649 terrerentur,
1251 1582 1346 1638 sed
1388 1584 1454 1638 ad
1494 1584 1844 1639 imitationem

262 1684 554 1754 gloriosam
586 1680 819 1736 ﬁdelium
852 1694 912 1735 se
940 1677 1103 1733 corda
1130 1676 1465 1742 roborarent,
1514 1692 1675 1747 quam
1705 1677 1846 1732 scieo

261 1777 394 1832 bant
436 1775 503 1829 ad
551 1772 735 1828 mundi
764 1771 1080 1827 medicinam
1112 1770 1420 1825 salutariter
1459 1768 1843 1827 introductam.

1950 552 2141 620 rimus,
2172 554 2238 608 ad
2266 556 2592 624 poeuitentim
2615 558 2847 613 studiqu
2874 559 3059 616 venire
3086 576 3193 617 non
3226 576 3534 632 possumus.

1949 644 2007 700 in
2037 646 2145 700 alio
2172 647 2367 717 quippe
2391 650 2597 717 psalmo
2625 650 2825 707 dictum
2849 662 2968 707 cst:
3013 653 3212 709 Delicta
3236 657 3347 723 quis
3375 655 3530 714 intel-

1947 738 2061 808 ligit
2086 738 2259 811 (I’sal.
2287 755 2438 807 xvnt,
2468 740 2595 810 13)?
2625 742 2725 797 hoc
2760 752 2842 799 est
2875 745 3016 801 enim
3041 746 3185 817 quod
3224 746 3355 803 dicit
3381 748 3537 804 intel-

1949 834 2144 899 lectus;
2196 842 2252 889 ut
2293 847 2416 889 cum
2449 849 2548 890 nos
2586 835 2889 907 intelligere
2922 839 3183 896 Divinitas
3216 842 3524 911 praestiterit

1950 934 2168 997 peccata
2203 935 2411 994 nostra,
2449 942 2548 999 pro
2578 928 2658 983 eis
2683 929 2950 987 diluendis
2986 933 3383 991 studiosissime
3408 950 3524 1004 sup-

1950 1021 2228 1093 plicemus.
2280 1022 2413 1077 Nam
2444 1036 2542 1091 pro
2572 1019 2664 1075 illo
2691 1036 2875 1078 errore
2897 1025 3015 1093 quis
3042 1028 3329 1095 supplicat,
3362 1044 3523 1099 quem

1949 1127 2174 1184 prorsus
2204 1113 2458 1184 ignorat?
2503 1112 2638 1169 Nam
2678 1122 2732 1169 et
2766 1130 2886 1169 Clllll
2919 1117 3175 1173 Dominus
3202 1118 3446 1174 Christus
3476 1121 3532 1176 in

1949 1214 2141 1277 quarta
2166 1217 2314 1276 parte
2343 1207 2621 1262 locuturus
2658 1207 2747 1273 sit,
2778 1208 2950 1276 primo
2980 1224 3134 1264 versu
3163 1212 3241 1264 sic
3276 1211 3491 1267 inchoat
3518 1230 3530 1266 :

1948 1295 2281 1352 Intellectum
2324 1297 2454 1352 dabo
2501 1298 2630 1364 tibi;
2678 1307 2736 1353 ut
2769 1298 2924 1353 isﬁus
2965 1301 3275 1368 paenitentis
3319 1304 3532 1368 merito,

1949 1389 2239 1445 intellectus
2265 1389 2317 1444 in
2350 1389 2508 1444 titulo
2549 1390 2856 1459 praemissus
2898 1391 2984 1456 sit,
3033 1394 3117 1446 cui
3160 1394 3324 1449 etiam
3352 1396 3536 1453 divina

1949 1498 2082 1539 voce
2107 1482 2453 1553 promittitur.
2494 1482 2600 1538 Sed
2631 1482 2757 1538 licet
2788 1483 2895 1538 sint
2936 1494 2990 1539 et
3040 1484 3128 1540 alii
3165 1487 3534 1555 ptenitentium

1949 1576 2165 1649 psalmi,
2200 1586 2374 1637 tamen
2402 1584 2621 1645 propter
2646 1576 2997 1631 subtilitatem
3026 1576 3291 1632 disrantize
3311 1579 3536 1635 diversa

1956 1671 2231 1727 titulorum
2254 1670 2643 1740 signiﬁcatione
2666 1671 2833 1726 notati
2862 1679 3005 1725 sunt.
3034 1671 3242 1727 Primus
3271 1673 3416 1731 enim
3446 1676 3538 1743 qui

1953 1762 2005 1818 in
2040 1774 2195 1816 sexto
2233 1760 2466 1830 ponitur,
2498 1761 2739 1816 continet
2785 1763 2836 1815 in
2867 1763 3043 1830 ﬁnem,
3083 1764 3136 1818 in
3172 1764 3394 1834 hymnis,
3441 1783 3534 1836 pro

261 1868 390 1926 Haec
429 1868 594 1941 ﬁgura
621 1867 816 1922 dicitur
852 1865 1232 1936 epiphonema,
1283 1863 1334 1919 id
1374 1871 1458 1921 est
1500 1863 1840 1930 acclamatio,
1877 1860 1921 1922 Β
1952 1865 2126 1911 octava
2161 1856 2388 1923 psalmus
2414 1855 2603 1923 David,
2649 1857 2904 1927 quoniam
2949 1856 3039 1912 ille
3083 1864 3227 1912 totus
3274 1860 3342 1913 ad
3374 1858 3537 1917 futuri

260 1975 383 2031 quae
429 1968 548 2029 post
586 1967 828 2013 narratas
857 1971 967 2025 res,
1017 1958 1250 2012 breviter
1289 1972 1409 2012 cum
1455 1955 1846 2013 exclamatione

260 2052 590 2122 prorumpit.
620 2050 956 2121 Quapropter
989 2047 1290 2105 exhortatio
1321 2048 1422 2103 ista
1450 2047 1711 2103 bonorum
1738 2054 1843 2113 est,

261 2157 333 2198 ne
362 2158 420 2197 se
448 2157 479 2196 a
509 2142 652 2197 bono
697 2140 973 2211 proposito
1018 2140 1197 2196 carnis
1241 2138 1605 2195 imbecillitate
1645 2137 1847 2194 subdu-

261 2242 406 2290 cant.
467 2230 695 2287 Viriliter
717 2234 872 2303 agite,
921 2230 974 2286 id
1016 2240 1100 2287 est
1138 2232 1192 2286 in
1240 2230 1394 2286 bonis
1438 2229 1689 2301 operibus
1714 2242 1847 2284 con-

261 2329 593 2385 stantissime
614 2328 923 2403 perdurate,
946 2342 1045 2383 nec
1063 2325 1290 2384 feminea
1311 2325 1539 2383 mollitie
1560 2325 1844 2391 deﬁciatis,

262 2428 357 2498 qui
413 2425 575 2482 corda
622 2435 801 2481 vestra
847 2424 1076 2479 Domino
1130 2432 1441 2480 constanter
1483 2423 1710 2480 offertis.
1754 2422 1846 2479 Sic

262 2521 412 2577 enim
440 2520 814 2575 sustinentium
839 2528 1053 2588 pectora
1074 2518 1423 2584 roborantur,
1452 2518 1496 2573 si
1521 2532 1671 2589 spem
1693 2532 1846 2573 suam

260 2612 319 2669 in
349 2612 557 2667 Domini
583 2611 780 2667 virtute
807 2611 1146 2666 conﬁrment.
1179 2610 1290 2665 Hoc
1316 2619 1495 2666 autem
1521 2620 1847 2680 prmeeptum

260 2704 396 2761 viris
422 2702 741 2773 feminisque
781 2715 1066 2756 commune
1100 2710 1202 2769 est,
1248 2702 1462 2757 viriliter
1490 2704 1632 2758 enim
1672 2705 1848 2759 omnis

261 2810 429 2854 sexus
454 2795 579 2867 agit,
613 2794 704 2865 qui
726 2795 898 2850 nescit
920 2794 1251 2850 mollissimis
1276 2794 1625 2852 facilitatibus
1653 2798 1851 2852 immu-

260 2888 387 2945 tari.
431 2885 504 2943 Et
522 2887 736 2957 respice
764 2886 1211 2957 quemadmodum
1240 2896 1419 2958 partes
1441 2886 1562 2944 illas
1584 2890 1851 2957 passionis

261 2997 378 3040 sua:
404 2982 461 3038 in
505 2989 618 3037 toto
657 2980 867 3051 psalmo
909 2981 1232 3037 servaverit.
1278 2981 1432 3036 Prius
1470 2982 1608 3037 dixit
1654 2983 1853 3038 oratio.

263 3093 415 3143 nem,
444 3076 570 3133 inde
597 3084 780 3132 secuta
810 3076 989 3147 passio
1016 3083 1135 3142 est;
1164 3075 1230 3131 ad
1257 3085 1585 3145 postremum
1607 3077 1850 3133 laetitiam

265 3169 509 3227 ﬁdelium
539 3169 1003 3238 constantiamque
1021 3168 1352 3224 commonuit
1377 3183 1393 3225 :
1427 3183 1496 3224 ne
1518 3169 1608 3223 tali
1630 3184 1852 3226 munere

266 3270 552 3331 suscepto,
614 3260 843 3317 ulterius
890 3258 1108 3316 inimica
1164 3258 1292 3319 ﬁdei
1344 3260 1514 3331 possit
1557 3261 1850 3332 praevalere
1881 3264 1926 3328 C

271 3354 560 3411 cunctatio.

801 3445 1074 3502 Conclusio
1101 3446 1307 3518 psalmi.

339 3561 559 3620 Peracta
587 3569 670 3620 est
704 3570 813 3619 tam
854 3564 1032 3633 magni
1072 3563 1261 3633 psalmi
1291 3562 1522 3621 salubris
1558 3572 1613 3621 et
1652 3564 1849 3623 decora

270 3658 541 3715 contextio
565 3697 588 3729 ,
634 3656 723 3712 ubi
762 3664 815 3712 ct
841 3655 1178 3711 imbecillitas
1217 3656 1565 3713 humanitatis
1598 3658 1850 3728 exprimi-

272 3763 383 3816 tur,
426 3758 478 3807 et
503 3750 761 3806 beneﬁcia
787 3748 967 3805 divina
996 3758 1383 3817 monstrantur,
1417 3761 1475 3806 ut
1500 3751 1851 3808 considerans

270 3845 613 3915 fragilitatem
642 3858 792 3899 suam
823 3858 981 3899 nemo
1008 3845 1315 3914 superbiat;
1348 3846 1643 3913 reSpiciens
1672 3854 1850 3901 autem

266 3937 697 3993 misericordiam
726 3937 964 3992 divinam
1014 3938 1316 3993 nullatenus
1359 3949 1700 4007 expavescat.
1745 3937 1853 3994 Nu-

269 4047 454 4088 merus
483 4047 695 4103 quoque
723 4032 913 4101 psalmi
964 4041 1157 4087 erectae
1201 4033 1593 4102 supputationis
1638 4032 1850 4089 culmen

268 4124 525 4189 ostendit,
558 4124 778 4194 praemia
807 4138 1017 4194 quoque
1050 4123 1193 4179 ﬁdeli
1223 4124 1472 4193 conjugio
1501 4125 1850 4193 compromit-

268 4219 383 4285 tit;
431 4226 489 4273 ut
517 4232 636 4273 cum
663 4232 723 4274 se
755 4218 932 4273 anima
973 4216 1095 4271 huic
1129 4217 1496 4287 praedicationi
1526 4217 1685 4273 beata
1719 4232 1851 4273 con-

269 4309 576 4364 versatione
602 4307 910 4375 sociaverit,
957 4306 1245 4379 trigenaria
1288 4308 1722 4364 remuneratione
1771 4309 1854 4365 di-

269 4406 463 4454 tescat.
495 4398 630 4455 iluic
653 4400 815 4455 etiam
840 4413 1064 4454 numero
1084 4408 1140 4454 et
1167 4398 1271 4453 alia
1293 4410 1628 4455 sacramenta
1652 4414 1853 4457 conve-

270 4496 451 4553 niunt.
494 4496 736 4567 Triginta
771 4495 1030 4566 siquidem
1064 4509 1324 4550 annorum
1356 4494 1561 4567 Joseph
1602 4495 1853 4552 dominus

272 4590 468 4660 legitur
497 4590 548 4645 in
572 4589 807 4661 Egypto
834 4590 1177 4644 constitutus.
1218 4588 1459 4657 Triginta
1487 4590 1650 4645 etiam
1683 4604 1853 4645 anno-

1943 1945 2127 2017 judicii
2178 1948 2408 2016 pertinet
2444 1948 2720 2002 timorem.
2754 1946 2857 2003 Iste
2902 1962 3033 2003 vero
3081 1950 3274 2005 merito
3312 1949 3405 2006 tali
3456 1959 3539 2008 est

1948 2039 2105 2095 titulo
2135 2049 2488 2109 praenotatus,
2520 2039 2610 2107 qui
2645 2053 2703 2095 se
2731 2039 3115 2095 deterioratutn
3145 2041 3350 2096 tardius
3377 2043 3538 2099 intel-

1946 2118 2101 2198 léxit,
2147 2132 2272 2201 quia
2318 2142 2541 2200 peccata
2570 2146 2689 2200 qum
2732 2131 3017 2187 confestim
3058 2133 3211 2204 prodi
3241 2134 3540 2193 debuerant

1948 2223 2200 2290 Domino,
2229 2238 2289 2279 se
2303 2222 2504 2278 diutius
2534 2224 2764 2279 tacuisse
2783 2225 3063 2281 confessus
3092 2237 3193 2280 est.
3234 2224 3418 2283 Status
3438 2242 3540 2283 au~

1950 2325 2057 2374 tem
2084 2315 2390 2387 principalis
2414 2314 2570 2385 hujus
2588 2330 2768 2371 causa:
2802 2317 2956 2388 103
2977 2318 3257 2374 concessio
3291 2329 3393 2387 est,
3417 2334 3538 2390 quae

1948 2409 2160 2466 cunctis
2188 2407 2572 2478 paenitentibus
2594 2406 2771 2462 datur.
2801 2404 3095 2465 Concessio
3127 2420 3210 2465 est
3238 2409 3406 2476 enim,
3451 2409 3540 2466 ubi

1948 2500 2273 2557 adversariis
2299 2499 2479 2554 omnia
2526 2498 2917 2568 conceduntur,
2965 2511 3021 2558 et
3052 2516 3147 2573 per
3172 2501 3317 2558 solas
3360 2501 3538 2574 lacry-

1949 2609 2067 2653 mas
2095 2594 2364 2667 supplices
2388 2591 2698 2649 defenditur
2720 2607 2869 2650 reus.

2535 2732 2733 2792 Divisio
2762 2736 2971 2806 psalmi.

2026 2850 2083 2906 In
2107 2856 2278 2922 prima
2302 2859 2453 2919 parte
2474 2851 2665 2921 psalmi
2693 2852 2958 2922 paenitens
2982 2851 3240 2923 loquitur,
3264 2860 3543 2923 peccatum

1955 2956 2110 2998 suum
2143 2941 2423 2998 evidenter
2463 2955 2793 3013 agnoscens,
2840 2957 3051 3011 ptenam
3091 2936 3428 2999 sibi'merito
3467 2944 3545 3001 di.

1955 3033 2255 3091 strictionis
2284 3034 2548 3099 indicens,
2578 3036 2830 3104 quoniam
2861 3036 3021 3089 noxia
3051 3033 3291 3090 facinora
3316 3036 3543 3093 credidit

1957 3127 2272 3194 occulenda,
2309 3126 2401 3181 ubi
2436 3125 2673 3182 breviter
2704 3125 3023 3197 principium
3065 3134 3120 3181 et
3158 3126 3391 3182 narratio
3421 3141 3547 3184 con~

1960 3220 2182 3274 tinetur.
2232 3218 2291 3273 ln
2335 3217 2571 3274 secunda
2616 3227 2768 3288 parte
2821 3218 2934 3272 sola
2976 3216 3237 3273 correctio
3274 3227 3387 3284 est;
3427 3234 3547 3278 nam

1956 3324 2165 3367 cumse
2206 3310 2424 3380 propria
2471 3308 2810 3365 confessione
2853 3308 3206 3378 damnaverit,
3256 3323 3287 3363 a
3324 3308 3551 3366 Domino

1956 3402 2058 3458 sibi
2079 3400 2250 3458 credit
2277 3416 2401 3458 esse
2432 3401 2778 3472 parcendum.
2803 3401 2988 3457 Tertia
3015 3409 3169 3472 parte
3199 3401 3551 3471 paenitudinis

1959 3496 2103 3551 bona
2147 3495 2575 3564 commendans,
2627 3497 2788 3553 etiam
2840 3506 3055 3552 sanctos
3104 3496 3159 3551 in
3201 3496 3304 3551 hoc
3353 3496 3553 3552 mundo

1956 3589 2149 3645 asserit
2168 3588 2397 3645 Domino
2421 3588 2745 3660 supplicare,
2794 3592 2970 3658 inquo
2988 3588 3089 3645 sibi
3112 3590 3303 3645 merito
3331 3597 3553 3643 testatur

1955 3695 2082 3739 esse
2110 3682 2397 3751 refugium,
2428 3683 2518 3737 ubi
2547 3690 2604 3737 et
2632 3682 2939 3753 pmnitentis
2984 3682 3139 3737 istius
3169 3682 3331 3738 verba
3361 3684 3553 3738 ﬁniun-

1960 3784 2070 3831 tur.
2105 3774 2304 3841 Quarta
2328 3775 2587 3830 Dominus
2616 3775 2862 3831 Christus
2890 3774 2958 3829 ad
2989 3775 3108 3846 ejus
3134 3777 3300 3831 verba
3329 3790 3555 3846 respon-

1960 3868 2117 3936 dens,
2148 3877 2430 3939 sperantes
2458 3868 2512 3923 in
2541 3884 2599 3923 se
2628 3867 2965 3923 circumdare
2995 3867 3367 3925 misericordia
3400 3868 3556 3939 polli-

1957 3968 2110 4016 cetur
2139 3978 2153 4017 :
2180 3976 2250 4016 ne
2277 3962 2630 4033 supplicantis
2656 3962 2934 4033 integritas
2964 3961 3160 4033 negligi
3190 3962 3366 4031 aliqua
3393 3962 3555 4018 dissi-

1960 4050 2255 4106 mulatione
2285 4061 2582 4121 putaretur.
2635 4051 2766 4119 Qum
2796 4060 3024 4122 quatuor
3054 4059 3231 4122 partes
3258 4051 3556 4121 interiectis

1957 4142 2403 4211 diapsalmatibus
2439 4143 2773 4209 dividuntur,
2812 4158 2949 4214 quas
2988 4144 3043 4201 in
3079 4143 3430 4201 divisionibus
3462 4159 3555 4204 se-

1959 4232 2075 4303 qui,
2106 4232 2279 4288 nostri
2309 4240 2524 4289 constat
2553 4246 2674 4289 esse
2705 4232 2988 4305 propositi.

2504 4374 2779 4446 Expositio
2808 4374 3019 4447 psalmi.

2030 4486 2185 4544 Vers.
2232 4488 2284 4543 1.
2340 4487 2487 4545 Beati
2522 4507 2740 4561 quorum
2768 4492 2992 4549 remissa:
3017 4500 3137 4549 sunt
3164 4494 3481 4567 iniquitates,
3512 4504 3562 4554 et

1958 4598 2176 4654 quarunt
2198 4591 2329 4637 tecta
2352 4594 2468 4638 sunt
2492 4595 2720 4654 peccata.
2749 4585 3026 4642 Ptenitens
3050 4587 3151 4642 iste
3174 4588 3391 4656 propria
3418 4587 3560 4645 facta

272 4697 398 4737 rum
426 4680 673 4737 Salvator
704 4687 886 4734 noster
914 4679 1073 4734 vitale
1098 4678 1362 4749 baptisma
1393 4678 1671 4748 intinctus,
1705 4681 1857 4752 aquis
1887 4668 1939 4729 Ι)
1962 4689 2314 4745 cognoscam,
2343 4684 2395 4731 et
2424 4676 2489 4730 ad
2515 4677 2760 4746 exempla
2792 4678 2935 4732 illius
2966 4678 3247 4748 publicani
3278 4678 3371 4748 qui
3398 4687 3560 4736 tunso

273 4772 576 4829 Jordanicis
615 4770 973 4827 consecravit.
1016 4769 1112 4825 Est
1139 4785 1352 4841 quoque
1375 4770 1428 4825 in
1455 4771 1541 4826 bis
1567 4772 1857 4830 decadibus

273 4875 460 4923 sancta
482 4864 737 4929 Trinitas,
780 4878 900 4935 qua:
932 4863 1053 4919 ﬁdei
1083 4871 1280 4919 nostra:
1308 4862 1671 4921 inviolabilem
1702 4881 1863 4939 regu-

275 4961 384 5019 lam
414 4959 597 5017 tribuit
624 4967 679 5015 et
704 4957 948 5015 salutem.

550 5099 909 5159 EXPOSlTlO
938 5098 1005 5155 IN
1035 5097 1357 5159 PSALMUM
1385 5099 1578 5157 XXXI.

819 5214 985 5269 David
1009 5214 1314 5269 intellectus.

353 5330 487 5388 Cum
519 5343 706 5387 omnes
739 5328 930 5401 psalmi
961 5329 1290 5401 generaliter
1314 5328 1443 5386 dicti
1469 5332 1578 5386 sint
1621 5330 1688 5387 ad
1715 5329 1867 5385 intel-

278 5427 489 5494 lectum,
533 5436 590 5481 ut
614 5439 709 5481 eos
735 5438 927 5481 sensus
954 5431 1138 5480 noster
1167 5433 1505 5494 agnosceret,
1555 5440 1623 5481 ne
1651 5423 1868 5481 vivendi

277 5522 499 5592 regulas
537 5520 832 5591 ignoraret,
869 5518 1064 5575 merito
1123 5517 1469 5588 quaerendum
1511 5519 1724 5574 videtur
1769 5533 1868 5574 cur

280 5618 339 5674 in
380 5617 486 5673 hoc
528 5616 681 5670 titulo
708 5615 948 5685 posuerit
972 5613 1143 5667 David
1172 5612 1458 5669 intellectus
1479 5613 1506 5667 7
1548 5613 1730 5669 Primo
1756 5628 1869 5669 meo

264 5699 440 5767 ’minit
472 5708 665 5775 David,
717 5717 936 5779 propter
966 5706 1251 5760 Dominum
1284 5703 1575 5770 Christum,
1618 5705 1867 5775 quoniam

279 5804 354 5861 ad
394 5802 569 5873 ipsum
621 5800 841 5873 respicit
887 5799 1141 5871 quidquid
1175 5796 1439 5868 poeniteus
1485 5797 1585 5853 iste
1624 5795 1869 5854 dicturus

281 5906 390 5957 est.
437 5896 642 5955 Deinde
669 5884 954 5951 intellectus
980 5891 1099 5949 ideo
1125 5892 1384 5961 sequitur,
1416 5890 1541 5961 quia
1567 5890 1671 5948 nisi
1705 5890 1869 5948 misc-

1970 4777 2191 4837 pectore
2211 4767 2399 4823 oculos
2421 4782 2526 4822 non
2555 4768 2764 4823 levabat
2785 4768 2850 4823 ad
2878 4769 3071 4825 cmlum
3097 4767 3249 4839 (Luc.
3273 4783 3421 4839 xvnt,
3450 4770 3562 4843 15),

1973 4862 2096 4917 totis
2126 4861 2327 4916 viribus
2354 4861 2632 4918 humiliato
2660 4863 2825 4918 corde
2850 4864 3151 4933 suspirans,
3182 4876 3283 4919 nec
3310 4864 3563 4922 invocare

1972 4957 2308 5028 majestatem
2346 4957 2721 5027 praesumpsit,
2761 4958 2855 5012 sed
2893 4957 3068 5012 beatos
3102 4956 3234 5014 dicit
3260 4972 3354 5014 eos
3380 4960 3564 5030 quibus

1970 5052 2200 5107 remissa:
2219 5060 2339 5106 sunt
2365 5052 2689 5123 iniquitates;
2720 5050 2805 5105 hic
2833 5049 3222 5107 absolutionem
3250 5050 3564 5107 desiderans

1972 5153 2342 5214 peccatorum,
2394 5158 2495 5199 nec
2534 5152 2712 5199 tamen
2765 5142 2969 5201 audens
3020 5145 3215 5201 similia
3266 5147 3562 5217 postulare.

1974 5238 2162 5295 Merito
2199 5254 2329 5310 ergo
2354 5248 2509 5294 vocat
2548 5238 2670 5293 illos
2699 5238 2889 5307 beatos,
2928 5240 3017 5311 qui
3050 5241 3165 5297 hinc
3198 5249 3324 5297 ante
3352 5255 3565 5299 merue-

1971 5340 2121 5388 runt.
2173 5330 2298 5386 Haec
2326 5329 2469 5386 enim
2499 5339 2687 5385 octava
2716 5331 2922 5400 species
2974 5330 3304 5388 deﬁnitionis
3333 5342 3415 5388 est
3442 5347 3565 5403 qua:

1976 5424 2162 5480 Graece
2187 5423 2381 5479 dicitur
2407 5424 2536 5479 κατά
2562 5425 2828 5497 ἀφαίρεσιν
2854 5431 2946 5480 τοῦ
2978 5425 3220 5490 ἐναντίον,
3252 5424 3442 5481 Latine
3467 5438 3567 5494 per

1978 5518 2301 5589 privantiam
2342 5518 2616 5573 contrarii.
2657 5517 2817 5573 Beato
2864 5520 3126 5589 siquidem
3174 5529 3391 5591 peccata
3438 5534 3567 5576 con-

1980 5611 2142 5666 traria
2185 5619 2327 5666 sunt.
2393 5611 2462 5665 Et
2497 5612 2749 5682 quoniam
2788 5611 2875 5666 hic
2915 5612 3041 5667 dicit
3078 5612 3311 5679 remissa,
3349 5626 3567 5682 compe-

1978 5713 2153 5763 tenter
2205 5703 2305 5759 sub
2350 5704 2446 5758 hac
2494 5702 2718 5760 formula
2767 5704 3094 5760 deﬁnitionis
3133 5706 3349 5761 beatum
3392 5705 3566 5763 virum

1978 5803 2187 5854 constat
2217 5809 2554 5865 expressum.
2594 5797 2735 5852 lntcr
2779 5797 3071 5867 iniquitates
3102 5812 3229 5853 vero
3266 5806 3321 5852 et
3362 5804 3567 5866 peccata

1980 5899 2195 5949 sanctus
2217 5889 2571 5962 Hieronymus
2600 5891 2656 5950 in
2686 5890 2787 5948 hoc
2816 5889 3023 5960 psalmo
3049 5889 3187 5947 hanc
3210 5888 3568 5949 dill'et'etttittm
