3996 6346
541 303 639 387 ne

1780 323 1850 382 ιι.
1903 319 2184 382 Αυιιιιιιι
2223 311 2628 376 CASSIODORI
3682 331 3767 388 ω

541 433 689 516 facit,
726 446 1022 518 ξηῑφιειαιε,
1053 444 1239 502 dicens
1280 456 1398 514 qua
1435 449 1559 496 ante
1599 449 1905 509 susceptam
1941 439 2125 506 ﬁdem,
2157 425 2212 500 Α
2237 432 2380 504 quod
2404 440 2515 488 tota
2547 433 2717 488 virtus
2744 430 2902 502 hujus
2929 428 3122 502 psalmi
3152 440 3338 489 contra
3358 433 3455 491 hoc
3479 441 3764 500 exsecrabile

543 545 657 600 sive
688 559 782 613 per
813 541 1166 613 ignorantiam
1199 539 1316 594 sive
1348 552 1441 608 per
1471 535 1751 591 scientiam
1781 535 2131 590 committun-

543 644 662 702 tur;
707 644 913 706 peccata
956 648 1083 689 vero
1115 633 1227 686 haec
1265 645 1388 685 esse
1423 628 1681 684 delinicns
1723 643 1840 695 quae
1880 636 1999 696 post
2040 639 2134 680 cn-

542 729 834 800 gnitionem
877 727 1003 782 ﬁdei
1037 724 1121 780 vel
1159 721 1384 794 gratiam
1430 719 1764 792 baptismatis
1803 717 2133 775 contrahun-

543 831 650 880 tur.

611 915 770 972 Vers.
818 913 872 967 Ξ.
935 911 1130 966 Beatus
1177 910 1254 966 vir
1295 909 1379 965 cui
1422 926 1524 964 non
1572 908 1840 981 imputavit
1880 904 2133 960 Dominus

541 1015 823 1084 peccatum,
856 1020 946 1058 nec
978 1012 1054 1059 est
1088 1003 1142 1056 in
1181 1017 1268 1056 ore
1306 1004 1416 1069 eius
1455 1000 1628 1056 dolus.
1671 999 1736 1054 Et
1762 999 1904 1053 hunc
1931 997 2132 1050 beatum

541 1099 726 1155 eadem
781 1095 992 1167 species
1037 1094 1362 1150 deﬁnitionis
1414 1092 1773 1161 amplectitur.
1833 1089 1935 1145 Sed
1992 1087 2132 1143 scire

539 1187 794 1244 debemus
835 1187 968 1243 alios
1010 1201 1130 1241 esse
1172 1185 1364 1254 quibus
1410 1191 1625 1253 peccata
1676 1187 2014 1251 reputantur,
2073 1183 2132 1232 ιιι

538 1278 704 1334 Paulo
747 1279 949 1334 dictum
979 1288 1058 1332 est
1093 1296 1105 1330 :
1143 1275 1334 1344 Saule,
1383 1277 1574 1342 Saule,
1607 1274 1732 1346 quid
1765 1290 1844 1326 me
1866 1287 2134 1343 perseque-

537 1372 608 1426 ris
653 1371 891 1441 (Act.1x,
925 1369 1122 1441 4)Ῡ,Ει
1165 1369 1423 1422 adultera:
1456 1367 1666 1422 mulieri
1718 1367 1770 1421 itt
1802 1365 2129 1433 Evangelio:

545 1459 708 1529 Vade,
749 1471 797 1516 et
838 1462 1062 1532 amplius
1108 1461 1213 1514 noli
1247 1475 1456 1530 peccare
1486 1457 1665 1528 (Joan.
1697 1473 1809 1523 vm,
1841 1456 1950 1527 Η).
1987 1456 2132 1511 Alios

538 1569 716 1611 autem
747 1569 867 1610 esse
933 1551 1276 1609 manifestum
1316 1561 1399 1608 est
1435 1551 1627 1622 quibus
1663 1559 1870 1622 peccata
1902 1562 2009 1604 non
2047 1562 2134 1603 re-

538 1655 708 1716 putat,
751 1653 809 1701 ιιι
837 1646 960 1714 Job,
1003 1645 1070 1701 de
1101 1660 1206 1714 quo
1231 1645 1431 1700 dictum
1461 1651 1544 1698 est
1573 1661 1585 1696 :
1617 1642 1869 1710 Nunquid
1898 1640 2134 1695 conside-

538 1741 667 1794 rasti
691 1755 890 1793 servum
917 1755 1080 1792 meum
1097 1735 1216 1804 Job,
1242 1735 1380 1807 quod
1404 1753 1506 1790 non
1536 1737 1599 1790 sit
1624 1736 1669 1789 ei
1693 1735 1875 1789 similis
1895 1736 1947 1788 in
1971 1742 2129 1799 terra,

2237 525 2454 582 humani
2491 527 2706 598 generis
2743 527 2933 582 vitium
2972 525 3230 596 probatur
3266 531 3501 600 opposita
3541 549 3645 590 :ne
3675 541 3771 606 quis

2241 621 2468 676 Domino
2490 630 2640 690 putet
2663 621 3034 677 absconditum
3051 661 3068 686 ,
3097 621 3240 692 quod
3267 621 3320 678 in
3344 625 3659 682 conscientiae
3681 643 3770 688 sua

2235 715 2600 784 penetralibus
2626 715 2870 771 recondit
2897 715 3190 771 occultum.
3557 777 3560 780 ,

2331 804 2485 859 Vers.
2521 805 2582 861 Δ.
2631 805 2890 870 Quoniam
2931 806 3014 860 die
3053 821 3114 860 ac
3147 816 3290 862 nocte
3323 818 3525 878 grauata
3551 819 3619 866 est
3651 829 3774 884 super

2234 909 2314 950 me
2350 911 2532 949 manus
2574 904 2682 949 tua.
2729 894 3006 950 Peccatori
3041 897 3218 965 gravis
3255 913 3435 952 manus
3467 909 3544 954 est
3575 917 3680 971 qua:
3701 904 3774 960 lla-

2233 985 2414 1055 gellat,
2469 993 2524 1041 et
2571 985 2872 1055 ponderosa
2923 1001 3044 1055 qua:
3097 985 3352 1042 vindicat.
3418 987 3514 1043 Die
3555 1006 3613 1044 ac
3662 1003 3776 1060 nocte

2235 1078 2548 1131 continuum
2595 1085 2805 1146 tempus
2843 1077 3139 1148 signiﬁcat;
3181 1089 3240 1132 ut
3271 1079 3458 1136 merito
3483 1096 3628 1138 sensa
3652 1083 3776 1141 fuerit

2234 1173 2436 1242 gravis.
2485 1185 2605 1240 qua:
2649 1185 2678 1226 a
2721 1171 3088 1240 castigationis
3135 1171 3371 1241 pondere
3423 1187 3524 1228 non
3574 1176 3774 1232 recessit.

2235 1262 2408 1316 Aliter
2443 1262 2584 1316 enim
2620 1262 2846 1318 feliciter
2883 1279 2988 1318 non
3015 1274 3160 1318 esset
3189 1264 3526 1334 humiliatus,
3563 1267 3656 1322 nisi
3679 1283 3774 1322 eum

2236 1369 2420 1408 manus
2449 1353 2754 1408 Divinitatis
2797 1355 3151 1422 imprimeret.
3202 1354 3394 1409 Manus
3417 1356 3554 1422 enim
3581 1371 3666 1426 per
3696 1366 3778 1412 tro-

2238 1443 2540 1514 pologiam,
2587 1446 2956 1514 operationem
3008 1445 3276 1516 signiﬁcat
3322 1462 3340 1501 :
3387 1447 3507 1517 quia
3551 1447 3776 1504 hominum

2238 1550 2370 1593 usus
2395 1546 2481 1594 est
2506 1538 2752 1594 manibus
2779 1539 3014 1608 operari.
3071 1537 3332 1593 Divinitas
3357 1540 3496 1593 enim
3525 1555 3623 1594 non
3648 1539 3778 1606 mani.

2235 1627 2339 1684 bus
2378 1629 2576 1699 aliquid
2619 1629 2759 1698 agit,
2802 1629 2899 1686 sed
2935 1629 3226 1689 voluntatis
3269 1643 3385 1686 sua:
3418 1625 3606 1687 virtute
3641 1630 3777 1688 omnia

2237 1722 2477 1794 disponit
2505 1731 2560 1779 et
2588 1722 2818 1793 perﬁcit.

541 1833 636 1886 vir'
660 1833 856 1902 justus,
899 1839 944 1884 et
993 1832 1230 1900 simplex,
1279 1839 1324 1885 et
1379 1829 1559 1883 timens
1590 1827 1756 1883 Deum
1799 1827 1918 1897 (Job
1947 1843 2002 1892 ll,
2036 1825 2126 1896 '5)?

2305 1821 2468 1877 Ἴθι-ε.
2509 1820 2565 1875 5.
2608 1819 2888 1875 Conversus
2925 1835 3040 1874 sum
3069 1819 3124 1875 in
3151 1835 3410 1888 (erumna,
3452 1823 3570 1876 dum
3596 1822 3779 1892 confrin-

539 1923 944 1990 EtNathanael,
968 1924 1034 1978 de
1065 1939 1169 1994 quo
1201 1925 1274 1978 ait
1304 1939 1317 1976 :
1347 1922 1477 1977 Ecce
1507 1939 1619 1976 vere
1643 1921 1906 1986 Israelita,
1945 1920 1998 1974 in
2029 1933 2129 1990 quo

537 2015 692 2071 dolus
723 2032 824 2069 non
855 2027 928 2069 est
951 2014 1130 2087 (Joan.
1163 2031 1202 2083 ι,
1235 2015 1348 2085 47).
1381 2014 1721 2083 Quapropter
1747 2012 1894 2067 illaut
1922 2020 2128 2081 partem

537 2108 650 2163 suis
681 2105 818 2161 vctis
849 2106 1033 2176 elegit,
1076 2105 1128 2160 in
1165 2121 1264 2175 qua
1307 2105 1450 2160 nulla
1487 2103 1841 2158 sollicitudine
1886 2101 2132 2157 mordea-

539 2208 648 2254 tur.
683 2199 882 2254 Omnes
916 2207 1094 2253 tatnen
1127 2214 1223 2266 per
1261 2200 1486 2268 gratiam
1516 2197 1707 2251 divina:
1745 2194 2131 2250 misericordiae

536 2291 604 2347 ad
653 2293 766 2346 haec
813 2291 952 2346 dona
1003 2293 1340 2360 perveniunt,
1390 2291 1528 2345 sicut
1574 2290 1808 2345 Joannes
1854 2287 2131 2358 apostolus

535 2384 700 2439 dicit:
725 2381 784 2440 Si
815 2384 1100 2438 dixerimus
1137 2386 1256 2451 quia
1291 2393 1554 2453 peccatum
1587 2399 1688 2437 non
1717 2381 1980 2446 habemus,
2008 2389 2132 2434 nos-

535 2474 672 2545 ipsos
703 2476 1006 2539 reducimus,
1039 2483 1086 2529 et
1113 2477 1296 2530 vet-ias
1323 2477 1374 2529 in
1404 2475 1546 2530 nobis
1579 2491 1681 2529 non
1727 2482 1799 2528 est
1829 2471 1886 2543 (Ι
1904 2471 2060 2527 Joan.
2085 2485 2126 2540 t-,

537 2569 615 2640 8).
651 2569 904 2640 Sequitur
956 2579 1158 2636 autem,
1193 2569 1274 2622 cui
1304 2585 1405 2621 non
1432 2569 1698 2637 imputavit
1728 2567 1979 2622 Dominus
2008 2579 2130 2636 pee-

535 2671 739 2724 catum,-
783 2661 988 2716 scilicet
1015 2662 1066 2714 in
1098 2662 1248 2730 cujus
1277 2676 1363 2714 ore
1392 2659 1546 2714 dolus
1577 2677 1676 2714 non
1709 2669 1814 2724 est;
1846 2659 1897 2713 id
1927 2667 2011 2713 est
2038 2657 2129 2728 qui

532 2753 677 2808 nulla
706 2754 806 2809 sibi
835 2754 1156 2809 remissione
1189 2753 1476 2822 placuerit;
1525 2762 1577 2807 et
1607 2768 1728 2808 cum
1758 2753 1828 2806 sit
1855 2759 2128 2822 peccator,

533 2845 648 2916 ipse
693 2863 753 2904 se
805 2848 1060 2920 praedicet
1112 2862 1234 2902 esse
1279 2839 1678 2900 sanctissimum
1737 2845 1880 2919 (quo
1939 2843 2129 2899 morbo

531 2941 768 2996 maxime
800 2943 1008 2998 laborat
1047 2941 1397 3012 humanitas),
1441 2941 1534 2995 sed
1578 2957 1674 2995 sua
1717 2943 1895 3006 potius
1933 2939 2126 2995 delicta

531 3024 890 3100 cognoscens,
934 3032 986 3084 in
1025 3032 1323 3085 humilitate
1359 3031 1739 3084 satisfactionis
1775 3029 1975 3099 jugiter
2006 3043 2130 3098 per-

531 3134 766 3177 severat.
815 3121 930 3191 Ipse
960 3122 1104 3176 enim
1129 3121 1357 3177 Domino
1385 3123 1560 3193 placet
1589 3122 1679 3192 qtti
1710 3121 1810 3176 sibi
1842 3121 2124 3190 displicet;

2239 1915 2376 1986 gitur
2401 1913 2531 1967 mihi
2559 1913 2734 1983 spina.
2785 1911 2898 1968 Hoc
2930 1922 3013 1968 est
3041 1913 3186 1983 quod
3221 1914 3472 1982 superius
3498 1913 3658 1969 dixit:
3683 1912 3781 1967 Gra-

2239 2019 2356 2063 vata
2375 2015 2450 2062 est
2472 2023 2624 2078 super
2647 2023 2726 2062 me
2752 2023 2933 2060 manus
2958 2014 3066 2061 tua.
3090 2004 3446 2062 [Erumnosus
3469 2007 3606 2063 enim
3630 2007 3782 2061 dicitur

2239 2099 2392 2156 valde
2439 2099 2710 2156 ruinosus.
2765 2097 2938 2153 Ruina
2987 2099 3184 2167 quippe
3229 2099 3502 2169 appellata
3544 2107 3640 2165 est,
3665 2096 3782 2166 quasi

2235 2202 2486 2264 repetens
2526 2193 2652 2247 ima.
2695 2189 2982 2245 Conversus
3020 2203 3150 2260 ergo
3180 2193 3355 2260 fuerat
3382 2191 3436 2243 in
3464 2203 3694 2252 teramus,
3715 2189 3783 2256 qui

2231 2287 2512 2344 ceciderat
2561 2286 2630 2341 de
2683 2284 2976 2355 superbia;
3026 2293 3086 2340 ut
3127 2286 3218 2355 qui
3269 2294 3400 2340 ante
3446 2282 3681 2338 clamavit
3717 2293 3780 2349 pet

2235 2379 2526 2436 elationem
2561 2419 2578 2445 ,
2633 2393 2778 2434 nunc
2833 2376 3181 2433 conﬁteretur
3229 2377 3463 2432 Domino
3515 2390 3604 2447 per
3643 2372 3783 2428 humi-

2240 2472 2479 2538 litatem;
2509 2471 2594 2527 cui
2622 2470 2744 2527 ideo
2770 2470 2957 2526 salutis
2982 2484 3108 2541 spes
3146 2469 3338 2536 rediit,
3369 2468 3612 2538 quoniam
3636 2467 3680 2521 in
3703 2465 3784 2520 suis

2231 2567 2491 2637 operibus
2533 2565 2807 2620 mortifera
2847 2562 2982 2620 facta
3025 2565 3306 2632 cognovit.
3366 2561 3535 2634 Spina
3568 2569 3644 2616 cst
3675 2559 3784 2614 enim

2233 2677 2356 2734 quat
2393 2662 2564 2716 totum
2593 2673 2790 2730 corpus
2819 2659 2979 2730 erigit
3013 2669 3176 2729 atque
3211 2660 3540 2716 recontinet.
3585 2657 3693 2712 Hac
3713 2669 3784 2724 pro

2231 2761 2482 2833 superbia
2509 2760 2700 2816 merito
2729 2760 2900 2828 posita
2929 2766 3030 2826 est,
3056 2773 3176 2829 qua:
3204 2759 3490 2815 contracta
3517 2772 3616 2814 non
3643 2751 3786 2821 dejicit

2231 2855 2301 2910 ad
2331 2855 2626 2918 interitum,
2653 2849 2750 2906 sed
2775 2851 2932 2919 erigit
2957 2851 3134 2920 potius
3163 2850 3230 2905 ad
3261 2851 3518 2906 salutem.
3548 2844 3690 2921 105
3705 2843 3786 2898 lloc

2231 2958 2604 3020 argumentum
2662 2946 2860 3002 dicitur
2909 2961 2938 2998 a
2991 2945 3347 3012 necessitate,
3393 2944 3602 3016 quando
3650 2951 3788 2996 causa:

2235 3041 2570 3113 gravissima:
2597 3041 3018 3109 praemittuntur,
3048 3046 3108 3092 ut
3135 3037 3202 3093 ad
3228 3037 3629 3095 confessionem
3655 3029 3789 3106 proli-

2232 3147 2388 3188 cusm
2417 3141 2695 3188 correctus
2721 3130 2932 3186 animus
2961 3130 3286 3187 adducatur.

532 3216 656 3284 quia
703 3215 828 3268 dum
883 3230 983 3268 nos
1039 3215 1350 3285 culpamus,
1416 3214 1799 3284 veriloquium;
1849 3230 1970 3270 cum
2030 3228 2126 3269 nos

2305 3231 2460 3288 Vers.
2503 3231 2559 3286 6.
2602 3230 2858 3286 Delicium
2885 3245 3055 3284 meum
3093 3231 3368 3302 cognitum
3403 3231 3495 3285 tibi
3520 3229 3630 3300 feci,
3658 3232 3700 3280 ιι
3730 3223 3790 3278 itt-

533 3305 777 3360 volumus
823 3301 1062 3370 laudare,
1110 3304 1450 3360 mendacium
1498 3315 1601 3362 est.
1661 3305 1929 3361 Hactenus
1973 3306 2124 3364 fuere

531 3399 823 3472 principia,
864 3399 917 3454 in
947 3399 1140 3470 quibus
1177 3399 1600 3456 misericordiam
1643 3401 1768 3456 boni
1797 3399 2000 3457 Judicis
2031 3417 2126 3473 per

533 3491 892 3548 humilitatem
937 3493 1152 3548 nimiam
1184 3492 1509 3549 desideravit
1550 3495 1850 3564 acquirere.
1889 3493 1996 3551 Sed
2027 3497 2126 3551 nos

533 3586 586 3640 in
625 3595 777 3655 parte
818 3586 916 3640 ista
954 3585 1266 3640 divisionem
1301 3601 1406 3641 non
1434 3587 1704 3655 ponimus,
1734 3583 1855 3657 quia
1887 3587 2125 3656 diapsal-

531 3669 675 3732 mata
705 3677 1002 3745 sequimur,
1036 3693 1155 3747 qua:
1183 3676 1400 3731 silentio
1426 3677 1656 3747 Spiritus
1686 3678 1857 3732 sancti
1892 3692 2126 3734 noscun-

531 3780 617 3824 tur
639 3783 759 3824 esse
783 3767 984 3836 divisa;
1013 3770 1138 3824 dum
1163 3779 1217 3824 et
1242 3769 1332 3824 illa
1359 3784 1589 3829 servare,
1609 3785 1914 3839 possumus,
1945 3781 2001 3828 et
2025 3771 2125 3827 ista

530 3859 755 3916 minime
785 3861 1174 3929 praeterimus;

623 3951 777 4014 vers.
809 3952 846 4012 5
904 3959 1156 4026 Quoniam
1191 3960 1347 4026 tacui,
1379 3961 1782 4016 inveteraverunt
1811 3963 1981 4016 omnia
2011 3951 2126 4019 ossa

527 4067 661 4121 mea,
687 4050 810 4106 dum
841 4056 1115 4107 clamarem
1137 4064 1245 4108 tota
1273 4051 1375 4111 die.
1421 4054 1648 4110 Peracto
1680 4055 1840 4126 igitur
1869 4055 2122 4123 breviter,

532 4152 590 4199 ut
625 4135 984 4216 cumpetebat,
1016 4147 1261 4214 exordio,
1294 4139 1435 4203 nunc
1463 4148 1728 4218 pmoitens
1766 4149 1868 4205 iste
1905 4149 1970 4204 ad
2005 4167 2126 4206 nar-

527 4235 790 4290 rationem
822 4238 1416 4306 compendiosissimam
1448 4239 1613 4305 venit,
1649 4256 1807 4310 quam
1840 4243 1976 4297 bene
2007 4243 2125 4312 qui-

526 4324 649 4379 dam
681 4341 795 4391 cor,
829 4329 1047 4396 quidam
1087 4329 1320 4385 animam
1358 4347 1640 4387 causarum
1679 4349 1800 4390 esse
1825 4334 2118 4404 dixerunt,

527 4415 780 4484 quoniam
834 4432 928 4488 per
978 4420 1120 4488 ipsas
1150 4421 1456 4490 agnoscitur
1485 4425 1740 4493 quidquid
1786 4426 1839 4480 in
1885 4427 2124 4496 negotio-

525 4523 644 4566 rum
674 4509 875 4566 viribus
903 4511 1209 4567 medullitus
1237 4515 1558 4570 continetur.
1588 4516 1726 4572 Dicit
1754 4519 1896 4573 enim
1925 4536 1939 4573 :
1975 4520 2122 4588 Quo-

524 4603 667 4660 niam
719 4618 824 4658 non
873 4617 996 4660 sum
1043 4604 1138 4660 tibi
1179 4604 1462 4662 confessus
1499 4607 1776 4677 delictum,
1811 4613 1987 4668 omnis
2035 4613 2122 4669 ﬁr-

487 4540 683 4794 }mitas
721 4711 843 4752 mea
886 4697 940 4752 in
983 4697 1294 4754 inﬁrmitate
1337 4702 1647 4771 consenuit,
1692 4719 1843 4762 more
1886 4705 2122 4764 vulneris

524 4603 667 4660 niam
719 4618 824 4658 non
873 4617 996 4660 sum
1043 4604 1138 4660 tibi
1179 4604 1462 4662 confessus
1499 4607 1776 4677 delictum,
1811 4586 2204 4669 omnis—ﬁr-D

524 4696 683 4752 mitas
721 4711 843 4752 mea
886 4697 940 4752 in
983 4697 1294 4754 inﬁrmitate
1337 4702 1647 4771 consenuit,
1692 4719 1843 4762 more
1886 4705 2124 4764 vulneris

522 4789 840 4860 corporalis,
884 4790 1024 4862 quod
1067 4791 1112 4846 si
1144 4806 1250 4846 non
1300 4793 1538 4862 aperitur
1577 4794 1642 4850 ad
1673 4810 1889 4864 curam,
1939 4801 1993 4856 in
2025 4816 2122 4873 pu-

521 4879 787 4950 tredinem
819 4892 1066 4936 servatur
1102 4883 1391 4938 occultum.
1438 4884 1568 4940 Ossa
1595 4888 1738 4958 enim
1760 4931 1774 4956 ,
1805 4891 1947 4948 sicut
1974 4907 2119 4966 saepe

521 4969 786 5040 diximus,
830 4973 1138 5042 signiﬁcant
1181 4974 1343 5028 animi
1389 4971 1720 5048 ﬁrmitatem,
1767 4997 1884 5050 quae
1928 4985 2123 5040 merito

483 5067 826 5138 _.invetcrasse
853 5063 1126 5134 dicuntur,
1161 5067 1414 5136 quoniam
1446 5067 1596 5126 ulcus
1627 5087 1734 5128 non
1769 5072 1942 5130 fuerat
1977 5076 2122 5132 salu-

520 5163 624 5218 tari
659 5160 874 5218 medico
913 5161 1260 5231 publicatum.
1319 5162 1575 5232 Sequitur
1609 5176 1808 5234 autem,
1851 5169 1976 5223 dum
2010 5169 2122 5224 cla-

522 5269 717 5308 marem
757 5262 864 5308 tota
897 5254 1000 5307 die.
1033 5251 1166 5307 Cum
1207 5252 1455 5323 superius
1496 5269 1556 5310 se
1591 5255 1733 5312 dicat
1770 5261 2005 5327 tacuisse,
2033 5259 2120 5317 hic

519 5346 720 5404 iterum
754 5363 814 5403 se
843 5347 1096 5401 clamasse
1135 5346 1433 5416 proﬁtetur.
1477 5347 1584 5404 Sed
1625 5351 1782 5404 tacuit
1816 5351 2112 5420 Divinitati,

517 5441 602 5496 cui
641 5441 840 5516 jugiter
884 5440 1188 5512 supplicare
1231 5439 1528 5498 debuisset.
1581 5439 1833 5498 Clamavit
1885 5445 1976 5513 qui
2021 5458 2118 5513 per

515 5535 689 5606 spatia
736 5534 877 5606 longi
929 5534 1185 5604 temporis
1229 5534 1297 5591 de
1345 5543 1450 5590 sua'
1479 5534 1864 5606 justiﬁcatione
1907 5536 2118 5591 locutus

516 5638 622 5687 est.
647 5628 829 5686 Tacui:
856 5647 985 5702 ergo
1015 5631 1156 5702 quod
1187 5629 1331 5701 loqui
1360 5629 1436 5683 fas
1467 5628 1594 5695 fuit;
1624 5629 1832 5685 locutus
1860 5640 1944 5686 est
1971 5629 2115 5704 quod

516 5731 696 5782 tacere
723 5726 1022 5784 debuisset.
1056 5724 1146 5780 Sic
1173 5727 1371 5777 tactum
1400 5730 1482 5774 est
1511 5729 1797 5791 utrumque
1827 5723 2114 5794 culpabile,

515 5820 758 5888 quamvis
802 5819 1048 5876 videatur
1099 5829 1225 5872 esse
1269 5811 1568 5890 diversum.
1619 5811 1890 5872 Memento
1936 5822 2116 5875 autem

2221 3325 2481 3398 justitiam
2521 3339 2691 3378 meam
2730 3339 2834 3377 non
2874 3324 3074 3395 operui.
3119 3323 3275 3380 Sicut
3319 3326 3570 3395 superius
3599 3321 3792 3383 ditent,

2229 3416 2371 3472 unde
2404 3416 2579 3472 fuerat
2606 3415 2938 3483 vulneratus,
2997 3415 3069 3470 ita
3099 3427 3244 3471 nunc
3279 3417 3507 3472 veniens
3545 3414 3610 3469 ad
3638 3424 3794 3468 secun-

2177 3541 2182 3544 ·
2227 3510 2352 3566 dam
2387 3518 2616 3579 partem,
2651 3507 2818 3564 refert
2853 3507 2994 3564 unde
3029 3523 3238 3574 curam,
3278 3511 3514 3566 Domino
3549 3506 3797 3577 largiente.

2228 3606 2553 3676 perceperit.
2603 3601 2649 3657 0
2688 3601 2962 3672 ingeniosa
3006 3601 3355 3674 simplicitas,
3395 3612 3453 3659 et
3498 3602 3640 3658 mille
3671 3594 3798 3666 tergi-

2226 3695 2595 3764 versatoribus
2647 3697 2852 3749 cautior
2911 3695 3158 3762 puritas!
3209 3693 3294 3751 llli
3355 3696 3555 3751 dieitur
3601 3693 3801 3749 delictum

2227 3791 2396 3847 fuisse
2427 3789 2842 3854 manifestatum,
2873 3787 2958 3843 cui
2986 3788 3116 3843 nihil
3148 3791 3431 3844 occultum
3460 3799 3562 3855 est,
3588 3787 3649 3841 ad
3674 3795 3800 3855 quem

2143 3870 2165 3882 ’
2228 3885 2347 3954 plus
2381 3883 2575 3939 clamat
2607 3895 2767 3937 causa
2799 3896 2956 3951 quam
2990 3881 3198 3952 lingua;
3241 3885 3337 3952 qui
3383 3886 3492 3939 etsi
3523 3882 3588 3937 ab
3616 3877 3802 3946 homine

2227 3990 2334 4032 non
2362 3975 2561 4042 audiat,
2597 3974 2795 4028 certius
2838 3973 3014 4027 omnia
3048 3973 3193 4028 novit
3220 3990 3393 4045 quam
3437 3976 3530 4030 ille
3574 3970 3658 4042 qtti
3684 3965 3801 4023 facit.

2227 4068 2335 4127 Sed
2364 4067 2468 4123 hoc
2493 4074 2578 4122 est
2605 4066 2866 4137 cognitum
2895 4065 3085 4134 facere,
3117 4067 3169 4120 in
3197 4066 3612 4124 confessionem
3639 4061 3800 4117 delicta

2227 4160 2542 4232 perducere.
2593 4157 2805 4228 Oper-ire
2841 4166 2924 4212 est
2963 4167 3143 4213 autem
3183 4158 3350 4214 valde
3387 4157 3591 4230 aliquid
3629 4149 3806 4211 silentio

2228 4263 2430 4324 tegere,
2460 4259 2552 4306 aut
2579 4251 2759 4306 cordis
2787 4249 3219 4307 dissimulatione
3250 4255 3465 4310 celare.
3501 4254 3612 4308 lloc
3642 4248 3810 4304 iaciunt

2226 4344 2401 4412 stulti,
2431 4345 2521 4415 qui
2561 4349 2749 4413 putant
2781 4342 2947 4398 Deum
2977 4343 3228 4412 ignorare
3269 4361 3439 4416 posse
3479 4344 3624 4416 quod
3660 4342 3808 4410 agunt.

2226 4436 2444 4503 Contra,
2483 4435 2574 4506 qui
2605 4434 2755 4489 illum
2791 4443 3061 4489 noverunt
3089 4450 3175 4489 res
3211 4451 3414 4492 omnes
3444 4437 3651 4492 habere
3673 4427 3813 4488 mani-

2233 4528 2420 4592 festas,
2443 4529 2512 4583 ad
2545 4527 2806 4582 humilem
2827 4526 3226 4583 confessionem
3259 4539 3316 4585 et
3349 4527 3689 4600 paenitentiae
3715 4530 3814 4577 vota

2229 4621 2606 4694 descendunt,
2669 4636 2740 4677 ne
2778 4621 3016 4694 iudicem
3063 4624 3344 4694 patiantur
3396 4625 3706 4693 infensum,
3747 4613 3816 4686 (ιιιὶ

2228 4716 2524 4786 propitium
2594 4714 2792 4770 habere
2848 4722 3099 4783 poterant
3151 4715 3519 4776 advocatum.
3592 4713 3818 4786 Delictum

2225 4823 2355 4865 vero
2390 4808 2607 4879 quidam
2649 4807 2767 4861 leve
2807 4814 3132 4876 putaverunt
3165 4822 3288 4863 esse
3329 4819 3648 4878 peccatum,
3689 4796 3817 4874 quasi

2224 4897 2581 4969 negligentius
2619 4897 2976 4964 derelictum;
3027 4898 3348 4978 iniustitiam
3389 4911 3578 4956 autem
3619 4898 3823 4953 immane

2227 4990 2428 5060 aliquid
2457 5003 2772 5060 saavumque
2798 4990 3172 5044 commissum.
3209 4990 3322 5046 Sed
3361 4992 3695 5063 hic‘puritas
3718 4998 3824 5041 con-

2227 5083 2426 5138 ﬁtentis
2471 5083 2804 5149 ostenditur,
2853 5071 2910 5138 ut
2950 5095 3050 5138 nec
3098 5079 3232 5138 illud
3277 5079 3488 5154 passus
3531 5089 3608 5141 sit
3653 5080 3824 5140 celare,

2226 5175 2370 5246 quod
2399 5173 2728 5229 credebatur
2756 5173 2877 5231 fore
2901 5175 3134 5233 veniale.

2300 5272 2456 5329 Vers.
2490 5273 2542 5327 7.
2591 5270 2735 5341 Dixi,
2764 5274 3110 5343 pronuntiabo
3141 5274 3432 5332 aduersum
3462 5293 3550 5334 me
3578 5270 3832 5350 iniustitia!

2150 5403 2184 5419 .-
2228 5380 2365 5432 meas
2387 5360 2610 5418 Domino
2629 5379 2648 5418 :
2673 5371 2721 5418 et
2748 5373 2804 5420 tu
2830 5365 3070 5420 remisisti
3124 5367 3460 5438 impietatem
3493 5369 3668 5424 cordis
3695 5366 3830 5438 [mss

2228 5455 2420 5522 A.,B.,
2445 5453 2529 5520 F.,
2553 5454 2770 5528 peccati]
2815 5457 2934 5512 mei.
2990 5457 3088 5514 llic
3113 5473 3312 5530 magna
3345 5462 3533 5530 pietas
3558 5452 3836 5518 Divinitatis

2225 5543 2564 5612 ostenditur,
2625 5553 2682 5600 ut
2727 5545 2794 5600 ad
2846 5545 3016 5601 solam
3069 5548 3502 5617 promissionem
3556 5540 3836 5622 devotionis

2225 5636 2404 5692 subito
2451 5643 2666 5704 peccata
2715 5637 3010 5706 laxavet-it,
3055 5639 3270 5709 quando
3325 5643 3414 5697 sic
3455 5643 3668 5712 judicat
3713 5642 3836 5710 pium

2225 5735 2441 5793 votum,
2482 5726 2936 5797 quemadmodum
2986 5727 3323 5801 operationis
3381 5731 3666 5787 effectum.
3718 5723 3840 5784 Dixit

2197 5869 2199 5872 ι
2225 5817 2370 5876 enim
2399 5817 2456 5874 in
2484 5818 2644 5876 corde
2669 5833 2788 5890 suo,
2812 5819 3042 5880 Domino
3069 5838 3176 5881 non
3208 5831 3406 5883 tacere
3433 5841 3562 5900 quae
3587 5828 3840 5900 gesserat;

3911 619 3913 642 l

3911 2633 3913 2652 l
