4004 6342
238 378 344 436 221

1166 374 1525 435 EXPOSITIU
1566 374 1627 429 ἱῗῖ
1671 374 2132 441 [‘SMJERIUH.
2173 377 2366 439 PSAL.
2409 379 2600 437 XXXI.

3418 376 3528 435 2‘23

240 507 297 552 ct
323 495 697 568 tanquamjam
720 503 905 551 cuncta
933 494 1242 566 prodiderit,
1272 497 1342 551 ita
1368 495 1442 552 illi
1470 496 1689 551 remissa
1712 502 1835 550 sunt
1857 500 1914 562 Λ
1940 498 2219 555 conclusio
2258 500 2572 571 paenitentis
2622 497 2675 554 in
2717 497 2912 557 timore
2953 499 3295 571 prmsentium
3343 506 3398 554 et
3426 512 3527 569 Spe

238 606 362 660 qua:
409 589 572 643 voluit
619 588 890 653 confiteri;
948 586 1139 642 merito
1176 588 1389 658 quando
1434 589 1662 658 aliquem
1717 588 1835 643 sola

238 682 488 735 Voluntas
530 690 621 734 attt
661 680 908 751 absolvit,
951 688 1042 733 aut
1081 681 1251 751 punit.
1304 678 1657 735 Pronuntialzo
1680 682 1831 752 dicit,

238 773 456 845 publice
494 758 719 839 fatebor,
762 786 818 829 ut
856 773 989 828 alios
1027 770 1092 828 ad
1137 774 1481 832 imitationem
1527 776 1706 834 trahat
1746 781 1833 849 pia

236 868 522 939 ﬁdelisqtte
551 868 840 923 confessio.
880 867 1130 938 Sequitur
1157 867 1225 925 de
1248 868 1588 928 accusatione
1620 873 1831 942 prapria

233 948 473 1016 salutare
502 958 817 1028 remedium,
858 962 1070 1031 quando
1103 961 1337 1033 pepercit
1362 960 1552 1036 iudex,
1580 979 1700 1021 cum
1730 965 1832 1020 sibi

233 1052 343 1107 non
375 1065 615 1124 parceret
659 1070 804 1109 reus.
851 1054 1099 1125 Impietas
1134 1068 1316 1120 autem
1356 1063 1524 1116 cordis
1552 1060 1677 1128 fuit,
1709 1063 1833 1131 quia

232 1160 421 1202 tacere
465 1147 808 1215 decreverat;
860 1159 917 1203 ut
953 1148 1029 1203 illi
1069 1164 1128 1205 se
1164 1155 1413 1209 crederet
1446 1154 1705 1219 celatum,
1740 1154 1830 1224 qui

232 1253 519 1311 antequam
550 1245 680 1299 fiant
708 1242 910 1310 omnia.
942 1256 1121 1319 potest
1152 1249 1352 1306 habere
1383 1250 1683 1305 notissima.

312 1333 467 1390 V'ers.
509 1336 562 1389 8.
613 1335 718 1392 Pro
759 1337 859 1395 Itac
903 1341 1067 1396 orabit
1110 1342 1177 1395 ad
1222 1350 1270 1396 te
1318 1344 1481 1396 omnis
1524 1352 1728 1396 sanctus
1774 1343 1830 1396 in

233 1431 460 1494 tempore
502 1437 815 1498 appetitum).
869 1430 1092 1485 Peracto
1133 1433 1289 1509 igitur
1323 1432 1613 1502 principio,
1644 1448 1828 1487 narra-

231 1516 380 1574 tione
408 1520 492 1576 vel
519 1522 906 1589 satisfactione,
938 1528 1081 1580 venit
1108 1526 1172 1579 ad
1203 1527 1600 1581 conclusionem
1630 1526 1831 1595 depre»

235 1612 467 1668 nationis
495 1630 638 1686 sum,
678 1616 732 1669 in
762 1632 863 1688 qua
908 1619 988 1673 sic
1018 1620 1356 1675 commendat
1398 1619 1566 1674 venire
1595 1620 1831 1689 postula-

233 1696 474 1771 tionem,
526 1718 581 1761 ut
622 1723 741 1764 eam
786 1710 947 1764 etiam
994 1712 1194 1766 sanatis
1241 1712 1490 1766 omnibus
1531 1711 1674 1766 ditat
1712 1725 1833 1767 esse

233 1816 581 1858 communem
610 1822 623 1858 :
657 1807 872 1875 merito,
900 1809 1268 1878 quoniamqui
1297 1826 1402 1865 non
1432 1818 1514 1865 est
1542 1825 1572 1864 a
1602 1810 1833 1879 peccatis

1936 589 2262 646 futurorum.
2312 592 2524 660 Venite,
2575 600 2839 656 oratores,
2884 590 2975 664 qui
3024 592 3234 662 negotia
3292 591 3522 645 humana

1938 680 2226 738 artiliciosa
2276 683 2570 739 subtilitate
2616 682 2887 749 tractatis;
2932 680 3112 737 videte
3152 697 3301 735 reum
3345 696 3403 735 se
3448 678 3526 734 la-

1938 774 2136 847 crymis
2168 776 2487 843 diluentem,
2520 776 2699 831 audite
2732 785 3068 847 peccatorctn
3096 771 3525 831 confessionibus

1938 868 2263 935 absolutum,
2302 867 2581 938 intelligite
2616 869 2934 923 sententiam
2965 868 3218 939 principis
3246 884 3350 923 non
3378 870 3524 922 salu-

1939 973 2044 1020 tem
2075 963 2306 1018 hominis
2337 962 2621 1032 impetere,
2654 963 2747 1019 sed
2776 964 2955 1034 p0tius
2997 972 3219 1036 peccata
3247 956 3523 1021 damnare.

1937 1054 2040 1109 Ista
2069 1065 2193 1110 sunt
2231 1055 2536 1122 tribunalia,
2559 1071 2680 1127 quae.
2708 1056 2885 1111 nullus
2909 1057 3141 1124 redimit,
3174 1060 3274 1112 ista
3303 1066 3524 1112 senten~

1938 1150 2008 1204 tia
2044 1166 2165 1220 qua:
2206 1149 2338 1204 nihil
2377 1149 2479 1205 sub
2514 1150 2859 1220 ambiguitate
2899 1150 3165 1208 demeruit.
3211 1149 3327 1205 Tali
3368 1151 3526 1204 modo

1937 1243 2112 1312 potius
2151 1256 2338 1297 causas
2376 1250 2582 1297 vestras
2628 1241 2929 1310 defendite,
2976 1242 3067 1312 qui
3107 1242 3349 1312 negando
3388 1224 3524 1297 veri;-

1938 1343 2133 1403 tatem,
2191 1352 2313 1390 cum
2374 1334 2687 1390 criminibus
2752 1335 3053 1392 consuestis
3103 1335 3295 1391 delicta
3350 1347 3525 1390 vestra

1938 1431 2182 1486 miscere.
2207 1424 2524 1486 Convertite
2545 1430 2791 1488 ordinem
2819 1432 3159 1488 smeularium
3178 1431 3522 1503 judiciorutn.

1938 1524 2236 1577 orationem
2286 1534 2515 1578 vestram
2568 1524 2634 1577 ab
2673 1522 2898 1594 epilogis
2947 1522 3198 1592 incipite,
3246 1534 3525 1593 pchcrsas

1938 1615 2188 1670 ﬂebiliter
2242 1623 2457 1669 narrate
2507 1614 2781 1681 miserias,
2832 1616 3226 1669 correctionem
3282 1609 3527 1681 protinus

1940 1711 2203 1766 veraciter
2235 1710 2498 1771 intimate,
2524 1720 2577 1763 et
2603 1723 2744 1763 nunc
2775 1706 3052 1763 meremini
3081 1704 3374 1776 gaudentes
3402 1719 3527 1758 cnn~

1940 1803 2159 1859 cludere
2196 1801 2337 1873 quod
2379 1798 2567 1856 flentes
2607 1800 2836 1855 feliciter
2875 1792 3187 1855 inchoastis.
3224 1796 3356 1850 llinc
3384 1793 3525 1850 enim

232 1897 468 1963 alienus,
514 1900 567 1952 in
616 1901 1097 1969 supplicationibus
1144 1902 1305 1957 debet
1357 1917 1477 1958 csse
1518 1904 1827 1972 permistus.
1863 1904 1910 1965 Β
1938 1895 2246 1965 intelligetis
2289 1893 2416 1965 quid
2458 1892 2671 1949 differat
2705 1894 2838 1948 otdo
2883 1892 2982 1947 iste
3011 1890 3285 1955 salutaris,
3315 1885 3528 1959 quando

222 1990 280 2048 ,Ο
313 1989 579 2045 medicina
616 1991 895 2047 salutaris!
944 1994 1139 2048 Contra
1171 1994 1388 2050 morbos
1427 1994 1667 2050 omnium
1700 2011 1827 2065 pec-

218 2089 511 2147 catorum,
553 2083 762 2139 diversa
807 2085 1043 2140 remedia
1083 2096 1403 2155 prtestantur
1444 2090 1685 2157 aegrotis;
1729 2092 1832 2144 hoc

236 2187 403 2226 unum
434 2176 754 2243 antidmum,
786 2176 831 2231 si
865 2191 995 2245 pura
1026 2186 1204 2232 mente
1222 2179 1470 2242 sumitur,
1508 2178 1831 2234 delictorum

237 2266 475 2319 omnium
515 2282 718 2322 venena
759 2268 1064 2324 vincuntur.
1107 2268 1345 2335 Addidit,
1384 2271 1437 2324 in
1476 2279 1701 2341 tempore
1738 2288 1830 2342 op-

237 2369 483 2428 portuuo,
517 2359 568 2413 in
610 2360 713 2414 ista
749 2361 951 2416 scilicet
982 2360 1163 2415 mundi
1199 2362 1324 2425 vita,
1366 2361 1453 2415 ubi
1478 2363 1719 2417 converti
1753 2362 1829 2415 fas

236 2459 352 2517 est;
399 2466 518 2507 nam
552 2450 604 2505 in
637 2450 872 2518 inferno,
903 2453 1040 2507 sicut
1069 2453 1317 2522 superius
1360 2452 1413 2506 in
1445 2461 1597 2508 sexto
1624 2452 1830 2523 psalmo

238 2540 444 2595 dictum
474 2553 576 2609 est,
610 2559 768 2598 nemo
799 2544 1035 2613 proficue
1065 2544 1294 2599 Domino
1324 2546 1630 2600 conﬁtetur.

318 2633 465 2688 Vers.
492 2634 546 2690 9.
579 2634 941 2689 Verumtamen
968 2637 1021 2689 in
1043 2637 1235 2690 diluvio
1256 2652 1506 2707 aquarum
1528 2637 1826 2701 multarum,

239 2725 308 2784 Id
349 2742 469 2780 eum
511 2742 615 2779 non
651 2726 1103 2794 approximabunt.
1152 2728 1286 2782 Cum
1328 2728 1572 2797 superius
1617 2736 1829 2783 sanctos

240 2821 439 2888 iugiter
481 2834 637 2873 orare
684 2829 926 2884 testetur,
978 2836 1120 2875 nunc
1168 2820 1420 2890 pietatem
1470 2823 1624 2874 istam
1675 2830 1832 2891 negat

245 2910 472 2966 diversis
541 2911 1016 2979 superstitionibus
1076 2913 1496 2969 concedendam.
1574 2912 1834 2967 Diluvium

247 3002 387 3059 enim
423 3017 674 3071 aquarum
717 3000 994 3056 multarum
1030 3012 1114 3060 est
1150 3018 1305 3059 error
1345 3005 1620 3059 hominum
1662 3008 1835 3076 pessi-

248 3108 479 3162 morum,
512 3094 600 3163 qui
633 3094 798 3149 variis
826 3095 1176 3163 pravitatibus
1202 3095 1547 3166 ﬂuctuantes,
1578 3099 1836 3169 multipli-

246 3202 342 3244 ces
371 3188 472 3242 sibi
502 3188 776 3244 doctrinas
801 3192 1158 3256 constituunt,
1189 3205 1321 3261 quas
1353 3205 1381 3244 a
1413 3206 1542 3246 vero
1583 3191 1835 3262 Magistro

1936 1987 2069 2043 nihil
2109 1964 2285 2057 potest
2310 1964 2595 2040 sustinere
2633 1984 2984 2050 contrarium,
3029 1982 3170 2051 quod
3213 1964 3573 2035 terminatur‘

1937 2080 1989 2135 in
2018 2079 2295 2150 gaudium.
2342 2076 2493 2132 Nunc
2531 2076 2806 2131 videamus
2846 2075 2896 2130 in
2935 2086 3084 2144 parte
3123 2072 3366 2139 finitima,
3404 2066 3528 2139 quid

1940 2176 1990 2229 ei
2012 2171 2269 2227 Dominus
2302 2171 2418 2241 ipse
2446 2171 2788 2240 respondeat.

2012 2273 2166 2328 ‘v'crs.
2211 2272 2297 2326 11.
2339 2271 2671 2325 Intellectum
2707 2270 2839 2325 dabo
2878 2269 2989 2339 tibi,
3028 2279 3075 2324 et
3111 2270 3360 2323 instruant
3397 2276 3443 2321 te
3479 2268 3529 2320 in

1938 2371 2020 2424 cia
2050 2368 2144 2421 hac
2175 2384 2274 2438 qua
2305 2367 2639 2438 ingrediaris;
2667 2367 2886 2435 ﬁrmabo
2911 2381 3066 2434 super
3097 2373 3142 2417 te
3172 2362 3344 2417 oculos
3371 2377 3529 2415 meos.

1945 2460 2098 2516 Venit
2128 2460 2194 2514 ad
2233 2468 2475 2530 quartam
2522 2466 2748 2527 partem,
2799 2457 2889 2511 ubi
2925 2471 3105 2511 sermo
3137 2456 3345 2510 Domini
3378 2452 3529 2524 quasi

1936 2553 2224 2610 mellilluns
2274 2552 2447 2607 imber
2494 2553 2709 2606 irrorat.
2763 2549 2867 2604 Sed
2922 2547 3323 2603 considrremus
3370 2561 3530 2617 quam

1936 2656 2081 2715 apte,
2129 2661 2286 2716 quam
2336 2644 2756 2699 misericorditer
2796 2640 3041 2696 Christus
3088 2642 3419 2695 introductus
3449 2648 3531 2693 est

1934 2728 2190 2809 loquens;
2232 2747 2291 2793 ut
2338 2740 2453 2806 ipso
2487 2737 2667 2807 judice
2707 2736 3067 2805 promittente,
3113 2748 3235 2801 spes
3267 2732 3533 2801 peniten-

1939 2820 2082 2887 tibus
2130 2833 2326 2886 certior
2369 2839 2670 2899 apparerct.
2722 2828 2828 2882 Sed
2876 2827 3001 2896 quid
3047 2826 3179 2880 dicit
3230 2825 3533 2895 imprimis?

1941 2925 2266 2980 Intellectum
2305 2923 2436 2975 dabo
2467 2921 2577 2974 tibi.
2627 2919 2786 2973 Vides
2814 2919 2935 2988 quia
2966 2926 3274 2988 peccatores
3304 2930 3407 2970 non
3442 2914 3533 2969 ha-

1940 3020 2071 3075 bent
2109 3018 2467 3078 intellectutn,
2501 3013 2600 3067 nisi
2639 3011 2853 3082 quando
2881 3026 3003 3065 eum
3034 3009 3286 3064 Dominus
3314 3023 3534 3064 conver-

1942 3112 2016 3167 sis
2064 3109 2389 3182 propitiatus
2421 3106 2677 3175 indulget.
2736 3104 3038 3171 lntelligere
3076 3110 3157 3157 est
3198 3101 3365 3168 enim,
3400 3100 3535 3156 bene

1943 3219 2123 3273 agere,
2155 3213 2208 3258 et
2234 3201 2300 3255 ad
2330 3200 2576 3254 mandata
2602 3199 2693 3252 Dei
2728 3206 2847 3252 vota
2878 3203 3214 3251 cntivertere.
3248 3195 3364 3262 Ipse
3393 3198 3536 3251 enim

248 3284 551 3340 nullatenus
576 3294 917 3354 acceperunt.
948 3286 1077 3352 Quae
1101 3285 1367 3341 sententia
1400 3286 1631 3341 maxime
1662 3292 1836 3342 ltwre-
1866 3280 1910 3344 C
1942 3298 2227 3352 intellectus
2273 3306 2375 3363 est,
2420 3310 2579 3365 quem
2628 3292 2763 3347 tituli
2812 3292 3011 3346 veritas
3059 3289 3331 3356 indicavit,
3379 3305 3536 3360 quem

249 3378 388 3433 ticos
413 3379 606 3448 arguit,
642 3379 733 3447 qui
769 3379 822 3432 in
857 3379 1050 3432 diluvio
1078 3379 1453 3449 perversitatis
1484 3393 1597 3436 sua:
1637 3388 1840 3449 tempe-

252 3479 462 3526 stuosas
493 3480 546 3526 et
576 3472 862 3543 naufragas
891 3473 1133 3528 excitant
1178 3474 1527 3543 quaestiones.
1582 3475 1647 3531 Et
1680 3475 1732 3529 lti
1773 3475 1839 3528 ad

252 3582 366 3623 sum
411 3580 511 3618 non
552 3566 1004 3636 approximabunt,
1056 3566 1309 3638 quoniam
1355 3582 1385 3621 a
1420 3582 1543 3622 vera
1586 3567 1843 3638 religione

253 3661 552 3719 discedunt.
636 3646 783 3726 Quae
816 3662 980 3730 figura
1037 3661 1228 3716 dicitur
1272 3662 1616 3733 metaphora,
1665 3663 1718 3717 id
1762 3672 1844 3731 est

252 3752 555 3819 translatio,
604 3767 725 3806 cum
778 3761 1017 3805 mutatur
1055 3767 1247 3807 nomen
1294 3762 1384 3806 aut
1424 3753 1642 3807 verbum
1680 3769 1742 3807 ex
1777 3732 1842 3809 eo

253 3844 378 3898 loco
409 3844 494 3898 ubi
533 3843 807 3915 proprium
841 3855 945 3913 est,
980 3843 1031 3899 in
1063 3860 1183 3899 eum
1220 3845 1271 3899 in
1307 3862 1411 3915 quo
1447 3855 1537 3901 aut
1570 3845 1841 3917 proprium

252 3937 428 4005 deest,
459 3947 548 3993 aut
581 3938 893 3993 translatum
926 3938 1143 4009 proprio
1173 3940 1363 3994 melius
1395 3949 1497 3996 est.

329 4037 486 4093 Vers.
541 4037 626 4093 10.
687 4035 763 4092 Tu
813 4038 936 4091 milii
982 4054 1033 4092 es
1080 4030 1333 4109 refugium
1375 4056 1407 4091 a
1449 4055 1684 4109 pressura
1731 4057 1845 4110 qua:

253 4131 590 4187 circumdedit
620 4149 699 4186 me
726 4150 745 4188 :
775 4132 1048 4187 exsultatio
1075 4149 1210 4196 mea,
1240 4134 1431 4189 redime
1462 4150 1539 4187 me
1565 4152 1595 4187 a
1625 4135 1845 4188 ein-um-

254 4223 497 4279 dantibus
537 4241 637 4279 me.
664 4224 963 4301 'Refugium
1006 4234 1090 4279 est
1126 4223 1193 4277 ad
1234 4225 1374 4294 quod
1421 4224 1744 4301 confugitur,
1789 4235 1847 4279 ut

256 4318 493 4393 pericula
539 4316 897 4373 declinentur.
972 4316 1076 4372 Sed
1123 4314 1222 4370 iste
1268 4331 1373 4371 non
1420 4317 1488 4372 ad
1533 4317 1848 4372 solitudines

238 4396 458 4477 invias,
499 4426 604 4466 non
652 4410 716 4465 ad
749 4410 948 4465 munita
994 4420 1313 4476 castrorum,
1349 4406 1455 4464 non
1502 4408 1567 4463 ad
1617 4408 1848 4465 hominis

255 4492 460 4558 auxilia
491 4502 799 4558 convolavit
832 4520 844 4558 :
878 4503 971 4558 sed
1001 4503 1067 4557 ad
1099 4502 1297 4567 Deum,
1329 4502 1418 4573 qui
1450 4502 1847 4561 circumeuntes

256 4592 566 4667 spiritttales
608 4597 855 4653 inimicos
899 4606 1111 4667 poterat
1152 4591 1438 4668 dissipare.
1489 4596 1692 4653 Deinde
1722 4612 1852 4667 gau-

238 4690 408 4763 dium
441 4706 595 4746 suum
630 4690 760 4745 dicit
796 4687 1104 4759 Dominum,
1137 4707 1167 4745 a
1195 4706 1302 4762 quo
1333 4691 1434 4746 sibi
1472 4701 1693 4747 noverat
1735 4707 1854 4747 esse

258 4783 610 4856 parcendum.
654 4782 787 4837 Nam
826 4783 969 4852 quod
1000 4783 1095 4853 ait,
1131 4784 1321 4836 redime
1357 4799 1457 4848 me,
1494 4782 1735 4852 nunquid
1764 4783 1855 4839 ille

261 4891 453 4931 aurum
492 4874 584 4930 dat
621 4885 675 4930 ut
709 4876 938 4932 liberet?
986 4875 1094 4932 Sed
1130 4876 1277 4932 dedit
1314 4878 1627 4949 sanguinem
1657 4878 1857 4948 pretio-

262 4983 410 5033 sum,
444 4968 604 5023 nullis
631 4968 853 5036 divitiis,
888 4970 1046 5023 nullis
1072 4970 1266 5040 Opibus
1295 4970 1703 5030 conferendum.
1748 4969 1856 5043 Sed

264 5058 427 5131 paulo
470 5059 752 5115 sollicitius
794 5060 1144 5129 indagemus,
1188 5061 1312 5130 quid
1355 5061 1510 5117 nobis
1548 5062 1711 5117 verba
1756 5062 1856 5127 ista

262 5140 624 5207 denuntient?
662 5151 793 5207 Nam
825 5167 947 5208 cum
984 5152 1133 5220 dicit,
1161 5154 1434 5208 exsultatio
1486 5170 1621 5223 mea,
1652 5154 1860 5225 accepti

264 5230 521 5325 beneficii
573 5238 783 5302 videtur
832 5262 951 5303 esse
994 5246 1287 5325 professio.
1348 5249 1482 5303 Dum
1543 5248 1856 5321 subiunxit,

264 5332 463 5396 redime
489 5358 597 5408 me,
630 5342 805 5421 adhuc
835 5340 1187 5412 periclitantis
1215 5341 1412 5405 indicat
1442 5342 1708 5398 timorem.
1754 5342 1862 5399 Sed

267 5434 394 5504 quia
432 5432 542 5504 jam
577 5435 845 5507 gaudebat
882 5436 935 5489 in
975 5449 1100 5505 spe,
1141 5443 1203 5511 et
1231 5433 1407 5490 adhuc
1439 5436 1658 5493 timebat
1696 5438 1749 5493 in
1781 5453 1860 5505 re,

265 5539 507 5596 congrue
553 5536 778 5598 utraque
822 5527 1108 5596 coniuncta
1157 5535 1303 5583 sunt.
1366 5528 1657 5586 Possumus
1718 5530 1863 5585 enim

267 5622 454 5675 animo
497 5620 751 5689 gaudere,
795 5636 916 5676 cum
965 5621 1101 5676 mala
1147 5622 1432 5691 praisentia
1474 5621 1718 5675 novimus
1764 5624 1870 5693 line

265 5712 565 5773 celerrimo~
592 5713 948 5769 terminanda.
979 5713 1218 5779 Addidit,
1249 5729 1282 5767 a
1306 5713 1739 5768 circumdantibus
1766 5732 1866 5783 me,

267 5805 386 5858 sive
428 5802 570 5855 vitiis
602 5792 939 5869 carnalibus,
973 5802 1084 5858 sive
1115 5803 1391 5873 spiritibus
1425 5802 1746 5871 immundis,
1780 5807 1868 5875 qui

265 5913 374 5956 nos
411 5896 635 5967 perdere
666 5896 925 5971 pratcipiti
961 5899 1242 5957 velocitate
1281 5899 1551 5958 festinant.
1585 5899 1755 5958 Finita
1788 5907 1873 5957 est

1944 3386 2330 3460 penitentibus
2388 3392 2624 3455 potestas
2671 3382 2884 3437 Domini
2939 3382 3234 3435 clementer
3283 3379 3535 3437 infundit.

1946 3472 2169 3538 Addidit
2202 3497 2213 3533 :
2243 3479 2310 3534 Et
2346 3479 2597 3532 instruam
2630 3486 2697 3543 te,
2746 3475 2898 3547 quasi
2946 3476 3277 3531 nescientem
3310 3475 3537 3541 docebo,

1940 3570 2097 3647 quasi
2140 3570 2396 3627 inermem
2438 3569 2615 3641 gladio
2645 3569 2767 3623 vitae
2791 3569 3040 3631 salutaris
3068 3569 3223 3641 105
3245 3570 3537 3637 aecingam.

1950 3663 2089 3724 Ante
2116 3670 2256 3722 enim
2275 3709 2289 3732 ,
2317 3681 2439 3721 cum
2468 3662 2696 3719 Domino
2725 3663 2909 3732 culpas
2940 3672 3161 3729 taceret,
3199 3662 3374 3717 fuerat
3412 3676 3538 3715 con-

1938 3746 2067 3816 isilio
2103 3759 2419 3824 destitutus;
2454 3772 2596 3813 nunc
2625 3765 2802 3811 autem
2834 3755 3142 3823 instruitur,
3175 3754 3387 3825 quando
3416 3768 3540 3808 con-

1950 3863 2027 3909 tra
2059 3869 2118 3909 se
2147 3850 2518 3923 pronuntiare,
2552 3858 2838 3920 praestante
2866 3849 3118 3915 Domino,
3150 3856 3541 3903 commonetur.

1948 3947 1991 4003 Ο
2024 3946 2349 4015 pcenitentia:
2390 3943 2781 4000 inaestimabilis
2826 3942 3122 4007 medicina,
3162 3957 3282 4012 qure
3312 3956 3419 3995 non
3459 3954 3544 3995 sos

1949 4039 2058 4093 luta
2099 4054 2129 4092 a
2168 4036 2401 4107 peccatis
2444 4036 2693 4101 absolvit,
2737 4033 2830 4088 sed
2873 4034 3034 4087 ctiam
3072 4044 3379 4087 sanctorum
3413 4048 3547 4101 prac-o

1949 4132 2056 4187 mia
2082 4133 2234 4186 beata
2256 4128 2531 4185 concedit!
2563 4128 2655 4182 Via
2678 4135 2759 4182 est
2786 4127 2928 4181 enim
2953 4141 3111 4194 quam
3141 4127 3408 4194 ingressus
3439 4126 3548 4178 fue.

1956 4234 2037 4279 rat
2074 4223 2279 4277 servire
2311 4220 2568 4286 Domino,
2602 4219 2795 4287 prioris
2826 4217 3055 4273 actionis
3098 4216 3360 4289 pravitate
3402 4206 3548 4271 dam.

1957 4302 2131 4379 nata;
2154 4313 2235 4366 via
2267 4326 2384 4383 quae
2415 4325 2520 4365 non
2555 4309 2715 4364 habet
2751 4324 3015 4377 errorem,
3055 4309 3158 4365 nisi
3189 4323 3309 4364 cum
3340 4309 3408 4364 ab
3439 4309 3549 4379 ipsa

1957 4404 2259 4471 receditur;
2294 4404 2376 4458 via
2411 4403 2555 4473 pacis
2586 4410 2639 4456 et
2680 4402 2951 4469 veritatis,
2996 4417 3153 4473 quam
3186 4388 3354 4457 beata:
3385 4403 3551 4457 virtu-

1958 4508 2040 4555 tes
2082 4507 2410 4565 commeant,
2444 4497 2534 4552 ubi
2564 4497 2706 4552 nulla
2739 4496 2902 4553 facies
2933 4499 3294 4567 perversitatis
3322 4498 3549 4554 accedit.

1958 4591 2232 4663 Sequitur,
2266 4591 2479 4659 ﬁrmabo
2501 4606 2654 4661 super
2680 4598 2725 4644 te
2747 4590 2920 4643 oculos
2946 4605 3106 4656 meos,
3141 4588 3196 4643 id
3224 4597 3306 4643 est
3329 4589 3551 4657 dirigant

1960 4684 2014 4740 in
2043 4693 2096 4740 te
2137 4684 2317 4739 ltttncu
2369 4683 2736 4753 intelligentiae
2777 4696 2932 4737 meae.
2985 4682 3116 4735 Nam
3154 4679 3242 4749 qui
3283 4690 3429 4736 recte
3468 4696 3553 4737 sa-

1962 4779 2115 4849 piens
2146 4785 2258 4843 est,
2289 4785 2343 4833 et
2381 4776 2629 4831 mandata
2666 4774 2876 4829 Domini
2911 4773 3117 4829 sincera
3152 4782 3332 4828 mente
3376 4774 3553 4841 perle-

1962 4873 2114 4937 cerit,
2154 4871 2299 4941 juSIe
2336 4870 2453 4940 ejus
2482 4872 2667 4924 oculos
2707 4883 2870 4938 super
2899 4882 2958 4925 se
2993 4868 3190 4937 habere
3218 4865 3552 4937 perhibetur.

1963 4964 2303 5032 Quapropter
2360 4962 2705 5017 advertamus
2765 4958 2908 5029 quali
2958 4958 3129 5028 gloria
3179 4958 3552 5028 pmniteutiutn

1965 5048 2226 5112 exaltetur
2268 5056 2570 5122 humilitas,
2604 5062 2662 5110 ut
2695 5054 2901 5109 Domini
2940 5054 3115 5107 oculos
3152 5068 3313 5123 supra
3358 5068 3418 5109 se
3460 5054 3554 5121 ﬁr-

1962 5152 2125 5204 matos
2153 5132 2393 5215 audiant,
2424 5163 2544 5202 cum
2574 5148 2621 5202 ei
2652 5132 2967 5202 satisfaCere
2994 5146 3135 5202 velle
3166 5147 3441 5203 festinant.

2042 5250 2191 5307 Vers.
2236 5250 2324 5305 12.
2368 5246 2547 5303 Nolite
2576 5245 2691 5317 ﬁeri
2719 5244 2849 5300 sicut
2880 5261 3039 5317 equus
3069 5256 3121 5303 et
3154 5246 3350 5315 mulus,
3376 5245 3555 5317 quibus

1966 5360 2069 5399 non
2094 5353 2167 5398 est
2192 5328 2504 5397 intellectus.

2039 5434 2197 5489 Vers.
2224 5435 2327 5521 Ι15.
2380 5428 2445 5485 1η
2482 5434 2625 5501 freno
2679 5438 2726 5486 et
2768 5446 2915 5485 canto
2955 5430 3195 5486 maxillas
3229 5444 3407 5486 eorum
3437 5446 3559 5486 con-

1972 5528 2185 5597 stringe.
2217 5524 2312 5582 llic
2334 5525 2437 5595 iam
2465 5525 2789 5595 generaliter
2810 5524 3099 5584 humanum
3124 5543 3291 5599 genus
3321 5543 3534 5584 commo

1974 5628 2067 5675 net
2096 5635 2162 5675 ne
2192 5620 2341 5693 vagis
2374 5618 2634 5674 subdatur
2665 5620 2962 5675 erroribus.
3021 5620 3127 5676 Sed
3159 5630 3556 5692 perscrutemur

1956 5728 2140 5784 quare
2180 5712 2295 5767 ista:
2334 5710 2765 5782 comparationes
2804 5714 2915 5769 sint
2956 5714 3178 5784 positae?
3227 5712 3407 5785 Equus
3445 5713 3562 5769 sine

1970 5805 2298 5884 discretione
2337 5807 2567 5863 sessoris
2606 5808 2774 5863 servit
2807 5808 3049 5874 arbitrio,
3082 5818 3137 5864 et
3178 5823 3207 5862 a
3243 5821 3563 5877 quocunque

1973 5899 2135 5959 fuerit
2162 5915 2417 5958 ascensus
2448 5902 2705 5960 excurrit.
2760 5899 2941 5957 Mutus
2970 5910 3147 5960 autem
3177 5901 3442 5974 patienter
3471 5916 3562 5960 ae-
