4004 6342
1741 403 1812 462 Μ.
1855 400 2135 464 Λυιιιιςιιι
2170 400 2579 462 CASSIODORI

3695 396 3810 454 224

511 527 645 600 cipit
663 527 904 586 sarcinas
934 526 1128 601 quibus
1149 525 1308 584 fuerit
1333 531 1617 592 oneratus;
1649 532 1704 581 et
1725 538 1823 595 pro
1849 524 1949 580 hoc
1968 525 2100 582 utri-
2130 521 2310 587 Atius
2351 538 2366 576 :
2420 521 2544 594 quia
2600 522 2828 596 diligens
2887 522 3058 581 lector
3120 521 3452 580 creberrime
3495 525 3699 595 reperit
3751 525 3808 582 in

511 636 619 692 que
657 621 985 678 intellectum
1017 636 1122 676 non
1167 617 1384 684 habent,
1418 617 1540 688 quia
1569 631 1668 672 nec
1698 617 1790 673 ille
1820 617 1974 690 eligit
2017 616 2105 675 cui

513 714 752 783 obediat,
783 729 881 770 nec
927 714 1030 769 iste
1057 711 1249 783 quibus
1277 711 1534 767 oneribus
1563 711 1872 782 ingravetur
1901 713 2104 767 intelli-

513 807 611 879 git.
658 806 914 862 Prohibet
950 818 1078 875 ergo
1117 800 1488 872 hujuscemodi
1535 801 1781 858 homines
1824 802 2105 860 diabolicis

513 879 789 955 fraudib‘us
814 896 1058 963 insideri,
1088 904 1142 950 et
1171 896 1418 951 vitiorum
1451 896 1706 950 oneribus
1736 897 2055 968 praegravari
2082 938 2098 962 ,

513 1008 581 1051 ne
619 994 760 1049 male
798 990 1098 1046 obediendo
1143 989 1408 1060 superbia:
1457 989 1624 1061 magis
1666 989 1906 1058 partibus
1950 987 2102 1042 addi-

513 1096 719 1146 cantur.
771 1085 971 1142 Verum
1019 1085 1136 1140 istis
1177 1083 1371 1140 talibus
1412 1083 1538 1154 quid
1577 1082 1708 1138 dicit
1747 1099 1866 1139 esse
1904 1080 2107 1138 facien-

512 1178 683 1236 dum?
717 1177 940 1235 Scilicet
975 1176 1119 1248 quod
1155 1176 1476 1231 animalibus
1518 1176 1966 1246 imprudentibus.
2010 1177 2105 1232 llis

511 1272 655 1330 enim
681 1269 1179 1342 comparationibus
1221 1269 1415 1324 stultos
1444 1269 1692 1326 homines
1723 1270 1931 1325 veritati
1975 1269 2104 1326 sub-

512 1363 647 1421 didit
673 1365 889 1420 invitos.
919 1362 1051 1418 Nam
1080 1362 1222 1434 quod
1251 1362 1348 1430 ait,
1379 1363 1430 1415 in
1457 1361 1625 1430 freno,
1659 1362 1725 1415 ad
1757 1377 1951 1432 equum
1983 1379 2105 1432 per-
2151 1415 2155 1420 ,

512 1458 669 1514 tinet.
718 1454 952 1512 Frenum
995 1457 1143 1512 enim
1181 1471 1212 1510 a
1254 1455 1371 1510 iero
1419 1454 1699 1511 retinendo
1742 1455 1942 1510 dictum
1989 1463 2101 1522 est;

513 1550 685 1606 ferum
731 1549 932 1620 quippe
975 1549 1173 1621 antiqui
1213 1548 1478 1605 caballum
1529 1547 1798 1603 dixerunt.
1845 1545 1913 1602 In
1956 1564 2102 1603 canto

513 1644 580 1699 ad
611 1644 814 1699 mulum
855 1643 1093 1714 reSpicit.
1153 1643 1295 1714 Ergo
1327 1642 1440 1697 haec
1469 1641 1575 1697 duo
1615 1641 1866 1696 animalia
1914 1657 2105 1712 supra-

513 1735 656 1792 dicta
695 1736 949 1792 cohibent
993 1738 1096 1792 ista
1137 1736 1454 1800 retinacula,
1496 1743 1556 1790 ut
1594 1734 1661 1790 ad
1701 1734 1981 1791 arbitrium
2017 1735 2105 1806 ju-

514 1828 690 1885 bentis
751 1829 1034 1894 incedant,
1091 1844 1160 1885 ne
1207 1829 1320 1885 suis
1369 1829 1731 1884 voluntatibus
1787 1830 2100 1890 efferantur.

455 1961 468 1968 .
515 1918 750 1977 Maxilla
793 1936 925 1977 vero
972 1921 1295 1977 adminicula
1345 1932 1470 1976 sunt
1517 1923 1860 1992 animalium,
1914 1924 2108 1995 quibus

512 2023 638 2068 esca
677 2012 983 2081 manditur,
1027 2021 1084 2068 ut
1128 2013 1370 2083 corporis
1411 2013 1518 2068 vita
1565 2024 1900 2083 procuretur.
1959 2016 2106 2085 ipsas

511 2119 644 2174 ergo
674 2104 918 2160 maxillas
957 2120 1053 2174 per
1091 2105 1314 2176 ﬁguram
1365 2105 1707 2176 allegoricam
1759 2106 1890 2163 dicit
1920 2108 2107 2166 inobe-

513 2198 784 2255 dientibus
823 2198 1020 2255 debere
1060 2199 1376 2270 constringi,
1417 2198 1470 2254 id
1504 2208 1589 2254 est
1623 2201 1806 2268 copias
1847 2202 2105 2260 victuales

513 2292 729 2363 parcius
779 2291 935 2360 dari,
988 2300 1045 2346 ut
1089 2291 1416 2362 ieiuniorum
1471 2293 1791 2350 necessitate
1840 2297 2100 2364 conclusi,

511 2382 787 2440 Creatoris
832 2381 1130 2438 subdantur
1178 2383 1426 2455 imperio.
1481 2384 1750 2456 Allegoria
1799 2395 1885 2443 est
1928 2389 2098 2455 enim,

514 2474 654 2531 sicut
681 2490 824 2546 saepe
848 2475 962 2546 iam
992 2475 1191 2531 dictum
1223 2483 1339 2542 est,
1371 2477 1585 2548 quando
1611 2478 1754 2533 aliud
1799 2481 2013 2551 dicitur,
2048 2491 2104 2539 ct

513 2565 663 2621 aliud
706 2567 1058 2638 significatur.
1100 2565 1163 2622 Et
1193 2568 1444 2638 quoniam
1477 2569 1708 2626 diximus
1740 2573 1790 2627 in
1823 2572 1923 2628 hac
1951 2583 2102 2643 parte

515 2657 805 2715 Dominum
853 2658 1122 2716 Christum
1174 2659 1359 2731 loqui,
1419 2663 1710 2733 constringe
1754 2662 1886 2718 dicit
1931 2663 2098 2734 Patri,

513 2752 638 2824 quia
686 2761 888 2810 sanctis
930 2751 1208 2809 Trinitatis
1256 2767 1422 2809 unum
1467 2755 1634 2822 velle,
1687 2770 1790 2812 una
1837 2764 2098 2828 potestas,

512 2858 616 2902 una
645 2845 952 2918 cooperatio
979 2853 1082 2902 est.

585 2940 741 2998 Vers.
784 2942 875 2997 14.
915 2941 1018 3010 Qui
1044 2957 1147 2996 non
1175 2943 1472 3014 proximant
1502 2943 1571 2997 ad
1603 2953 1670 3010 te,
1703 2945 1863 3000 multa
1893 2946 2102 3018 ﬂagella

512 3046 856 3108 peccatorum.
923 3037 982 3090 ln
1042 3037 1314 3107 praedictis
1384 3037 1558 3093 adhuc
1615 3042 2105 3109 comparationibus

513 3135 845 3198 perseverat.
889 3125 1120 3183 Necesse
1149 3138 1234 3182 est
1273 3128 1419 3183 enim
1454 3137 1514 3184 ut
1553 3130 1802 3186 animalia
1845 3132 2105 3192 indomita

511 3220 724 3278 frenum
767 3220 1035 3291 accipiant
1072 3230 1128 3276 et
1177 3222 1385 3292 ﬂagella
1425 3222 1713 3292 patiantur,
1745 3224 1917 3282 donec
1955 3238 2104 3285 recto

516 3315 733 3372 tramite
756 3315 896 3369 viam
929 3328 1153 3385 carpere
1183 3326 1560 3373 consuescant.
1590 3319 1734 3374 Ordo
1778 3329 1958 3378 autem
1986 3338 2107 3380 ver-

509 3403 698 3464 borum
729 3405 850 3461 talis
874 3415 998 3462 est:
1029 3405 1202 3460 Multa
1229 3408 1438 3479 ﬂagella
1466 3419 1594 3465 sunt
1623 3411 1967 3484 peccatorum,
2015 3415 2106 3486 qui

511 3517 616 3556 non
637 3499 933 3573 proximam
951 3498 1020 3552 ad
1037 3507 1105 3555 te.
1133 3499 1238 3557 Sed
1261 3501 1517 3558 dicendo:
1541 3503 1643 3572 Qui
1665 3522 1766 3560 non
1786 3508 2102 3578 proximam,

511 3593 751 3651 ostendit
793 3592 1054 3664 quosdam
1097 3605 1408 3666 peccatores
1449 3598 1679 3655 Domino
1721 3602 2102 3674 propinquare,

511 3688 602 3758 qui
641 3687 770 3742 licet
803 3687 1118 3760 delinquant
1163 3689 1532 3748 imbecillitate
1576 3693 1776 3761 carnis,
1822 3708 1854 3748 a
1882 3695 1986 3766 piis
2025 3705 2104 3752 ta-

512 3793 639 3834 men
669 3779 917 3850 precibus
963 3796 1070 3837 non
1102 3781 1380 3838 recedunt.
1427 3783 1504 3838 llli
1535 3784 1676 3840 enim
1705 3785 1796 3856 qui
1825 3795 2106 3842 contuma-

516 3870 617 3927 cia:
659 3871 850 3941 spiritu
880 3886 910 3928 a
941 3871 1170 3929 Domino
1205 3873 1494 3944 secedunt,
1531 3884 1780 3946 tanquam
1810 3891 2105 3947 pavescen-

511 3968 598 4018 tes
643 3961 876 4032 objecta,
926 3979 1028 4020 nec
1074 3965 1318 4022 volentes
1367 3967 1447 4023 ire
1489 3982 1584 4038 per
1631 3969 1855 4025 semitas
1904 3982 2103 4042 rectas,

508 4055 672 4111 multa
691 4057 903 4128 ﬂagella
926 4059 1224 4130 sustinent;
1259 4070 1316 4116 ut
1343 4060 1486 4131 quod
1519 4076 1624 4116 non
1655 4061 1858 4120 faciunt
1887 4075 2101 4136 sponte,

505 4148 676 4222 plagis
713 4149 970 4207 adhibitis
1007 4161 1269 4224 cogantur
1309 4154 1554 4225 implere.
1599 4154 1704 4212 Sed
1748 4156 1850 4212 ista
1895 4158 2105 4230 ﬂagella

505 4251 779 4314 suntquae
805 4257 904 4298 nos
932 4243 1182 4300 celeriter
1211 4255 1426 4313 sanant,
1458 4262 1576 4318 quae
1614 4263 1712 4304 nos
1745 4247 2004 4306 velociter
2041 4251 2107 4307 li-

506 4331 720 4400 berant,
751 4344 807 4390 et
835 4335 891 4390 in
919 4336 1059 4391 viam
1091 4337 1331 4394 veritatis
1361 4339 1651 4398 adducunt.

578 4424 736 4480 Vers.
775 4426 862 4481 15.
904 4425 1183 4495 Sperantes
1221 4439 1392 4485 autem
1421 4432 1473 4484 in
1500 4431 1722 4486 Domino
1751 4431 2104 4487 misericordia

505 4516 864 4572 circumdabit.
911 4515 1118 4572 Revera
1153 4517 1334 4574 divina
1368 4519 1578 4589 iustitia
1614 4536 1719 4576 non
1757 4520 2102 4591 sperantibus

2216 611 2513 681 Scripturis
2555 615 2746 681 sacris,
2779 615 2921 671 unde
2951 628 3045 670 eos
3082 613 3185 670 sibi
3216 615 3386 685 possit
3419 614 3638 683 elicere,
3669 626 3726 672 et
3754 618 3809 674 in

2212 699 2443 757 formam
2483 703 2874 771 similitudinis,
2913 719 3073 775 quam
3117 703 3483 774 praediximus,
3516 705 3809 761 collocare.

2209 790 2418 848 Suttlcit
2444 803 2624 850 autem
2661 810 2782 862 nos,
2813 798 3058 866 quamvis
3085 796 3284 863 rarius,
3318 795 3623 852 ostendisse
3666 796 3814 853 inter

2209 881 2411 954 logicas
2432 895 2574 941 artes
2603 885 2741 939 banc
2765 900 2977 956 quoque
3007 894 3211 956 partem
3235 885 3542 956 Scripturas
3571 886 3810 956 divinas,

2211 975 2312 1028 etsi
2358 989 2465 1030 non
2505 975 2714 1045 specie,
2752 975 2950 1032 virtute
2991 985 3171 1031 tamen
3204 977 3392 1048 procul
3429 977 3594 1035 dubio
3634 979 3816 1034 conti-

2210 1076 2359 1118 nere.
2393 1063 2733 1133 iiegulariter
2757 1075 2935 1121 autem
2961 1064 3238 1137 admonet,
3268 1075 3326 1122 ut
3352 1082 3459 1124 non
3487 1069 3539 1123 in
3571 1082 3631 1125 se
3649 1068 3811 1144 justi,

2209 1153 2305 1210 sed
2335 1155 2572 1210 lmtentur
2608 1156 2664 1210 in
2691 1154 2949 1225 Domino;
2987 1172 3110 1213 nam
3150 1159 3242 1230 qui
3279 1159 3334 1215 in
3373 1175 3433 1216 se
3460 1161 3687 1231 gaudet,
3720 1159 3814 1217 fal-

2207 1244 2332 1313 laci,
2363 1246 2503 1303 sicut
2533 1261 2677 1318 saipe
2704 1247 2910 1305 dictum
2942 1258 3044 1315 est,
3075 1251 3496 1322 praesumptione
3521 1252 3811 1322 decipitur;

2205 1337 2298 1407 qui
2329 1353 2458 1393 vero
2506 1339 2559 1393 in
2601 1337 2825 1395 Domino
2870 1338 3100 1408 letatur,
3147 1351 3403 1412 perpetua
3452 1341 3816 1401 delectatione

2207 1432 2524 1503 perfruitur.
2558 1432 2753 1489 Lwtari
2782 1443 2868 1492 est
2903 1437 3048 1492 enim
3084 1436 3263 1492 tacita:
3302 1437 3498 1494 mentis
3543 1440 3814 1495 suavitate

2209 1525 2460 1583 mulceri.
2505 1524 2782 1583 Exsultare
2809 1539 2893 1585 est
2927 1528 3179 1584 concitati
3223 1529 3390 1585 animi
3432 1531 3651 1587 fervore
3686 1545 3816 1602 gau-

2209 1615 2360 1672 dere.
2400 1616 2688 1688 Sequitur,
2732 1627 2780 1674 et
2809 1619 3128 1690 gloriamini,
3162 1621 3338 1676 omnes
3366 1621 3492 1676 recti
3527 1620 3707 1676 corde.
3751 1621 3817 1677 Et

2209 1706 2301 1763 hic
2337 1722 2553 1779 quoque
2588 1723 2688 1780 per
2725 1708 2952 1780 ﬁguram
2990 1710 3093 1767 ἀπὸ
3129 1717 3332 1776 κοινοῦ,
3377 1710 3433 1766 id
3469 1719 3555 1766 est
3586 1725 3618 1766 a
3659 1725 3814 1767 com-

2210 1799 2381 1866 muni,
2405 1798 2739 1871 jungendum
2764 1807 2869 1869 est,
2903 1800 2960 1856 in
2991 1800 3218 1857 Domino
3246 1801 3581 1872 gloriamini;
3604 1803 3817 1860 scilicet

2137 1905 2185 1968 Β
2210 1903 2308 1946 vos
2344 1890 2393 1946 ei
2421 1904 2542 1946 esse
2569 1891 2866 1962 subjectos,
2915 1891 3242 1962 servitioque
3283 1891 3453 1962 ipsius
3505 1891 3815 1948 libertatem

2212 1991 2450 2040 vestram
2486 1984 2692 2041 credite
2719 1985 2806 2041 vel
2835 1983 3096 2040 honorem
3131 2000 3145 2038 :
3175 1983 3305 2040 dum
3337 1997 3435 2041 vos
3478 1984 3601 2041 inde
3636 2000 3816 2042 nove-

2211 2075 2333 2132 ritis
2359 2076 2426 2131 ad
2451 2086 2666 2133 aeterna:
2693 2077 3040 2135 beatitudinis
3067 2078 3288 2148 praemia
3317 2078 3616 2148 pervenire.
3670 2077 3820 2135 Con-

2209 2166 2562 2225 siderandum
2599 2177 2682 2225 est
2725 2170 2887 2225 etiam
2929 2169 3072 2241 quod
3117 2169 3290 2242 gratia
3331 2169 3603 2226 varietatis
3640 2185 3816 2242 supra

2213 2261 2430 2330 dixerit,
2468 2263 2640 2334 justi;
2671 2277 2835 2330 nunc,
2879 2263 3003 2318 recti
3043 2263 3218 2320 corde.
3267 2262 3469 2319 Omnes
3505 2263 3640 2320 enim
3674 2265 3818 2334 justi

2211 2361 2266 2410 et
2288 2353 2412 2408 recti
2440 2362 2563 2409 sunt
2606 2345 2792 2421 cor'de;
2833 2363 2888 2410 et
2936 2369 3126 2411 rursus
3169 2355 3294 2409 recti
3333 2355 3486 2410 corde
3529 2363 3647 2412 sunt
3696 2355 3818 2412 sine

2212 2445 2546 2503 dubitatione
2587 2445 2890 2517 iustissimi.
2931 2445 3270 2520 Quapropter
3317 2463 3441 2504 cum
3487 2449 3602 2504 haec
3637 2447 3815 2506 dividi

2210 2547 2504 2610 nequeant,
2537 2553 2646 2594 non
2677 2547 2760 2595 est
2788 2539 3006 2594 dubium
3035 2554 3200 2596 causa
3231 2541 3502 2598 varietatis
3541 2542 3814 2613 apposita.

2210 2630 2380 2686 Mater
2421 2639 2502 2686 est
2537 2633 2679 2687 enim
2720 2631 3012 2698 satietatis,
3048 2631 3254 2688 eisdem
3283 2633 3462 2690 verbis
3502 2633 3816 2704 frequenter

2209 2720 2478 2791 geminata
2517 2721 2787 2792 repetitio.
2827 2722 3245 2780 Consideremus
3269 2735 3449 2782 autem
3475 2726 3599 2798 quid
3625 2728 3813 2798 paeni-

2209 2823 2329 2870 tens
2367 2815 2468 2870 iste
2506 2817 2793 2882 meruerit,
2836 2826 2892 2872 ut
2925 2817 3044 2889 ipse
3085 2820 3162 2874 illi
3197 2819 3477 2876 manifesta
3532 2836 3660 2878 voce
3727 2838 3815 2880 re-

2209 2909 2547 2980 sponderet,
2580 2912 2665 2966 cui
2702 2911 2829 2967 totis
2879 2912 3079 2969 viribus
3133 2915 3471 2986 supplicavit.
3516 2915 3609 2972 llle
3645 2918 3812 2987 paulo

2207 3009 2334 3058 ante
2385 3011 2715 3073 prostratus,
2777 3005 2867 3062 ille
2918 3007 3010 3077 qui
3053 3016 3394 3077 peccatorum
3443 3008 3617 3064 fuerat
3664 3011 3813 3066 mole

2209 3110 2572 3168 compressus,
2614 3098 2756 3154 inter
2787 3102 2960 3171 justas
3003 3111 3411 3170 annumeratur,
3462 3101 3602 3156 inter
3641 3111 3813 3158 rectos

2208 3188 2364 3243 corde
2387 3188 2672 3260 recipitur;
2709 3199 2768 3244 ut
2795 3199 2995 3260 quanto
3031 3191 3176 3260 prius
3217 3192 3593 3249 satislaciendo
3637 3192 3812 3249 fuerat

2132 3299 2181 3366 ρ
2211 3278 2566 3347 humiliatus,
2621 3287 2770 3335 tanto
2822 3290 2944 3352 post
2988 3282 3200 3338 veniam
3247 3283 3490 3339 videatur
3538 3284 3808 3339 excelsus.

2209 3367 2551 3444 Quapropter
2589 3371 2703 3444 iam
2754 3373 2868 3444 ipse
2911 3374 3103 3432 beatus
3147 3385 3231 3432 est
3268 3377 3361 3449 qui
3411 3377 3497 3436 hic
3541 3379 3809 3436 sententia

2208 3464 2440 3538 piissimi
2471 3466 2664 3538 iudicis
2700 3467 2944 3523 noscitur
2981 3467 3281 3526 absolutus.

2749 3575 3023 3637 Conclusio
3055 3579 3264 3649 psalmi.

2275 3682 2694 3740 Consideremus
2740 3680 2904 3738 modo
2942 3683 3196 3740 virtutem
3233 3684 3427 3756 psalmi
3453 3684 3634 3758 huius,
3666 3689 3808 3760 quod

2211 3775 2398 3835 decem
2435 3777 2680 3833 versibus
2718 3774 3070 3848 supplicando
3109 3775 3350 3833 divinum
3390 3780 3652 3836 meruerit
3692 3783 3807 3838 sine

2209 3869 2386 3941 aliqua
2415 3868 2673 3926 dilatione
2701 3882 3043 3940 responsum.
3087 3868 3256 3926 Forte
3285 3869 3539 3944 Decalogi
3565 3887 3808 3930 commo-

2210 3976 2350 4019 nens
2392 3962 2788 4033 operationem,
2832 3968 2890 4015 ut
2919 3960 3057 4016 sicut
3094 3961 3186 4017 ille
3224 3963 3522 4019 custoditus
3562 3973 3719 4020 vocat
3741 3963 3808 4021 ad

2211 4055 2514 4126 prannium,
2544 4055 2616 4110 ita
2661 4061 2717 4108 et
2740 4052 2856 4109 haec
2880 4063 3200 4125 compuncto
3229 4056 3394 4113 corde
3424 4055 3540 4113 fusa
3571 4059 3806 4128 precatio

2209 4147 2276 4204 ad
2308 4147 2465 4220 106
2500 4143 2848 4217 indulgentia:
2897 4157 2998 4200 nos
3045 4153 3170 4200 vota
3219 4144 3496 4214 perducat.
3547 4147 3805 4219 Legamus

2209 4257 2340 4313 ergo
2390 4240 2607 4309 seduli,
2665 4247 2722 4294 et
2772 4236 2952 4294 cordis
3001 4241 3416 4308 compunetione
3471 4240 3802 4313 plangamus.

2207 4335 2339 4404 Quis
2378 4337 2523 4392 enim
2563 4332 2754 4404 maiori
2799 4331 3056 4389 aviditate
3093 4333 3433 4391 meditandus
3473 4344 3576 4405 est,
3609 4337 3712 4393 nisi
3750 4338 3803 4395 in

2207 4439 2316 4496 quo
2343 4438 2476 4479 voce
2502 4422 2632 4477 tanti
2657 4422 2854 4494 iudicis
2878 4431 3097 4493 peccata
3126 4423 3304 4480 soluta
3335 4425 3496 4481 sunt?
3520 4426 3633 4482 Hoc
3662 4427 3802 4485 enim

2226 4525 2309 4574 ste
2351 4516 2702 4588 praecipuum,
2734 4515 2882 4572 istud
2926 4515 3169 4572 continet
3207 4517 3499 4591 singulare,
3535 4521 3681 4590 quod
3716 4521 3802 4576 alii

30 5015 32 5133 l

34 5711 37 5900 ι

506 4609 735 4680 ﬂagella,
761 4609 1102 4680 sperantibus
1124 4621 1302 4667 autem
1328 4612 1381 4667 in
1413 4628 1472 4668 se
1498 4614 1920 4669 miscricordiam
1945 4614 2102 4686 polli-
2129 4652 2180 4713 Β
2206 4609 2580 4682 pmnitentium
2626 4608 2678 4663 in
2710 4608 3058 4666 conclusione
3094 4609 3284 4680 psalmi
3325 4611 3581 4668 instinctu
3609 4613 3803 4668 divina:

505 4713 682 4773 cetur,
709 4704 848 4760 sicut
872 4712 928 4762 et
954 4704 1203 4762 Ezechiel
1229 4709 1488 4776 propheta
1520 4705 1686 4763 dicit:
1713 4707 1825 4781 Ego
1851 4708 2102 4766 Dominus
2129 4699 2174 4713 "
2205 4701 2633 4774 compunctionis
2676 4699 2947 4755 exsullani
2975 4713 2990 4765 ς
3036 4699 3124 4756 hic
3181 4715 3309 4758 vero
3339 4701 3458 4772 ipse
3497 4703 3802 4760 misericor-

503 4796 592 4866 qui
627 4810 730 4851 non
765 4813 880 4851 sum
923 4799 1180 4851 malorum
1227 4813 1442 4866 memor,
1483 4807 1685 4853 tantum
1725 4811 1779 4854 ut
1817 4818 1870 4856 se
1907 4810 2101 4858 avertat
2203 4795 2368 4863 diam,
2408 4795 2528 4865 ipse
2564 4791 2803 4848 laetitiam
2838 4791 3121 4861 promittit,
3161 4793 3248 4848 cui
3278 4807 3398 4849 cum
3428 4809 3627 4867 magno
3659 4795 3798 4852 desi-

504 4888 658 4944 homo
697 4905 730 4942 a
758 4891 840 4946 eia
869 4907 966 4946 sua
993 4891 1257 4963 maligna,
1289 4901 1335 4947 et
1369 4893 1432 4947 ab
1464 4894 1697 4949 omnibus
1743 4896 2098 4968 iniquitatibus
2201 4888 2356 4946 derio
2379 4886 2732 4958 supplicatur.
2783 4883 3121 4955 Quapropter
3145 4885 3358 4943 assidue
3385 4888 3544 4945 nobis
3571 4898 3627 4947 et
3650 4897 3796 4962 erat:

502 4999 630 5054 quas
665 4983 812 5055 fecit,
849 4994 896 5040 et
925 4986 1055 5040 vivet
1091 4983 1305 5056 (Ezcclt.
1339 5001 1492 5054 xvnt,
1525 4986 1638 5058 28).
1675 4988 1743 5043 Et
1774 4987 1911 5044 bene
1939 4990 2096 5060 dixit,
2199 4981 2611 5054 importunitate
2663 4979 2938 5049 rogandus
2989 4987 3072 5035 est
3094 5021 3112 5050 ,
3163 4981 3258 5052 qui
3313 4981 3474 5038 etiam
3523 4985 3794 5054 prmmissa

503 5075 862 5145 circumdabit,
934 5085 992 5132 ut
1033 5091 1138 5132 non
1187 5078 1257 5134 sit
1302 5079 1450 5134 locus
1494 5079 1712 5136 relictus
1753 5080 1896 5137 unde
1924 5080 2098 5152 possit
2199 5075 2358 5132 nobis
2402 5075 2458 5130 in
2491 5071 2788 5143 Evangelio
2830 5072 3083 5142 parabole
3128 5074 3416 5142 pollicetur
3458 5090 3476 5132 :
3516 5074 3712 5148 Potite,
3749 5085 3795 5134 at

509 5169 575 5226 ad
605 5184 699 5226 eos
723 5169 921 5227 diaboli
953 5169 1220 5227 hostilitas
1250 5171 1498 5229 introire.
2197 5169 2404 5224 dabitur
2429 5168 2603 5235 vobis;
2641 5167 2877 5238 quierite,
2906 5174 2954 5223 et
2993 5168 3287 5237 invenietis;
3322 5171 3544 5242 pulsate,
3586 5182 3639 5230 et
3675 5189 3792 5246 ape-

579 5271 730 5328 Vers.
775 5271 863 5328 16.
904 5271 1180 5327 Lwtamini
1207 5274 1258 5328 in
1281 5272 1524 5339 Domino,
1553 5283 1600 5328 et
1629 5275 1900 5344 exsultate,
1929 5278 2095 5348 justi;

2211 5261 2353 5316 -ietur
2396 5259 2534 5315 vobis
2575 5276 2595 5316 :
2649 5259 2815 5340 omnis
2861 5260 2998 5315 enim
3041 5261 3130 5331 qui
3173 5262 3297 5332 petit
3341 5264 3566 5333 accipit,
3628 5274 3676 5322 et
3711 5265 3792 5337 qui

499 5374 549 5420 et
571 5364 896 5437 gloriamini,
929 5381 1100 5420 omnes
1131 5367 1254 5420 recti
1287 5368 1460 5423 corde.
1511 5366 1608 5422 Hic
1633 5375 1814 5444 potest
1844 5369 1960 5425 lieri
2003 5384 2095 5426 σε·

2211 5354 2380 5424 putarit
2423 5352 2634 5420 invenit,
2672 5360 2717 5407 et
2752 5352 2978 5424 pulsanti
2999 5353 3260 5424 aperietur
3301 5354 3453 5426 (Luc.
3481 5372 3560 5425 xt,
3589 5358 3647 5425 9,
3680 5357 3785 5427 l0).

502 5459 775 5529 tegoricus
803 5458 1167 5530 syllogismus,
1212 5468 1270 5515 ut
1310 5459 1444 5514 artis
1465 5461 1761 5518 dialecticae
1807 5461 2005 5534 regulae
2034 5464 2090 5518 ln
2199 5445 2357 5503 Unde
2389 5445 2508 5517 (ιυῑε
2535 5445 2670 5516 iam:
2700 5459 2850 5517 1⁵080»
2883 5446 3043 5502 debet
3072 5445 3140 5503 de
3171 5447 3484 5505 “deliSSima
3519 5450 3786 5522 supplic“

502 5549 772 5622 quoddam
814 5550 1113 5606 divinarum
1158 5550 1556 5622 Scripturarum
1596 5553 1896 5622 servitium,
1940 5553 2094 5624 quasi

2211 5539 2345 5594 tione
2371 5537 2635 5608 diliidere,
2663 5553 2786 5593 curn
2812 5537 3010 5609 regalis
3035 5540 3206 5610 pietas
3246 5541 3461 5614 dignata
3508 5557 3612 5600 nos
3633 5539 3788 5600 fuerit

502 5642 707 5715 fugacia
738 5644 1002 5715 mancipia
1029 5654 1364 5701 revocentur.
1391 5645 1579 5701 Omnis
1599 5645 1777 5717 iustus
1801 5645 2013 5701 laetatur
2037 5647 2095 5702 in
2199 5630 2334 5688 "illa
2367 5631 2726 5703 Ρτοωίθδίοηθ
2751 5629 3004 5688 ﬁrmare?

504 5737 764 5805 Domino;
805 5740 984 5796 omnis
1017 5739 1103 5810 qui
1151 5738 1362 5795 laetatur
1403 5739 1454 5794 in
1493 5740 1718 5796 Domino
1755 5747 1904 5796 recto
1932 5740 2096 5797 corde
2449 5738 2812 5796 EXPOSITIU
2851 5736 2918 5794 ΙΝ
2956 5739 3282 5802 PSALMUM
3322 5744 3536 5804 XXXII.

502 5843 627 5893 est:
659 5834 836 5890 omnis
874 5834 1034 5906 igitur
1056 5834 1233 5904 iustus
1264 5841 1414 5888 recto
1441 5834 1603 5888 corde
1630 5842 1732 5890 est.
1779 5833 2084 5891 Memineri-
2761 5837 3008 5895 Psalntus
3049 5841 3239 5902 David.

503 5941 628 5990 Inus
649 5942 827 5992 autem
850 5927 1194 6002 svl10gismos
1216 5923 1555 5998 usurpandos
1576 5942 1681 5987 non
1703 5942 1823 5988 esse
1843 5928 2096 6008 frequen;-
2272 5927 2375 5988 iiic
2401 5925 2587 5988 titulus
2614 5925 2836 5988 omnino
2863 5938 3023 5988 notus
3046 5940 3150 6004 est,
3180 5942 3236 5994 et
3255 5933 3382 5996 ideo
3401 5935 3575 5998 lector
3592 5942 3778 6011 seque
