4004 6342
188 470 296 530 2‘23

1106 458 1465 519 EXPOSITIO
1503 456 1569 514 IN
1609 449 2065 514 PSALTERIUM.
2108 448 2302 506 PSAL.
2343 444 2563 505 XXX".

3344 435 3455 497 226

191 604 273 649 tur
303 589 356 641 in
388 599 453 640 eo
476 580 863 653 expositionem
906 579 1160 649 priorem.
1214 578 1344 632 lllud
1380 585 1554 630 tamen
1600 586 1781 628 neces.
1813 604 1857 664 Α
1886 572 2140 637 aegrotum
2179 563 2485 624 visitamus,
2529 567 2581 615 et
2620 564 2812 613 caetera
2840 570 2981 626 quin.
3023 555 3148 611 Ῑίςοι
3178 554 3464 610 νίδυειιιιυι*

192 680 333 737 sario
380 688 812 739 commonemus,
862 671 982 743 quia
1032 670 1085 725 itt
1132 669 1235 725 ltoc
1278 669 1483 739 psalmo
1535 667 1776 721 hortatur

191 770 448 845 prepheta
503 784 599 839 per
663 765 1095 837 comparationes
1138 764 1395 835 quasdam
1443 761 1511 816 ad
1551 760 1780 831 psalmo-

193 865 334 922 diam
363 861 664 920 Ecclesiam
708 860 920 915 ﬁdelem
953 874 966 910 :
995 872 1317 914 enumerans
1361 854 1654 925 potentiam
1701 850 1780 906 fa-

194 967 379 1028 ctaque
400 953 705 1019 Creatoris;
750 961 806 1008 ut
844 952 911 1007 ad
939 951 1126 1006 laudes
1152 950 1269 1021 ejus
1299 948 1509 1003 avidius
1540 948 1777 1015 festinet,

195 1064 311 1107 eum
346 1050 596 1106 virtutem
626 1046 794 1118 ipsius
822 1045 1184 1115 pietatemque
1213 1040 1511 1111 cognoscit.

773 1192 972 1250 Divisio
1005 1190 1216 1263 psalmi.

264 1346 370 1401 Per
406 1350 575 1399 totum
620 1338 836 1411 quidem
886 1349 1155 1407 psatmum
1203 1333 1460 1404 propheta
1511 1326 1778 1402 loquitur;

198 1438 288 1495 sed
319 1439 374 1493 in
396 1439 561 1507 prima
585 1433 820 1490 sectione
844 1428 1361 1497 commonetjustos,
1390 1436 1449 1480 ut
1475 1424 1527 1479 in
1555 1423 1782 1477 Domino

198 1528 428 1584 debeant
458 1535 564 1581 tota
589 1522 784 1579 mentis
812 1520 1087 1576 alacritate
1110 1517 1365 1588 gaudere,
1388 1515 1477 1585 qtti
1505 1521 1783 1568 creaturas

200 1635 323 1677 suas
354 1619 576 1675 mirabili
606 1618 837 1687 potentia
860 1615 1186 1686 dignoscitur
1210 1611 1510 1668 continere.
1539 1606 1789 1663 Secunda

201 1713 438 1770 sectione
465 1712 732 1769 exclamat
756 1710 968 1764 beatum
997 1721 1139 1774 esse,
1170 1705 1258 1775 qui
1286 1704 1352 1759 ad
1380 1702 1499 1772 ejus
1523 1700 1785 1757 culturam

202 1806 400 1862 meruit
433 1806 735 1876 pertinere,
768 1802 1075 1873 significans
1104 1809 1342 1867 tempora
1374 1793 1699 1859 Christiana,
1732 1791 1786 1847 in

203 1899 397 1970 quibus
423 1909 539 1954 erat
568 1895 852 1953 multitudo
881 1894 1118 1965 gentium
1149 1892 1441 1948 creditura.
1574 1893 1583 1902 '

741 2059 1011 2132 Expositio
1049 2057 1253 2131 psalmi.
1302 2115 1324 2136 .

284 2212 433 2266 Vers.
476 2208 527 2262 1.
568 2206 825 2272 Gaudete,
860 2204 1023 2276 justi,
1056 2201 1111 2256 in
1150 2197 1365 2255 Domino
1406 2211 1426 2252 :
1455 2202 1619 2249 rectos
1649 2194 1789 2248 decet

209 2304 541 2359 collaudatio.
591 2301 790 2356 Beatus
825 2297 991 2353 David
1033 2294 1341 2361 Ecclesium
1368 2290 1682 2346 catholicam
1721 2287 1789 2341 ab

209 2393 587 2449 haereticorum
629 2388 946 2457 contagione
974 2386 1304 2456 disjungens,
1339 2392 1517 2438 rectos
1545 2393 1786 2436 commo-

210 2496 303 2541 net
327 2484 690 2548 Christianos,
729 2490 789 2536 ut
816 2495 921 2536 non
964 2480 1019 2535 in
1057 2478 1286 2534 terrenis
1328 2474 1792 2542 delectationibus,

210 2576 306 2632 sed
327 2578 579 2648 gaudeant
607 2589 820 2645 semper
848 2574 902 2627 in
929 2572 1171 2638 Domino,
1205 2568 1294 2623 tibi
1326 2569 1514 2639 gaudia
1543 2567 1795 2623 continua

212 2672 473 2727 suavitate
517 2671 751 2741 perlecta
783 2675 925 2723 sunt.
968 2663 1100 2718 Nam
1138 2678 1259 2718 cum
1299 2662 1576 2732 praesentis
1616 2659 1798 2714 saeculi

218 2763 543 2818 al’ﬁictioncs
574 2761 799 2815 deceant
839 2756 1045 2819 ﬁdeles,
1076 2755 1269 2809 dicitur
1305 2753 1462 2824 justis
1507 2768 1521 2805 :
1560 2748 1796 2822 gaudete.

214 2857 319 2914 Sed
366 2871 474 2928 quo
522 2854 759 2924 gaudio?
819 2852 921 2907 nisi
973 2850 1064 2905 illo
1113 2864 1217 2919 quo
1269 2848 1523 2902 Dominus
1579 2852 1798 2900 monet:

214 2948 344 3003 Cum
381 2965 469 3002 vos
507 2946 759 3017 persecuti
792 2944 985 3015 fuerint
1014 2941 1265 3007 homines,
1311 2947 1358 2993 et
1395 2937 1615 2993 dixerint
1654 2952 1801 2991 omne

214 3039 410 3094 malum
459 3040 729 3093 adversum
798 3051 912 3100 vos,
987 3035 1305 3097 mentientes,
1347 3039 1554 3100 prapter
1620 3044 1801 3083 nomen

216 3148 403 3197 meum,
446 3132 658 3202 gaudete
686 3138 731 3183 et
753 3128 1022 3193 exsultate,
1045 3126 1163 3196 quia
1192 3141 1382 3180 merces
1402 3132 1567 3178 vestra
1592 3123 1802 3192 copiosa

218 3235 289 3281 est
330 3226 378 3279 in
407 3224 537 3277 caelis
571 3220 864 3292 (ΜαιῑΙι.,ν,
891 3219 1002 3291 ll).
1034 3218 1123 3274 Sic
1168 3225 1222 3272 et
1249 3215 1537 3287 Apostolus
1576 3214 1804 3285 gauden-

1887 658 2141 722 carnalia,
2167 653 2464 709 Divinitatis
2489 661 2663 705 tamen
2696 664 2877 703 amore
2907 657 3251 718 peraguntur.
3278 646 3460 702 Citha-

1884 750 2113 804 rizamus
2164 760 2409 817 quoque,
2468 758 2588 798 eum
2643 743 2696 797 in
2750 740 3086 812 passionibus
3135 740 3333 794 nostris
3379 738 3466 795 vel

1884 838 2095 895 damnis
2122 836 2297 893 securi
2326 841 2418 889 aut
2452 832 2562 887 laeti
2592 832 2857 887 dicimus:
2886 829 3138 885 Dominus
3168 830 3328 897 dedit,
3360 827 3472 883 Do-

1884 931 2055 985 minus
2094 929 2324 993 abstulit,
2354 928 2485 982 sicut
2512 924 2733 978 Domino
2755 925 2947 993 placuit
2966 926 3037 977 ita
3061 925 3251 995 factum
3272 933 3342 977 est
3365 938 3384 977 :
3404 923 3470 976 sit

1887 1037 2071 1078 nomen
2106 1020 2317 1076 Domini
2367 1017 2680 1073 benedictum
2718 1015 2840 1087 (Job
2884 1032 2924 1083 ι,
2970 1012 3114 1085 21).”
3154 1014 3470 1071 Psalterium

1888 1128 2022 1169 vero
2049 1112 2446 1169 decacltordum
2488 1123 2610 1165 esse
2658 1106 2910 1173 diximus,
2939 1107 3079 1177 quod
3119 1107 3307 1162 ordine
3344 1120 3474 1161 con-

1886 1223 2046 1265 verso
2094 1209 2272 1263 alvum
2323 1206 2542 1261 cithara:
2590 1202 2642 1257 in
2690 1202 3058 1273 superioribus
3104 1202 3285 1267 habet,
3332 1201 3474 1255 unde

1889 1297 1955 1352 ad
1999 1296 2309 1353 inferiorem
2354 1303 2559 1363 partem
2609 1307 2804 1348 canora
2848 1292 2936 1367 ﬁla
2982 1290 3329 1346 descendunt.
3379 1289 3476 1344 Cui

1890 1400 2154 1461 praecepta
2197 1388 2448 1459 Decalogi
2489 1385 2869 1442 convenienter
2909 1394 3178 1455 aptantur,
3225 1386 3348 1453 quia
3386 1398 3476 1437 se-

1889 1482 2122 1538 cundum
2162 1482 2389 1536 formam
2429 1479 2771 1535 instrumenti
2800 1478 2958 1549 hujus
2999 1479 3067 1534 de
3102 1478 3350 1548 supernis
3387 1494 3476 1533 vc-

1892 1577 2097 1633 nientia
2129 1576 2338 1632 Domini
2364 1574 2514 1646 jussa
2544 1576 2895 1645 suscepimus.
2947 1573 3014 1627 Et
3041 1571 3321 1627 considera
3354 1572 3476 1640 quia

1892 1669 2067 1723 solum
2097 1676 2180 1724 est
2220 1668 2636 1722 instrumentum
2675 1665 2960 1731 musicum,
3002 1664 3143 1734 quod
3176 1678 3274 1734 pro
3301 1664 3478 1718 excel-

1890 1764 2054 1821 lentia
2097 1764 2181 1818 sui
2229 1762 2635 1818 deeachordum'
2664 1760 2900 1823 dicatur;
2953 1773 3059 1813 non
3102 1758 3243 1813 enim
3287 1757 3387 1811 hoc
3411 1756 3479 1812 de

1888 1858 2097 1913 cithara
2140 1857 2226 1913 vel
2266 1856 2334 1912 de
2374 1855 2497 1910 aliis
2536 1853 2840 1924 lmjusmodi
2879 1853 3246 1908 instrumentis
3285 1852 3481 1908 lectum

1818 1961 2011 2044 Besse
2063 1946 2428 2003 meminimus.
2508 1945 2913 2002 Decachordum
2962 1960 3090 1999 vero
3139 1944 3475 2013 psalterium,

1893 2043 2031 2098 sicut
2068 2049 2276 2096 veteres
2320 2038 2591 2103 dixerunt,
2625 2048 2677 2093 et
2707 2038 2839 2093 illud
2881 2036 3032 2091 nobis
3065 2036 3263 2092 indicat
3299 2050 3477 2090 saera-

1893 2142 2134 2190 mentum
2160 2173 2174 2199 ,
2218 2141 2275 2187 ut
2331 2132 2624 2186 referamus
2668 2130 2764 2185 tria
2799 2129 2864 2183 ad
2896 2129 3084 2196 Deum,
3128 2127 3217 2198 qui
3250 2126 3482 2181 Trinitas

1894 2234 2011 2292 est;
2055 2225 2106 2279 id
2137 2230 2220 2280 est
2244 2221 2474 2293 primum
2496 2219 2638 2287 quod
2668 2220 2742 2275 ait
2772 2237 2785 2274 :
2814 2219 2935 2274 Non
2964 2219 3165 2273 habebis
3194 2218 3314 2272 deos
3348 2218 3479 2272 alic-

1894 2332 1984 2371 nos
2011 2330 2181 2369 coram
2229 2328 2309 2366 me
2347 2310 2542 2383 (Exod.
2581 2326 2673 2377 xx,
2704 2309 2791 2381 4);
2835 2309 3150 2373 secundum,
3178 2306 3296 2362 Non
3324 2308 3480 2377 facies

1896 2407 1989 2462 tibi
2033 2406 2309 2474 sculptile;
2360 2404 2597 2468 tertium,
2632 2401 2754 2455 Non
2798 2418 3023 2455 assumes
3070 2401 3157 2453 tibi
3187 2414 3368 2453 nomen
3392 2396 3486 2451 Dei

1899 2499 1973 2553 tui
2004 2498 2054 2552 in
2075 2512 2288 2551 vacuum
2309 2537 2324 2561 ,
2367 2496 2419 2549 in
2451 2508 2555 2563 quo
2579 2492 2754 2563 jungit
2790 2500 2845 2548 et
2879 2493 2945 2548 de
2982 2493 3222 2547 sabbato.
3270 2491 3486 2561 Septem

1900 2606 2033 2646 vero
2072 2607 2191 2660 quae
2229 2599 2527 2659 sequuntur
2568 2590 2633 2645 ad
2677 2589 3019 2646 dilectionem
3063 2588 3311 2644 dixerunt
3360 2602 3486 2658 pro-

1901 2683 2036 2738 ximi
2068 2685 2372 2753 pertinere;
2422 2683 2471 2736 id
2504 2691 2607 2745 est,
2642 2680 2857 2736 Honora
2885 2695 3079 2753 patrem
3125 2692 3267 2736 tuum
3297 2690 3344 2735 et
3380 2696 3488 2734 mou

1905 2784 2070 2841 trem;
2126 2775 2249 2829 Non
2285 2775 2517 2841 occides;
2568 2773 2690 2828 Non
2733 2775 3089 2840 matchaberis;
3133 2772 3255 2828 Non
3297 2776 3490 2842 furtum

1906 2868 2098 2937 facies;
2128 2866 2250 2921 Non
2290 2867 2514 2936 loqueris
2561 2874 2737 2918 contra
2780 2866 3072 2935 proximum
3115 2872 3261 2918 tuum
3303 2862 3489 2927 falsum

1905 2958 2283 3023 testimonium;
2350 2955 2473 3011 Non
2513 2955 2834 3027 concupisces
2878 2958 3084 3009 domum
3128 2955 3347 3026 proximi
3394 2954 3491 3021 tui,

1904 3068 1995 3105 nec
2012 3050 2319 3105 desiderabis
2346 3064 2555 3104 uxorem
2577 3052 2708 3121 ejus,
2736 3057 2837 3104 etc.
2865 3048 2955 3104 Sic
2985 3050 3145 3103 totius
3171 3046 3492 3104 decacltordi

1906 3142 2143 3212 psalterii
2192 3142 2360 3197 virtus
2389 3140 2623 3211 perfecta
2654 3140 2808 3196 nobis
2837 3149 2892 3194 et
2921 3138 3250 3194 honorabilis
3282 3137 3483 3193 indica-

1905 3241 2013 3289 tur.
2064 3232 2350 3287 Psallimus
2379 3246 2590 3302 quoque
2628 3240 2680 3286 et
2708 3231 2893 3287 decem
2924 3229 3162 3298 chordis,
3193 3229 3405 3301 quando
3437 3229 3489 3285 in

220 3320 345 3373 dum
375 3316 530 3372 nobis
578 3315 910 3371 incessanter
952 3312 1214 3377 afﬁrmat;
1254 3310 1327 3363 ait
1355 3308 1498 3364 enim
1536 3306 1804 3362 :Gaudete
1830 3328 1875 3389 ρ
1908 3324 2145 3395 quinque
2180 3322 2431 3377 sensibus
2459 3323 2782 3392 carnalibus,
2816 3329 2869 3379 ει
2899 3323 2953 3377 in
2981 3322 3214 3393 quinque
3242 3322 3493 3392 ερηίηη,

220 3412 270 3465 in
296 3408 537 3476 Domino,
570 3409 752 3463 iterum
783 3407 915 3473 dico,
950 3404 1164 3476 gaudete
1195 3401 1416 3475 (Philip.
1450 3416 1522 3468 tv,
1555 3400 1632 3470 li).
1666 3398 1798 3454 Nam

221 3503 325 3558 ista
351 3501 596 3571 repetitio
625 3498 755 3554 illud
778 3496 1061 3568 signiﬁcat,
1081 3503 1136 3550 ut
1158 3504 1210 3550 et
1237 3493 1324 3548 hic
1351 3494 1402 3548 in
1425 3490 1799 3547 alﬁiCtionibtts

222 3593 575 3666 gaudeamus,
609 3601 663 3647 et
692 3591 745 3646 in
778 3589 868 3645 illo
897 3604 1060 3660 regno
1089 3597 1342 3657 perpetua
1374 3600 1505 3656 pace
1535 3585 1799 3641 laetemur.

225 3686 381 3743 Unde
417 3694 468 3741 et
496 3682 834 3739 Dominus'in
861 3680 1150 3752 Evangelia
1181 3679 1309 3735 dicit
1355 3695 1368 3733 :
1409 3677 1605 3732 Iterum
1625 3676 1803 3732 videbo

225 3794 339 3843 ros,
362 3786 407 3831 et
431 3777 665 3850 gaudebit
696 3792 781 3829 cor
808 3782 1049 3839 uestrum,
1082 3783 1129 3827 et
1149 3772 1393 3845 gaudium
1412 3780 1629 3825 vestrum
1658 3784 1803 3824 nemo

227 3871 423 3941 auferet
469 3888 502 3925 a
542 3870 679 3924 vobis
720 3867 899 3939 (Joan.
949 3882 1068 3933 xvr,
1112 3862 1238 3937 2‘2).
1292 3864 1506 3919 Addidit
1553 3877 1802 3935 quoque:

228 3962 415 4017 Reclos
455 3961 593 4017 decet
630 3958 963 4015 collaudatio.
1008 3958 1112 4013 Sed
1148 3957 1237 4027 qui
1283 3963 1408 4011 sunt
1450 3956 1535 4010 isti
1582 3955 1725 4020 recti,
1751 3954 1805 4010 in

229 4054 467 4110 secunda
511 4060 660 4123 parte
688 4051 927 4106 dicturus
956 4058 1059 4105 est.
1091 4049 1224 4104 Nam
1255 4048 1395 4118 quod
1436 4047 1605 4117 ponit,
1648 4056 1809 4101 rectos

230 4148 371 4202 decet
406 4143 735 4211 collaudatio,
784 4140 1016 4198 ostendit
1058 4154 1248 4209 pravos
1293 4139 1574 4193 htereticos
1618 4137 1810 4193 decere

231 4252 342 4293 non
393 4249 578 4306 posse;
623 4235 759 4290 sicut
796 4241 851 4289 et.
896 4232 1031 4287 alius
1071 4229 1333 4301 pr0pheta
1376 4226 1544 4282 dicit:
1578 4225 1701 4281 Non
1742 4235 1814 4280 est

232 4330 463 4400 speciosa
514 4327 628 4383 laus
670 4327 726 4379 in
768 4340 857 4379 ore
893 4323 1172 4396 peccatoris
1218 4321 1407 4390 (Eccli.
1446 4336 1536 4389 xv,
1573 4318 1653 4389 9).
1699 4314 1817 4373 Col-

234 4421 467 4477 laudatio
511 4433 639 4475 vero
679 4416 964 4472 multorum
1006 4430 1101 4471 ore
1130 4429 1236 4469 una
1264 4412 1497 4468 laudatio
1524 4421 1633 4477 est;
1677 4410 1816 4466 dicta

235 4522 455 4586 propter
494 4511 751 4567 unitatem
794 4508 1074 4576 Ecclesiae,
1120 4518 1283 4577 quam
1325 4504 1578 4573 prmdieat
1622 4503 1819 4572 ubique

234 4602 461 4663 servari.
512 4603 645 4659 Cum
692 4600 886 4655 dicitur
932 4600 1110 4662 decet,
1155 4597 1419 4667 signiﬁcat
1461 4594 1565 4650 hoc
1608 4606 1811 4665 aptum,

237 4697 345 4753 hoc
373 4711 493 4752 esse
519 4695 863 4762 conveniens,
903 4701 964 4748 ut
991 4690 1081 4762 qui
1110 4690 1321 4745 Domini
1369 4688 1580 4744 laudem
1622 4688 1817 4743 decon-

238 4801 346 4859 tat,
392 4790 639 4847 similiter
689 4788 767 4844 illi
814 4796 869 4844 et
917 4784 1040 4843 ﬁdei
1091 4782 1451 4849 rectitudine,
1503 4789 1559 4837 et
1604 4788 1819 4836 actuum

239 4882 509 4955 probitate
547 4882 897 4950 complaceat.

314 4982 469 5038 Vers.
505 4982 560 5037 2.
604 4977 930 5050 Conﬁtemini
951 4977 1172 5034 Domina
1201 4976 1254 5032 in
1282 4974 1512 5043 cithara;
1552 4973 1605 5027 in
1636 4973 1823 5045 psalte-

234 5080 317 5134 rio
352 5079 522 5132 decem
561 5076 868 5131 chordarum
895 5075 1096 5147 psallite
1125 5074 1190 5129 ei.
1242 5073 1332 5129 Isti
1361 5080 1485 5128 sunt
1510 5071 1657 5142 justi,
1692 5083 1827 5140 quos

235 5172 491 5240 superius
520 5169 683 5235 dixit,
719 5177 773 5223 et
802 5168 891 5239 qui
919 5166 1120 5222 sanctis
1149 5165 1355 5221 actibus
1397 5163 1583 5218 laudes
1616 5160 1824 5217 Domini

237 5264 441 5319 devota
470 5261 836 5318 modulatione
866 5260 1173 5315 decantant.
1225 5257 1437 5312 Cithara
1462 5263 1575 5323 est,
1605 5256 1740 5311 sicut
1772 5255 1823 5310 in

240 5353 563 5426 prtefatione
584 5354 693 5423 jam
720 5352 919 5408 dictum
946 5360 1045 5418 est,
1077 5348 1242 5420 lignei
1270 5347 1473 5404 ventris
1504 5350 1559 5403 in
1590 5348 1699 5405 imo
1725 5348 1826 5403 sita

237 5445 574 5513 concavitas,
601 5460 719 5515 quae
739 5459 951 5499 sursum
976 5442 1295 5499 chordarum
1326 5440 1412 5495 lila
1437 5444 1824 5510 transmittens,

239 5538 399 5593 sonis
439 5536 763 5592 dulcissimis
810 5551 1063 5608 percussa
1119 5533 1472 5605 proloquitur.
1525 5534 1654 5601 Quae
1707 5534 1828 5589 ideo

243 5631 360 5686 tale
390 5644 585 5684 nomen
614 5628 839 5697 accepit,
870 5627 1121 5698 quoniam
1151 5629 1253 5682 cita
1288 5626 1568 5682 iteratione
1598 5625 1829 5695 percuti-

246 5735 362 5781 tur.
394 5724 529 5779 lluic
555 5723 747 5779 merito
772 5730 1150 5792 comparantur
1174 5737 1334 5794 opera
1363 5737 1483 5793 quae
1511 5722 1577 5777 de
1604 5721 1831 5778 terrenis

249 5818 419 5875 rebus
443 5815 511 5871 ad
535 5831 817 5888 supernam
846 5817 1070 5886 gratiam
1103 5814 1462 5886 porriguntur,
1498 5815 1551 5871 id
1578 5825 1680 5875 est.
1707 5815 1831 5871 dum

249 5909 581 5979 esurientem
625 5908 918 5985 pascimus,
964 5906 1089 5968 dum
1135 5907 1334 5969 nudum
1376 5910 1655 5975 vesutnus,
1705 5910 1831 5967 dum

1908 3415 2047 3470 libus
2075 3414 2337 3484 probabili
2372 3429 2470 3469 nos
2500 3414 2908 3470 conversatione
2947 3423 3259 3470 tractamus.
3298 3414 3491 3470 Verum

1904 3509 2005 3563 ista
2036 3522 2156 3577 qua:
2182 3506 2430 3575 dicimus,
2460 3522 2566 3563 non
2591 3516 2716 3563 sunt
2742 3516 2891 3563 extra
2922 3522 3022 3564 nos
3053 3507 3243 3578 posita,
3275 3508 3415 3564 sicut
3443 3508 3495 3564 in

1905 3603 2106 3657 musica
2136 3600 2450 3671 disciplina;
2497 3601 2551 3657 in
2595 3603 2749 3658 nobis
2781 3611 2862 3658 est
2893 3602 3111 3669 cithara,
3145 3603 3201 3659 in
3233 3603 3389 3659 nobis
3413 3612 3496 3659 est

1907 3693 2204 3764 psalterium
2245 3708 2265 3748 :
2308 3694 2416 3748 imo
2475 3693 2588 3763 ipsa
2630 3708 2829 3764 organa
2878 3708 2976 3750 nos
3025 3709 3244 3766 sumus,
3287 3696 3498 3766 quando

1912 3788 1977 3843 ad
2005 3788 2403 3843 similitudinem
2431 3801 2614 3842 eorum
2647 3802 2741 3857 per
2767 3788 2989 3858 gratiam
3018 3788 3248 3853 Domini,
3280 3798 3495 3843 actuum

1912 3889 2217 3935 nostrorum
2256 3879 2509 3949 qualitate
2558 3886 2861 3933 cantamus.
2922 3878 3033 3933 Hoc
3078 3888 3258 3934 autem
3303 3889 3358 3935 et
3398 3880 3492 3933 illo

1913 3974 2160 4043 exemplo
2194 3972 2350 4027 datur
2390 3968 2633 4040 intelligi,
2673 3970 2759 4024 ubi
2788 3980 2863 4024 att
2895 3986 2909 4023 :
2942 3968 3009 4023 In
3040 3986 3119 4024 me
3152 3981 3293 4034 sunt,
3332 3969 3498 4038 Deus,

1915 4073 2072 4129 uota;
2115 4078 2230 4134 qua:
2271 4062 2485 4117 reddam
2532 4061 2706 4115 laudes
2751 4060 2840 4113 tibi
2893 4059 3066 4130 (Psal.
3103 4058 3347 4131 Lv,i:’.)?
3379 4061 3502 4115 llaec

1917 4164 2095 4210 autem
2140 4164 2195 4210 et
2242 4154 2324 4209 his
2368 4154 2583 4222 similia,
2631 4153 2771 4209 sicut
2805 4168 2949 4223 saepe
2997 4153 3244 4223 diximus,
3289 4154 3505 4225 tropicis

1919 4248 2272 4304 allusionibus
2314 4246 2616 4303 edicuntur.

1990 4339 2146 4397 Vers.
2179 4343 2232 4397 '5.
2266 4338 2479 4395 Cantate
2507 4339 2551 4394 ei
2572 4339 2825 4395 canticum
2848 4356 3062 4406 novum;
3084 4340 3207 4397 bene
3229 4342 3429 4411 psallite
3451 4342 3499 4400 ei

1918 4432 1972 4487 in
1987 4433 2297 4502 jubilatione
2341 4430 2495 4505 [tnss.
2527 4434 2617 4501 A.,
2650 4432 2735 4502 Β.,
2762 4431 2846 4500 F.,
2874 4432 3279 4506 vociferatione].
3308 4436 3507 4491 Noram

1919 4527 2172 4579 canticum
2195 4524 2322 4580 dicit
2344 4525 2767 4580 incarnationem
2790 4524 3021 4590 Domini,
3052 4543 3153 4596 qua
3174 4527 3398 4582 mundus
3421 4544 3508 4581 δη-

1921 4618 2079 4674 lutari
2112 4618 2469 4673 exsultatione
2506 4617 2806 4687 completus
2832 4627 2935 4685 est,
2968 4631 3066 4687 qua
3096 4618 3267 4687 angi-li
3300 4619 3510 4673 canoris

1922 4710 2142 4766 vocibus
2198 4709 2351 4781 107
2404 4717 2760 4779 personarunt
2798 4709 3075 4765 laudantes
3127 4719 3182 4763 et
3232 4710 3509 4766 dicentes:

1926 4803 2106 4860 Gloria
2125 4804 2179 4857 in
2203 4802 2463 4857 altissimis
2484 4803 2610 4871 Deo,
2632 4802 2755 4857 etin
2780 4811 2914 4857 terra
2934 4818 3038 4874 pax
3060 4801 3348 4859 hominibus
3371 4805 3513 4860 bona:

1926 4894 2201 4949 voluntatis
2230 4891 2379 4966 (Luc.
2406 4909 2464 4962 tt,
2493 4893 2602 4965 14).
2648 4894 2828 4949 Monet
2864 4908 2990 4963 ergo
3017 4901 3074 4947 ut
3102 4909 3201 4950 nos
3226 4895 3412 4951 eadem
3462 4906 3513 4952 ct

1930 4986 2109 5042 dicere
2145 4984 2433 5041 debeamus
2472 4993 2527 5041 et
2561 4986 2803 5041 credere.
2849 4985 3124 5055 Sequitur,
3160 4986 3281 5041 bene
3308 4986 3513 5057 psallite

1931 5077 1979 5132 ei
2024 5079 2077 5131 in
2110 5077 2420 5148 jubitatione
2448 5118 2465 5145 ,
2530 5077 2583 5132 id
2630 5084 2710 5133 est
2764 5077 2813 5131 in
2858 5077 3008 5132 bonis
3049 5078 3297 5148 operibus
3350 5079 3514 5134 Dennt

1934 5172 2199 5226 invocate.
2240 5169 2495 5225 Jubilatio
2535 5178 2619 5225 est
2662 5167 2802 5224 enim
2850 5170 3097 5241 gaudium
3137 5187 3256 5227 cum
3306 5170 3515 5226 fert-ure

1933 5262 2096 5318 animi
2143 5270 2198 5318 et
2238 5262 2474 5318 clamore
2518 5260 2839 5317 indistinctus
2886 5264 3034 5319 vocis
3076 5279 3407 5334 expressum.
3462 5262 3517 5321 In

1934 5364 2037 5424 qua
2077 5351 2388 5425 jubilatione
2439 5366 2545 5406 non
2589 5361 2764 5421 potest
2814 5356 2936 5408 bene
2981 5355 3231 5424 psallere,
3278 5355 3380 5411 nisi
3430 5356 3518 5425 qtti

1934 5446 2090 5503 bonae
2125 5446 2358 5501 studium
2398 5446 2820 5501 conversationis
2854 5446 3175 5517 adjunxerit.
3220 5446 3289 5503 Et
3317 5448 3518 5519 inspice

1936 5539 2219 5595 salutarem
2249 5538 2566 5604 doctrinam,
2597 5553 2716 5608 qua:
2747 5554 2844 5593 nos
2870 5538 2939 5593 ita
2968 5547 3285 5609 praemonet,
3311 5549 3367 5594 ut
3392 5551 3517 5595 ante

1939 5632 2105 5688 Deum
2132 5630 2390 5687 inoffense
2411 5632 2627 5703 psallere
2648 5631 2957 5696 debeamus,
2984 5633 3072 5703 qui
3118 5649 3277 5689 renes
3308 5643 3520 5688 nostros

1941 5732 1995 5781 et
2020 5724 2179 5780 corda
2208 5726 2485 5794 cognoscit
2512 5742 2525 5778 ε
2552 5741 2621 5783 ne
2660 5725 2827 5796 magis
2862 5724 2984 5779 inde
3018 5726 3233 5795 gravius
3262 5726 3522 5795 possimus

1943 5818 2233 5881 oll‘endere,
2259 5817 2304 5873 si
2329 5817 2575 5875 scelerati
2600 5829 2756 5892 atque
2780 5816 2988 5875 subdoli
3012 5819 3079 5876 ad
3108 5827 3252 5875 tanta
3275 5820 3523 5891 mysteria

1946 5910 2224 5969 videamur
2252 5907 2531 5971 accedere.

3236 6043 3264 6051 ε-
