3996 6346
507 389 614 457 22'?

1670 399 1742 457 tt.
1787 399 2062 478 tunam
2102 397 2511 458 cassrooom

3696 409 3802 474 2‘28

585 520 734 576 Vers.
763 519 818 573 4.
847 520 1104 587 Quoniam
1133 493 1298 574 τείως
1328 528 1400 574 est
1429 533 1593 572 sermo
1625 517 1864 585 Domini,
1897 530 1943 574 et
1976 537 2088 574 om—
2118 527 2163 583 Α
2200 535 2328 587 pora
2359 519 2426 573 de
2467 518 2626 574 Patre
2659 518 2934 589 processit.
2963 519 3028 576 Et
3051 528 3106 576 ut
3139 521 3188 576 in
3220 521 3387 580 tribus
3417 525 3661 594 personis
3688 545 3802 588 ma-

509 614 595 668 nia
623 630 780 682 opera
820 617 930 684 cius
960 614 1010 666 in
1043 614 1162 682 ﬁde.
1195 612 1287 666 llic
1330 611 1518 681 incipit
1563 627 1658 681 per
1699 611 2084 667 demonstrati-

508 721 632 762 vum
658 723 825 778 genus
862 707 1045 761 laudes
1079 705 1284 760 Domini
1327 703 1539 759 diversa
1574 703 1837 758 relatione
1880 703 2092 758 discur-

503 809 658 864 acre,
728 788 784 852 ut
835 798 1011 851 omnia
1065 797 1220 851 nobis
1275 811 1436 866 opera
1494 798 1660 867 ipsius
1716 806 1770 852 et
1823 807 2089 868 praecepta

502 889 895 947 dulcescerent.
934 889 1116 943 Rectus
1146 900 1219 944 est
1241 889 1421 960 itaque
1451 906 1616 944 sermo
1648 891 1878 958 Domini,
1915 891 1980 945 ad
2012 891 2091 946 di-

511 981 757 1050 ﬁgendos
807 981 1010 1036 scilicet
1067 982 1328 1035 homines.
1385 980 1664 1036 Veraciter
1720 984 1862 1036 enim
1922 993 2091 1037 rectus

524 1073 722 1138 licitur,
752 1077 840 1142 qui
869 1085 1042 1128 rectos
1077 1074 1225 1128 facit.
1266 1075 1552 1144 Epithcton
1598 1075 1861 1140 mirabile,
1895 1076 2091 1130 verilo-

517 1179 671 1232 quum
703 1165 950 1218 verbum.
985 1163 1084 1218 Per
1122 1165 1295 1234 legem
1340 1165 1600 1234 siquidem
1644 1165 1875 1220 divinam
1920 1157 2110 1222 corri?

506 1255 699 1326 gimur,
737 1272 833 1326 per
876 1258 1042 1326 ipsam
1074 1273 1101 1311 a
1136 1267 1317 1312 nostra
1365 1258 1623 1327 pravitate
1651 1274 1998 1328 separamur;
2036 1268 2092 1315 ct

508 1347 826 1417 regulariter
871 1355 996 1403 tunc
1043 1349 1294 1419 vivimus,
1342 1350 1554 1420 quando
1605 1351 1722 1421 ejus
1764 1352 2092 1421 jussionibus

508 1438 811 1496 obedimus.
843 1441 965 1496 Hmc
998 1442 1180 1512 quinta
1209 1452 1290 1497 est
1325 1444 1529 1511 Species
1554 1443 1901 1511 deﬁnitionis,
1933 1460 2092 1515 quam

510 1533 684 1591 Graeci
731 1538 864 1592 κατά
910 1541 998 1596 τήν
1041 1537 1187 1602 λέξιν,
1238 1536 1426 1592 Latine
1467 1538 1532 1591 ad
1577 1539 1798 1593 verbum
1843 1539 2090 1598 dicimus.

511 1625 626 1682 Una
653 1626 793 1682 enim
818 1637 968 1697 parte
989 1630 1245 1682 orationis
1268 1628 1539 1683 deﬁnitum
1563 1637 1642 1684 est
1667 1631 1792 1699 quid
1821 1631 1889 1685 sit
1915 1646 2094 1686 sermo

511 1717 755 1783 Domini,
789 1721 889 1775 hoc
931 1729 1044 1790 est,
1091 1732 1276 1776 rectus.
1308 1721 1616 1792 Subjungit,
1649 1732 1696 1776 et
1726 1725 1899 1778 omnia
1938 1741 2095 1794 opera

513 1816 630 1883 ejus
656 1813 707 1866 in
729 1814 848 1882 ﬁde.
869 1814 1078 1884 Utique,
1101 1815 1316 1886 quando
1335 1816 1387 1869 in
1413 1815 1518 1870 illis
1530 1826 1801 1886 operatur,
1817 1819 1902 1887 qui
1928 1817 2094 1888 ipsius

512 1903 653 1958 dono
684 1905 866 1960 ﬁdeles
893 1920 1010 1962 esse
1041 1914 1381 1973 meruerunt;
1416 1909 1550 1962 sicut
1581 1910 1631 1962 in
1672 1909 1959 1978 Evangelio
1989 1910 2063 1964 ait
2092 1930 2107 1969 :

512 1994 674 2050 Fides
724 2006 812 2050 tua
858 2008 905 2052 te
939 1999 1136 2052 salvam
1177 1998 1293 2068 fecit
1324 1998 1470 2069 (Luc.
1502 2015 1605 2066 vn,
1632 2000 1746 2062 50).
1791 2000 1906 2056 Non
1948 2003 2093 2057 enim

512 2103 674 2157 opera
706 2089 919 2145 Domini
946 2091 1243 2146 tnulierilla
1275 2093 1587 2160 meruisset,
1608 2093 1706 2148 nisi
1737 2096 2099 2165 praecessisset

511 2178 644 2234 ﬁdes
684 2193 779 2248 per
807 2181 1088 2249 gratuitam
1122 2181 1441 2251 largitatem.

582 2292 734 2348 Vcrs.
767 2294 823 2349 5.
855 2293 1036 2367 Diligit
1067 2295 1471 2350 misericordiam
1497 2279 1543 2351 ei
1561 2295 1858 2368 judicium;
1897 2299 2096 2356 miseri-

511 2384 688 2439 cordia
717 2383 922 2454 Domini
955 2385 1108 2455 plena
1129 2395 1204 2441 est
1231 2396 1387 2443 terra.
1423 2387 1476 2441 In
1508 2388 1610 2444 hoc
1648 2397 1702 2444 et
1743 2393 2097 2462 sequentibus

510 2475 754 2530 versibus
778 2492 871 2546 per
897 2478 1106 2533 tertiam
1130 2479 1364 2548 speciem
1395 2479 1740 2545 delinitionis,
1766 2498 1884 2552 qua:
1913 2482 2097 2541 Griece

511 2567 741 2637 ποιότης,
762 2567 948 2624 Latine
975 2569 1280 2639 qualitativa
1313 2570 1525 2642 dicitur,
1555 2572 1833 2626 Dominum
1864 2574 2096 2648 declarat

512 2661 777 2715 narrando
809 2678 927 2734 quae
957 2662 1175 2733 fecerit,
1210 2665 1293 2718 vel
1339 2681 1459 2736 qua:
1506 2666 1744 2736 quotidie
1795 2667 1940 2723 facit.
1971 2667 2096 2724 Illas

509 2752 650 2807 enim
701 2767 786 2806 res
831 2752 1058 2809 dicimus
1100 2754 1333 2826 diligere,
1372 2771 1504 2826 quas
1547 2759 1743 2826 saepius
1788 2774 2094 2828 operamnr.

508 2841 578 2897 Ita
623 2843 706 2898 hic
731 2843 799 2921 de
848 2845 1072 2899 Domino
1102 2848 1353 2903 canitur:
1391 2845 1573 2921 Diligit
1616 2850 2022 2906 misericordiam
2047 2859 2098 2908 et

507 2919 784 3014 judicium,
813 2938 962 3007 quasi
1005 2953 1109 2992 non
1137 2949 1192 2993 et
1223 2919 1558 3010 prudentiam
1603 2952 1657 2997 et
1687 2946 2097 3014 temperantiam

508 3027 711 3094 diligat.
740 3025 844 3082 Sed
885 3030 1007 3100 quia
1054 3029 1211 3084 istam
1263 3032 1418 3086 nobis
1466 3033 1776 3112 frequenter
1822 3037 2094 3105 indulget,

508 3121 674 3200 ipsam
719 3121 914 3178 dicitur
955 3125 1174 3200 omnino
1206 3125 1452 3196 diligere.
1490 3127 1542 3180 ln
1591 3129 1689 3184 hoc
1735 3144 1864 3198 ergo
1895 3131 2096 3186 mundo

507 3213 674 3283 diligit
706 3215 1136 3286 misericordiam,
1183 3218 1273 3272 ubi
1313 3234 1432 3272 eam
1481 3219 1637 3289 longe
1679 3220 1894 3288 lateque
1922 3223 2097 3278 disse-

2197 611 2444 663 nil'estam
2485 610 2814 680 intelligeres
2838 613 3120 680 unitatem,
3147 618 3258 687 ejus
3279 616 3430 682 dixit,
3457 635 3562 674 non
3586 635 3799 679 eorum.

2243 689 2424 756 ’νει-ε.
2461 702 2514 756 7.
2550 701 2881 773 Congregans
2925 705 3055 759 sicut
3094 707 3146 760 in
3192 719 3354 762 utrem
3401 728 3562 780 aquas
3611 715 3804 780 maris;

2202 809 2399 866 ponens
2427 794 2481 847 in
2522 794 2778 849 thesauris
2824 797 3051 867 abyssos.
3101 798 3252 864 Quod
3309 803 3416 869 ait,
3473 803 3806 876 Congregans

2207 888 2344 940 sicut
2371 886 2424 939 in
2455 898 2615 940 utrem
2644 903 2807 958 aquas
2836 890 3071 954 maris,si
3102 892 3166 945 ad
3202 892 3432 948 litteram
3452 897 3591 951 velis
3609 883 3803 952 adver;

2200 986 2340 1043 tere,
2368 978 2613 1034 clausum
2645 981 2909 1050 signiﬁcat
2940 998 3087 1039 mare
3119 985 3404 1042 littoribus.
3438 989 3571 1044 Nam
3621 991 3665 1045 si
3700 991 3806 1047 hoc

2195 1071 2548 1140 spiritualiter
2583 1071 2727 1126 velis
2766 1088 3058 1143 agnoscere
3085 1115 3102 1142 ,
3148 1086 3260 1130 uter
3303 1089 3386 1132 est
3434 1091 3660 1134 exutum
3710 1097 3808 1149 pe-

2194 1162 2338 1218 coris
2362 1170 2561 1233 tergus,
2590 1163 2730 1234 quod
2763 1166 2946 1220 usibus
2975 1167 3228 1224 humanis
3255 1171 3494 1226 deservit
3524 1173 3591 1229 ad
3624 1174 3806 1244 liquo-

2195 1271 2284 1312 res
2312 1256 2518 1324 aliquos
2547 1259 2974 1328 congregandos.
3022 1259 3121 1318 llic
3153 1269 3263 1316 uter
3293 1263 3556 1320 Ecclesia:
3581 1281 3804 1337 compa-

2195 1356 2382 1402 ratur:
2415 1347 2539 1417 quia
2569 1349 2710 1404 sicut
2757 1350 2857 1405 iste
2885 1362 3166 1421 susceptas
3195 1368 3382 1423 aquas,
3426 1357 3540 1412 sive
3588 1358 3804 1429 aliquid

2197 1441 2302 1495 tale
2329 1443 2722 1511 complectitur,
2755 1443 2822 1497 ita
2853 1455 2906 1499 et
2935 1444 3022 1500 illa
3051 1445 3429 1503 adunationem
3463 1451 3647 1518 populi
3676 1465 3808 1506 cre-

2195 1531 2373 1586 dentis
2417 1533 2659 1588 includit.
2702 1534 2861 1604 Aqua:
2903 1551 3030 1590 vero
3077 1539 3234 1592 maris
3288 1540 3547 1608 pupulum
3595 1542 3806 1611 signiti—

2196 1633 2320 1678 cant
2366 1624 2760 1695 Christianum,
2794 1628 2881 1696 qui
2931 1627 2985 1681 in
3033 1628 3216 1682 mundi
3265 1630 3382 1684 salo
3428 1631 3592 1685 [luctu
3634 1635 3806 1687 alter-

2198 1727 2360 1771 nante
2395 1716 2722 1773 concutitur.
2755 1718 3006 1788 Abyssum
3036 1735 3164 1775 vero
3217 1721 3445 1777 dicimus
3486 1726 3649 1778 nimis
3690 1725 3795 1779 ali-

2207 1808 2336 1878 quid
2367 1810 2720 1878 prorundum,
2755 1813 2897 1882 quod
2924 1813 3202 1870 altitudine
3231 1831 3326 1870 sua
3357 1815 3626 1873 humanos
3656 1819 3709 1872 in
3740 1834 3806 1875 se

2144 1917 2186 1978 Β
2213 1901 2541 1958 descendere
2569 1920 2675 1959 non
2709 1905 2967 1973 permittit
2993 1916 3264 1976 aspectus.
3296 1908 3438 1979 Ergo
3463 1911 3517 1963 in
3549 1910 3805 1966 thesauris

2201 1995 2335 2058 suis,
2375 1994 2429 2050 id
2477 2007 2560 2051 est
2599 1998 2874 2066 sapientiae
2909 2008 2964 2054 et
3008 2000 3251 2054 scientize
3297 2003 3438 2071 ponit
3489 2004 3805 2059 altitudines

2201 2087 2530 2157 profundas;
2564 2099 2620 2144 ut
2650 2092 2840 2156 probet
2866 2090 2983 2160 quis
3011 2089 3128 2161 ejus
3145 2091 3448 2163 Scripturas
3479 2096 3660 2150 studio
3686 2096 3803 2167 pie-

2212 2179 2342 2234 tatis
2371 2179 2624 2250 inquirat.

2272 2274 2429 2330 Vers.
2463 2276 2517 2330 8.
2560 2273 2760 2366 Timent
2807 2275 3088 2332 Dominum
3139 2279 3304 2334 omnis
3345 2288 3482 2334 terra
3513 2293 3534 2334 :
3576 2278 3638 2334 ab
3692 2278 3804 2350 ipso

2203 2380 2376 2426 autem
2404 2378 2816 2424 commoveantur
2858 2373 3122 2438 universa,
3153 2381 3202 2426 et
3231 2388 3404 2430 omnes
3444 2373 3535 2444 qui
3576 2374 3802 2428 habitant

2201 2464 2392 2542 orbem.
2430 2462 2589 2519 Terra
2622 2464 2709 2520 hic
2737 2465 2930 2520 durum
2967 2465 3234 2534 signiﬁcat
3279 2483 3370 2535 per
3400 2467 3586 2522 omnia
3614 2482 3798 2538 pecca-

2202 2565 2402 2622 torem,
2433 2556 2524 2627 qui
2555 2557 2748 2612 merito
2779 2567 2915 2611 terra
2944 2558 3162 2627 dicitur,
3193 2561 3314 2630 quia
3348 2561 3588 2618 cmlestis
3615 2561 3800 2631 grati:

2203 2647 2448 2718 largitate
2481 2647 2776 2703 fraudator.
2826 2649 2965 2719 Ergo
2998 2659 3246 2718 peccator
3272 2653 3373 2708 iste
3413 2661 3664 2712 terrenus
3708 2653 3800 2722 qui

2204 2754 2384 2812 amare
2434 2741 2634 2807 nescit,
2668 2742 2840 2796 timeat
2874 2741 3184 2812 Dominum;
3218 2754 3272 2801 ut
3301 2748 3346 2800 si
3390 2762 3497 2804 non
3531 2747 3798 2803 desiderio

2203 2835 2548 2904 praemiorum
2571 2850 2600 2890 a
2632 2837 2866 2906 peccatis
2891 2837 3155 2907 abstinet,
3183 2839 3374 2895 saltem
3399 2841 3651 2896 vindicta:
3677 2856 3798 2895 con-

2200 2929 2525 2986 sideratione
2553 2939 2851 2985 revocetur.
2877 2930 3113 2986 Dicendo
3137 2931 3278 2987 enim
3297 2973 3312 3000 ,
3340 2933 3402 2986 ab
3427 2935 3567 3002 ipso,
3601 2933 3798 2988 indicat

2203 3034 2260 3078 et
2285 3037 2316 3076 a
2347 3021 2559 3076 diabolo
2597 3023 2899 3077 commoveri
2927 3039 2945 3079 :
2976 3023 3044 3079 de
3071 3039 3176 3093 quo
3203 3035 3256 3080 et
3302 3025 3466 3079 lsaias
3497 3025 3630 3080 dicit
3657 3042 3670 3076 :
3705 3023 3798 3078 His

2201 3123 2273 3170 est
2301 3115 2387 3185 qui
2412 3115 2752 3168 commovebat
2781 3125 2966 3170 terram
2999 3114 3134 3188 (lsa.
3190 3131 3300 3177 xw.
3327 3117 3436 3187 16).
3469 3117 3798 3187 Quapropter

2201 3206 2690 3276 prophetaunerito
2721 3208 2855 3278 petit
2889 3223 2920 3263 a
2961 3207 3188 3264 Domino
3237 3210 3416 3264 omnia
3459 3210 3798 3277 commoveri,

506 3306 700 3371 tninat;
745 3307 991 3363 videlicet
1041 3309 1129 3364 ubi
1178 3312 1409 3366 suStinct
1459 3321 1788 3379 peccatores,
1834 3315 1924 3370 ubi
1971 3315 2092 3372 bla-

2201 3303 2321 3371 quia
2352 3315 2515 3358 omne
2543 3302 2684 3372 quod
2733 3303 2850 3372 ejus
2891 3301 3231 3359 ordinatione
3261 3302 3589 3372 disponitur,
3635 3306 3798 3358 rebus

505 3395 757 3464 sphemos
789 3395 1050 3466 patienter
1094 3410 1399 3472 exspectat,
1443 3403 1530 3458 ubi
1573 3405 1733 3459 vitam
1765 3416 1983 3476 prrstat
2012 3409 2096 3464 itt-

505 3487 698 3557 dignis,
725 3497 780 3544 et
810 3490 892 3544 his
936 3489 1162 3559 similia,
1193 3508 1314 3564 quae
1365 3495 1546 3564 pietati
1595 3510 1842 3567 supernae
1883 3509 2095 3556 constat

504 3581 825 3637 omnimodis
851 3583 1185 3652 applicanda.
1214 3583 1396 3658 Diligit
1422 3601 1634 3658 quoque
1654 3589 1942 3660 judicium,
1971 3607 2094 3660 cum

504 3675 620 3742 pios
645 3683 942 3744 sequestrat
971 3678 1038 3732 ab
1069 3677 1268 3748 impiis,
1301 3689 1353 3733 et
1383 3679 1573 3734 merita
1602 3694 1786 3736 eorum
1819 3684 2091 3754 aequitatis

503 3765 756 3834 qualitate
800 3765 1076 3821 discernit.
1107 3767 1365 3839 Sequitur
1397 3770 1488 3824 ubi
1529 3770 1708 3838 illam,
1741 3787 1901 3843 quam
1933 3788 2096 3842 supe-

503 3858 614 3911 rius
655 3855 902 3925 dixerat,
955 3858 1359 3914 misericordiam
1407 3860 1684 3930 largiatur,
1723 3878 1844 3916 cum
1894 3863 2120 3924 miseri-,

501 3951 676 4003 cordia
709 3947 918 4004 Domini
945 3951 1095 4019 plena
1121 3961 1196 4006 est
1227 3961 1382 4008 terra.
1419 3954 1525 4008 ista
1557 3954 1741 4026 utique
1772 3969 1891 4026 qua:
1930 3955 2094 4012 mise-

501 4053 591 4097 ros
633 4042 899 4111 continet,
930 4042 1017 4098 ubi
1065 4041 1266 4098 diaboli
1315 4046 1717 4116 oppugnatione
1759 4045 2091 4114 laboramus,

502 4133 588 4189 ubi
612 4151 642 4188 a
672 4135 940 4190 mandatis
981 4135 1290 4191 cmlesﬁbus
1336 4139 1514 4194 carnis
1554 4138 1923 4194 imbecillitate
1961 4139 2092 4194 sub-

501 4225 780 4278 trahimur.
811 4225 961 4281 Tunc
990 4227 1134 4281 enim
1164 4243 1322 4296 quam
1355 4230 1782 4284 misericordiam
1816 4231 2090 4298 posmlare

502 4331 803 4386 possumus,
845 4332 967 4372 cum
1014 4319 1124 4388 jam
1174 4319 1336 4374 nullis
1385 4321 1795 4376 necessitatibus
1844 4322 2094 4392 ingrava-

502 4410 656 4464 mur?
705 4411 795 4464 hic
838 4424 969 4480 ergo
1018 4409 1444 4466 misericordiam
1491 4427 1826 4483 quaeramus,
1873 4414 1942 4470 de
1987 4428 2092 4486 qua

502 4503 750 4557 universa
774 4511 914 4558 terra
939 4503 1204 4572 completa
1229 4513 1332 4558 est.

567 4594 723 4649 Vers.
749 4594 802 4648 6.
835 4593 1001 4648 Verbo
1033 4592 1242 4647 Domini
1269 4596 1380 4650 caeli
1409 4596 1601 4664 ﬁrmati
1628 4606 1778 4666 sunt,
1832 4607 1879 4654 et
1905 4600 2091 4670 spiritu

2200 3407 2417 3462 semper
2463 3392 2680 3448 utilibus
2727 3393 3047 3463 applicatur.
3079 3393 3185 3449 Sed
3230 3395 3346 3448 licet
3392 3395 3538 3463 prius
3576 3394 3800 3452 dixisset

2203 3487 2528 3556 generaliter
2555 3487 2765 3556 omnia,
2798 3504 2941 3544 nunc
2971 3487 3251 3546 descendit
3271 3489 3339 3544 ad
3369 3489 3641 3546 homines.
3672 3490 3798 3546 Nam

2200 3579 2445 3649 quamvis
2487 3581 2725 3636 uniuersa
2769 3579 2888 3650 ejus
2918 3583 3146 3651 imperio
3175 3581 3538 3640 administrari
3571 3595 3799 3654 egeant,

2201 3672 2436 3726 maxime
2487 3669 2776 3738 humanum
2822 3688 3021 3743 genus,
3067 3674 3210 3744 quod
3249 3690 3280 3728 a
3327 3684 3516 3731 natura
3567 3693 3666 3731 sua
3697 3675 3799 3732 de-

2200 3773 2482 3832 pravatum
2529 3764 2944 3834 surripientibus
2985 3765 3155 3833 vitiis,
3199 3766 3373 3838 culpis
3415 3767 3680 3837 probatur
3708 3767 3800 3824 ob-

2188 3854 2444 3931 noxium,

2269 3946 2424 4018 vers.
2455 3949 2510 4004 9.
2544 3948 2801 4014 Quoniam
2849 3949 2959 4020 ipse
3005 3951 3168 4018 dixit,
3213 3959 3260 4007 et
3313 3953 3452 4025 facta
3499 3962 3660 4019 sunt;
3693 3954 3800 4020 ipse

2197 4037 2487 4104 mandavit,
2518 4047 2566 4093 et
2591 4049 2762 4094 creata
2790 4049 2929 4094 sunt.
2971 4041 3166 4097 Reddit
3189 4057 3407 4098 causam
3439 4059 3612 4114 quare
3639 4058 3672 4100 a
3695 4044 3802 4099 Do-

2196 4130 2343 4186 mino
2369 4129 2598 4185 debeant
2630 4131 2810 4186 omnia
2835 4133 3166 4194 commoveri
3193 4151 3207 4188 :
3241 4137 3425 4205 utique
3455 4136 3580 4206 quia
3607 4151 3802 4193 eorum

2197 4220 2314 4291 ipse
2342 4232 2556 4278 creator
2600 4233 2718 4288 est,
2753 4234 2807 4277 et
2835 4237 3056 4280 necesse
3094 4233 3178 4279 est
3220 4234 3278 4280 ut
3323 4227 3524 4282 utiliter
3565 4227 3800 4284 admini-

2195 4323 2330 4368 stret
2356 4314 2689 4380 existentias,
2719 4315 2808 4384 qui
2837 4329 2929 4368 eas
2952 4314 3200 4384 dignatus
3223 4329 3307 4374 est
3332 4329 3524 4376 creare
3555 4336 3654 4390 per
3681 4336 3802 4391 gra-

2203 4404 2354 4458 tiam.
2390 4404 2572 4470 Dixit,
2602 4415 2648 4459 et
2681 4405 2821 4475 facta
2848 4419 3000 4474 sunt,
3029 4407 3294 4478 signiﬁcat
3326 4411 3534 4467 initium
3585 4429 3800 4480 rerum,

2195 4495 2408 4565 quando
2439 4484 2685 4553 universa
2711 4497 2831 4554 Filii
2862 4500 3028 4568 ipsius
3069 4501 3302 4572 imperio
3323 4502 3474 4572 jussa
3527 4521 3802 4577 prorupe-

2195 4599 2338 4642 runt.
2371 4586 2494 4659 Ipse
2535 4589 2829 4654 mandauit,
2859 4600 2906 4646 et
2949 4600 3120 4648 creata
3163 4605 3324 4652 sunt:
3356 4611 3453 4666 per
3502 4600 3804 4669 pr0phetas

498 4690 600 4742 oris
644 4690 756 4760 ejus
796 4689 959 4740 omnis
1004 4688 1162 4742 virtus
1191 4703 1386 4744 eorum.
1415 4693 1670 4768 Quamvis
1699 4701 1756 4748 et
1793 4694 1859 4748 ad
1899 4695 2085 4750 condi-

2201 4682 2376 4751 utique
2416 4681 2679 4736 mandavit
2727 4683 2930 4754 legem,
2979 4699 3076 4755 per
3113 4704 3272 4757 quam
3313 4690 3524 4758 ﬁdeles,
3569 4691 3804 4748 Domino

498 4782 696 4833 tionem
730 4794 906 4834 rerum
938 4794 1123 4835 versus
1157 4781 1258 4852 iste
1291 4781 1564 4850 pertinere
1595 4782 1860 4852 videatur,
1907 4795 2086 4842 tamen

495 4885 548 4928 et
595 4873 946 4942 spiritualiter
990 4875 1244 4930 decenter
1293 4874 1572 4945 accipitur.
1624 4876 1791 4932 Verbo
1841 4877 2087 4947 Domini,

495 4967 599 5020 hoc
623 4976 704 5020 est
732 4981 760 5019 a
790 4965 926 5022 Filio
958 4967 1051 5022 Dei
1082 4970 1196 5021 creti
1223 4968 1416 5038 [innati
1447 4979 1596 5035 sunt,
1630 4969 1682 5026 id
1713 4981 1797 5026 est
1820 4973 2084 5042 apostoli,

492 5061 605 5114 sive
637 5059 805 5114 sancti
837 5060 1058 5115 stabiliti
1091 5071 1247 5127 sunt,
1287 5064 1374 5132 qui
1408 5063 1592 5118 orbem
1636 5073 1900 5120 terrarum
1939 5069 2086 5120 salu-

494 5152 594 5206 tari
651 5151 1030 5222 prmdit-atione
1083 5157 1434 5225 complerent.
1484 5156 1755 5228 Sequitur,
1797 5168 1846 5211 et
1896 5159 2084 5228 spiritu

493 5247 595 5310 oris
621 5247 730 5316 ejus
757 5248 921 5302 omnis
949 5248 1107 5302 virtus
1135 5265 1309 5304 eorum
1334 5267 1352 5305 :
1381 5251 1584 5321 utique,
1619 5252 1832 5319 quando
1877 5267 1909 5308 a
1959 5252 2086 5323 Spi-

494 5336 599 5390 ritu
627 5345 812 5392 sancto
839 5354 1024 5394 eorum
1051 5337 1294 5396 doctrina
1330 5343 1598 5398 veniebat.
1637 5342 1812 5398 Virtus
1851 5347 1994 5400 enim
2027 5353 2084 5400 et

494 5428 562 5482 ad
609 5428 861 5492 miracula
904 5432 1141 5502 pertinet
1189 5449 1306 5502 qua:
1354 5433 1653 5503 faciebant,
1692 5445 1746 5490 et
1793 5436 1860 5490 ad
1908 5436 2080 5506 legem

495 5517 709 5578 Domini
739 5541 894 5594 quam
924 5527 1170 5596 gentibus
1201 5527 1584 5597 prmdicabant.
1617 5527 1746 5582 Nam
1778 5530 1820 5583 si
1855 5527 2082 5597 diligen—

495 5614 603 5671 tius
631 5627 1049 5686 perscrutemur,
1075 5628 1128 5674 et
1160 5629 1399 5672 sant-tam
1435 5619 1520 5672 hic
1557 5619 1819 5688 signiﬁcat
1851 5619 2084 5674 Trinita-

495 5718 623 5766 tem.
654 5709 896 5766 Dicendo
944 5714 1084 5767 enim
1123 5710 1308 5775 Verbo,
1348 5709 1536 5764 Filium
1583 5711 1846 5774 declarat;
1895 5709 2083 5776 adjun-

493 5801 666 5870 gendo
709 5801 948 5872 Domini,
993 5805 1203 5860 Patrem
1246 5804 1376 5859 dicit
1404 5822 1416 5857 :
1448 5804 1630 5874 spiritu
1672 5804 1775 5858 oris
1819 5806 1953 5873 ejus,
1982 5799 2084 5854 uti-

497 5914 600 5961 que
625 5899 879 5971 Spiritum
910 5911 1152 5958 sanctum
1193 5900 1307 5958 vult
1359 5899 1611 5982 intelligi.
1647 5899 1731 5964 qui
1776 5909 1898 5950 ante
1943 5904 2080 5950 tctu-

2199 4774 2435 4842 volente,
2463 4774 2628 4832 creati
2657 4786 2802 4831 sunt.
2839 4775 2998 4836 Vides
3027 4795 3186 4849 quam
3217 4782 3507 4844 salubriter
3531 4788 3802 4854 prepheta

2193 4884 2223 4923 a
2256 4869 2364 4923 Deo
2393 4868 2545 4938 petiit
2586 4872 2761 4923 omnia
2791 4873 3160 4940 commoveri,
3185 4875 3276 4944 qui
3322 4877 3472 4934 solus
3515 4891 3800 4936 creatura-

2193 4975 2312 5018 rum
2337 4974 2555 5015 suarum
2581 4969 2758 5030 potest
2779 4974 2900 5016 esse
2919 4962 3252 5020 misericors.

2265 5059 2418 5114 Vers.
2461 5058 2549 5114 10.
2592 5057 2846 5114 Dominus
2891 5061 3112 5132 dissipat
3159 5067 3377 5122 consilia
3417 5071 3682 5140 gentium;
3709 5086 3800 5125 re-

2192 5151 2374 5221 probat
2403 5159 2576 5204 autem
2602 5152 2938 5220 cogitationes
2965 5155 3303 5224 populorum,
3329 5169 3378 5213 et
3403 5162 3650 5230 reprobat
3673 5178 3799 5217 con-

2187 5245 2308 5298 silia
2353 5243 2664 5314 principum.
2707 5243 2937 5316 Dissipat
2985 5263 3174 5306 revera
3219 5254 3439 5308 consilia
3487 5271 3612 5323 qua:
3653 5254 3800 5312 mala

2188 5335 2273 5392 vel
2313 5334 2542 5404 pessima
2572 5344 2729 5401 sunt;
2761 5351 2885 5392 nam
2916 5336 3059 5394 bona
3115 5355 3334 5411 semper
3373 5344 3598 5415 adjuvat
3635 5357 3802 5416 atque

2143 5471 2150 5476 .
2187 5427 2487 5482 conﬁrmat.
2533 5424 2705 5481 Nimis
2732 5437 2854 5496 apta
2889 5430 3002 5486 suis
3046 5433 3224 5489 causis
3251 5435 3415 5492 verba
3461 5436 3795 5509 junguntur.

2192 5521 2469 5590 Dissipauit
2495 5521 2712 5576 consilia
2748 5523 3003 5592 gentium,
3049 5528 3262 5596 quando
3293 5545 3388 5586 eas
3436 5532 3490 5586 in
3521 5531 3798 5588 idolorum

2193 5617 2401 5672 cultura
2433 5631 2539 5670 non
2583 5617 2824 5684 permisit
2865 5618 3063 5676 diutius
3099 5623 3259 5693 108
3303 5637 3645 5694 permanere.
3689 5623 3796 5677 Re-

2191 5710 2420 5781 probavit
2448 5710 2782 5782 cogitationes
2826 5712 3152 5780 populorum,
3203 5715 3326 5785 quia
3363 5716 3494 5772 licet
3541 5716 3798 5772 voluntas

2187 5801 2497 5857 Judteorum
2530 5799 2582 5854 iu
2614 5814 2743 5856 nece
2773 5801 2980 5856 Domini
3011 5804 3242 5860 nefanda
3267 5808 3537 5877 completa
3567 5811 3666 5875 sit,
3697 5823 3798 5861 rc-

2188 5892 2520 5950 surrectioue
2558 5899 2736 5952 tamen
2781 5891 2950 5963 ipsius
2993 5906 3205 5956 constat
3241 5914 3366 5960 esse
3411 5904 3792 5973 reprobatana.
