4004 6342
122 368 128 373 .
201 373 305 472 ego

1139 363 1230 424 EX
1251 362 1517 446 POSlfl'll)
1557 357 1624 442 IN
1662 351 2106 422 PSALTERIUM
2166 354 2361 418 PSAL.
2394 353 2625 416 XXX".

3392 348 3500 432 930.

202 471 271 553 [si
297 491 420 564 quia
450 487 518 544 de
558 481 807 558 gentibus
847 479 1060 536 dixerat
1099 487 1152 536 et
1189 479 1255 536 de
1288 478 1520 550 populis,
1553 491 1623 534 ne
1666 473 1794 545 quid
1821 473 1874 538 Α
1900 471 2044 528 dictu
2085 472 2234 528 nefas
2261 483 2376 558 est,
2407 473 2649 534 redditus
2681 473 2910 530 lucrata
2941 485 3037 528 suo
3080 472 3339 530 Creatorc
3371 475 3459 530 lou

203 571 475 641 videretur
520 578 779 634 intactum
812 574 1138 644 relinquere,
1183 580 1297 643 post
1351 573 1515 626 etiam
1545 570 1614 624 de
1655 568 1799 646 prin-

204 673 399 748 eipibus
439 669 602 734 dicit,
643 667 757 724 sive
806 667 874 722 dc
924 663 1189 738 tyrannis,
1227 663 1316 746 qui
1364 663 1537 736 legem
1586 657 1798 716 Domini

203 767 362 822 saevis
404 759 866 834 persecutionibus
911 757 1282 828 impetebant:
1315 755 1429 810 sive
1476 755 1543 808 de
1587 751 1796 828 spiriti-

205 849 303 914 bus
341 853 660 921 immundis,
698 864 929 922 quorum
982 847 1264 905 consilium
1297 861 1511 917 semper
1557 844 1608 901 in
1655 842 1798 899 malo

205 959 310 1008 est.

274 1039 431 1096 Vcrs.
459 1040 545 1096 lt.
570 1037 852 1094 Consilium
876 1051 991 1091 vero
1019 1032 1225 1089 Domini
1251 1041 1415 1086 manet
1441 1031 1493 1086 in
1520 1042 1764 1086 teternum
1780 1044 1799 1094 ,'

206 1135 534 1208 cogitationes
564 1132 734 1186 cordis
771 1130 880 1201 ejus
909 1130 959 1182 in
994 1127 1238 1182 swculum
1279 1125 1477 1180 surculi.
1508 1125 1659 1182 Sicut
1697 1123 1798 1178 ho-

207 1224 412 1282 minum
442 1240 602 1296 prava
629 1223 850 1280 consilia
879 1221 1010 1276 dixit
1037 1235 1155 1276 esse
1182 1218 1486 1275 lrustranda
1507 1260 1521 1284 ,
1554 1219 1623 1272 ita
1658 1229 1804 1271 nunc

207 1320 258 1374 in
290 1328 550 1373 :eternum
581 1316 711 1373 dicit
743 1315 952 1370 Domini
983 1327 1311 1384 permanere
1349 1310 1634 1381 disposita.
1667 1309 1801 1365 Pec-

207 1421 358 1468 cator
384 1413 526 1467 cnim
563 1421 615 1466 et
646 1409 886 1465 mortalis
917 1408 1078 1462 bonum
1127 1406 1326 1461 caduca
1368 1403 1538 1474 sapit,
1569 1412 1804 1458 aeternus

210 1505 469 1560 Dominus
491 1503 632 1558 llttll'l
666 1498 1106 1572 reprehendenda
1139 1497 1450 1561 constituit;
1479 1496 1617 1550 sicut
1641 1493 1804 1549 Isaias

212 1600 336 1654 dicit
370 1617 382 1652 :
431 1597 592 1652 Omne
634 1589 907 1650 consilium
951 1609 1117 1646 meum
1164 1591 1346 1646 stabile
1387 1592 1509 1654 erit,
1545 1598 1592 1644 et
1637 1589 1806 1644 omnia

212 1706 518 1762 qua'cunque
549 1671 768 1760 cogitavi
797 1685 1030 1755 efﬁciant,
1053 1681 1206 1752 (lsai.
1237 1697 1356 1738 ςικί
1379 1723 1393 1747 ,
1425 1679 1534 1750 10).
1575 1679 1717 1736 Idem
1753 1688 1808 1735 ct

212 1779 473 1856 Jcremias
503 1779 673 1834 dicit:
710 1777 771 1832 Si
821 1793 919 1830 non
965 1783 1092 1830 esset
1138 1785 1492 1829 testamentum
1539 1789 1705 1828 meum
1754 1773 1808 1834 in

1899 565 2150 634 ginquus.
2185 564 2315 619 Nam
2354 553 2496 636 quod
2536 567 2640 632 ait,
2671 574 2718 620 et
2761 566 2914 632 vidit,
2954 567 3180 644 gratiam
3223 566 3492 637 signiﬁcat

1900 656 2228 712 miserentis.
2263 656 2384 712 Illos
2415 657 2556 714 enim
2599 658 2766 712 videre
2793 657 3041 726 dicimus,
3071 658 3266 730 quibus
3307 668 3360 716 et
3391 659 3492 714 ali-

1901 749 2026 842 quid
2069 749 2364 820 przcsdtum
2407 765 2528 807 esse
2569 750 2926 808 declaramus.
2964 751 3026 806 Et
3056 751 3340 808 considera
3369 753 3496 830 quia

1901 861 2009 924 non
2052 844 2212 916 dicit,
2242 845 2357 900 visa
2391 855 2638 916 peccata;
2672 846 2796 914 sed,
2841 847 2979 916 [illos
3023 845 3309 902 hominum.
3358 845 3492 920 Nam

1903 953 2024 994 cum
2063 938 2254 994 delicta
2298 939 2515 1008 reSpicit
2557 925 2734 1007 punit;
2767 954 2887 1009 cum
2931 941 3205 998 hominem
3255 941 3496 998 intuetur

1902 1015 2162 1108 absolvit;
2188 1031 2328 1088 sicut
2350 1033 2401 1087 in
2424 1032 2868 1102 quinquagesimo
2892 1032 3098 1104 psalmo
3121 1032 3362 1090 dicturus
3385 1013 3496 1096 est:

1904 1124 2083 1178 Averte
2126 1125 2310 1196 faciem
2351 1129 2489 1178 tuam
2519 1140 2550 1177 a
2583 1125 2801 1193 peccatis
2844 1125 2967 1178 meis
3015 1123 3186 1198 (Psal.
3215 1142 3270 1193 ι,
3297 1125 3416 1199 11).
3448 1137 3502 1194 et

1905 1219 2024 1274 alibi
2054 1235 2068 1274 :
2103 1217 2182 1273 Ne
2213 1231 2411 1274 avertas
2440 1219 2623 1289 {aciem
2653 1227 2796 1272 tuam
2835 1234 2868 1271 a
2897 1234 2975 1272 me
3007 1217 3178 1290 (Psal.
3209 1235 3386 1288 astu,
3421 1219 3500 1289 7).

1907 1311 2060 1369 Unde
2087 1311 2240 1366 nobis
2271 1311 2611 1382 intelligenda
2639 1321 2800 1383 atque
2830 1309 3119 1368 retinenda
3143 1322 3224 1368 est
3251 1313 3510 1384 salutaris.

1907 1405 2006 1462 ista
2033 1403 2340 1459 diversitas.
2519 1391 2522 1394 ί

1982 1499 2133 1554 Vers.
2171 1498 2250 1554 li.
2285 1495 2362 1552 De
2398 1506 2686 1570 prteparato
2717 1497 3012 1560 habitacula
3042 1513 3134 1554 suo
3163 1499 3384 1568 respexit
3420 1516 3505 1556 su-

1909 1609 1998 1666 per
2026 1608 2195 1648 omnes
2224 1593 2310 1663 qui
2340 1591 2570 1648 habitant
2596 1595 2788 1648 orbem.
2821 1593 2898 1652 De
2928 1592 3106 1660 futuro
3134 1607 3363 1664 corpore
3396 1592 3502 1664 Do-

1911 1685 2040 1740 mini
2073 1696 2198 1740 tunc
2237 1684 2468 1740 dicebat.
2503 1684 2636 1740 Nam
2665 1686 2788 1762 dum
2822 1685 3000 1742 omnia
3031 1700 3150 1755 quae
3179 1685 3373 1758 ordine
3413 1699 3507 1744 ve-

1913 1777 2094 1833 niente
2135 1777 2463 1846 succedunt,
2512 1777 2566 1832 iu
2608 1777 3085 1849 praedeStinatione
3134 1777 3334 1833 fuerint
3369 1791 3508 1834 cou-

215 1873 447 1930 rustodia
474 1874 554 1926 die
582 1887 643 1924 ac
675 1877 838 1934 nocte,
869 1876 1125 1938 prmcepta
1165 1865 1278 1920 caeli
1308 1874 1354 1918 et
1385 1873 1535 1918 terrte
1581 1881 1678 1916 non
1709 1861 1797 1917 de-
1908 1871 2124 1935 sumta;
2157 1879 2357 1940 quanto
2386 1861 2554 1940 magis
2587 1870 2973 1946 incarnationis
3027 1871 3144 1938 ejus
3185 1869 3502 1946 miraculum

215 1968 399 2023 dissem
431 1965 574 2037 (Jer.
604 1977 767 2018 sum
788 2003 804 2028 ,
827 1958 945 2032 ‘25).
978 1958 1268 2016 Consilium
1314 1972 1444 2013 vero
1474 1957 1640 2028 ipsius
1673 1956 1809 2011 bene

216 2059 563 2129 intelligimus
612 2052 996 2110 incarnationis
1042 2065 1330 2116 arcanum,
1379 2048 1540 2122 quod
1575 2047 1640 2102 ad
1682 2063 1811 2102 CCI:-

217 2150 499 2208 suleudum
535 2137 772 2204 humano
811 2145 995 2218 generi
1043 2153 1253 2200 constat
1297 2158 1420 2198 case
1466 2156 1808 2198 concessum.

219 2219 342 2298 lloc‘
382 2241 524 2295 nulla
561 2249 718 2294 aetate
763 2236 1093 2298 dissolvitur,
1143 2233 1237 2290 sed
1296 2233 1348 2288 in
1406 2244 1651 2287 ccternum
1702 2249 1813 2284 ma-

220 2317 348 2387 net:
398 2331 518 2404 quia
587 2309 1123 2397 tritnnphalisinors
1180 2323 1428 2390 Domini,
1487 2321 1810 2377 diabolicum

221 2425 527 2494 perenniter
555 2421 806 2479 exstinxit
839 2419 1082 2476 exitium.
1117 2417 1460 2488 Cogitationes
1491 2427 1668 2472 autem
1701 2433 1813 2469 cor—

221 2519 302 2572 tlis
330 2518 466 2591 ejus,
497 2514 762 2586 signiﬁcat
801 2510 1362 2583 prmdestinationqm,
1395 2510 1446 2564 in
1479 2525 1582 2580 qua
1622 2518 1813 2564 cuncta

221 2610 450 2678 reposita
481 2618 635 2677 sunt,
664 2621 784 2679 quae
813 2607 897 2660 vel
928 2608 1174 2674 fuerunt,
1203 2611 1294 2666 vet
1326 2603 1676 2673 sequentibus
1707 2617 1814 2658 sae-

219 2703 353 2760 culis
398 2701 575 2757 latura
622 2699 939 2754 succedunt.
991 2697 1116 2752 llatc
1165 2697 1308 2752 enim
1357 2705 1530 2766 gestat
1570 2695 1815 2750 ordinem

221 2811 434 2860 rerum,
474 2791 564 2864 qui
611 2800 887 2863 permanet
919 2789 972 2843 in
1015 2788 1257 2844 steculum
1303 2787 1498 2842 stcculi.
1547 2787 1646 2841 Cui
1696 2802 1819 2842 scn-

220 2887 409 2944 Lentim
457 2884 532 2940 illi
589 2883 783 2939 merito
833 2881 1059 2950 cedunt,
1109 2880 1199 2952 qui
1253 2894 1414 2936 unam
1469 2887 1712 2934 natumut
1766 2880 1818 2935 in

220 2980 440 3038 Christo
483 2977 708 3034 Domino
749 2976 1104 3032 mentiuntur.
1137 2972 1266 3028 Nam
1307 2972 1353 3029 si
1405 2973 1675 3026 consilium
1707 2973 1821 3040 ejus

225 3071 416 3130 stabile
459 3079 573 3137 est,
610 3077 666 3124 et
701 3067 1033 3140 ragitationes
1085 3066 1255 3120 cordis
1303 3063 1472 3134 ipsius
1504 3071 1823 3135 permanent

223 3173 278 3222 ιη
306 3163 550 3220 siccatum
589 3160 792 3224 steculi,
827 3167 1036 3215 constat
1076 3168 1256 3212 autem
1299 3156 1688 3212 incarnationis
1730 3171 1820 3209 ar-

1914 1973 2036 2019 aute
2067 1963 2264 2019 saecula
2296 1962 2550 2032 probatur
2591 1961 2755 2018 fuisse
2798 1962 3152 2034 dispositum,
3185 1961 3326 2032 quod
3368 1959 3510 2030 peri-

1913 2055 2115 2126 clitanti
2141 2053 2338 2110 mundo
2368 2068 2527 2126 quem
2557 2053 2898 2126 disposuerat
2921 2055 3120 2123 facere,
3151 2061 3361 2124 poterat
3383 2052 3509 2110 sub-

1913 2146 2130 2204 venire?

1992 2239 2139 2294 Vcrs.
2186 2237 2274 2294 15.
2311 2238 2413 2306 Qui
2456 2239 2606 2310 fmxit
2636 2237 2942 2312 singillatim
2988 2241 3144 2294 corda
3175 2254 3383 2304 eorum,
3422 2238 3511 2317 qui
3566 2309 3574 2316 .

1915 2333 2154 2404 intelligit
2185 2333 2234 2384 in
2261 2333 2435 2386 omnia
2465 2350 2619 2404 Opera
2649 2349 2844 2393 eorum.
2880 2331 3056 2394 Finxit
3099 2333 3286 2398 corda,
3317 2333 3512 2402 quibus

1917 2425 2280 2495 intelligentia:
2307 2442 2420 2481 suae
2447 2425 2584 2480 dona
2615 2427 2836 2496 largitus
2868 2434 2968 2480 cst.
3002 2423 3230 2498 Fingere
3257 2425 3399 2482 enim
3431 2425 3513 2480 di-

1915 2507 2084 2578 cimus
2112 2521 2460 2591 ceroplastas,
2489 2521 2578 2592 qui
2618 2521 2874 2576 formulas
2913 2520 3171 2596 quasdam
3216 2518 3285 2574 ad
3315 2532 3506 2588 opera—

1921 2615 2078 2669 tionis
2103 2629 2214 2670 sua:
2243 2622 2365 2670 vota
2401 2623 2758 2686 componunt;
2792 2615 2869 2668 sic
2910 2623 2963 2668 et
2995 2612 3255 2667 Dominus
3301 2619 3513 2678 utentes

1915 2707 2182 2775 justorum
2214 2705 2412 2762 format
2449 2713 2611 2774 atque
2642 2705 2908 2775 disponit,
2944 2713 2998 2759 ut
3027 2703 3094 2758 ad
3130 2701 3517 2770 misericordia:

1921 2809 2032 2850 sua:
2055 2794 2195 2848 dona
2227 2795 2500 2864 perducat.
2535 2793 2883 2864 Singillatim,
2916 2793 2968 2847 id
2995 2803 3076 2848 est
3103 2792 3312 2848 ditisim
3354 2797 3517 2862 atque

1922 2888 2238 2942 distinctim.
2288 2886 2459 2941 Corda
2510 2903 2722 2953 eorum,
2773 2889 2979 2942 scilicet
3026 2896 3372 2949 sanctorum,
3420 2887 3520 2944 sub

1924 2980 2137 3035 Domini
2181 2979 2372 3035 timore
2405 2980 2716 3035 viventium.
2743 2979 3016 3050 Sequitur,
3057 2979 3146 3050 qui
3186 2979 3427 3051 intelligit
3457 2959 3523 3056 in

1925 3074 2096 3126 omnia
2136 3089 2291 3145 opera
2335 3089 2531 3127 eorum.
2581 3070 2831 3143 Intelligit
2875 3072 3088 3143 utique,
3133 3073 3348 3142 quando
3391 3074 3525 3128 acti-

1926 3165 2024 3218 bus
2069 3164 2328 3219 bonorum
2379 3164 2594 3234 prtemia
2641 3147 2800 3236 digna
2844 3165 3101 3221 restituit.
3152 3165 3388 3220 Dicenda
3431 3182 3524 3220 ve-

226 3273 452 3322 canum,
481 3255 597 3324 ejus
622 3252 1004 3325 cogitationem
1033 3250 1257 3322 ejusque
1305 3249 1470 3303 fuisse
1507 3247 1820 3312 consilium;
1850 3255 1896 3322 ο
1926 3270 2009 3320 ro,
2053 3257 2105 3307 in
2155 3256 2328 3309 omnia
2379 3271 2568 3324 opera,
2611 3254 2877 3324 signiﬁcat
2915 3256 3301 3325 cogitationes,
3347 3255 3522 3325 dicta,

229 3343 451 3408 necesse
488 3359 602 3416 est,
636 3359 692 3402 ut
735 3346 904 3401 forma
952 3344 1300 3400 humanitatis
1339 3351 1652 3416 assumptte,
1687 3357 1825 3398 unus

230 3437 401 3499 Filius
447 3440 498 3495 in
543 3439 749 3495 duabus
793 3437 998 3493 naturis
1046 3436 1336 3506 distinctis,
1378 3435 1628 3504 perfectis
1669 3445 1830 3504 atque

231 3533 509 3602 adunatis,
557 3531 695 3588 sicut
745 3532 910 3600 coepit
957 3529 1011 3584 in
1058 3529 1264 3584 unitate
1313 3543 1579 3598 personae,
1617 3541 1832 3597 semper

231 3629 450 3685 cxistat.

304 3719 461 3775 Vers.
493 3718 579 3774 1‘2.
613 3717 773 3773 Beata
802 3733 923 3790 gens
967 3715 1117 3789 cujus
1161 3724 1236 3770 est
1276 3713 1531 3769 Dominus
1579 3713 1713 3768 Deus
1743 3728 1828 3766 eo-

229 3830 387 3879 rum;
416 3817 630 3884 populus
659 3829 811 3884 quem
849 3813 998 3884 elegit
1043 3813 1096 3866 in
1137 3811 1489 3866 [nereditatem
1521 3810 1637 3863 sibi.
1673 3808 1832 3864 Venit

231 3911 300 3965 ad
333 3908 626 3965 secundmn
655 3906 990 3975 membrum,
1025 3904 1076 3958 in
1108 3919 1216 3974 quo
1261 3903 1507 3959 dicturus
1545 3910 1656 3968 est,
1689 3900 1831 3972 quod

232 4018 286 4058 to
321 4000 496 4070 primo
523 4014 684 4056 versu
713 3999 1025 4068 proposuit,
1065 3996 1156 4064 qui
1197 3995 1304 4051 sint
1351 3995 1512 4061 recti,
1559 4003 1652 4048 aut
1695 4005 1830 4062 quos

233 4097 394 4152 decet
430 4093 645 4149 Domini
675 4090 1021 4148 collaudatio.
1056 4088 1268 4144 Gentem
1298 4088 1476 4157 itaque
1505 4085 1638 4141 dicit
1669 4084 1836 4154 perti-

234 4196 451 4245 nentem
504 4185 568 4240 ad
623 4185 919 4241 Jerusalem
967 4183 1285 4249 caelestem,
1335 4196 1494 4251 quam
1542 4179 1832 4232 adunatam

235 4289 449 4338 constat
479 4295 542 4334 ex
574 4279 824 4335 omnibus
868 4276 1134 4349 gentibus.
1170 4275 1286 4346 Ipsa
1321 4273 1503 4341 utique
1531 4271 1676 4324 beata
1723 4277 1831 4336 est,

236 4392 266 4430 a
295 4391 398 4444 qua
437 4375 574 4429 Deus
601 4389 730 4428 vere
769 4373 984 4435 colitur,
1017 4378 1073 4426 et
1115 4368 1356 4424 omnium
1398 4363 1658 4420 Dominus
1697 4361 1832 4416 ado-

237 4477 418 4531 ratur;
443 4466 495 4520 id
516 4473 626 4532 cst,
652 4463 746 4534 qui
769 4479 860 4520 eos
889 4463 1118 4533 protegit
1139 4475 1202 4515 ac
1225 4459 1507 4531 gubernat.
1541 4455 1834 4514 liter-editas

237 4563 457 4632 quidem
489 4559 687 4616 dicitur
716 4570 772 4616 et
818 4571 938 4613 cum
971 4555 1262 4612 dimittitur
1291 4553 1476 4619 alteri,
1504 4559 1560 4608 et
1586 4566 1708 4608 cum
1744 4567 1836 4608 ac-

1931 3345 2015 3400 vel
2056 3343 2227 3413 facta,
2257 3347 2450 3416 quibus
2495 3347 2690 3401 bonum
2738 3347 3044 3420 malumque
3071 3362 3286 3422 seraper
3329 3353 3518 3420 ορθωὲ

1932 3455 2070 3494 mur.

2003 3531 2160 3596 Vers,
2196 3530 2282 3587 i6.
2318 3530 2440 3586 Non
2468 3533 2748 3588 salvabitur
2776 3548 2867 3586 rea:
2894 3547 2985 3603 per
3013 3532 3232 3587 multant
3262 3534 3528 3601 uirtutem,

1936 3640 2025 3678 nec
2061 3625 2204 3695 gigas
2235 3625 2409 3679 salt-us
2439 3626 2532 3679 erit
2573 3625 2730 3698 [ωδε.
2875 3624 2960 3704 F.,
2999 3623 3296 3698 salvabitur]
3317 3627 3370 3692 in
3400 3628 3530 3681 mul-

1935 3720 2150 3774 titudine
2193 3720 2512 3792 fortitudinis
2543 3737 2670 3776 sum.
2707 3703 2896 3794 Regem
2940 3719 3070 3775 dicit
3101 3722 3368 3777 hominem
3402 3736 3531 3778 con-

1935 3811 2231 3881 tinentem,
2268 3814 2354 3883 qui
2387 3814 2633 3884 quamvis
2675 3823 2821 3884 regat
2867 3829 3062 3884 corpus
3105 3830 3261 3870 suum
3306 3816 3532 3870 misera-

1935 3907 2080 3961 tione
2109 3906 2318 3974 divina,
2353 3924 2383 3960 a
2425 3908 2567 3963 vitiis
2611 3915 2787 3964 tamen
2836 3908 3142 3962 carnalibus
3182 3909 3365 3964 salvus
3413 3907 3527 3964 ﬁeri

1937 4016 2041 4055 non
2071 4010 2278 4070 potest,
2311 4000 2435 4054 dum
2467 4001 2533 4055 de
2563 4017 2660 4056 sua
2691 4002 2888 4058 virtute
2920 4003 3343 4071 praesumpserit.
3375 4003 3527 4058 Juste

1937 4094 2080 4146 enim
2127 4091 2291 4147 virtus
2330 4091 2563 4146 humana
2610 4093 2896 4161 desgritur,
2941 4094 3157 4162 quando
3199 4094 3384 4150 datum
3427 4093 3524 4148 bo’-

1938 4200 2062 4238 nam
2093 4193 2253 4258 atque
2280 4183 2576 4255 perfectum
2613 4200 2715 4239 non
2745 4185 2986 4256 largitori
3011 4186 3142 4254 Deo,
3175 4187 3268 4243 sed
3299 4189 3532 4258 propriis

1937 4276 2138 4331 viribus
2167 4277 2483 4348 applicatur.
2517 4277 2658 4333 Idem
2695 4279 2952 4352 gigantem
2999 4279 3112 4335 vult
3149 4280 3408 4352 intelligi,
3442 4281 3534 4351 qui

1939 4369 2193 4426 virtutum
2235 4371 2598 4441 magnitudine
2628 4373 2931 4438 roboratur,
2965 4374 3052 4444 qui
3099 4383 3285 4430 centra
3335 4374 3528 4429 imma-

1939 4463 2158 4518 nitatem
2207 4464 2405 4518 diaboli
2459 4465 2676 4520 assidua
2732 4465 3077 4522 dimicatione
3127 4467 3386 4537 conﬂigit.
3428 4469 3534 4535 Qui

1941 4555 2132 4610 merito
2175 4557 2319 4628 gigas
2359 4571 2478 4612 esse
2523 4557 2749 4625 dicitur,
2790 4573 2821 4614 a
2866 4574 2971 4630 quo
3013 4560 3206 4616 talibus
3253 4561 3534 4630 spiritibus
3593 4556 3602 4563 ’

238 4656 489 4726 quiritur.
527 4653 630 4710 Sed
677 4651 908 4722 populus
943 4648 1282 4705 Christianus
1322 4647 1599 4702 luereditas
1626 4653 1710 4701 est
1743 4659 1832 4700 ac-
1863 4641 1914 4702 D
1937 4650 2203 4705 obviatur.
2235 4651 2341 4707 Sed
2373 4651 2473 4706 iste
2499 4668 2732 4724 quoque,
2765 4653 2852 4723 qui
2879 4651 2991 4722 jam
3021 4655 3192 4724 gratia
3223 4653 3316 4707 Dei
3346 4652 3537 4708 suifra-

239 4747 566 4819 quisitionis,
597 4759 706 4802 non
751 4743 1078 4800 dimissionis
1104 4759 1120 4796 :
1150 4742 1271 4811 quia
1311 4755 1433 4796 eum
1476 4746 1666 4794 auctor
1704 4751 1838 4793 suus

241 4840 513 4913 possidet,
543 4855 699 4911 quem
750 4835 1219 4907 praedicationibus
1259 4834 1464 4891 sanctis
1505 4840 1560 4889 et
1599 4832 1852 4904 pretioso

240 4935 504 4996 sanguine
529 4929 872 5002 conquisivit.

317 5027 469 5082 Vers.
507 5025 591 5082 15.
625 5023 703 5082 De
729 5024 852 5079 ctelo
881 5023 1139 5095 prospexit
1181 5020 1450 5091 Dominus,
1484 5027 1530 5076 et
1576 5020 1702 5076 uidit
1731 5035 1842 5080 am-

239 5135 334 5175 n's
381 5119 518 5187 ﬁlios
567 5117 851 5173 hominum.
904 5117 1000 5172 Hic
1049 5115 1309 5171 adventus
1359 5113 1573 5169 Domini
1625 5113 1842 5168 futurus

241 5214 564 5285 exprimitur
591 5228 688 5285 per
719 5213 938 5284 ﬁguram
966 5226 1084 5282 quae
1113 5205 1301 5265 Grtece
1326 5208 1470 5272 idea,
1501 5206 1692 5263 Latine
1721 5219 1843 5276 spe-

243 5307 359 5364 cies
385 5308 578 5364 dicitur
603 5324 617 5362 :
647 5305 862 5378 quando
893 5303 1039 5360 velut
1065 5301 1296 5373 effigiem
1327 5299 1409 5355 rei
1445 5300 1636 5354 futura:
1669 5298 1842 5356 oculis

241 5403 559 5466 oderentes,
591 5398 756 5454 animi
801 5406 982 5454 votum
1023 5394 1091 5451 ad
1135 5391 1390 5449 audiendi
1431 5390 1666 5446 studium
1711 5404 1844 5447 con-

241 5499 501 5554 citamus.
537 5497 612 5552 De
657 5495 784 5552 caelo
825 5493 970 5551 enim
1017 5492 1274 5566 prospexit
1307 5487 1579 5555 Dominus,
1628 5487 1842 5560 quando

243 5589 455 5662 proprii
485 5589 610 5645 Filii
639 5589 860 5645 donavit
897 5587 1206 5643 adventum.
1231 5581 1347 5639 Non
1391 5582 1534 5638 enim
1565 5583 1727 5638 homo
1756 5599 1843 5639 rc-

240 5685 427 5757 spexit
453 5683 518 5738 ad
550 5685 862 5752 Dominum,
900 5680 996 5738 sed
1038 5679 1298 5736 Dominus
1329 5677 1606 5748 prospexit
1650 5675 1716 5730 ad
1747 5676 1840 5730 lto-

244 5779 476 5834 minem.
507 5759 824 5849 Prospicere
851 5784 932 5832 est
961 5773 1226 5846 siquidem
1260 5785 1419 5841 porro
1449 5771 1681 5841 positum
1714 5782 1846 5823 con-

246 5871 482 5945 spicere.
511 5872 611 5941 Qui
659 5887 843 5930 revera
885 5867 1117 5944 peccatis
1144 5872 1263 5925 erat
1303 5864 1532 5930 divisus,
1565 5872 1619 5920 et
1632 5903 1650 5933 ,
1696 5860 1843 5933 quod

1919 4752 2101 4814 gante
2129 4743 2325 4798 multos
2356 4744 2573 4813 Spiritus
2601 4744 2777 4816 fugat,
2810 4746 2989 4800 salvus
3018 4761 3139 4800 esse
3167 4760 3274 4799 non
3309 4747 3532 4816 poterit,

1945 4839 1989 4895 si
2019 4839 2162 4908 vehit
2192 4839 2335 4910 gigas
2366 4838 2633 4908 superbiae
2666 4839 2793 4894 vitio
2824 4839 3132 4894 sublevatus
3175 4841 3304 4908 (quo
3336 4840 3552 4910 fragilis

1946 4942 2188 5004 raptatur
2219 4930 2566 5003 humanitas),
2597 4933 2663 4988 de
2709 4929 3021 4988 nteritorum
3069 4947 3287 4988 suorum
3343 4933 3481 5010 virip
3512 4952 3540 4994 e

1948 5027 2370 5096 prmsumpserit.
2421 5025 2523 5082 Sed
2573 5025 2816 5095 quamvis
2856 5026 3000 5098 gigas
3048 5024 3236 5102 Latino
3283 5041 3537 5102 seruitute

1948 5119 2210 5188 terrigena
2240 5117 2468 5185 dicatur,
2511 5125 2690 5172 tamen
2719 5118 2844 5172 etin
2871 5116 3010 5172 bono
3040 5099 3165 5187 poni
3189 5099 3558 5186 manifestum.

1947 5220 2055 5278 cst;
2094 5211 2288 5282 legitur
2323 5211 2465 5266 enim
2496 5209 2562 5263 de
2597 5207 2850 5263 Christe:
2887 5208 3174 5264 Exsultaeit
3205 5221 3259 5264 ut
3285 5192 3432 5288 gigas
3471 5209 3541 5264 ad

1947 5305 2254 5361 cui-rendam
2280 5305 2410 5361 viam
2444 5302 2615 5378 (Psal.
2643 5319 2798 5372 xvtu,
2829 5304 2906 5377 ὓ).

1979 5407 1984 5412 ·
2023 5396 2174 5453 Vers.
2204 5395 2290 5451 17.
2321 5393 2506 5450 Falsus
2536 5411 2692 5462 equus
2723 5395 2790 5450 ad
2831 5395 3048 5452 salutem
3078 5412 3096 5451 :
3125 5397 3176 5451 in
3224 5396 3542 5472 abundaqtia

1945 5495 2120 5542 autem
2150 5489 2349 5552 uirtutis
2378 5503 2486 5542 sate
2512 5503 2612 5542 non
2642 5490 2735 5543 erit
2781 5491 2970 5546 salvus.
3010 5489 3214 5561 Equum
3257 5491 3408 5562 ponit
3443 5505 3543 5566 pro

1945 5581 2197 5638 felicitate
2244 5581 2540 5651 mundana,
2587 5599 2705 5656 qua:
2758 5584 3002 5639 homines
3050 5588 3128 5658 sic
3174 5569 3384 5654 portat,
3429 5593 3550 5639 tan-

1945 5689 2102 5746 quam
2129 5676 2175 5731 si
2212 5676 2422 5746 equinis
2461 5677 2964 5748 gesticulatimiilms
2998 5678 3376 5746 pervehuntur.
3420 5677 3544 5732 lltec
3613 5699 3616 5702 δ

1945 5778 2122 5824 autem
2151 5769 2378 5850 humana
2415 5785 2538 5839 spes
2571 5772 2648 5825 sic
2681 5771 2912 5840 decipit,
2943 5770 3398 5842 quemadmodum
3444 5766 3552 5838 [ula-

1943 5878 2032 5918 sus
2079 5878 2268 5934 equus;
2314 5864 2401 5934 qui
2448 5880 2566 5921 cum
2615 5861 2870 5934 iactando
2914 5877 2974 5922 se
3012 5863 3278 5938 graditur,
3336 5862 3546 5920 ruinam
