  <div class='ocr_page' id='page_1' title='image "/cluster/home/n/w/nwhite01/storage/ocr_20150623/70/hvd.32044015469356/121.png"; bbox 0 0 4004 6342; ppageno 0'>
   <div class='ocr_carea' id='block_1_1' title="bbox 441 400 546 464">
    <p class='ocr_par' dir='ltr' id='par_1_1' title="bbox 441 400 546 464">
     <span class='ocr_line' id='line_1_1' title="bbox 441 400 546 464; baseline 0 0"><span class='ocrx_word' id='word_1_1' title='bbox 441 400 546 464; x_wconf 70' lang='grc'><strong>251</strong></span> 
     </span>
    </p>
   </div>
   <div class='ocr_carea' id='block_1_2' title="bbox 1724 396 2562 461">
    <p class='ocr_par' dir='ltr' id='par_1_2' title="bbox 1724 396 2562 461">
     <span class='ocr_line' id='line_1_2' title="bbox 1724 396 2562 461; baseline 0 -3"><span class='ocrx_word' id='word_1_2' title='bbox 1724 397 1796 458; x_wconf 74' lang='grc' dir='ltr'><strong>Μ.</strong></span> <span class='ocrx_word' id='word_1_3' title='bbox 1838 396 2116 458; x_wconf 78' lang='lat' dir='ltr'><strong>AURELII</strong></span> <span class='ocrx_word' id='word_1_4' title='bbox 2153 396 2562 461; x_wconf 78' lang='lat' dir='ltr'><strong>CASSIODORI</strong></span> 
     </span>
    </p>
   </div>
   <div class='ocr_carea' id='block_1_3' title="bbox 3627 393 3766 466">
    <p class='ocr_par' dir='ltr' id='par_1_3' title="bbox 3627 393 3766 466">
     <span class='ocr_line' id='line_1_3' title="bbox 3627 393 3766 466; baseline 0 0"><span class='ocrx_word' id='word_1_5' title='bbox 3627 393 3766 466; x_wconf 70' lang='lat'><strong>932</strong></span> 
     </span>
    </p>
   </div>
   <div class='ocr_carea' id='block_1_4' title="bbox 444 516 3765 598">
    <p class='ocr_par' dir='ltr' id='par_1_4' title="bbox 444 516 3765 598">
     <span class='ocr_line' id='line_1_4' title="bbox 444 516 3765 598; baseline 0.001 -20"><span class='ocrx_word' id='word_1_6' title='bbox 444 524 643 590; x_wconf 79' lang='lat' dir='ltr'><strong>subito,</strong></span> <span class='ocrx_word' id='word_1_7' title='bbox 679 532 838 594; x_wconf 89' lang='lat' dir='ltr'><strong>quam</strong></span> <span class='ocrx_word' id='word_1_8' title='bbox 881 532 988 580; x_wconf 89' lang='lat' dir='ltr'><strong>non</strong></span> <span class='ocrx_word' id='word_1_9' title='bbox 1030 519 1298 591; x_wconf 78' lang='lat' dir='ltr'><strong>apinatur,</strong></span> <span class='ocrx_word' id='word_1_10' title='bbox 1343 516 1590 575; x_wconf 73' lang='lat' dir='ltr'><strong>incurrit.</strong></span> <span class='ocrx_word' id='word_1_11' title='bbox 1639 516 1712 574; x_wconf 87' lang='lat' dir='ltr'><strong>Et</strong></span> <span class='ocrx_word' id='word_1_12' title='bbox 1751 534 1918 590; x_wconf 85' lang='lat' dir='ltr'><strong>quare</strong></span> <span class='ocrx_word' id='word_1_13' title='bbox 1957 519 2029 574; x_wconf 91' lang='lat' dir='ltr'><strong>sit</strong></span> <span class='ocrx_word' id='word_1_14' title='bbox 2073 520 2128 583; x_wconf 82' lang='grc' dir='ltr'><strong>Α</strong></span> <span class='ocrx_word' id='word_1_15' title='bbox 2156 521 2326 590; x_wconf 86' lang='lat' dir='ltr'><strong>ipsam</strong></span> <span class='ocrx_word' id='word_1_16' title='bbox 2370 520 2586 578; x_wconf 88' lang='lat' dir='ltr'><strong>Christo</strong></span> <span class='ocrx_word' id='word_1_17' title='bbox 2628 522 2936 588; x_wconf 87' lang='lat' dir='ltr'><strong>militamus,</strong></span> <span class='ocrx_word' id='word_1_18' title='bbox 2971 538 3071 595; x_wconf 85' lang='lat' dir='ltr'><strong>per</strong></span> <span class='ocrx_word' id='word_1_19' title='bbox 3107 525 3275 598; x_wconf 82' lang='lat' dir='ltr'><strong>ipsam</strong></span> <span class='ocrx_word' id='word_1_20' title='bbox 3318 522 3584 583; x_wconf 84' lang='lat' dir='ltr'><strong>diabolum</strong></span> <span class='ocrx_word' id='word_1_21' title='bbox 3625 525 3765 584; x_wconf 84' lang='lat' dir='ltr'><strong>vin-</strong></span> 
     </span>
    </p>
   </div>
   <div class='ocr_carea' id='block_1_5' title="bbox 447 615 2037 688">
    <p class='ocr_par' dir='ltr' id='par_1_5' title="bbox 447 615 2037 688">
     <span class='ocr_line' id='line_1_5' title="bbox 447 615 2037 688; baseline 0.001 -18"><span class='ocrx_word' id='word_1_22' title='bbox 447 617 610 688; x_wconf 80' lang='lat' dir='ltr'><strong>falsus</strong></span> <span class='ocrx_word' id='word_1_23' title='bbox 635 631 794 684; x_wconf 79' lang='lat' dir='ltr'><strong>equus</strong></span> <span class='ocrx_word' id='word_1_24' title='bbox 823 616 1070 686; x_wconf 90' lang='lat' dir='ltr'><strong>exponit;</strong></span> <span class='ocrx_word' id='word_1_25' title='bbox 1104 616 1191 671; x_wconf 86' lang='lat' dir='ltr'><strong>ille</strong></span> <span class='ocrx_word' id='word_1_26' title='bbox 1213 617 1355 671; x_wconf 88' lang='lat' dir='ltr'><strong>enim</strong></span> <span class='ocrx_word' id='word_1_27' title='bbox 1393 615 1520 672; x_wconf 90' lang='lat' dir='ltr'><strong>dum</strong></span> <span class='ocrx_word' id='word_1_28' title='bbox 1547 630 1767 687; x_wconf 86' lang='lat' dir='ltr'><strong>campos</strong></span> <span class='ocrx_word' id='word_1_29' title='bbox 1799 617 2037 686; x_wconf 89' lang='lat' dir='ltr'><strong>appetit,</strong></span> 
     </span>
    </p>
   </div>
   <div class='ocr_carea' id='block_1_6' title="bbox 446 706 2043 779">
    <p class='ocr_par' dir='ltr' id='par_1_6' title="bbox 446 706 2043 779">
     <span class='ocr_line' id='line_1_6' title="bbox 446 706 2043 779; baseline -0.002 -14"><span class='ocrx_word' id='word_1_30' title='bbox 446 709 578 765; x_wconf 88' lang='lat' dir='ltr'><strong>dum</strong></span> <span class='ocrx_word' id='word_1_31' title='bbox 623 707 790 778; x_wconf 85' lang='lat' dir='ltr'><strong>pedes</strong></span> <span class='ocrx_word' id='word_1_32' title='bbox 831 721 1172 777; x_wconf 67' lang='lat' dir='ltr'><strong>praepropera</strong></span> <span class='ocrx_word' id='word_1_33' title='bbox 1217 706 1558 764; x_wconf 76' lang='lat' dir='ltr'><strong>festinatione</strong></span> <span class='ocrx_word' id='word_1_34' title='bbox 1591 708 1911 779; x_wconf 85' lang='lat' dir='ltr'><strong>permiscet,</strong></span> <span class='ocrx_word' id='word_1_35' title='bbox 1955 721 2043 764; x_wconf 83' lang='lat' dir='ltr'><strong>sa-</strong></span> 
     </span>
    </p>
   </div>
   <div class='ocr_carea' id='block_1_7' title="bbox 2153 614 3758 689">
    <p class='ocr_par' dir='ltr' id='par_1_7' title="bbox 2153 614 3758 689">
     <span class='ocr_line' id='line_1_7' title="bbox 2153 614 3758 689; baseline 0.002 -19"><span class='ocrx_word' id='word_1_36' title='bbox 2153 614 2349 680; x_wconf 88' lang='lat' dir='ltr'><strong>cimus,</strong></span> <span class='ocrx_word' id='word_1_37' title='bbox 2393 630 2490 686; x_wconf 89' lang='lat' dir='ltr'><strong>per</strong></span> <span class='ocrx_word' id='word_1_38' title='bbox 2536 616 2708 686; x_wconf 81' lang='lat' dir='ltr'><strong>ipsam</strong></span> <span class='ocrx_word' id='word_1_39' title='bbox 2750 616 2895 672; x_wconf 87' lang='lat' dir='ltr'><strong>beati</strong></span> <span class='ocrx_word' id='word_1_40' title='bbox 2927 617 2994 672; x_wconf 88' lang='lat' dir='ltr'><strong>ad</strong></span> <span class='ocrx_word' id='word_1_41' title='bbox 3042 620 3302 675; x_wconf 61' lang='lat' dir='ltr'><strong>coalorum</strong></span> <span class='ocrx_word' id='word_1_42' title='bbox 3347 633 3510 689; x_wconf 83' lang='lat' dir='ltr'><strong>regna</strong></span> <span class='ocrx_word' id='word_1_43' title='bbox 3551 631 3758 688; x_wconf 78' lang='lat' dir='ltr'><strong>perve-</strong></span> 
     </span>
    </p>
   </div>
   <div class='ocr_carea' id='block_1_8' title="bbox 2144 708 3764 782">
    <p class='ocr_par' dir='ltr' id='par_1_8' title="bbox 2144 708 3764 782">
     <span class='ocr_line' id='line_1_8' title="bbox 2144 708 3764 782; baseline 0 -18"><span class='ocrx_word' id='word_1_44' title='bbox 2144 709 2336 775; x_wconf 89' lang='lat' dir='ltr'><strong>niunt;</strong></span> <span class='ocrx_word' id='word_1_45' title='bbox 2367 709 2628 780; x_wconf 88' lang='lat' dir='ltr'><strong>scriptum</strong></span> <span class='ocrx_word' id='word_1_46' title='bbox 2660 719 2743 767; x_wconf 89' lang='lat' dir='ltr'><strong>est</strong></span> <span class='ocrx_word' id='word_1_47' title='bbox 2771 713 2914 768; x_wconf 91' lang='lat' dir='ltr'><strong>enim</strong></span> <span class='ocrx_word' id='word_1_48' title='bbox 2942 727 2958 766; x_wconf 90' lang='lat'><strong>:</strong></span> <span class='ocrx_word' id='word_1_49' title='bbox 2992 709 3060 765; x_wconf 87' lang='lat' dir='ltr'><strong>In</strong></span> <span class='ocrx_word' id='word_1_50' title='bbox 3089 713 3337 782; x_wconf 78' lang='lat' dir='ltr'><strong>patientia</strong></span> <span class='ocrx_word' id='word_1_51' title='bbox 3373 723 3536 766; x_wconf 76' lang='lat' dir='ltr'><strong>vestra</strong></span> <span class='ocrx_word' id='word_1_52' title='bbox 3579 708 3764 779; x_wconf 79' lang='lat' dir='ltr'><strong>possi-</strong></span> 
     </span>
    </p>
   </div>
   <div class='ocr_carea' id='block_1_9' title="bbox 445 797 3768 873">
    <p class='ocr_par' dir='ltr' id='par_1_9' title="bbox 445 797 3768 873">
     <span class='ocr_line' id='line_1_9' title="bbox 445 797 3768 873; baseline -0.001 -13"><span class='ocrx_word' id='word_1_53' title='bbox 445 803 612 860; x_wconf 86' lang='lat' dir='ltr'><strong>lntem</strong></span> <span class='ocrx_word' id='word_1_54' title='bbox 643 799 872 858; x_wconf 85' lang='lat' dir='ltr'><strong>sessoris</strong></span> <span class='ocrx_word' id='word_1_55' title='bbox 897 798 982 854; x_wconf 87' lang='lat' dir='ltr'><strong>sui</strong></span> <span class='ocrx_word' id='word_1_56' title='bbox 1013 813 1121 854; x_wconf 92' lang='lat' dir='ltr'><strong>non</strong></span> <span class='ocrx_word' id='word_1_57' title='bbox 1152 799 1294 855; x_wconf 88' lang='lat' dir='ltr'><strong>valet</strong></span> <span class='ocrx_word' id='word_1_58' title='bbox 1332 799 1606 856; x_wconf 88' lang='lat' dir='ltr'><strong>custodire</strong></span> <span class='ocrx_word' id='word_1_59' title='bbox 1637 817 1650 854; x_wconf 89' lang='lat'><strong>:</strong></span> <span class='ocrx_word' id='word_1_60' title='bbox 1681 800 1804 872; x_wconf 83' lang='lat' dir='ltr'><strong>quia</strong></span> <span class='ocrx_word' id='word_1_61' title='bbox 1836 797 2042 856; x_wconf 79' lang='lat' dir='ltr'><strong>fervida</strong></span> <span class='ocrx_word' id='word_1_62' title='bbox 2144 801 2327 857; x_wconf 84' lang='lat' dir='ltr'><strong>debitis</strong></span> <span class='ocrx_word' id='word_1_63' title='bbox 2360 803 2558 858; x_wconf 88' lang='lat' dir='ltr'><strong>animas</strong></span> <span class='ocrx_word' id='word_1_64' title='bbox 2586 811 2776 859; x_wconf 81' lang='lat' dir='ltr'><strong>vestras</strong></span> <span class='ocrx_word' id='word_1_65' title='bbox 2805 803 2953 872; x_wconf 85' lang='lat' dir='ltr'><strong>(Luc.</strong></span> <span class='ocrx_word' id='word_1_66' title='bbox 2985 819 3074 859; x_wconf 67' lang='grc' dir='ltr'><strong>χχι</strong></span> <span class='ocrx_word' id='word_1_67' title='bbox 3093 845 3109 871; x_wconf 89' lang='grc'><em>,</em></span> <span class='ocrx_word' id='word_1_68' title='bbox 3137 805 3252 873; x_wconf 82' lang='grc'><strong>19).</strong></span> <span class='ocrx_word' id='word_1_69' title='bbox 3282 803 3572 872; x_wconf 85' lang='lat' dir='ltr'><strong>Sequitur:</strong></span> <span class='ocrx_word' id='word_1_70' title='bbox 3604 802 3768 870; x_wconf 82' lang='lat' dir='ltr'><strong>Quo-</strong></span> 
     </span>
    </p>
   </div>
   <div class='ocr_carea' id='block_1_10' title="bbox 447 892 2046 966">
    <p class='ocr_par' dir='ltr' id='par_1_10' title="bbox 447 892 2046 966">
     <span class='ocr_line' id='line_1_10' title="bbox 447 892 2046 966; baseline -0.001 -14"><span class='ocrx_word' id='word_1_71' title='bbox 447 895 606 952; x_wconf 87' lang='lat' dir='ltr'><strong>nimis</strong></span> <span class='ocrx_word' id='word_1_72' title='bbox 647 897 854 951; x_wconf 89' lang='lat' dir='ltr'><strong>incauta</strong></span> <span class='ocrx_word' id='word_1_73' title='bbox 893 901 1048 961; x_wconf 89' lang='lat' dir='ltr'><strong>sunt;</strong></span> <span class='ocrx_word' id='word_1_74' title='bbox 1078 901 1133 950; x_wconf 88' lang='lat' dir='ltr'><strong>et</strong></span> <span class='ocrx_word' id='word_1_75' title='bbox 1171 892 1261 964; x_wconf 89' lang='lat' dir='ltr'><strong>qui</strong></span> <span class='ocrx_word' id='word_1_76' title='bbox 1293 895 1393 950; x_wconf 89' lang='lat' dir='ltr'><strong>sub</strong></span> <span class='ocrx_word' id='word_1_77' title='bbox 1423 895 1686 951; x_wconf 83' lang='lat' dir='ltr'><strong>modestia</strong></span> <span class='ocrx_word' id='word_1_78' title='bbox 1715 911 1821 949; x_wconf 95' lang='lat' dir='ltr'><strong>non</strong></span> <span class='ocrx_word' id='word_1_79' title='bbox 1863 892 2046 966; x_wconf 87' lang='lat' dir='ltr'><strong>gradi-</strong></span> 
     </span>
    </p>
   </div>
   <div class='ocr_carea' id='block_1_11' title="bbox 446 984 2045 1058">
    <p class='ocr_par' dir='ltr' id='par_1_11' title="bbox 446 984 2045 1058">
     <span class='ocr_line' id='line_1_11' title="bbox 446 984 2045 1058; baseline -0.003 -12"><span class='ocrx_word' id='word_1_80' title='bbox 446 997 555 1054; x_wconf 88' lang='lat' dir='ltr'><strong>tur,</strong></span> <span class='ocrx_word' id='word_1_81' title='bbox 583 987 815 1046; x_wconf 90' lang='lat' dir='ltr'><strong>ruinosis</strong></span> <span class='ocrx_word' id='word_1_82' title='bbox 841 985 1058 1042; x_wconf 84' lang='lat' dir='ltr'><strong>casibus</strong></span> <span class='ocrx_word' id='word_1_83' title='bbox 1092 1001 1309 1057; x_wconf 89' lang='lat' dir='ltr'><strong>semper</strong></span> <span class='ocrx_word' id='word_1_84' title='bbox 1333 988 1643 1058; x_wconf 88' lang='lat' dir='ltr'><strong>exponitur.</strong></span> <span class='ocrx_word' id='word_1_85' title='bbox 1676 984 1868 1042; x_wconf 83' lang='lat' dir='ltr'><strong>Falsus</strong></span> <span class='ocrx_word' id='word_1_86' title='bbox 1898 985 2045 1042; x_wconf 90' lang='lat' dir='ltr'><strong>enim</strong></span> 
     </span>
    </p>
   </div>
   <div class='ocr_carea' id='block_1_12' title="bbox 393 1077 2044 1150">
    <p class='ocr_par' dir='ltr' id='par_1_12' title="bbox 393 1077 2044 1150">
     <span class='ocr_line' id='line_1_12' title="bbox 393 1077 2044 1150; baseline -0.002 -13"><span class='ocrx_word' id='word_1_87' title='bbox 393 1143 396 1146; x_wconf 50' lang='grc'>,</span> <span class='ocrx_word' id='word_1_88' title='bbox 445 1079 620 1138; x_wconf 90' lang='lat' dir='ltr'><strong>dictus</strong></span> <span class='ocrx_word' id='word_1_89' title='bbox 656 1087 738 1136; x_wconf 89' lang='lat' dir='ltr'><strong>est</strong></span> <span class='ocrx_word' id='word_1_90' title='bbox 777 1093 966 1148; x_wconf 76' lang='lat' dir='ltr'><strong>equus,</strong></span> <span class='ocrx_word' id='word_1_91' title='bbox 1002 1091 1068 1134; x_wconf 91' lang='lat' dir='ltr'><strong>eo</strong></span> <span class='ocrx_word' id='word_1_92' title='bbox 1095 1077 1236 1150; x_wconf 56' lang='lat' dir='ltr'><strong>quod</strong></span> <span class='ocrx_word' id='word_1_93' title='bbox 1265 1079 1404 1136; x_wconf 89' lang='lat' dir='ltr'><strong>solet</strong></span> <span class='ocrx_word' id='word_1_94' title='bbox 1444 1079 1498 1135; x_wconf 93' lang='lat' dir='ltr'><strong>in</strong></span> <span class='ocrx_word' id='word_1_95' title='bbox 1532 1094 1591 1135; x_wconf 90' lang='lat' dir='ltr'><strong>se</strong></span> <span class='ocrx_word' id='word_1_96' title='bbox 1619 1077 1810 1135; x_wconf 88' lang='lat' dir='ltr'><strong>fallere</strong></span> <span class='ocrx_word' id='word_1_97' title='bbox 1833 1092 2044 1149; x_wconf 66' lang='lat' dir='ltr'><strong>praesu-</strong></span> 
     </span>
    </p>
   </div>
   <div class='ocr_carea' id='block_1_13' title="bbox 445 1182 676 1230">
    <p class='ocr_par' dir='ltr' id='par_1_13' title="bbox 445 1182 676 1230">
     <span class='ocr_line' id='line_1_13' title="bbox 445 1182 676 1230; baseline -0.009 0"><span class='ocrx_word' id='word_1_98' title='bbox 445 1182 676 1230; x_wconf 79' lang='lat' dir='ltr'><strong>ruentes.</strong></span> 
     </span>
    </p>
   </div>
   <div class='ocr_carea' id='block_1_14' title="bbox 519 1262 2044 1336">
    <p class='ocr_par' dir='ltr' id='par_1_14' title="bbox 519 1262 2044 1336">
     <span class='ocr_line' id='line_1_14' title="bbox 519 1262 2044 1336; baseline -0.003 -14"><span class='ocrx_word' id='word_1_99' title='bbox 519 1264 673 1322; x_wconf 77' lang='lat' dir='ltr'><strong>Vers.</strong></span> <span class='ocrx_word' id='word_1_100' title='bbox 706 1264 796 1322; x_wconf 75' lang='grc'><strong>18.</strong></span> <span class='ocrx_word' id='word_1_101' title='bbox 827 1262 962 1320; x_wconf 84' lang='lat' dir='ltr'><strong>Ecce</strong></span> <span class='ocrx_word' id='word_1_102' title='bbox 993 1265 1131 1319; x_wconf 90' lang='lat' dir='ltr'><strong>oculi</strong></span> <span class='ocrx_word' id='word_1_103' title='bbox 1177 1263 1386 1320; x_wconf 85' lang='lat' dir='ltr'><strong>Domini</strong></span> <span class='ocrx_word' id='word_1_104' title='bbox 1414 1281 1571 1336; x_wconf 89' lang='lat' dir='ltr'><strong>super</strong></span> <span class='ocrx_word' id='word_1_105' title='bbox 1617 1264 1847 1320; x_wconf 78' lang='lat' dir='ltr'><strong>timentes</strong></span> <span class='ocrx_word' id='word_1_106' title='bbox 1890 1279 2044 1330; x_wconf 86' lang='lat' dir='ltr'><strong>eum,</strong></span> 
     </span>
    </p>
   </div>
   <div class='ocr_carea' id='block_1_15' title="bbox 444 1357 2044 1432">
    <p class='ocr_par' dir='ltr' id='par_1_15' title="bbox 444 1357 2044 1432">
     <span class='ocr_line' id='line_1_15' title="bbox 444 1357 2044 1432; baseline -0.003 -16"><span class='ocrx_word' id='word_1_107' title='bbox 444 1369 708 1431; x_wconf 80' lang='lat' dir='ltr'><strong>sperantes</strong></span> <span class='ocrx_word' id='word_1_108' title='bbox 735 1358 789 1414; x_wconf 91' lang='lat' dir='ltr'><strong>in</strong></span> <span class='ocrx_word' id='word_1_109' title='bbox 818 1359 1171 1414; x_wconf 84' lang='lat' dir='ltr'><strong>misericordia</strong></span> <span class='ocrx_word' id='word_1_110' title='bbox 1213 1361 1346 1432; x_wconf 86' lang='lat' dir='ltr'><strong>ejus.</strong></span> <span class='ocrx_word' id='word_1_111' title='bbox 1386 1359 1537 1413; x_wconf 85' lang='lat' dir='ltr'><strong>Oculi</strong></span> <span class='ocrx_word' id='word_1_112' title='bbox 1585 1357 1797 1413; x_wconf 84' lang='lat' dir='ltr'><strong>Domini</strong></span> <span class='ocrx_word' id='word_1_113' title='bbox 1839 1373 2044 1428; x_wconf 87' lang='lat' dir='ltr'><strong>ponun-</strong></span> 
     </span>
    </p>
   </div>
   <div class='ocr_carea' id='block_1_16' title="bbox 447 1450 2047 1526">
    <p class='ocr_par' dir='ltr' id='par_1_16' title="bbox 447 1450 2047 1526">
     <span class='ocr_line' id='line_1_16' title="bbox 447 1450 2047 1526; baseline -0.001 -18"><span class='ocrx_word' id='word_1_114' title='bbox 447 1460 534 1508; x_wconf 88' lang='lat' dir='ltr'><strong>tur</strong></span> <span class='ocrx_word' id='word_1_115' title='bbox 579 1453 743 1526; x_wconf 78' lang='lat'><strong>109</strong></span> <span class='ocrx_word' id='word_1_116' title='bbox 788 1466 888 1521; x_wconf 90' lang='lat' dir='ltr'><strong>pro</strong></span> <span class='ocrx_word' id='word_1_117' title='bbox 935 1451 1214 1506; x_wconf 80' lang='lat' dir='ltr'><strong>voluntate</strong></span> <span class='ocrx_word' id='word_1_118' title='bbox 1257 1450 1481 1506; x_wconf 89' lang='lat' dir='ltr'><strong>divina:</strong></span> <span class='ocrx_word' id='word_1_119' title='bbox 1511 1450 1636 1521; x_wconf 87' lang='lat' dir='ltr'><strong>quia</strong></span> <span class='ocrx_word' id='word_1_120' title='bbox 1679 1464 1817 1520; x_wconf 90' lang='lat' dir='ltr'><strong>quos</strong></span> <span class='ocrx_word' id='word_1_121' title='bbox 1864 1458 2047 1520; x_wconf 85' lang='lat' dir='ltr'><strong>gratus</strong></span> 
     </span>
    </p>
   </div>
   <div class='ocr_carea' id='block_1_17' title="bbox 445 1541 2048 1612">
    <p class='ocr_par' dir='ltr' id='par_1_17' title="bbox 445 1541 2048 1612">
     <span class='ocr_line' id='line_1_17' title="bbox 445 1541 2048 1612; baseline -0.001 -14"><span class='ocrx_word' id='word_1_122' title='bbox 445 1542 731 1612; x_wconf 84' lang='lat' dir='ltr'><strong>habemus,</strong></span> <span class='ocrx_word' id='word_1_123' title='bbox 761 1541 909 1611; x_wconf 86' lang='lat' dir='ltr'><strong>ipsos</strong></span> <span class='ocrx_word' id='word_1_124' title='bbox 937 1541 1056 1597; x_wconf 90' lang='lat' dir='ltr'><strong>sine</strong></span> <span class='ocrx_word' id='word_1_125' title='bbox 1083 1541 1420 1597; x_wconf 83' lang='lat' dir='ltr'><strong>dubitatione</strong></span> <span class='ocrx_word' id='word_1_126' title='bbox 1447 1541 1794 1611; x_wconf 89' lang='lat' dir='ltr'><strong>respicimus;</strong></span> <span class='ocrx_word' id='word_1_127' title='bbox 1828 1551 2048 1596; x_wconf 84' lang='lat' dir='ltr'><strong>econtra</strong></span> 
     </span>
    </p>
   </div>
   <div class='ocr_carea' id='block_1_18' title="bbox 445 1635 2050 1708">
    <p class='ocr_par' dir='ltr' id='par_1_18' title="bbox 445 1635 2050 1708">
     <span class='ocr_line' id='line_1_18' title="bbox 445 1635 2050 1708; baseline -0.002 -16"><span class='ocrx_word' id='word_1_128' title='bbox 445 1637 516 1694; x_wconf 92' lang='lat' dir='ltr'><strong>ab</strong></span> <span class='ocrx_word' id='word_1_129' title='bbox 545 1636 667 1702; x_wconf 84' lang='lat' dir='ltr'><strong>illis</strong></span> <span class='ocrx_word' id='word_1_130' title='bbox 716 1645 966 1708; x_wconf 88' lang='lat' dir='ltr'><strong>aspectus</strong></span> <span class='ocrx_word' id='word_1_131' title='bbox 1007 1635 1334 1703; x_wconf 82' lang='lat' dir='ltr'><strong>avertimus,</strong></span> <span class='ocrx_word' id='word_1_132' title='bbox 1385 1635 1476 1704; x_wconf 91' lang='lat' dir='ltr'><strong>qui</strong></span> <span class='ocrx_word' id='word_1_133' title='bbox 1524 1637 1726 1691; x_wconf 88' lang='lat' dir='ltr'><strong>nostris</strong></span> <span class='ocrx_word' id='word_1_134' title='bbox 1778 1635 2050 1690; x_wconf 89' lang='lat' dir='ltr'><strong>mentibus</strong></span> 
     </span>
    </p>
   </div>
   <div class='ocr_carea' id='block_1_19' title="bbox 445 1728 2050 1800">
    <p class='ocr_par' dir='ltr' id='par_1_19' title="bbox 445 1728 2050 1800">
     <span class='ocr_line' id='line_1_19' title="bbox 445 1728 2050 1800; baseline -0.002 -14"><span class='ocrx_word' id='word_1_135' title='bbox 445 1728 796 1787; x_wconf 85' lang='lat' dir='ltr'><strong>horruerunt.</strong></span> <span class='ocrx_word' id='word_1_136' title='bbox 851 1730 994 1800; x_wconf 84' lang='lat' dir='ltr'><strong>Ergo</strong></span> <span class='ocrx_word' id='word_1_137' title='bbox 1037 1729 1174 1784; x_wconf 85' lang='lat' dir='ltr'><strong>oculi</strong></span> <span class='ocrx_word' id='word_1_138' title='bbox 1213 1728 1422 1784; x_wconf 87' lang='lat' dir='ltr'><strong>Domini</strong></span> <span class='ocrx_word' id='word_1_139' title='bbox 1461 1737 1588 1784; x_wconf 88' lang='lat' dir='ltr'><strong>sunt</strong></span> <span class='ocrx_word' id='word_1_140' title='bbox 1627 1745 1780 1800; x_wconf 80' lang='lat' dir='ltr'><strong>super</strong></span> <span class='ocrx_word' id='word_1_141' title='bbox 1818 1729 2050 1783; x_wconf 88' lang='lat' dir='ltr'><strong>timentes</strong></span> 
     </span>
    </p>
   </div>
   <div class='ocr_carea' id='block_1_20' title="bbox 446 1822 2050 1896">
    <p class='ocr_par' dir='ltr' id='par_1_20' title="bbox 446 1822 2050 1896">
     <span class='ocr_line' id='line_1_20' title="bbox 446 1822 2050 1896; baseline -0.001 -18"><span class='ocrx_word' id='word_1_142' title='bbox 446 1839 566 1880; x_wconf 86' lang='lat' dir='ltr'><strong>eum</strong></span> <span class='ocrx_word' id='word_1_143' title='bbox 588 1839 608 1879; x_wconf 91' lang='lat'><strong>:</strong></span> <span class='ocrx_word' id='word_1_144' title='bbox 636 1825 762 1896; x_wconf 90' lang='lat' dir='ltr'><strong>quia</strong></span> <span class='ocrx_word' id='word_1_145' title='bbox 791 1824 965 1895; x_wconf 90' lang='lat' dir='ltr'><strong>pietas</strong></span> <span class='ocrx_word' id='word_1_146' title='bbox 994 1823 1164 1894; x_wconf 92' lang='lat' dir='ltr'><strong>ipsius</strong></span> <span class='ocrx_word' id='word_1_147' title='bbox 1190 1837 1286 1879; x_wconf 90' lang='lat' dir='ltr'><strong>eos</strong></span> <span class='ocrx_word' id='word_1_148' title='bbox 1317 1823 1580 1894; x_wconf 81' lang='lat' dir='ltr'><strong>protegit,</strong></span> <span class='ocrx_word' id='word_1_149' title='bbox 1613 1838 1747 1893; x_wconf 91' lang='lat' dir='ltr'><strong>quos</strong></span> <span class='ocrx_word' id='word_1_150' title='bbox 1773 1837 1833 1879; x_wconf 91' lang='lat' dir='ltr'><strong>se</strong></span> <span class='ocrx_word' id='word_1_151' title='bbox 1862 1822 2050 1877; x_wconf 89' lang='lat' dir='ltr'><strong>timere</strong></span> 
     </span>
    </p>
   </div>
   <div class='ocr_carea' id='block_1_21' title="bbox 2147 893 3768 967">
    <p class='ocr_par' dir='ltr' id='par_1_21' title="bbox 2147 893 3768 967">
     <span class='ocr_line' id='line_1_21' title="bbox 2147 893 3768 967; baseline 0 -19"><span class='ocrx_word' id='word_1_152' title='bbox 2147 895 2288 949; x_wconf 86' lang='lat' dir='ltr'><strong>niam</strong></span> <span class='ocrx_word' id='word_1_153' title='bbox 2315 893 2525 966; x_wconf 80' lang='lat' dir='ltr'><strong>adjutor</strong></span> <span class='ocrx_word' id='word_1_154' title='bbox 2547 905 2596 950; x_wconf 87' lang='lat' dir='ltr'><strong>et</strong></span> <span class='ocrx_word' id='word_1_155' title='bbox 2626 903 2884 967; x_wconf 85' lang='lat' dir='ltr'><strong>protector</strong></span> <span class='ocrx_word' id='word_1_156' title='bbox 2913 905 3090 951; x_wconf 79' lang='lat' dir='ltr'><strong>noster</strong></span> <span class='ocrx_word' id='word_1_157' title='bbox 3115 905 3210 952; x_wconf 87' lang='lat' dir='ltr'><strong>est.</strong></span> <span class='ocrx_word' id='word_1_158' title='bbox 3240 896 3460 967; x_wconf 81' lang='lat' dir='ltr'><strong>Adjutor</strong></span> <span class='ocrx_word' id='word_1_159' title='bbox 3489 905 3588 958; x_wconf 79' lang='lat' dir='ltr'><strong>cst,</strong></span> <span class='ocrx_word' id='word_1_160' title='bbox 3619 895 3768 948; x_wconf 86' lang='lat' dir='ltr'><strong>dum</strong></span> 
     </span>
    </p>
   </div>
   <div class='ocr_carea' id='block_1_22' title="bbox 2147 984 3764 1058">
    <p class='ocr_par' dir='ltr' id='par_1_22' title="bbox 2147 984 3764 1058">
     <span class='ocr_line' id='line_1_22' title="bbox 2147 984 3764 1058; baseline 0.001 -17"><span class='ocrx_word' id='word_1_161' title='bbox 2147 984 2215 1042; x_wconf 91' lang='lat' dir='ltr'><strong>ad</strong></span> <span class='ocrx_word' id='word_1_162' title='bbox 2247 1001 2370 1042; x_wconf 91' lang='lat' dir='ltr'><strong>eum</strong></span> <span class='ocrx_word' id='word_1_163' title='bbox 2404 986 2574 1057; x_wconf 86' lang='lat' dir='ltr'><strong>ipsius</strong></span> <span class='ocrx_word' id='word_1_164' title='bbox 2601 988 2774 1058; x_wconf 88' lang='lat' dir='ltr'><strong>gratia</strong></span> <span class='ocrx_word' id='word_1_165' title='bbox 2807 987 3142 1058; x_wconf 79' lang='lat' dir='ltr'><strong>suffragante</strong></span> <span class='ocrx_word' id='word_1_166' title='bbox 3169 1002 3428 1044; x_wconf 82' lang='lat' dir='ltr'><strong>conamur</strong></span> <span class='ocrx_word' id='word_1_167' title='bbox 3457 985 3764 1052; x_wconf 84' lang='lat' dir='ltr'><strong>accedere;</strong></span> 
     </span>
    </p>
   </div>
   <div class='ocr_carea' id='block_1_23' title="bbox 2148 1077 3770 1148">
    <p class='ocr_par' dir='ltr' id='par_1_23' title="bbox 2148 1077 3770 1148">
     <span class='ocr_line' id='line_1_23' title="bbox 2148 1077 3770 1148; baseline 0.001 -17"><span class='ocrx_word' id='word_1_168' title='bbox 2148 1087 2426 1147; x_wconf 79' lang='lat' dir='ltr'><strong>protector,</strong></span> <span class='ocrx_word' id='word_1_169' title='bbox 2458 1077 2586 1133; x_wconf 92' lang='lat' dir='ltr'><strong>dum</strong></span> <span class='ocrx_word' id='word_1_170' title='bbox 2618 1081 2926 1134; x_wconf 87' lang='lat' dir='ltr'><strong>resistimus</strong></span> <span class='ocrx_word' id='word_1_171' title='bbox 2970 1079 3304 1136; x_wconf 89' lang='lat' dir='ltr'><strong>adversario.</strong></span> <span class='ocrx_word' id='word_1_172' title='bbox 3337 1080 3572 1136; x_wconf 88' lang='lat' dir='ltr'><strong>Securus</strong></span> <span class='ocrx_word' id='word_1_173' title='bbox 3617 1092 3770 1148; x_wconf 71' lang='lat' dir='ltr'><strong>ergo</strong></span> 
     </span>
    </p>
   </div>
   <div class='ocr_carea' id='block_1_24' title="bbox 2147 1169 3774 1244">
    <p class='ocr_par' dir='ltr' id='par_1_24' title="bbox 2147 1169 3774 1244">
     <span class='ocr_line' id='line_1_24' title="bbox 2147 1169 3774 1244; baseline -0.001 -17"><span class='ocrx_word' id='word_1_174' title='bbox 2147 1172 2364 1227; x_wconf 85' lang='lat' dir='ltr'><strong>sustinet</strong></span> <span class='ocrx_word' id='word_1_175' title='bbox 2397 1169 2592 1240; x_wconf 88' lang='lat' dir='ltr'><strong>Deum,</strong></span> <span class='ocrx_word' id='word_1_176' title='bbox 2621 1174 2712 1244; x_wconf 87' lang='lat' dir='ltr'><strong>qui</strong></span> <span class='ocrx_word' id='word_1_177' title='bbox 2747 1174 2838 1228; x_wconf 90' lang='lat' dir='ltr'><strong>tali</strong></span> <span class='ocrx_word' id='word_1_178' title='bbox 2869 1174 3234 1244; x_wconf 84' lang='lat' dir='ltr'><strong>promissione</strong></span> <span class='ocrx_word' id='word_1_179' title='bbox 3261 1169 3494 1229; x_wconf 81' lang='lat' dir='ltr'><strong>fulcitur.</strong></span> <span class='ocrx_word' id='word_1_180' title='bbox 3525 1173 3591 1227; x_wconf 84' lang='lat' dir='ltr'><strong>Et</strong></span> <span class='ocrx_word' id='word_1_181' title='bbox 3618 1187 3774 1228; x_wconf 83' lang='lat' dir='ltr'><strong>con-</strong></span> 
     </span>
    </p>
   </div>
   <div class='ocr_carea' id='block_1_25' title="bbox 2147 1261 3769 1335">
    <p class='ocr_par' dir='ltr' id='par_1_25' title="bbox 2147 1261 3769 1335">
     <span class='ocr_line' id='line_1_25' title="bbox 2147 1261 3769 1335; baseline 0 -18"><span class='ocrx_word' id='word_1_182' title='bbox 2147 1261 2327 1318; x_wconf 89' lang='lat' dir='ltr'><strong>sidera</strong></span> <span class='ocrx_word' id='word_1_183' title='bbox 2357 1263 2481 1331; x_wconf 86' lang='lat' dir='ltr'><strong>quia</strong></span> <span class='ocrx_word' id='word_1_184' title='bbox 2515 1271 2637 1332; x_wconf 63' lang='lat' dir='ltr'><strong>post</strong></span> <span class='ocrx_word' id='word_1_185' title='bbox 2679 1263 2858 1317; x_wconf 82' lang='lat' dir='ltr'><strong>omnia</strong></span> <span class='ocrx_word' id='word_1_186' title='bbox 2899 1275 3166 1335; x_wconf 71' lang='lat' dir='ltr'><strong>praecepta</strong></span> <span class='ocrx_word' id='word_1_187' title='bbox 3212 1264 3521 1335; x_wconf 81' lang='lat' dir='ltr'><strong>patientiam</strong></span> <span class='ocrx_word' id='word_1_188' title='bbox 3559 1263 3769 1333; x_wconf 70' lang='lat' dir='ltr'><strong>ponit,</strong></span> 
     </span>
    </p>
   </div>
   <div class='ocr_carea' id='block_1_26' title="bbox 2148 1353 3773 1426">
    <p class='ocr_par' dir='ltr' id='par_1_26' title="bbox 2148 1353 3773 1426">
     <span class='ocr_line' id='line_1_26' title="bbox 2148 1353 3773 1426; baseline 0 -18"><span class='ocrx_word' id='word_1_189' title='bbox 2148 1361 2209 1408; x_wconf 93' lang='lat' dir='ltr'><strong>ut</strong></span> <span class='ocrx_word' id='word_1_190' title='bbox 2233 1353 2461 1408; x_wconf 78' lang='lat' dir='ltr'><strong>viriliter</strong></span> <span class='ocrx_word' id='word_1_191' title='bbox 2487 1362 2680 1408; x_wconf 90' lang='lat' dir='ltr'><strong>cuncta</strong></span> <span class='ocrx_word' id='word_1_192' title='bbox 2706 1355 3021 1422; x_wconf 87' lang='lat' dir='ltr'><strong>toleremus,</strong></span> <span class='ocrx_word' id='word_1_193' title='bbox 3053 1356 3146 1426; x_wconf 89' lang='lat' dir='ltr'><strong>qui</strong></span> <span class='ocrx_word' id='word_1_194' title='bbox 3170 1355 3239 1412; x_wconf 92' lang='lat' dir='ltr'><strong>de</strong></span> <span class='ocrx_word' id='word_1_195' title='bbox 3263 1364 3371 1410; x_wconf 89' lang='lat' dir='ltr'><strong>tam</strong></span> <span class='ocrx_word' id='word_1_196' title='bbox 3404 1354 3579 1426; x_wconf 90' lang='lat' dir='ltr'><strong>magni</strong></span> <span class='ocrx_word' id='word_1_197' title='bbox 3610 1368 3773 1426; x_wconf 67' lang='lat' dir='ltr'><strong>pra-</strong></span> 
     </span>
    </p>
   </div>
   <div class='ocr_carea' id='block_1_27' title="bbox 2155 1447 3621 1517">
    <p class='ocr_par' dir='ltr' id='par_1_27' title="bbox 2155 1447 3621 1517">
     <span class='ocr_line' id='line_1_27' title="bbox 2155 1447 3621 1517; baseline 0.005 -15"><span class='ocrx_word' id='word_1_198' title='bbox 2155 1447 2249 1502; x_wconf 88' lang='lat' dir='ltr'><strong>mii</strong></span> <span class='ocrx_word' id='word_1_199' title='bbox 2280 1447 2564 1517; x_wconf 78' lang='lat' dir='ltr'><strong>largitione</strong></span> <span class='ocrx_word' id='word_1_200' title='bbox 2592 1447 2938 1505; x_wconf 87' lang='lat' dir='ltr'><strong>conﬁdimus.</strong></span> <span class='ocrx_word' id='word_1_201' title='bbox 3609 1501 3621 1509; x_wconf 93' lang='lat'><strong>.</strong></span> 
     </span>
    </p>
   </div>
   <div class='ocr_carea' id='block_1_28' title="bbox 2223 1538 3770 1610">
    <p class='ocr_par' dir='ltr' id='par_1_28' title="bbox 2223 1538 3770 1610">
     <span class='ocr_line' id='line_1_28' title="bbox 2223 1538 3770 1610; baseline 0.001 -16"><span class='ocrx_word' id='word_1_202' title='bbox 2223 1538 2378 1594; x_wconf 78' lang='lat' dir='ltr'><strong>Vers.</strong></span> <span class='ocrx_word' id='word_1_203' title='bbox 2409 1539 2501 1593; x_wconf 70' lang='lat' dir='ltr'><strong>2L</strong></span> <span class='ocrx_word' id='word_1_204' title='bbox 2536 1538 2604 1593; x_wconf 83' lang='lat' dir='ltr'><strong>Et</strong></span> <span class='ocrx_word' id='word_1_205' title='bbox 2645 1541 2695 1592; x_wconf 87' lang='lat' dir='ltr'><strong>in</strong></span> <span class='ocrx_word' id='word_1_206' title='bbox 2734 1540 2848 1610; x_wconf 87' lang='lat' dir='ltr'><strong>ipso</strong></span> <span class='ocrx_word' id='word_1_207' title='bbox 2896 1541 3153 1595; x_wconf 65' lang='lat' dir='ltr'><strong>(relabitur</strong></span> <span class='ocrx_word' id='word_1_208' title='bbox 3197 1557 3287 1596; x_wconf 85' lang='lat' dir='ltr'><strong>cor</strong></span> <span class='ocrx_word' id='word_1_209' title='bbox 3325 1551 3581 1605; x_wconf 81' lang='lat' dir='ltr'><strong>nostrum,</strong></span> <span class='ocrx_word' id='word_1_210' title='bbox 3613 1547 3657 1594; x_wconf 86' lang='lat' dir='ltr'><strong>et</strong></span> <span class='ocrx_word' id='word_1_211' title='bbox 3712 1540 3770 1597; x_wconf 81' lang='lat' dir='ltr'><strong>its</strong></span> 
     </span>
    </p>
   </div>
   <div class='ocr_carea' id='block_1_29' title="bbox 2152 1633 3770 1706">
    <p class='ocr_par' dir='ltr' id='par_1_29' title="bbox 2152 1633 3770 1706">
     <span class='ocr_line' id='line_1_29' title="bbox 2152 1633 3770 1706; baseline 0 -18"><span class='ocrx_word' id='word_1_212' title='bbox 2152 1635 2358 1688; x_wconf 82' lang='lat' dir='ltr'><strong>nomine</strong></span> <span class='ocrx_word' id='word_1_213' title='bbox 2384 1641 2558 1689; x_wconf 89' lang='lat' dir='ltr'><strong>sancto</strong></span> <span class='ocrx_word' id='word_1_214' title='bbox 2586 1635 2698 1705; x_wconf 84' lang='lat' dir='ltr'><strong>ejus</strong></span> <span class='ocrx_word' id='word_1_215' title='bbox 2728 1634 3065 1706; x_wconf 83' lang='lat' dir='ltr'><strong>sperabimus.</strong></span> <span class='ocrx_word' id='word_1_216' title='bbox 3096 1634 3174 1689; x_wconf 85' lang='lat' dir='ltr'><strong>Ne</strong></span> <span class='ocrx_word' id='word_1_217' title='bbox 3206 1635 3325 1705; x_wconf 90' lang='lat' dir='ltr'><strong>quis</strong></span> <span class='ocrx_word' id='word_1_218' title='bbox 3364 1634 3430 1690; x_wconf 90' lang='lat' dir='ltr'><strong>de</strong></span> <span class='ocrx_word' id='word_1_219' title='bbox 3469 1633 3770 1703; x_wconf 70' lang='lat' dir='ltr'><strong>prmdicata</strong></span> 
     </span>
    </p>
   </div>
   <div class='ocr_carea' id='block_1_30' title="bbox 2153 1724 3770 1798">
    <p class='ocr_par' dir='ltr' id='par_1_30' title="bbox 2153 1724 3770 1798">
     <span class='ocr_line' id='line_1_30' title="bbox 2153 1724 3770 1798; baseline -0.001 -17"><span class='ocrx_word' id='word_1_220' title='bbox 2153 1727 2414 1798; x_wconf 85' lang='lat' dir='ltr'><strong>patientia</strong></span> <span class='ocrx_word' id='word_1_221' title='bbox 2446 1728 2785 1793; x_wconf 87' lang='lat' dir='ltr'><strong>mussitaret,</strong></span> <span class='ocrx_word' id='word_1_222' title='bbox 2829 1742 2895 1782; x_wconf 92' lang='lat' dir='ltr'><strong>ne</strong></span> <span class='ocrx_word' id='word_1_223' title='bbox 2940 1727 3060 1797; x_wconf 92' lang='lat' dir='ltr'><strong>quis</strong></span> <span class='ocrx_word' id='word_1_224' title='bbox 3107 1741 3166 1782; x_wconf 90' lang='lat' dir='ltr'><strong>se</strong></span> <span class='ocrx_word' id='word_1_225' title='bbox 3209 1726 3430 1782; x_wconf 65' lang='lat' dir='ltr'><strong>taadiosa</strong></span> <span class='ocrx_word' id='word_1_226' title='bbox 3473 1724 3770 1780; x_wconf 75' lang='lat' dir='ltr'><strong>voluntate</strong></span> 
     </span>
    </p>
   </div>
   <div class='ocr_carea' id='block_1_31' title="bbox 2153 1817 3770 1890">
    <p class='ocr_par' dir='ltr' id='par_1_31' title="bbox 2153 1817 3770 1890">
     <span class='ocr_line' id='line_1_31' title="bbox 2153 1817 3770 1890; baseline -0.002 -15"><span class='ocrx_word' id='word_1_227' title='bbox 2153 1819 2538 1887; x_wconf 84' lang='lat' dir='ltr'><strong>confunderet,</strong></span> <span class='ocrx_word' id='word_1_228' title='bbox 2585 1819 2829 1890; x_wconf 86' lang='lat' dir='ltr'><strong>sequitur</strong></span> <span class='ocrx_word' id='word_1_229' title='bbox 2878 1819 3218 1890; x_wconf 87' lang='lat' dir='ltr'><strong>magniﬁcum</strong></span> <span class='ocrx_word' id='word_1_230' title='bbox 3271 1827 3328 1874; x_wconf 92' lang='lat' dir='ltr'><strong>et</strong></span> <span class='ocrx_word' id='word_1_231' title='bbox 3369 1817 3770 1872; x_wconf 80' lang='lat' dir='ltr'><strong>suavissimum</strong></span> 
     </span>
    </p>
   </div>
   <div class='ocr_carea' id='block_1_32' title="bbox 444 1898 3768 1990">
    <p class='ocr_par' dir='ltr' id='par_1_32' title="bbox 444 1898 3768 1990">
     <span class='ocr_line' id='line_1_32' title="bbox 444 1898 3768 1990; baseline -0.004 -15"><span class='ocrx_word' id='word_1_232' title='bbox 444 1919 741 1990; x_wconf 87' lang='lat' dir='ltr'><strong>cognoscit.</strong></span> <span class='ocrx_word' id='word_1_233' title='bbox 778 1918 883 1978; x_wconf 90' lang='lat' dir='ltr'><strong>Sed</strong></span> <span class='ocrx_word' id='word_1_234' title='bbox 913 1919 1165 1990; x_wconf 88' lang='lat' dir='ltr'><strong>quoniam</strong></span> <span class='ocrx_word' id='word_1_235' title='bbox 1197 1917 1334 1974; x_wconf 80' lang='lat' dir='ltr'><strong>dixit</strong></span> <span class='ocrx_word' id='word_1_236' title='bbox 1375 1917 1443 1974; x_wconf 92' lang='lat' dir='ltr'><strong>de</strong></span> <span class='ocrx_word' id='word_1_237' title='bbox 1476 1918 1812 1985; x_wconf 90' lang='lat' dir='ltr'><strong>timentibus,</strong></span> <span class='ocrx_word' id='word_1_238' title='bbox 1847 1932 2048 1988; x_wconf 82' lang='lat' dir='ltr'><strong>Oppor-</strong></span> <span class='ocrx_word' id='word_1_239' title='bbox 2081 1907 2131 1969; x_wconf 89' lang='lat' dir='ltr'><strong>B</strong></span> <span class='ocrx_word' id='word_1_240' title='bbox 2157 1917 2384 1967; x_wconf 75' lang='lat' dir='ltr'><strong>munus:</strong></span> <span class='ocrx_word' id='word_1_241' title='bbox 2413 1912 2536 1982; x_wconf 83' lang='lat' dir='ltr'><strong>quia</strong></span> <span class='ocrx_word' id='word_1_242' title='bbox 2567 1909 2680 1980; x_wconf 91' lang='lat' dir='ltr'><strong>ipsa</strong></span> <span class='ocrx_word' id='word_1_243' title='bbox 2709 1910 3048 1980; x_wconf 79' lang='lat' dir='ltr'><strong>exspectatio</strong></span> <span class='ocrx_word' id='word_1_244' title='bbox 3075 1898 3236 1965; x_wconf 87' lang='lat' dir='ltr'><strong>habet</strong></span> <span class='ocrx_word' id='word_1_245' title='bbox 3270 1909 3549 1978; x_wconf 73' lang='lat' dir='ltr'><strong>prazmium</strong></span> <span class='ocrx_word' id='word_1_246' title='bbox 3572 1923 3768 1974; x_wconf 89' lang='lat' dir='ltr'><strong>suurn,</strong></span> 
     </span>
    </p>
   </div>
   <div class='ocr_carea' id='block_1_33' title="bbox 443 2007 2045 2083">
    <p class='ocr_par' dir='ltr' id='par_1_33' title="bbox 443 2007 2045 2083">
     <span class='ocr_line' id='line_1_33' title="bbox 443 2007 2045 2083; baseline -0.003 -15"><span class='ocrx_word' id='word_1_247' title='bbox 443 2018 572 2068; x_wconf 86' lang='lat' dir='ltr'><strong>tune</strong></span> <span class='ocrx_word' id='word_1_248' title='bbox 610 2012 855 2083; x_wconf 87' lang='lat' dir='ltr'><strong>sequitur</strong></span> <span class='ocrx_word' id='word_1_249' title='bbox 889 2012 957 2068; x_wconf 94' lang='lat' dir='ltr'><strong>de</strong></span> <span class='ocrx_word' id='word_1_250' title='bbox 1004 2011 1331 2080; x_wconf 84' lang='lat' dir='ltr'><strong>amantibus,</strong></span> <span class='ocrx_word' id='word_1_251' title='bbox 1368 2011 1492 2081; x_wconf 90' lang='lat' dir='ltr'><strong>quia</strong></span> <span class='ocrx_word' id='word_1_252' title='bbox 1524 2018 1812 2080; x_wconf 90' lang='lat' dir='ltr'><strong>utrumque</strong></span> <span class='ocrx_word' id='word_1_253' title='bbox 1843 2010 1895 2065; x_wconf 95' lang='lat' dir='ltr'><strong>in</strong></span> <span class='ocrx_word' id='word_1_254' title='bbox 1938 2007 2045 2064; x_wconf 91' lang='lat' dir='ltr'><strong>Do-</strong></span> 
     </span>
    </p>
   </div>
   <div class='ocr_carea' id='block_1_34' title="bbox 443 2103 2045 2177">
    <p class='ocr_par' dir='ltr' id='par_1_34' title="bbox 443 2103 2045 2177">
     <span class='ocr_line' id='line_1_34' title="bbox 443 2103 2045 2177; baseline -0.002 -16"><span class='ocrx_word' id='word_1_255' title='bbox 443 2105 578 2164; x_wconf 87' lang='lat' dir='ltr'><strong>mini</strong></span> <span class='ocrx_word' id='word_1_256' title='bbox 605 2106 894 2162; x_wconf 89' lang='lat' dir='ltr'><strong>dilectione</strong></span> <span class='ocrx_word' id='word_1_257' title='bbox 919 2106 1267 2177; x_wconf 85' lang='lat' dir='ltr'><strong>conjunctum</strong></span> <span class='ocrx_word' id='word_1_258' title='bbox 1299 2113 1416 2171; x_wconf 85' lang='lat' dir='ltr'><strong>est;</strong></span> <span class='ocrx_word' id='word_1_259' title='bbox 1448 2119 1570 2160; x_wconf 90' lang='lat' dir='ltr'><strong>nam</strong></span> <span class='ocrx_word' id='word_1_260' title='bbox 1595 2105 1684 2174; x_wconf 89' lang='lat' dir='ltr'><strong>qui</strong></span> <span class='ocrx_word' id='word_1_261' title='bbox 1715 2104 1882 2158; x_wconf 90' lang='lat' dir='ltr'><strong>Deum</strong></span> <span class='ocrx_word' id='word_1_262' title='bbox 1908 2103 2045 2158; x_wconf 87' lang='lat' dir='ltr'><strong>bene</strong></span> 
     </span>
    </p>
   </div>
   <div class='ocr_carea' id='block_1_35' title="bbox 443 2196 2046 2271">
    <p class='ocr_par' dir='ltr' id='par_1_35' title="bbox 443 2196 2046 2271">
     <span class='ocr_line' id='line_1_35' title="bbox 443 2196 2046 2271; baseline -0.002 -15"><span class='ocrx_word' id='word_1_263' title='bbox 443 2199 600 2256; x_wconf 88' lang='lat' dir='ltr'><strong>timet</strong></span> <span class='ocrx_word' id='word_1_264' title='bbox 642 2208 699 2256; x_wconf 92' lang='lat' dir='ltr'><strong>et</strong></span> <span class='ocrx_word' id='word_1_265' title='bbox 741 2208 907 2266; x_wconf 90' lang='lat' dir='ltr'><strong>amat,</strong></span> <span class='ocrx_word' id='word_1_266' title='bbox 949 2199 1042 2271; x_wconf 88' lang='lat' dir='ltr'><strong>qui</strong></span> <span class='ocrx_word' id='word_1_267' title='bbox 1091 2199 1230 2254; x_wconf 90' lang='lat' dir='ltr'><strong>bene</strong></span> <span class='ocrx_word' id='word_1_268' title='bbox 1271 2204 1418 2252; x_wconf 88' lang='lat' dir='ltr'><strong>amat</strong></span> <span class='ocrx_word' id='word_1_269' title='bbox 1463 2206 1518 2253; x_wconf 93' lang='lat' dir='ltr'><strong>et</strong></span> <span class='ocrx_word' id='word_1_270' title='bbox 1563 2197 1736 2254; x_wconf 89' lang='lat' dir='ltr'><strong>timet.</strong></span> <span class='ocrx_word' id='word_1_271' title='bbox 1779 2196 1890 2252; x_wconf 84' lang='lat' dir='ltr'><strong>Res</strong></span> <span class='ocrx_word' id='word_1_272' title='bbox 1930 2197 2046 2252; x_wconf 70' lang='lat' dir='ltr'><strong>istae</strong></span> 
     </span>
    </p>
   </div>
   <div class='ocr_carea' id='block_1_36' title="bbox 445 2273 2045 2357">
    <p class='ocr_par' dir='ltr' id='par_1_36' title="bbox 445 2273 2045 2357">
     <span class='ocr_line' id='line_1_36' title="bbox 445 2273 2045 2357; baseline -0.001 -10"><span class='ocrx_word' id='word_1_273' title='bbox 445 2292 504 2348; x_wconf 91' lang='lat' dir='ltr'><strong>in</strong></span> <span class='ocrx_word' id='word_1_274' title='bbox 531 2291 781 2348; x_wconf 87' lang='lat' dir='ltr'><strong>humanis</strong></span> <span class='ocrx_word' id='word_1_275' title='bbox 823 2291 1032 2348; x_wconf 84' lang='lat' dir='ltr'><strong>actibus</strong></span> <span class='ocrx_word' id='word_1_276' title='bbox 1069 2289 1420 2357; x_wconf 87' lang='lat' dir='ltr'><strong>dividuntur;</strong></span> <span class='ocrx_word' id='word_1_277' title='bbox 1462 2273 1718 2347; x_wconf 58' lang='lat' dir='ltr'><strong>caterum</strong></span> <span class='ocrx_word' id='word_1_278' title='bbox 1750 2289 1804 2346; x_wconf 91' lang='lat' dir='ltr'><strong>in</strong></span> <span class='ocrx_word' id='word_1_279' title='bbox 1834 2289 2045 2346; x_wconf 83' lang='lat' dir='ltr'><strong>ctelesti</strong></span> 
     </span>
    </p>
   </div>
   <div class='ocr_carea' id='block_1_37' title="bbox 443 2384 2048 2452">
    <p class='ocr_par' dir='ltr' id='par_1_37' title="bbox 443 2384 2048 2452">
     <span class='ocr_line' id='line_1_37' title="bbox 443 2384 2048 2452; baseline -0.001 -11"><span class='ocrx_word' id='word_1_280' title='bbox 443 2384 732 2442; x_wconf 84' lang='lat' dir='ltr'><strong>devotione</strong></span> <span class='ocrx_word' id='word_1_281' title='bbox 773 2385 987 2442; x_wconf 71' lang='lat' dir='ltr'><strong>sociata)</strong></span> <span class='ocrx_word' id='word_1_282' title='bbox 1031 2393 1179 2442; x_wconf 90' lang='lat' dir='ltr'><strong>sunt.</strong></span> <span class='ocrx_word' id='word_1_283' title='bbox 1209 2384 1313 2452; x_wconf 88' lang='lat' dir='ltr'><strong>Qui</strong></span> <span class='ocrx_word' id='word_1_284' title='bbox 1343 2384 1450 2440; x_wconf 90' lang='lat' dir='ltr'><strong>sint</strong></span> <span class='ocrx_word' id='word_1_285' title='bbox 1493 2384 1636 2440; x_wconf 91' lang='lat' dir='ltr'><strong>enim</strong></span> <span class='ocrx_word' id='word_1_286' title='bbox 1681 2385 1913 2444; x_wconf 82' lang='lat' dir='ltr'><strong>timentes</strong></span> <span class='ocrx_word' id='word_1_287' title='bbox 1951 2400 2048 2440; x_wconf 86' lang='lat' dir='ltr'><strong>ex-</strong></span> 
     </span>
    </p>
   </div>
   <div class='ocr_carea' id='block_1_38' title="bbox 445 2475 2046 2551">
    <p class='ocr_par' dir='ltr' id='par_1_38' title="bbox 445 2475 2046 2551">
     <span class='ocr_line' id='line_1_38' title="bbox 445 2475 2046 2551; baseline 0.002 -19"><span class='ocrx_word' id='word_1_288' title='bbox 445 2477 626 2546; x_wconf 85' lang='lat' dir='ltr'><strong>ponit,</strong></span> <span class='ocrx_word' id='word_1_289' title='bbox 653 2475 708 2532; x_wconf 87' lang='lat' dir='ltr'><strong>id</strong></span> <span class='ocrx_word' id='word_1_290' title='bbox 737 2485 848 2540; x_wconf 86' lang='lat' dir='ltr'><strong>est,</strong></span> <span class='ocrx_word' id='word_1_291' title='bbox 877 2487 1136 2547; x_wconf 85' lang='lat' dir='ltr'><strong>sperantes</strong></span> <span class='ocrx_word' id='word_1_292' title='bbox 1161 2477 1212 2532; x_wconf 87' lang='lat' dir='ltr'><strong>in</strong></span> <span class='ocrx_word' id='word_1_293' title='bbox 1245 2477 1599 2532; x_wconf 83' lang='lat' dir='ltr'><strong>misericordia</strong></span> <span class='ocrx_word' id='word_1_294' title='bbox 1629 2480 1762 2551; x_wconf 88' lang='lat' dir='ltr'><strong>ejus.</strong></span> <span class='ocrx_word' id='word_1_295' title='bbox 1791 2478 1944 2546; x_wconf 67' lang='lat' dir='ltr'><strong>Quod</strong></span> <span class='ocrx_word' id='word_1_296' title='bbox 1969 2495 2046 2535; x_wconf 87' lang='lat' dir='ltr'><strong>ar-</strong></span> 
     </span>
    </p>
   </div>
   <div class='ocr_carea' id='block_1_39' title="bbox 420 2555 2044 2641">
    <p class='ocr_par' dir='ltr' id='par_1_39' title="bbox 420 2555 2044 2641">
     <span class='ocr_line' id='line_1_39' title="bbox 420 2555 2044 2641; baseline 0.002 -18"><span class='ocrx_word' id='word_1_297' title='bbox 420 2555 757 2640; x_wconf 30' lang='lat' dir='ltr'><strong>vgumentum</strong></span> <span class='ocrx_word' id='word_1_298' title='bbox 792 2568 990 2624; x_wconf 89' lang='lat' dir='ltr'><strong>dicitur</strong></span> <span class='ocrx_word' id='word_1_299' title='bbox 1015 2571 1083 2623; x_wconf 91' lang='lat' dir='ltr'><strong>ab</strong></span> <span class='ocrx_word' id='word_1_300' title='bbox 1112 2568 1412 2639; x_wconf 88' lang='lat' dir='ltr'><strong>adjunclis;</strong></span> <span class='ocrx_word' id='word_1_301' title='bbox 1444 2569 1757 2641; x_wconf 72' lang='lat' dir='ltr'><strong>adiunctum</strong></span> <span class='ocrx_word' id='word_1_302' title='bbox 1789 2579 1873 2627; x_wconf 89' lang='lat' dir='ltr'><strong>est</strong></span> <span class='ocrx_word' id='word_1_303' title='bbox 1897 2572 2044 2628; x_wconf 90' lang='lat' dir='ltr'><strong>enim</strong></span> 
     </span>
    </p>
   </div>
   <div class='ocr_carea' id='block_1_40' title="bbox 448 2661 2046 2735">
    <p class='ocr_par' dir='ltr' id='par_1_40' title="bbox 448 2661 2046 2735">
     <span class='ocr_line' id='line_1_40' title="bbox 448 2661 2046 2735; baseline 0.002 -18"><span class='ocrx_word' id='word_1_304' title='bbox 448 2661 641 2719; x_wconf 89' lang='lat' dir='ltr'><strong>timere</strong></span> <span class='ocrx_word' id='word_1_305' title='bbox 663 2661 945 2718; x_wconf 90' lang='lat' dir='ltr'><strong>Dominum</strong></span> <span class='ocrx_word' id='word_1_306' title='bbox 962 2703 978 2729; x_wconf 91' lang='lat'><strong>,</strong></span> <span class='ocrx_word' id='word_1_307' title='bbox 1005 2669 1063 2719; x_wconf 91' lang='lat' dir='ltr'><strong>et</strong></span> <span class='ocrx_word' id='word_1_308' title='bbox 1085 2676 1308 2733; x_wconf 85' lang='lat' dir='ltr'><strong>sperare</strong></span> <span class='ocrx_word' id='word_1_309' title='bbox 1330 2663 1384 2720; x_wconf 92' lang='lat' dir='ltr'><strong>in</strong></span> <span class='ocrx_word' id='word_1_310' title='bbox 1405 2679 1504 2733; x_wconf 88' lang='lat' dir='ltr'><strong>eo;</strong></span> <span class='ocrx_word' id='word_1_311' title='bbox 1532 2680 1651 2735; x_wconf 72' lang='lat' dir='ltr'><strong>quae</strong></span> <span class='ocrx_word' id='word_1_312' title='bbox 1675 2679 1762 2722; x_wconf 89' lang='lat' dir='ltr'><strong>res</strong></span> <span class='ocrx_word' id='word_1_313' title='bbox 1789 2672 1969 2721; x_wconf 90' lang='lat' dir='ltr'><strong>mutua</strong></span> <span class='ocrx_word' id='word_1_314' title='bbox 1990 2672 2046 2720; x_wconf 91' lang='lat' dir='ltr'><strong>et</strong></span> 
     </span>
    </p>
   </div>
   <div class='ocr_carea' id='block_1_41' title="bbox 445 2755 1398 2815">
    <p class='ocr_par' dir='ltr' id='par_1_41' title="bbox 445 2755 1398 2815">
     <span class='ocr_line' id='line_1_41' title="bbox 445 2755 1398 2815; baseline -0.004 -1"><span class='ocrx_word' id='word_1_315' title='bbox 445 2755 720 2814; x_wconf 88' lang='lat' dir='ltr'><strong>insolubili</strong></span> <span class='ocrx_word' id='word_1_316' title='bbox 745 2758 1007 2814; x_wconf 88' lang='lat' dir='ltr'><strong>societate</strong></span> <span class='ocrx_word' id='word_1_317' title='bbox 1032 2759 1398 2815; x_wconf 84' lang='lat' dir='ltr'><strong>connectitur.</strong></span> 
     </span>
    </p>
   </div>
   <div class='ocr_carea' id='block_1_42' title="bbox 519 2850 2046 2925">
    <p class='ocr_par' dir='ltr' id='par_1_42' title="bbox 519 2850 2046 2925">
     <span class='ocr_line' id='line_1_42' title="bbox 519 2850 2046 2925; baseline 0.001 -15"><span class='ocrx_word' id='word_1_318' title='bbox 519 2852 674 2910; x_wconf 78' lang='lat' dir='ltr'><strong>Vers.</strong></span> <span class='ocrx_word' id='word_1_319' title='bbox 707 2851 794 2909; x_wconf 76' lang='lat' dir='ltr'><strong>i9.</strong></span> <span class='ocrx_word' id='word_1_320' title='bbox 828 2850 896 2908; x_wconf 86' lang='lat' dir='ltr'><strong>Ut</strong></span> <span class='ocrx_word' id='word_1_321' title='bbox 922 2853 1103 2925; x_wconf 85' lang='lat' dir='ltr'><strong>eripiat</strong></span> <span class='ocrx_word' id='word_1_322' title='bbox 1132 2870 1164 2908; x_wconf 90' lang='lat' dir='ltr'><strong>a</strong></span> <span class='ocrx_word' id='word_1_323' title='bbox 1195 2862 1358 2909; x_wconf 90' lang='lat' dir='ltr'><strong>morte</strong></span> <span class='ocrx_word' id='word_1_324' title='bbox 1387 2855 1588 2909; x_wconf 87' lang='lat' dir='ltr'><strong>animas</strong></span> <span class='ocrx_word' id='word_1_325' title='bbox 1619 2871 1794 2910; x_wconf 86' lang='lat' dir='ltr'><strong>eorum</strong></span> <span class='ocrx_word' id='word_1_326' title='bbox 1813 2896 1829 2922; x_wconf 91' lang='lat'><strong>,</strong></span> <span class='ocrx_word' id='word_1_327' title='bbox 1861 2862 1912 2910; x_wconf 89' lang='lat' dir='ltr'><strong>et</strong></span> <span class='ocrx_word' id='word_1_328' title='bbox 1939 2855 2046 2911; x_wconf 84' lang='lat' dir='ltr'><strong>alat</strong></span> 
     </span>
    </p>
   </div>
   <div class='ocr_carea' id='block_1_43' title="bbox 443 2945 2044 3016">
    <p class='ocr_par' dir='ltr' id='par_1_43' title="bbox 443 2945 2044 3016">
     <span class='ocr_line' id='line_1_43' title="bbox 443 2945 2044 3016; baseline 0.001 -14"><span class='ocrx_word' id='word_1_329' title='bbox 443 2959 526 3002; x_wconf 82' lang='lat' dir='ltr'><strong>eos</strong></span> <span class='ocrx_word' id='word_1_330' title='bbox 548 2947 601 3001; x_wconf 89' lang='lat' dir='ltr'><strong>in</strong></span> <span class='ocrx_word' id='word_1_331' title='bbox 629 2946 785 3016; x_wconf 73' lang='lat' dir='ltr'><strong>fame.</strong></span> <span class='ocrx_word' id='word_1_332' title='bbox 812 2945 927 3002; x_wconf 90' lang='lat' dir='ltr'><strong>Duo</strong></span> <span class='ocrx_word' id='word_1_333' title='bbox 953 2945 1056 3002; x_wconf 89' lang='lat' dir='ltr'><strong>ista</strong></span> <span class='ocrx_word' id='word_1_334' title='bbox 1086 2955 1215 3003; x_wconf 90' lang='lat' dir='ltr'><strong>sunt</strong></span> <span class='ocrx_word' id='word_1_335' title='bbox 1239 2956 1366 3004; x_wconf 88' lang='lat' dir='ltr'><strong>vota</strong></span> <span class='ocrx_word' id='word_1_336' title='bbox 1395 2947 1698 3003; x_wconf 87' lang='lat' dir='ltr'><strong>ﬁdelissimi</strong></span> <span class='ocrx_word' id='word_1_337' title='bbox 1719 2946 2044 3016; x_wconf 83' lang='lat' dir='ltr'><strong>Christiani,</strong></span> 
     </span>
    </p>
   </div>
   <div class='ocr_carea' id='block_1_44' title="bbox 445 3037 2048 3110">
    <p class='ocr_par' dir='ltr' id='par_1_44' title="bbox 445 3037 2048 3110">
     <span class='ocr_line' id='line_1_44' title="bbox 445 3037 2048 3110; baseline 0.002 -16"><span class='ocrx_word' id='word_1_338' title='bbox 445 3046 504 3094; x_wconf 92' lang='lat' dir='ltr'><strong>ut</strong></span> <span class='ocrx_word' id='word_1_339' title='bbox 533 3039 586 3094; x_wconf 92' lang='lat' dir='ltr'><strong>in</strong></span> <span class='ocrx_word' id='word_1_340' title='bbox 632 3038 808 3094; x_wconf 87' lang='lat' dir='ltr'><strong>l&#39;ttturo</strong></span> <span class='ocrx_word' id='word_1_341' title='bbox 845 3037 1047 3108; x_wconf 88' lang='lat' dir='ltr'><strong>judicio</strong></span> <span class='ocrx_word' id='word_1_342' title='bbox 1088 3040 1334 3108; x_wconf 84' lang='lat' dir='ltr'><strong>eripiatur</strong></span> <span class='ocrx_word' id='word_1_343' title='bbox 1373 3056 1407 3094; x_wconf 91' lang='lat' dir='ltr'><strong>a</strong></span> <span class='ocrx_word' id='word_1_344' title='bbox 1451 3050 1616 3095; x_wconf 86' lang='lat' dir='ltr'><strong>morte</strong></span> <span class='ocrx_word' id='word_1_345' title='bbox 1664 3049 1952 3110; x_wconf 90' lang='lat' dir='ltr'><strong>perpetua,</strong></span> <span class='ocrx_word' id='word_1_346' title='bbox 1990 3049 2048 3097; x_wconf 91' lang='lat' dir='ltr'><strong>et</strong></span> 
     </span>
    </p>
   </div>
   <div class='ocr_carea' id='block_1_45' title="bbox 445 3128 2048 3203">
    <p class='ocr_par' dir='ltr' id='par_1_45' title="bbox 445 3128 2048 3203">
     <span class='ocr_line' id='line_1_45' title="bbox 445 3128 2048 3203; baseline 0.001 -17"><span class='ocrx_word' id='word_1_347' title='bbox 445 3128 535 3186; x_wconf 87' lang='lat' dir='ltr'><strong>hic</strong></span> <span class='ocrx_word' id='word_1_348' title='bbox 561 3129 926 3202; x_wconf 86' lang='lat' dir='ltr'><strong>spiritualihus</strong></span> <span class='ocrx_word' id='word_1_349' title='bbox 955 3129 1228 3186; x_wconf 87' lang='lat' dir='ltr'><strong>alimoniis</strong></span> <span class='ocrx_word' id='word_1_350' title='bbox 1253 3132 1604 3201; x_wconf 83' lang='lat' dir='ltr'><strong>transigatur.</strong></span> <span class='ocrx_word' id='word_1_351' title='bbox 1635 3129 1808 3203; x_wconf 87' lang='lat' dir='ltr'><strong>Eripit</strong></span> <span class='ocrx_word' id='word_1_352' title='bbox 1838 3131 1982 3187; x_wconf 91' lang='lat' dir='ltr'><strong>enim</strong></span> <span class='ocrx_word' id='word_1_353' title='bbox 2015 3149 2048 3187; x_wconf 88' lang='lat' dir='ltr'><strong>a</strong></span> 
     </span>
    </p>
   </div>
   <div class='ocr_carea' id='block_1_46' title="bbox 447 3220 2047 3294">
    <p class='ocr_par' dir='ltr' id='par_1_46' title="bbox 447 3220 2047 3294">
     <span class='ocr_line' id='line_1_46' title="bbox 447 3220 2047 3294; baseline 0.003 -17"><span class='ocrx_word' id='word_1_354' title='bbox 447 3232 608 3278; x_wconf 89' lang='lat' dir='ltr'><strong>morte</strong></span> <span class='ocrx_word' id='word_1_355' title='bbox 633 3221 834 3278; x_wconf 86' lang='lat' dir='ltr'><strong>animas</strong></span> <span class='ocrx_word' id='word_1_356' title='bbox 859 3220 1316 3292; x_wconf 78' lang='lat' dir='ltr'><strong>justorum,&#39;eum</strong></span> <span class='ocrx_word' id='word_1_357' title='bbox 1349 3237 1442 3278; x_wconf 89' lang='lat' dir='ltr'><strong>eas</strong></span> <span class='ocrx_word' id='word_1_358' title='bbox 1482 3222 1623 3278; x_wconf 89' lang='lat' dir='ltr'><strong>tollit</strong></span> <span class='ocrx_word' id='word_1_359' title='bbox 1662 3221 1730 3278; x_wconf 91' lang='lat' dir='ltr'><strong>de</strong></span> <span class='ocrx_word' id='word_1_360' title='bbox 1778 3231 2047 3294; x_wconf 85' lang='lat' dir='ltr'><strong>potestate</strong></span> 
     </span>
    </p>
   </div>
   <div class='ocr_carea' id='block_1_47' title="bbox 2151 1999 3768 2077">
    <p class='ocr_par' dir='ltr' id='par_1_47' title="bbox 2151 1999 3768 2077">
     <span class='ocr_line' id='line_1_47' title="bbox 2151 1999 3768 2077; baseline -0.002 -18"><span class='ocrx_word' id='word_1_361' title='bbox 2151 2005 2367 2077; x_wconf 89' lang='lat' dir='ltr'><strong>quando</strong></span> <span class='ocrx_word' id='word_1_362' title='bbox 2419 2003 2531 2074; x_wconf 91' lang='lat' dir='ltr'><strong>ipse</strong></span> <span class='ocrx_word' id='word_1_363' title='bbox 2584 2003 2858 2058; x_wconf 86' lang='lat' dir='ltr'><strong>sustinens</strong></span> <span class='ocrx_word' id='word_1_364' title='bbox 2907 2000 3118 2057; x_wconf 75' lang='lat' dir='ltr'><strong>laetatur</strong></span> <span class='ocrx_word' id='word_1_365' title='bbox 3170 2003 3224 2056; x_wconf 85' lang='lat' dir='ltr'><strong>in</strong></span> <span class='ocrx_word' id='word_1_366' title='bbox 3287 2001 3526 2054; x_wconf 83' lang='lat' dir='ltr'><strong>Domino.</strong></span> <span class='ocrx_word' id='word_1_367' title='bbox 3577 1999 3768 2055; x_wconf 75' lang='lat' dir='ltr'><strong>Addi-</strong></span> 
     </span>
    </p>
   </div>
   <div class='ocr_carea' id='block_1_48' title="bbox 2151 2091 3768 2166">
    <p class='ocr_par' dir='ltr' id='par_1_48' title="bbox 2151 2091 3768 2166">
     <span class='ocr_line' id='line_1_48' title="bbox 2151 2091 3768 2166; baseline -0.001 -14"><span class='ocrx_word' id='word_1_368' title='bbox 2151 2097 2267 2163; x_wconf 92' lang='lat' dir='ltr'><strong>dit,</strong></span> <span class='ocrx_word' id='word_1_369' title='bbox 2327 2105 2375 2151; x_wconf 89' lang='lat' dir='ltr'><strong>et</strong></span> <span class='ocrx_word' id='word_1_370' title='bbox 2415 2097 2469 2151; x_wconf 87' lang='lat' dir='ltr'><strong>in</strong></span> <span class='ocrx_word' id='word_1_371' title='bbox 2509 2096 2713 2150; x_wconf 88' lang='lat' dir='ltr'><strong>nomine</strong></span> <span class='ocrx_word' id='word_1_372' title='bbox 2747 2102 2924 2149; x_wconf 87' lang='lat' dir='ltr'><strong>sancto</strong></span> <span class='ocrx_word' id='word_1_373' title='bbox 2963 2095 3079 2166; x_wconf 87' lang='lat' dir='ltr'><strong>ejus</strong></span> <span class='ocrx_word' id='word_1_374' title='bbox 3120 2093 3454 2164; x_wconf 81' lang='lat' dir='ltr'><strong>sperabimus,</strong></span> <span class='ocrx_word' id='word_1_375' title='bbox 3491 2091 3545 2147; x_wconf 88' lang='lat' dir='ltr'><strong>id</strong></span> <span class='ocrx_word' id='word_1_376' title='bbox 3584 2101 3681 2147; x_wconf 90' lang='lat' dir='ltr'><strong>est</strong></span> <span class='ocrx_word' id='word_1_377' title='bbox 3710 2091 3768 2151; x_wconf 87' lang='lat' dir='ltr'><strong>in</strong></span> 
     </span>
    </p>
   </div>
   <div class='ocr_carea' id='block_1_49' title="bbox 2151 2185 3767 2261">
    <p class='ocr_par' dir='ltr' id='par_1_49' title="bbox 2151 2185 3767 2261">
     <span class='ocr_line' id='line_1_49' title="bbox 2151 2185 3767 2261; baseline -0.003 -16"><span class='ocrx_word' id='word_1_378' title='bbox 2151 2188 2384 2256; x_wconf 89' lang='lat' dir='ltr'><strong>Christo,</strong></span> <span class='ocrx_word' id='word_1_379' title='bbox 2415 2204 2574 2261; x_wconf 91' lang='lat' dir='ltr'><strong>quem</strong></span> <span class='ocrx_word' id='word_1_380' title='bbox 2616 2190 2879 2258; x_wconf 88' lang='lat' dir='ltr'><strong>patienter</strong></span> <span class='ocrx_word' id='word_1_381' title='bbox 2920 2189 3290 2243; x_wconf 90' lang='lat' dir='ltr'><strong>sanctissimus</strong></span> <span class='ocrx_word' id='word_1_382' title='bbox 3332 2185 3598 2258; x_wconf 87' lang='lat' dir='ltr'><strong>pr0pheta</strong></span> <span class='ocrx_word' id='word_1_383' title='bbox 3634 2199 3767 2240; x_wconf 79' lang='lat' dir='ltr'><strong>sus-</strong></span> 
     </span>
    </p>
   </div>
   <div class='ocr_carea' id='block_1_50' title="bbox 2151 2276 3766 2349">
    <p class='ocr_par' dir='ltr' id='par_1_50' title="bbox 2151 2276 3766 2349">
     <span class='ocr_line' id='line_1_50' title="bbox 2151 2276 3766 2349; baseline -0.002 -13"><span class='ocrx_word' id='word_1_384' title='bbox 2151 2282 2338 2348; x_wconf 91' lang='lat' dir='ltr'><strong>tinuit,</strong></span> <span class='ocrx_word' id='word_1_385' title='bbox 2389 2287 2446 2336; x_wconf 89' lang='lat' dir='ltr'><strong>et</strong></span> <span class='ocrx_word' id='word_1_386' title='bbox 2491 2279 2773 2335; x_wconf 63' lang='lat' dir='ltr'><strong>laetabatur</strong></span> <span class='ocrx_word' id='word_1_387' title='bbox 2804 2293 2925 2334; x_wconf 90' lang='lat' dir='ltr'><strong>esse</strong></span> <span class='ocrx_word' id='word_1_388' title='bbox 2954 2287 3264 2334; x_wconf 87' lang='lat' dir='ltr'><strong>venturum.</strong></span> <span class='ocrx_word' id='word_1_389' title='bbox 3294 2276 3634 2349; x_wconf 83' lang='lat' dir='ltr'><strong>Sperabimus</strong></span> <span class='ocrx_word' id='word_1_390' title='bbox 3665 2291 3766 2332; x_wconf 58' lang='lat' dir='ltr'><strong>sua</strong></span> 
     </span>
    </p>
   </div>
   <div class='ocr_carea' id='block_1_51' title="bbox 2152 2370 3766 2444">
    <p class='ocr_par' dir='ltr' id='par_1_51' title="bbox 2152 2370 3766 2444">
     <span class='ocr_line' id='line_1_51' title="bbox 2152 2370 3766 2444; baseline -0.002 -12"><span class='ocrx_word' id='word_1_391' title='bbox 2152 2383 2260 2432; x_wconf 88' lang='lat' dir='ltr'><strong>tem</strong></span> <span class='ocrx_word' id='word_1_392' title='bbox 2302 2374 2618 2431; x_wconf 91' lang='lat' dir='ltr'><strong>continuum</strong></span> <span class='ocrx_word' id='word_1_393' title='bbox 2667 2382 2880 2444; x_wconf 88' lang='lat' dir='ltr'><strong>tempus</strong></span> <span class='ocrx_word' id='word_1_394' title='bbox 2932 2373 3213 2429; x_wconf 89' lang='lat' dir='ltr'><strong>ostendit:</strong></span> <span class='ocrx_word' id='word_1_395' title='bbox 3245 2373 3370 2444; x_wconf 87' lang='lat' dir='ltr'><strong>quia</strong></span> <span class='ocrx_word' id='word_1_396' title='bbox 3411 2387 3519 2428; x_wconf 91' lang='lat' dir='ltr'><strong>non</strong></span> <span class='ocrx_word' id='word_1_397' title='bbox 3547 2379 3638 2428; x_wconf 89' lang='lat' dir='ltr'><strong>est</strong></span> <span class='ocrx_word' id='word_1_398' title='bbox 3682 2370 3766 2428; x_wconf 82' lang='lat' dir='ltr'><strong>fas</strong></span> 
     </span>
    </p>
   </div>
   <div class='ocr_carea' id='block_1_52' title="bbox 2151 2463 3765 2538">
    <p class='ocr_par' dir='ltr' id='par_1_52' title="bbox 2151 2463 3765 2538">
     <span class='ocr_line' id='line_1_52' title="bbox 2151 2463 3765 2538; baseline -0.002 -14"><span class='ocrx_word' id='word_1_399' title='bbox 2151 2467 2222 2524; x_wconf 90' lang='lat' dir='ltr'><strong>ibi</strong></span> <span class='ocrx_word' id='word_1_400' title='bbox 2259 2467 2542 2535; x_wconf 88' lang='lat' dir='ltr'><strong>desinere,</strong></span> <span class='ocrx_word' id='word_1_401' title='bbox 2589 2465 2732 2522; x_wconf 90' lang='lat' dir='ltr'><strong>unde</strong></span> <span class='ocrx_word' id='word_1_402' title='bbox 2776 2480 2994 2538; x_wconf 88' lang='lat' dir='ltr'><strong>semper</strong></span> <span class='ocrx_word' id='word_1_403' title='bbox 3043 2473 3222 2537; x_wconf 90' lang='lat' dir='ltr'><strong>potest</strong></span> <span class='ocrx_word' id='word_1_404' title='bbox 3269 2464 3451 2521; x_wconf 87' lang='lat' dir='ltr'><strong>anima</strong></span> <span class='ocrx_word' id='word_1_405' title='bbox 3491 2463 3638 2520; x_wconf 84' lang='lat' dir='ltr'><strong>fessa</strong></span> <span class='ocrx_word' id='word_1_406' title='bbox 3673 2479 3765 2521; x_wconf 82' lang='lat' dir='ltr'><strong>re-</strong></span> 
     </span>
    </p>
   </div>
   <div class='ocr_carea' id='block_1_53' title="bbox 2151 2562 2349 2618">
    <p class='ocr_par' dir='ltr' id='par_1_53' title="bbox 2151 2562 2349 2618">
     <span class='ocr_line' id='line_1_53' title="bbox 2151 2562 2349 2618; baseline -0.005 0"><span class='ocrx_word' id='word_1_407' title='bbox 2151 2562 2349 2618; x_wconf 91' lang='lat' dir='ltr'><strong>creari.</strong></span> 
     </span>
    </p>
   </div>
   <div class='ocr_carea' id='block_1_54' title="bbox 2223 2649 3764 2722">
    <p class='ocr_par' dir='ltr' id='par_1_54' title="bbox 2223 2649 3764 2722">
     <span class='ocr_line' id='line_1_54' title="bbox 2223 2649 3764 2722; baseline -0.001 -15"><span class='ocrx_word' id='word_1_408' title='bbox 2223 2653 2381 2711; x_wconf 80' lang='lat' dir='ltr'><strong>Vers.</strong></span> <span class='ocrx_word' id='word_1_409' title='bbox 2424 2653 2512 2709; x_wconf 70' lang='lat'><strong>2&#39;2.</strong></span> <span class='ocrx_word' id='word_1_410' title='bbox 2563 2649 2722 2722; x_wconf 83' lang='lat' dir='ltr'><strong>Fiat,</strong></span> <span class='ocrx_word' id='word_1_411' title='bbox 2771 2649 3024 2719; x_wconf 83' lang='lat' dir='ltr'><strong>Domine,</strong></span> <span class='ocrx_word' id='word_1_412' title='bbox 3073 2649 3428 2708; x_wconf 79' lang='lat' dir='ltr'><strong>misericordia</strong></span> <span class='ocrx_word' id='word_1_413' title='bbox 3468 2659 3557 2704; x_wconf 87' lang='lat' dir='ltr'><strong>tua</strong></span> <span class='ocrx_word' id='word_1_414' title='bbox 3599 2665 3764 2720; x_wconf 74' lang='lat' dir='ltr'><strong>super</strong></span> 
     </span>
    </p>
   </div>
   <div class='ocr_carea' id='block_1_55' title="bbox 2150 2742 3764 2820">
    <p class='ocr_par' dir='ltr' id='par_1_55' title="bbox 2150 2742 3764 2820">
     <span class='ocr_line' id='line_1_55' title="bbox 2150 2742 3764 2820; baseline -0.002 -15"><span class='ocrx_word' id='word_1_415' title='bbox 2150 2767 2267 2816; x_wconf 84' lang='lat' dir='ltr'><strong>nos,</strong></span> <span class='ocrx_word' id='word_1_416' title='bbox 2297 2750 2430 2804; x_wconf 86' lang='lat' dir='ltr'><strong>sicut</strong></span> <span class='ocrx_word' id='word_1_417' title='bbox 2459 2747 2775 2820; x_wconf 83' lang='lat' dir='ltr'><strong>speravimus</strong></span> <span class='ocrx_word' id='word_1_418' title='bbox 2803 2747 2858 2802; x_wconf 85' lang='lat' dir='ltr'><strong>in</strong></span> <span class='ocrx_word' id='word_1_419' title='bbox 2883 2755 2951 2802; x_wconf 92' lang='lat' dir='ltr'><strong>te.</strong></span> <span class='ocrx_word' id='word_1_420' title='bbox 2988 2746 3080 2802; x_wconf 73' lang='lat' dir='ltr'><strong>llis</strong></span> <span class='ocrx_word' id='word_1_421' title='bbox 3123 2745 3300 2802; x_wconf 87' lang='lat' dir='ltr'><strong>verbis</strong></span> <span class='ocrx_word' id='word_1_422' title='bbox 3327 2742 3764 2801; x_wconf 81' lang='lat' dir='ltr'><strong>incarnationem</strong></span> 
     </span>
    </p>
   </div>
   <div class='ocr_carea' id='block_1_56' title="bbox 2154 2836 3766 2911">
    <p class='ocr_par' dir='ltr' id='par_1_56' title="bbox 2154 2836 3766 2911">
     <span class='ocr_line' id='line_1_56' title="bbox 2154 2836 3766 2911; baseline -0.001 -14"><span class='ocrx_word' id='word_1_423' title='bbox 2154 2842 2365 2898; x_wconf 90' lang='lat' dir='ltr'><strong>Domini</strong></span> <span class='ocrx_word' id='word_1_424' title='bbox 2399 2840 2748 2897; x_wconf 83' lang='lat' dir='ltr'><strong>desiderabat</strong></span> <span class='ocrx_word' id='word_1_425' title='bbox 2778 2838 3032 2911; x_wconf 89' lang='lat' dir='ltr'><strong>impleri,</strong></span> <span class='ocrx_word' id='word_1_426' title='bbox 3062 2855 3227 2910; x_wconf 90' lang='lat' dir='ltr'><strong>quam</strong></span> <span class='ocrx_word' id='word_1_427' title='bbox 3269 2837 3514 2908; x_wconf 80' lang='lat' dir='ltr'><strong>flagranti</strong></span> <span class='ocrx_word' id='word_1_428' title='bbox 3547 2836 3766 2908; x_wconf 78' lang='lat' dir='ltr'><strong>Spiritu</strong></span> 
     </span>
    </p>
   </div>
   <div class='ocr_carea' id='block_1_57' title="bbox 2151 2931 3767 3007">
    <p class='ocr_par' dir='ltr' id='par_1_57' title="bbox 2151 2931 3767 3007">
     <span class='ocr_line' id='line_1_57' title="bbox 2151 2931 3767 3007; baseline -0.001 -17"><span class='ocrx_word' id='word_1_429' title='bbox 2151 2950 2479 3007; x_wconf 83' lang='lat' dir='ltr'><strong>magnopere</strong></span> <span class='ocrx_word' id='word_1_430' title='bbox 2508 2932 2835 2990; x_wconf 89' lang='lat' dir='ltr'><strong>sustinebat.</strong></span> <span class='ocrx_word' id='word_1_431' title='bbox 2875 2932 2983 2989; x_wconf 90' lang='lat' dir='ltr'><strong>Sed</strong></span> <span class='ocrx_word' id='word_1_432' title='bbox 3015 2933 3237 2989; x_wconf 90' lang='lat' dir='ltr'><strong>intende</strong></span> <span class='ocrx_word' id='word_1_433' title='bbox 3271 2946 3432 3003; x_wconf 90' lang='lat' dir='ltr'><strong>quam</strong></span> <span class='ocrx_word' id='word_1_434' title='bbox 3474 2931 3767 3002; x_wconf 88' lang='lat' dir='ltr'><strong>copiosum</strong></span> 
     </span>
    </p>
   </div>
   <div class='ocr_carea' id='block_1_58' title="bbox 2151 3022 3768 3096">
    <p class='ocr_par' dir='ltr' id='par_1_58' title="bbox 2151 3022 3768 3096">
     <span class='ocr_line' id='line_1_58' title="bbox 2151 3022 3768 3096; baseline -0.001 -13"><span class='ocrx_word' id='word_1_435' title='bbox 2151 3043 2347 3084; x_wconf 79' lang='lat' dir='ltr'><strong>munus</strong></span> <span class='ocrx_word' id='word_1_436' title='bbox 2392 3035 2512 3094; x_wconf 90' lang='lat' dir='ltr'><strong>est,</strong></span> <span class='ocrx_word' id='word_1_437' title='bbox 2560 3025 2707 3096; x_wconf 88' lang='lat' dir='ltr'><strong>quod</strong></span> <span class='ocrx_word' id='word_1_438' title='bbox 2759 3025 2956 3082; x_wconf 86' lang='lat' dir='ltr'><strong>ditavit</strong></span> <span class='ocrx_word' id='word_1_439' title='bbox 3009 3039 3178 3096; x_wconf 87' lang='lat' dir='ltr'><strong>genus</strong></span> <span class='ocrx_word' id='word_1_440' title='bbox 3230 3025 3558 3090; x_wconf 85' lang='lat' dir='ltr'><strong>humanum,</strong></span> <span class='ocrx_word' id='word_1_441' title='bbox 3608 3022 3768 3094; x_wconf 85' lang='lat' dir='ltr'><strong>quod</strong></span> 
     </span>
    </p>
   </div>
   <div class='ocr_carea' id='block_1_59' title="bbox 2150 3118 3766 3193">
    <p class='ocr_par' dir='ltr' id='par_1_59' title="bbox 2150 3118 3766 3193">
     <span class='ocr_line' id='line_1_59' title="bbox 2150 3118 3766 3193; baseline -0.003 -16"><span class='ocrx_word' id='word_1_442' title='bbox 2150 3121 2465 3193; x_wconf 84' lang='lat' dir='ltr'><strong>angelorum</strong></span> <span class='ocrx_word' id='word_1_443' title='bbox 2522 3120 2722 3177; x_wconf 91' lang='lat' dir='ltr'><strong>choros</strong></span> <span class='ocrx_word' id='word_1_444' title='bbox 2775 3120 2980 3176; x_wconf 58' lang='lat' dir='ltr'><strong>laetitiae</strong></span> <span class='ocrx_word' id='word_1_445' title='bbox 3031 3118 3371 3190; x_wconf 78' lang='lat' dir='ltr'><strong>iucunditate</strong></span> <span class='ocrx_word' id='word_1_446' title='bbox 3424 3118 3766 3188; x_wconf 81' lang='lat' dir='ltr'><strong>complevit,</strong></span> 
     </span>
    </p>
   </div>
   <div class='ocr_carea' id='block_1_60' title="bbox 2150 3209 3766 3285">
    <p class='ocr_par' dir='ltr' id='par_1_60' title="bbox 2150 3209 3766 3285">
     <span class='ocr_line' id='line_1_60' title="bbox 2150 3209 3766 3285; baseline -0.001 -17"><span class='ocrx_word' id='word_1_447' title='bbox 2150 3213 2292 3285; x_wconf 89' lang='lat' dir='ltr'><strong>quod</strong></span> <span class='ocrx_word' id='word_1_448' title='bbox 2321 3213 2484 3270; x_wconf 91' lang='lat' dir='ltr'><strong>etiam</strong></span> <span class='ocrx_word' id='word_1_449' title='bbox 2528 3213 2646 3282; x_wconf 89' lang='lat' dir='ltr'><strong>ipsa</strong></span> <span class='ocrx_word' id='word_1_450' title='bbox 2689 3212 2898 3269; x_wconf 86' lang='lat' dir='ltr'><strong>inferna</strong></span> <span class='ocrx_word' id='word_1_451' title='bbox 2931 3222 3243 3269; x_wconf 88' lang='lat' dir='ltr'><strong>senserunt.</strong></span> <span class='ocrx_word' id='word_1_452' title='bbox 3288 3211 3431 3269; x_wconf 83' lang='lat' dir='ltr'><strong>Petit</strong></span> <span class='ocrx_word' id='word_1_453' title='bbox 3469 3209 3614 3267; x_wconf 87' lang='lat' dir='ltr'><strong>enim</strong></span> <span class='ocrx_word' id='word_1_454' title='bbox 3663 3209 3766 3266; x_wconf 87' lang='lat' dir='ltr'><strong>de-</strong></span> 
     </span>
    </p>
   </div>
   <div class='ocr_carea' id='block_1_61' title="bbox 447 3302 3766 3392">
    <p class='ocr_par' dir='ltr' id='par_1_61' title="bbox 447 3302 3766 3392">
     <span class='ocr_line' id='line_1_61' title="bbox 447 3302 3766 3392; baseline 0 -35"><span class='ocrx_word' id='word_1_455' title='bbox 447 3318 679 3388; x_wconf 58' lang='lat' dir='ltr'><strong>diabou,</strong></span> <span class='ocrx_word' id='word_1_456' title='bbox 709 3333 831 3376; x_wconf 72' lang='lat' dir='ltr'><strong>cum</strong></span> <span class='ocrx_word' id='word_1_457' title='bbox 875 3333 972 3389; x_wconf 62' lang='lat' dir='ltr'><strong>per</strong></span> <span class='ocrx_word' id='word_1_458' title='bbox 1021 3318 1408 3391; x_wconf 54' lang='lat' dir='ltr'><strong>indulgentiam</strong></span> <span class='ocrx_word' id='word_1_459' title='bbox 1439 3319 1606 3375; x_wconf 61' lang='lat' dir='ltr'><strong>efﬁci;</strong></span> <span class='ocrx_word' id='word_1_460' title='bbox 1655 3318 1877 3386; x_wconf 57' lang='lat' dir='ltr'><strong>liberos,</strong></span> <span class='ocrx_word' id='word_1_461' title='bbox 1909 3335 2048 3392; x_wconf 69' lang='lat' dir='ltr'><strong>quos</strong></span> <span class='ocrx_word' id='word_1_462' title='bbox 2075 3315 2123 3380; x_wconf 71' lang='grc' dir='ltr'>ο</span> <span class='ocrx_word' id='word_1_463' title='bbox 2154 3303 2354 3360; x_wconf 90' lang='lat' dir='ltr'><strong>sideria</strong></span> <span class='ocrx_word' id='word_1_464' title='bbox 2384 3319 2481 3360; x_wconf 84' lang='lat' dir='ltr'><strong>sua</strong></span> <span class='ocrx_word' id='word_1_465' title='bbox 2507 3303 2707 3361; x_wconf 88' lang='lat' dir='ltr'><strong>debere</strong></span> <span class='ocrx_word' id='word_1_466' title='bbox 2737 3305 2883 3374; x_wconf 91' lang='lat' dir='ltr'><strong>ﬁeri,</strong></span> <span class='ocrx_word' id='word_1_467' title='bbox 2912 3314 2973 3360; x_wconf 93' lang='lat' dir='ltr'><strong>ut</strong></span> <span class='ocrx_word' id='word_1_468' title='bbox 3001 3305 3175 3376; x_wconf 89' lang='lat' dir='ltr'><strong>possit</strong></span> <span class='ocrx_word' id='word_1_469' title='bbox 3212 3304 3636 3375; x_wconf 88' lang='lat' dir='ltr'><strong>perfectissimus</strong></span> <span class='ocrx_word' id='word_1_470' title='bbox 3677 3302 3766 3358; x_wconf 85' lang='lat' dir='ltr'><strong>in-</strong></span> 
     </span>
    </p>
   </div>
   <div class='ocr_carea' id='block_1_62' title="bbox 447 3411 2047 3486">
    <p class='ocr_par' dir='ltr' id='par_1_62' title="bbox 447 3411 2047 3486">
     <span class='ocr_line' id='line_1_62' title="bbox 447 3411 2047 3486; baseline -0.001 -16"><span class='ocrx_word' id='word_1_471' title='bbox 447 3413 651 3486; x_wconf 90' lang='lat' dir='ltr'><strong>peccati</strong></span> <span class='ocrx_word' id='word_1_472' title='bbox 679 3411 952 3469; x_wconf 88' lang='lat' dir='ltr'><strong>damnatio</strong></span> <span class='ocrx_word' id='word_1_473' title='bbox 993 3412 1196 3469; x_wconf 78' lang='lat' dir='ltr'><strong>iecerat</strong></span> <span class='ocrx_word' id='word_1_474' title='bbox 1223 3428 1346 3470; x_wconf 84' lang='lat' dir='ltr'><strong>esse</strong></span> <span class='ocrx_word' id='word_1_475' title='bbox 1373 3413 1636 3484; x_wconf 89' lang='lat' dir='ltr'><strong>captivos.</strong></span> <span class='ocrx_word' id='word_1_476' title='bbox 1667 3411 1734 3468; x_wconf 88' lang='lat' dir='ltr'><strong>In</strong></span> <span class='ocrx_word' id='word_1_477' title='bbox 1775 3415 1912 3486; x_wconf 82' lang='lat' dir='ltr'><strong>fame</strong></span> <span class='ocrx_word' id='word_1_478' title='bbox 1955 3428 2047 3469; x_wconf 87' lang='lat' dir='ltr'><strong>au-</strong></span> 
     </span>
    </p>
   </div>
   <div class='ocr_carea' id='block_1_63' title="bbox 447 3506 2048 3579">
    <p class='ocr_par' dir='ltr' id='par_1_63' title="bbox 447 3506 2048 3579">
     <span class='ocr_line' id='line_1_63' title="bbox 447 3506 2048 3579; baseline 0 -15"><span class='ocrx_word' id='word_1_479' title='bbox 447 3515 554 3565; x_wconf 91' lang='lat' dir='ltr'><strong>tem</strong></span> <span class='ocrx_word' id='word_1_480' title='bbox 593 3523 678 3564; x_wconf 90' lang='lat' dir='ltr'><strong>eos</strong></span> <span class='ocrx_word' id='word_1_481' title='bbox 715 3507 842 3573; x_wconf 88' lang='lat' dir='ltr'><strong>alit,</strong></span> <span class='ocrx_word' id='word_1_482' title='bbox 873 3506 1088 3579; x_wconf 86' lang='lat' dir='ltr'><strong>quando</strong></span> <span class='ocrx_word' id='word_1_483' title='bbox 1130 3506 1184 3563; x_wconf 90' lang='lat' dir='ltr'><strong>in</strong></span> <span class='ocrx_word' id='word_1_484' title='bbox 1232 3508 1337 3564; x_wconf 88' lang='lat' dir='ltr'><strong>hoc</strong></span> <span class='ocrx_word' id='word_1_485' title='bbox 1381 3508 1604 3578; x_wconf 88' lang='lat' dir='ltr'><strong>mundo,</strong></span> <span class='ocrx_word' id='word_1_486' title='bbox 1647 3507 1740 3564; x_wconf 92' lang='lat' dir='ltr'><strong>ubi</strong></span> <span class='ocrx_word' id='word_1_487' title='bbox 1786 3507 2048 3565; x_wconf 89' lang='lat' dir='ltr'><strong>bonarum</strong></span> 
     </span>
    </p>
   </div>
   <div class='ocr_carea' id='block_1_64' title="bbox 445 3599 2050 3673">
    <p class='ocr_par' dir='ltr' id='par_1_64' title="bbox 445 3599 2050 3673">
     <span class='ocr_line' id='line_1_64' title="bbox 445 3599 2050 3673; baseline 0.001 -15"><span class='ocrx_word' id='word_1_488' title='bbox 445 3615 628 3658; x_wconf 89' lang='lat' dir='ltr'><strong>rerum</strong></span> <span class='ocrx_word' id='word_1_489' title='bbox 659 3599 951 3673; x_wconf 88' lang='lat' dir='ltr'><strong>indigentia</strong></span> <span class='ocrx_word' id='word_1_490' title='bbox 979 3609 1093 3668; x_wconf 92' lang='lat' dir='ltr'><strong>est,</strong></span> <span class='ocrx_word' id='word_1_491' title='bbox 1123 3600 1393 3673; x_wconf 88' lang='lat' dir='ltr'><strong>spirituali</strong></span> <span class='ocrx_word' id='word_1_492' title='bbox 1424 3603 1551 3660; x_wconf 92' lang='lat' dir='ltr'><strong>cibo</strong></span> <span class='ocrx_word' id='word_1_493' title='bbox 1583 3602 1788 3658; x_wconf 86' lang='lat' dir='ltr'><strong>nutrire</strong></span> <span class='ocrx_word' id='word_1_494' title='bbox 1817 3617 1922 3659; x_wconf 92' lang='lat' dir='ltr'><strong>non</strong></span> <span class='ocrx_word' id='word_1_495' title='bbox 1953 3602 2050 3660; x_wconf 86' lang='lat' dir='ltr'><strong>de-</strong></span> 
     </span>
    </p>
   </div>
   <div class='ocr_carea' id='block_1_65' title="bbox 444 3689 2043 3766">
    <p class='ocr_par' dir='ltr' id='par_1_65' title="bbox 444 3689 2043 3766">
     <span class='ocr_line' id='line_1_65' title="bbox 444 3689 2043 3766; baseline 0 -17"><span class='ocrx_word' id='word_1_496' title='bbox 444 3689 578 3749; x_wconf 79' lang='lat' dir='ltr'><strong>sinit</strong></span> <span class='ocrx_word' id='word_1_497' title='bbox 621 3705 756 3762; x_wconf 89' lang='lat' dir='ltr'><strong>quos</strong></span> <span class='ocrx_word' id='word_1_498' title='bbox 783 3691 1400 3750; x_wconf 85' lang='lat' dir='ltr'><strong>redemit.-Alimentttm</strong></span> <span class='ocrx_word' id='word_1_499' title='bbox 1432 3695 1632 3766; x_wconf 91' lang='lat' dir='ltr'><strong>quippe</strong></span> <span class='ocrx_word' id='word_1_500' title='bbox 1675 3693 1878 3750; x_wconf 91' lang='lat' dir='ltr'><strong>dictum</strong></span> <span class='ocrx_word' id='word_1_501' title='bbox 1925 3701 2043 3764; x_wconf 90' lang='lat' dir='ltr'><strong>est,</strong></span> 
     </span>
    </p>
   </div>
   <div class='ocr_carea' id='block_1_66' title="bbox 447 3783 2040 3857">
    <p class='ocr_par' dir='ltr' id='par_1_66' title="bbox 447 3783 2040 3857">
     <span class='ocr_line' id='line_1_66' title="bbox 447 3783 2040 3857; baseline 0.003 -19"><span class='ocrx_word' id='word_1_502' title='bbox 447 3783 596 3854; x_wconf 90' lang='lat' dir='ltr'><strong>quasi</strong></span> <span class='ocrx_word' id='word_1_503' title='bbox 625 3785 820 3841; x_wconf 89' lang='lat' dir='ltr'><strong>mentis</strong></span> <span class='ocrx_word' id='word_1_504' title='bbox 863 3785 1272 3843; x_wconf 90' lang='lat' dir='ltr'><strong>nutrimentum.</strong></span> <span class='ocrx_word' id='word_1_505' title='bbox 1317 3783 1386 3841; x_wconf 84' lang='lat' dir='ltr'><strong>In</strong></span> <span class='ocrx_word' id='word_1_506' title='bbox 1421 3789 1557 3857; x_wconf 80' lang='lat' dir='ltr'><strong>fame</strong></span> <span class='ocrx_word' id='word_1_507' title='bbox 1596 3785 1740 3841; x_wconf 90' lang='lat' dir='ltr'><strong>enim</strong></span> <span class='ocrx_word' id='word_1_508' title='bbox 1783 3793 1908 3842; x_wconf 87' lang='lat' dir='ltr'><strong>sunt</strong></span> <span class='ocrx_word' id='word_1_509' title='bbox 1937 3800 2040 3857; x_wconf 87' lang='lat' dir='ltr'><strong>po-</strong></span> 
     </span>
    </p>
   </div>
   <div class='ocr_carea' id='block_1_67' title="bbox 447 3874 2044 3948">
    <p class='ocr_par' dir='ltr' id='par_1_67' title="bbox 447 3874 2044 3948">
     <span class='ocr_line' id='line_1_67' title="bbox 447 3874 2044 3948; baseline 0.002 -19"><span class='ocrx_word' id='word_1_510' title='bbox 447 3874 565 3942; x_wconf 87' lang='lat' dir='ltr'><strong>siti,</strong></span> <span class='ocrx_word' id='word_1_511' title='bbox 608 3875 699 3948; x_wconf 91' lang='lat' dir='ltr'><strong>qui</strong></span> <span class='ocrx_word' id='word_1_512' title='bbox 735 3891 794 3932; x_wconf 86' lang='lat' dir='ltr'><strong>se</strong></span> <span class='ocrx_word' id='word_1_513' title='bbox 831 3877 1132 3934; x_wconf 66' lang='lat' dir='ltr'><strong>caelestium</strong></span> <span class='ocrx_word' id='word_1_514' title='bbox 1163 3893 1342 3934; x_wconf 90' lang='lat' dir='ltr'><strong>rerum</strong></span> <span class='ocrx_word' id='word_1_515' title='bbox 1374 3875 1649 3932; x_wconf 88' lang='lat' dir='ltr'><strong>desiderio</strong></span> <span class='ocrx_word' id='word_1_516' title='bbox 1689 3891 1903 3946; x_wconf 87' lang='lat' dir='ltr'><strong>semper</strong></span> <span class='ocrx_word' id='word_1_517' title='bbox 1947 3892 2044 3932; x_wconf 85' lang='lat' dir='ltr'><strong>ac-</strong></span> 
     </span>
    </p>
   </div>
   <div class='ocr_carea' id='block_1_68' title="bbox 446 3966 2045 4040">
    <p class='ocr_par' dir='ltr' id='par_1_68' title="bbox 446 3966 2045 4040">
     <span class='ocr_line' id='line_1_68' title="bbox 446 3966 2045 4040; baseline 0.002 -16"><span class='ocrx_word' id='word_1_518' title='bbox 446 3966 700 4025; x_wconf 83' lang='lat' dir='ltr'><strong>cendunt.</strong></span> <span class='ocrx_word' id='word_1_519' title='bbox 727 3968 772 4025; x_wconf 92' lang='lat'>0</span> <span class='ocrx_word' id='word_1_520' title='bbox 794 3968 962 4026; x_wconf 85' lang='lat' dir='ltr'><strong>fames</strong></span> <span class='ocrx_word' id='word_1_521' title='bbox 987 3969 1077 4027; x_wconf 90' lang='lat' dir='ltr'><strong>illa</strong></span> <span class='ocrx_word' id='word_1_522' title='bbox 1103 3971 1329 4028; x_wconf 89' lang='lat' dir='ltr'><strong>multum</strong></span> <span class='ocrx_word' id='word_1_523' title='bbox 1355 3979 1567 4037; x_wconf 90' lang='lat' dir='ltr'><strong>satura,</strong></span> <span class='ocrx_word' id='word_1_524' title='bbox 1598 3978 1653 4025; x_wconf 88' lang='lat' dir='ltr'><strong>et</strong></span> <span class='ocrx_word' id='word_1_525' title='bbox 1675 3969 1794 4026; x_wconf 88' lang='lat' dir='ltr'><strong>sine</strong></span> <span class='ocrx_word' id='word_1_526' title='bbox 1822 3971 2045 4040; x_wconf 89' lang='lat' dir='ltr'><strong>penuria</strong></span> 
     </span>
    </p>
   </div>
   <div class='ocr_carea' id='block_1_69' title="bbox 447 4060 2040 4134">
    <p class='ocr_par' dir='ltr' id='par_1_69' title="bbox 447 4060 2040 4134">
     <span class='ocr_line' id='line_1_69' title="bbox 447 4060 2040 4134; baseline 0.001 -17"><span class='ocrx_word' id='word_1_527' title='bbox 447 4060 792 4133; x_wconf 84' lang='lat' dir='ltr'><strong>probabiliter</strong></span> <span class='ocrx_word' id='word_1_528' title='bbox 842 4079 1059 4134; x_wconf 91' lang='lat' dir='ltr'><strong>semper</strong></span> <span class='ocrx_word' id='word_1_529' title='bbox 1104 4063 1299 4119; x_wconf 87' lang='lat' dir='ltr'><strong>avida!</strong></span> <span class='ocrx_word' id='word_1_530' title='bbox 1352 4063 1613 4120; x_wconf 87' lang='lat' dir='ltr'><strong>Esuriunt</strong></span> <span class='ocrx_word' id='word_1_531' title='bbox 1658 4063 1804 4119; x_wconf 89' lang='lat' dir='ltr'><strong>enim</strong></span> <span class='ocrx_word' id='word_1_532' title='bbox 1859 4063 2040 4133; x_wconf 89' lang='lat' dir='ltr'><strong>beati,</strong></span> 
     </span>
    </p>
   </div>
   <div class='ocr_carea' id='block_1_70' title="bbox 447 4154 2041 4228">
    <p class='ocr_par' dir='ltr' id='par_1_70' title="bbox 447 4154 2041 4228">
     <span class='ocr_line' id='line_1_70' title="bbox 447 4154 2041 4228; baseline -0.001 -17"><span class='ocrx_word' id='word_1_533' title='bbox 447 4168 552 4211; x_wconf 89' lang='lat' dir='ltr'><strong>non</strong></span> <span class='ocrx_word' id='word_1_534' title='bbox 577 4154 701 4226; x_wconf 89' lang='lat' dir='ltr'><strong>quia</strong></span> <span class='ocrx_word' id='word_1_535' title='bbox 726 4155 996 4213; x_wconf 87' lang='lat' dir='ltr'><strong>dominica</strong></span> <span class='ocrx_word' id='word_1_536' title='bbox 1033 4155 1171 4226; x_wconf 87' lang='lat' dir='ltr'><strong>dape</strong></span> <span class='ocrx_word' id='word_1_537' title='bbox 1203 4154 1379 4228; x_wconf 73' lang='lat' dir='ltr'><strong>jejuni</strong></span> <span class='ocrx_word' id='word_1_538' title='bbox 1417 4164 1574 4221; x_wconf 88' lang='lat' dir='ltr'><strong>sunt,</strong></span> <span class='ocrx_word' id='word_1_539' title='bbox 1619 4154 1715 4212; x_wconf 88' lang='lat' dir='ltr'><strong>sed</strong></span> <span class='ocrx_word' id='word_1_540' title='bbox 1744 4154 2041 4226; x_wconf 63' lang='lat' dir='ltr'><strong>quaerendo</strong></span> 
     </span>
    </p>
   </div>
   <div class='ocr_carea' id='block_1_71' title="bbox 442 4243 2047 4318">
    <p class='ocr_par' dir='ltr' id='par_1_71' title="bbox 442 4243 2047 4318">
     <span class='ocr_line' id='line_1_71' title="bbox 442 4243 2047 4318; baseline 0.001 -19"><span class='ocrx_word' id='word_1_541' title='bbox 442 4243 636 4318; x_wconf 69' lang='lat' dir='ltr'><strong>iugiter</strong></span> <span class='ocrx_word' id='word_1_542' title='bbox 665 4245 1042 4312; x_wconf 88' lang='lat' dir='ltr'><strong>inardescunt,</strong></span> <span class='ocrx_word' id='word_1_543' title='bbox 1071 4247 1194 4318; x_wconf 87' lang='lat' dir='ltr'><strong>quia</strong></span> <span class='ocrx_word' id='word_1_544' title='bbox 1240 4247 1453 4304; x_wconf 90' lang='lat' dir='ltr'><strong>Domini</strong></span> <span class='ocrx_word' id='word_1_545' title='bbox 1500 4246 1835 4318; x_wconf 87' lang='lat' dir='ltr'><strong>appetitione</strong></span> <span class='ocrx_word' id='word_1_546' title='bbox 1880 4246 2047 4316; x_wconf 90' lang='lat' dir='ltr'><strong>proﬁ-</strong></span> 
     </span>
    </p>
   </div>
   <div class='ocr_carea' id='block_1_72' title="bbox 445 4336 2044 4411">
    <p class='ocr_par' dir='ltr' id='par_1_72' title="bbox 445 4336 2044 4411">
     <span class='ocr_line' id='line_1_72' title="bbox 445 4336 2044 4411; baseline 0.002 -20"><span class='ocrx_word' id='word_1_547' title='bbox 445 4337 620 4404; x_wconf 89' lang='lat' dir='ltr'><strong>ciunt;</strong></span> <span class='ocrx_word' id='word_1_548' title='bbox 657 4336 800 4392; x_wconf 88' lang='lat' dir='ltr'><strong>sicut</strong></span> <span class='ocrx_word' id='word_1_549' title='bbox 837 4339 1164 4410; x_wconf 89' lang='lat' dir='ltr'><strong>evangelista</strong></span> <span class='ocrx_word' id='word_1_550' title='bbox 1204 4337 1374 4395; x_wconf 88' lang='lat' dir='ltr'><strong>dicit:</strong></span> <span class='ocrx_word' id='word_1_551' title='bbox 1407 4337 1556 4394; x_wconf 86' lang='lat' dir='ltr'><strong>Beati</strong></span> <span class='ocrx_word' id='word_1_552' title='bbox 1593 4340 1681 4411; x_wconf 86' lang='lat' dir='ltr'><strong>qui</strong></span> <span class='ocrx_word' id='word_1_553' title='bbox 1720 4340 1949 4394; x_wconf 84' lang='lat' dir='ltr'><strong>esuriant</strong></span> <span class='ocrx_word' id='word_1_554' title='bbox 1993 4347 2044 4394; x_wconf 89' lang='lat' dir='ltr'><strong>et</strong></span> 
     </span>
    </p>
   </div>
   <div class='ocr_carea' id='block_1_73' title="bbox 443 4429 2040 4507">
    <p class='ocr_par' dir='ltr' id='par_1_73' title="bbox 443 4429 2040 4507">
     <span class='ocr_line' id='line_1_73' title="bbox 443 4429 2040 4507; baseline 0.004 -22"><span class='ocrx_word' id='word_1_555' title='bbox 443 4429 622 4486; x_wconf 87' lang='lat' dir='ltr'><strong>sitiunt</strong></span> <span class='ocrx_word' id='word_1_556' title='bbox 651 4431 940 4502; x_wconf 84' lang='lat' dir='ltr'><strong>justitiam,</strong></span> <span class='ocrx_word' id='word_1_557' title='bbox 976 4432 1220 4504; x_wconf 85' lang='lat' dir='ltr'><strong>quoniam</strong></span> <span class='ocrx_word' id='word_1_558' title='bbox 1258 4433 1358 4506; x_wconf 83' lang='lat' dir='ltr'><strong>ipsi</strong></span> <span class='ocrx_word' id='word_1_559' title='bbox 1393 4435 1758 4489; x_wconf 84' lang='lat' dir='ltr'><strong>saturabuntttr</strong></span> <span class='ocrx_word' id='word_1_560' title='bbox 1801 4433 2040 4507; x_wconf 39' lang='lat' dir='ltr'><strong>(Matth.</strong></span> 
     </span>
    </p>
   </div>
   <div class='ocr_carea' id='block_1_74' title="bbox 440 4513 1140 4594">
    <p class='ocr_par' dir='ltr' id='par_1_74' title="bbox 440 4513 1140 4594">
     <span class='ocr_line' id='line_1_74' title="bbox 440 4513 1140 4594; baseline 0 -14"><span class='ocrx_word' id='word_1_561' title='bbox 440 4532 506 4590; x_wconf 78' lang='grc' dir='ltr'><strong>ν,</strong></span> <span class='ocrx_word' id='word_1_562' title='bbox 534 4523 612 4594; x_wconf 88' lang='lat'><strong>6).</strong></span> <span class='ocrx_word' id='word_1_563' title='bbox 1131 4513 1140 4523; x_wconf 83' lang='grc'><strong>”</strong></span> 
     </span>
    </p>
   </div>
   <div class='ocr_carea' id='block_1_75' title="bbox 515 4614 2038 4691">
    <p class='ocr_par' dir='ltr' id='par_1_75' title="bbox 515 4614 2038 4691">
     <span class='ocr_line' id='line_1_75' title="bbox 515 4614 2038 4691; baseline 0.003 -19"><span class='ocrx_word' id='word_1_564' title='bbox 515 4614 672 4674; x_wconf 81' lang='lat' dir='ltr'><strong>Vers.</strong></span> <span class='ocrx_word' id='word_1_565' title='bbox 695 4615 785 4673; x_wconf 74' lang='lat'><strong>‘20.</strong></span> <span class='ocrx_word' id='word_1_566' title='bbox 815 4617 1004 4673; x_wconf 83' lang='lat' dir='ltr'><strong>Anima</strong></span> <span class='ocrx_word' id='word_1_567' title='bbox 1045 4625 1218 4674; x_wconf 88' lang='lat' dir='ltr'><strong>autem</strong></span> <span class='ocrx_word' id='word_1_568' title='bbox 1255 4626 1432 4674; x_wconf 81' lang='lat' dir='ltr'><strong>nostra</strong></span> <span class='ocrx_word' id='word_1_569' title='bbox 1469 4619 1681 4675; x_wconf 85' lang='lat' dir='ltr'><strong>sustinet</strong></span> <span class='ocrx_word' id='word_1_570' title='bbox 1729 4617 2038 4691; x_wconf 87' lang='lat' dir='ltr'><strong>Dominunt,</strong></span> 
     </span>
    </p>
   </div>
   <div class='ocr_carea' id='block_1_76' title="bbox 440 4709 2950 4816">
    <p class='ocr_par' dir='ltr' id='par_1_76' title="bbox 440 4709 2950 4816">
     <span class='ocr_line' id='line_1_76' title="bbox 440 4709 2950 4816; baseline 0.002 -52"><span class='ocrx_word' id='word_1_571' title='bbox 440 4709 682 4816; x_wconf 78' lang='lat' dir='ltr'><strong>quoniam</strong></span> <span class='ocrx_word' id='word_1_572' title='bbox 725 4710 937 4816; x_wconf 56' lang='lat' dir='ltr'><strong>adiutor</strong></span> <span class='ocrx_word' id='word_1_573' title='bbox 962 4721 1010 4766; x_wconf 89' lang='lat' dir='ltr'><strong>et</strong></span> <span class='ocrx_word' id='word_1_574' title='bbox 1045 4719 1302 4816; x_wconf 62' lang='lat' dir='ltr'><strong>prptector</strong></span> <span class='ocrx_word' id='word_1_575' title='bbox 1347 4721 1521 4816; x_wconf 64' lang='lat' dir='ltr'><strong>noster</strong></span> <span class='ocrx_word' id='word_1_576' title='bbox 1561 4723 1665 4816; x_wconf 54' lang='lat' dir='ltr'><strong>est.</strong></span> <span class='ocrx_word' id='word_1_577' title='bbox 1702 4711 1834 4816; x_wconf 76' lang='lat' dir='ltr'><strong>Cum</strong></span> <span class='ocrx_word' id='word_1_578' title='bbox 1874 4713 2031 4816; x_wconf 75' lang='lat' dir='ltr'><strong>dicit,</strong></span> <span class='ocrx_word' id='word_1_579' title='bbox 2067 4725 2119 4789; x_wconf 79' lang='grc' dir='ltr'><strong>ι)</strong></span> <span class='ocrx_word' id='word_1_580' title='bbox 2145 4709 2447 4814; x_wconf 52' lang='grc' dir='ltr'><strong>νοιηρίθίθς</strong></span> <span class='ocrx_word' id='word_1_581' title='bbox 2481 4760 2496 4811; x_wconf 66' lang='grc'><strong>;</strong></span> <span class='ocrx_word' id='word_1_582' title='bbox 2525 4709 2591 4799; x_wconf 62' lang='lat' dir='ltr'><strong>a&#39;d</strong></span> <span class='ocrx_word' id='word_1_583' title='bbox 2614 4709 2738 4801; x_wconf 51' lang='lat' dir='ltr'><strong>&#39;ha&#39;c</strong></span> <span class='ocrx_word' id='word_1_584' title='bbox 2784 4746 2950 4816; x_wconf 59' lang='lat' dir='ltr'><strong>magis</strong></span> 
     </span>
    </p>
   </div>
   <div class='ocr_carea' id='block_1_77' title="bbox 439 4803 2033 4876">
    <p class='ocr_par' dir='ltr' id='par_1_77' title="bbox 439 4803 2033 4876">
     <span class='ocr_line' id='line_1_77' title="bbox 439 4803 2033 4876; baseline 0.004 -18"><span class='ocrx_word' id='word_1_585' title='bbox 439 4803 684 4870; x_wconf 87' lang='lat' dir='ltr'><strong>sustinet,</strong></span> <span class='ocrx_word' id='word_1_586' title='bbox 718 4803 1029 4873; x_wconf 90' lang='lat' dir='ltr'><strong>patientiam</strong></span> <span class='ocrx_word' id='word_1_587' title='bbox 1073 4804 1340 4876; x_wconf 90' lang='lat' dir='ltr'><strong>signiﬁcat</strong></span> <span class='ocrx_word' id='word_1_588' title='bbox 1376 4805 1700 4874; x_wconf 85' lang='lat' dir='ltr'><strong>Christiani,</strong></span> <span class='ocrx_word' id='word_1_589' title='bbox 1734 4814 1792 4861; x_wconf 83' lang='grc' dir='ltr'><strong>ιιι</strong></span> <span class='ocrx_word' id='word_1_590' title='bbox 1821 4805 2033 4864; x_wconf 81' lang='lat' dir='ltr'><strong>invitati</strong></span> 
     </span>
    </p>
   </div>
   <div class='ocr_carea' id='block_1_78' title="bbox 440 4893 2030 4970">
    <p class='ocr_par' dir='ltr' id='par_1_78' title="bbox 440 4893 2030 4970">
     <span class='ocr_line' id='line_1_78' title="bbox 440 4893 2030 4970; baseline 0.006 -20"><span class='ocrx_word' id='word_1_591' title='bbox 440 4893 573 4970; x_wconf 80' lang='lat' dir='ltr'><strong>justi</strong></span> <span class='ocrx_word' id='word_1_592' title='bbox 616 4893 807 4953; x_wconf 89' lang='lat' dir='ltr'><strong>futuris</strong></span> <span class='ocrx_word' id='word_1_593' title='bbox 847 4897 1083 4967; x_wconf 74' lang='lat' dir='ltr'><strong>praemiis</strong></span> <span class='ocrx_word' id='word_1_594' title='bbox 1120 4897 1388 4955; x_wconf 87' lang='lat' dir='ltr'><strong>constanti</strong></span> <span class='ocrx_word' id='word_1_595' title='bbox 1431 4898 1614 4954; x_wconf 90' lang='lat' dir='ltr'><strong>animo</strong></span> <span class='ocrx_word' id='word_1_596' title='bbox 1661 4893 2030 4970; x_wconf 66' lang='lat' dir='ltr'><strong>persevefent.</strong></span> 
     </span>
    </p>
   </div>
   <div class='ocr_carea' id='block_1_79' title="bbox 365 4987 2034 5068">
    <p class='ocr_par' dir='ltr' id='par_1_79' title="bbox 365 4987 2034 5068">
     <span class='ocr_line' id='line_1_79' title="bbox 365 4987 2034 5068; baseline 0.005 -23"><span class='ocrx_word' id='word_1_597' title='bbox 365 5005 423 5068; x_wconf 19' lang='grc' dir='ltr'><strong>βέῃ</strong></span> <span class='ocrx_word' id='word_1_598' title='bbox 442 4987 551 5046; x_wconf 87' lang='lat' dir='ltr'><strong>Sed</strong></span> <span class='ocrx_word' id='word_1_599' title='bbox 581 4987 941 5060; x_wconf 88' lang='lat' dir='ltr'><strong>intelligamus</strong></span> <span class='ocrx_word' id='word_1_600' title='bbox 967 4991 1139 5062; x_wconf 87' lang='lat' dir='ltr'><strong>qualis</strong></span> <span class='ocrx_word' id='word_1_601' title='bbox 1165 4990 1268 5048; x_wconf 86' lang='lat' dir='ltr'><strong>ista</strong></span> <span class='ocrx_word' id='word_1_602' title='bbox 1298 4992 1468 5050; x_wconf 89' lang='lat' dir='ltr'><strong>virtus</strong></span> <span class='ocrx_word' id='word_1_603' title='bbox 1491 5002 1593 5061; x_wconf 89' lang='lat' dir='ltr'><strong>est,</strong></span> <span class='ocrx_word' id='word_1_604' title='bbox 1625 5009 1787 5066; x_wconf 87' lang='lat' dir='ltr'><strong>quam</strong></span> <span class='ocrx_word' id='word_1_605' title='bbox 1815 5011 2034 5053; x_wconf 88' lang='lat' dir='ltr'><strong>servare</strong></span> 
     </span>
    </p>
   </div>
   <div class='ocr_carea' id='block_1_80' title="bbox 350 5079 2036 5161">
    <p class='ocr_par' dir='ltr' id='par_1_80' title="bbox 350 5079 2036 5161">
     <span class='ocr_line' id='line_1_80' title="bbox 350 5079 2036 5161; baseline 0.006 -25"><span class='ocrx_word' id='word_1_606' title='bbox 350 5079 401 5154; x_wconf 59' lang='grc' dir='ltr'><strong>ξ,ἒῖ</strong></span> <span class='ocrx_word' id='word_1_607' title='bbox 441 5079 606 5137; x_wconf 88' lang='lat' dir='ltr'><strong>toties</strong></span> <span class='ocrx_word' id='word_1_608' title='bbox 645 5094 1076 5138; x_wconf 90' lang='lat' dir='ltr'><strong>commonemur.</strong></span> <span class='ocrx_word' id='word_1_609' title='bbox 1125 5083 1385 5142; x_wconf 86' lang='lat' dir='ltr'><strong>Patientia</strong></span> <span class='ocrx_word' id='word_1_610' title='bbox 1432 5096 1518 5142; x_wconf 89' lang='lat' dir='ltr'><strong>est</strong></span> <span class='ocrx_word' id='word_1_611' title='bbox 1564 5087 1868 5159; x_wconf 86' lang='lat' dir='ltr'><strong>siquidem,</strong></span> <span class='ocrx_word' id='word_1_612' title='bbox 1915 5105 2036 5161; x_wconf 62' lang='lat' dir='ltr'><strong>quas</strong></span> 
     </span>
    </p>
   </div>
   <div class='ocr_carea' id='block_1_81' title="bbox 2152 3395 3766 3468">
    <p class='ocr_par' dir='ltr' id='par_1_81' title="bbox 2152 3395 3766 3468">
     <span class='ocr_line' id='line_1_81' title="bbox 2152 3395 3766 3468; baseline -0.001 -15"><span class='ocrx_word' id='word_1_613' title='bbox 2152 3397 2344 3455; x_wconf 91' lang='lat' dir='ltr'><strong>veniri.</strong></span> <span class='ocrx_word' id='word_1_614' title='bbox 2375 3397 2630 3466; x_wconf 80' lang='lat' dir='ltr'><strong>Addidit,</strong></span> <span class='ocrx_word' id='word_1_615' title='bbox 2659 3397 2714 3452; x_wconf 88' lang='lat' dir='ltr'><strong>in</strong></span> <span class='ocrx_word' id='word_1_616' title='bbox 2745 3406 2822 3464; x_wconf 89' lang='lat' dir='ltr'><strong>te,</strong></span> <span class='ocrx_word' id='word_1_617' title='bbox 2861 3407 2919 3454; x_wconf 90' lang='lat' dir='ltr'><strong>ut</strong></span> <span class='ocrx_word' id='word_1_618' title='bbox 2949 3413 3140 3454; x_wconf 88' lang='lat' dir='ltr'><strong>omnes</strong></span> <span class='ocrx_word' id='word_1_619' title='bbox 3170 3395 3599 3468; x_wconf 88' lang='lat' dir='ltr'><strong>superstitiones,</strong></span> <span class='ocrx_word' id='word_1_620' title='bbox 3635 3410 3766 3452; x_wconf 81' lang='lat' dir='ltr'><strong>ont-</strong></span> 
     </span>
    </p>
   </div>
   <div class='ocr_carea' id='block_1_82' title="bbox 2150 3486 3766 3561">
    <p class='ocr_par' dir='ltr' id='par_1_82' title="bbox 2150 3486 3766 3561">
     <span class='ocr_line' id='line_1_82' title="bbox 2150 3486 3766 3561; baseline 0.001 -15"><span class='ocrx_word' id='word_1_621' title='bbox 2150 3505 2250 3546; x_wconf 87' lang='lat' dir='ltr'><strong>nes</strong></span> <span class='ocrx_word' id='word_1_622' title='bbox 2282 3491 2574 3561; x_wconf 86' lang='lat' dir='ltr'><strong>pravitates</strong></span> <span class='ocrx_word' id='word_1_623' title='bbox 2603 3489 2946 3561; x_wconf 81' lang='lat' dir='ltr'><strong>excluderet,</strong></span> <span class='ocrx_word' id='word_1_624' title='bbox 2972 3486 3094 3548; x_wconf 82' lang='lat' dir='ltr'><strong>cuni</strong></span> <span class='ocrx_word' id='word_1_625' title='bbox 3124 3504 3257 3548; x_wconf 87' lang='lat' dir='ltr'><strong>vero</strong></span> <span class='ocrx_word' id='word_1_626' title='bbox 3291 3489 3517 3548; x_wconf 90' lang='lat' dir='ltr'><strong>Domino</strong></span> <span class='ocrx_word' id='word_1_627' title='bbox 3545 3489 3766 3561; x_wconf 55' lang='lat' dir='ltr'><strong>supplic</strong></span> 
     </span>
    </p>
   </div>
   <div class='ocr_carea' id='block_1_83' title="bbox 2149 3593 2322 3642">
    <p class='ocr_par' dir='ltr' id='par_1_83' title="bbox 2149 3593 2322 3642">
     <span class='ocr_line' id='line_1_83' title="bbox 2149 3593 2322 3642; baseline 0 -2"><span class='ocrx_word' id='word_1_628' title='bbox 2149 3593 2322 3642; x_wconf 89' lang='lat' dir='ltr'><strong>caret.</strong></span> 
     </span>
    </p>
   </div>
   <div class='ocr_carea' id='block_1_84' title="bbox 2679 3695 3201 3770">
    <p class='ocr_par' dir='ltr' id='par_1_84' title="bbox 2679 3695 3201 3770">
     <span class='ocr_line' id='line_1_84' title="bbox 2679 3695 3201 3770; baseline 0 -18"><span class='ocrx_word' id='word_1_629' title='bbox 2679 3695 2956 3754; x_wconf 84' lang='lat' dir='ltr'><strong>Conclusio</strong></span> <span class='ocrx_word' id='word_1_630' title='bbox 2997 3697 3201 3770; x_wconf 86' lang='lat' dir='ltr'><strong>psalmi.</strong></span> 
     </span>
    </p>
   </div>
   <div class='ocr_carea' id='block_1_85' title="bbox 2219 3809 3766 3886">
    <p class='ocr_par' dir='ltr' id='par_1_85' title="bbox 2219 3809 3766 3886">
     <span class='ocr_line' id='line_1_85' title="bbox 2219 3809 3766 3886; baseline 0.003 -19"><span class='ocrx_word' id='word_1_631' title='bbox 2219 3811 2388 3880; x_wconf 88' lang='lat' dir='ltr'><strong>Quam</strong></span> <span class='ocrx_word' id='word_1_632' title='bbox 2437 3809 2708 3868; x_wconf 68' lang='lat' dir='ltr'><strong>mellilluaa</strong></span> <span class='ocrx_word' id='word_1_633' title='bbox 2756 3826 2918 3869; x_wconf 87' lang='lat' dir='ltr'><strong>voces</strong></span> <span class='ocrx_word' id='word_1_634' title='bbox 2964 3813 3164 3868; x_wconf 70' lang='lat' dir='ltr'><strong>auditae</strong></span> <span class='ocrx_word' id='word_1_635' title='bbox 3193 3813 3352 3870; x_wconf 89' lang='lat' dir='ltr'><strong>sunt!</strong></span> <span class='ocrx_word' id='word_1_636' title='bbox 3397 3826 3556 3886; x_wconf 87' lang='lat' dir='ltr'><strong>quam</strong></span> <span class='ocrx_word' id='word_1_637' title='bbox 3599 3812 3766 3871; x_wconf 80' lang='lat' dir='ltr'><strong>salu-</strong></span> 
     </span>
    </p>
   </div>
   <div class='ocr_carea' id='block_1_86' title="bbox 2147 3903 3767 3974">
    <p class='ocr_par' dir='ltr' id='par_1_86' title="bbox 2147 3903 3767 3974">
     <span class='ocr_line' id='line_1_86' title="bbox 2147 3903 3767 3974; baseline 0.001 -12"><span class='ocrx_word' id='word_1_638' title='bbox 2147 3903 2317 3962; x_wconf 88' lang='lat' dir='ltr'><strong>briter</strong></span> <span class='ocrx_word' id='word_1_639' title='bbox 2360 3904 2517 3961; x_wconf 89' lang='lat' dir='ltr'><strong>nobis</strong></span> <span class='ocrx_word' id='word_1_640' title='bbox 2563 3905 2878 3974; x_wconf 88' lang='lat' dir='ltr'><strong>psalterium</strong></span> <span class='ocrx_word' id='word_1_641' title='bbox 2920 3907 3143 3963; x_wconf 74' lang='lat' dir='ltr'><strong>cteleste</strong></span> <span class='ocrx_word' id='word_1_642' title='bbox 3185 3908 3454 3965; x_wconf 87' lang='lat' dir='ltr'><strong>cantavit!</strong></span> <span class='ocrx_word' id='word_1_643' title='bbox 3483 3907 3640 3964; x_wconf 86' lang='lat' dir='ltr'><strong>Tales</strong></span> <span class='ocrx_word' id='word_1_644' title='bbox 3675 3907 3767 3964; x_wconf 82' lang='lat' dir='ltr'><strong>si-</strong></span> 
     </span>
    </p>
   </div>
   <div class='ocr_carea' id='block_1_87' title="bbox 2148 3995 3768 4068">
    <p class='ocr_par' dir='ltr' id='par_1_87' title="bbox 2148 3995 3768 4068">
     <span class='ocr_line' id='line_1_87' title="bbox 2148 3995 3768 4068; baseline 0.004 -18"><span class='ocrx_word' id='word_1_645' title='bbox 2148 3995 2366 4068; x_wconf 91' lang='lat' dir='ltr'><strong>quidem</strong></span> <span class='ocrx_word' id='word_1_646' title='bbox 2411 3995 2786 4052; x_wconf 88' lang='lat' dir='ltr'><strong>mandatorum</strong></span> <span class='ocrx_word' id='word_1_647' title='bbox 2834 3997 3052 4053; x_wconf 77' lang='lat' dir='ltr'><strong>chordtc</strong></span> <span class='ocrx_word' id='word_1_648' title='bbox 3092 4007 3422 4068; x_wconf 86' lang='lat' dir='ltr'><strong>sonuerunt,</strong></span> <span class='ocrx_word' id='word_1_649' title='bbox 3465 4007 3522 4054; x_wconf 92' lang='lat' dir='ltr'><strong>ut</strong></span> <span class='ocrx_word' id='word_1_650' title='bbox 3562 3999 3607 4053; x_wconf 88' lang='lat' dir='ltr'><strong>si</strong></span> <span class='ocrx_word' id='word_1_651' title='bbox 3659 4013 3768 4056; x_wconf 76' lang='lat' dir='ltr'><strong>eas</strong></span> 
     </span>
    </p>
   </div>
   <div class='ocr_carea' id='block_1_88' title="bbox 2149 4089 3766 4161">
    <p class='ocr_par' dir='ltr' id='par_1_88' title="bbox 2149 4089 3766 4161">
     <span class='ocr_line' id='line_1_88' title="bbox 2149 4089 3766 4161; baseline 0.003 -16"><span class='ocrx_word' id='word_1_652' title='bbox 2149 4089 2376 4146; x_wconf 88' lang='lat' dir='ltr'><strong>internis</strong></span> <span class='ocrx_word' id='word_1_653' title='bbox 2420 4089 2642 4146; x_wconf 88' lang='lat' dir='ltr'><strong>auribus</strong></span> <span class='ocrx_word' id='word_1_654' title='bbox 2670 4089 3018 4161; x_wconf 89' lang='lat' dir='ltr'><strong>recipiamus,</strong></span> <span class='ocrx_word' id='word_1_655' title='bbox 3052 4100 3107 4147; x_wconf 90' lang='lat' dir='ltr'><strong>et</strong></span> <span class='ocrx_word' id='word_1_656' title='bbox 3140 4107 3240 4148; x_wconf 88' lang='lat' dir='ltr'><strong>nos</strong></span> <span class='ocrx_word' id='word_1_657' title='bbox 3270 4093 3323 4148; x_wconf 92' lang='lat' dir='ltr'><strong>in</strong></span> <span class='ocrx_word' id='word_1_658' title='bbox 3367 4092 3450 4148; x_wconf 87' lang='lat' dir='ltr'><strong>eis</strong></span> <span class='ocrx_word' id='word_1_659' title='bbox 3477 4091 3766 4150; x_wconf 71' lang='lat' dir='ltr'><strong>Davidicse</strong></span> 
     </span>
    </p>
   </div>
   <div class='ocr_carea' id='block_1_89' title="bbox 2148 4184 3766 4258">
    <p class='ocr_par' dir='ltr' id='par_1_89' title="bbox 2148 4184 3766 4258">
     <span class='ocr_line' id='line_1_89' title="bbox 2148 4184 3766 4258; baseline 0.003 -18"><span class='ocrx_word' id='word_1_660' title='bbox 2148 4184 2281 4257; x_wconf 74' lang='lat' dir='ltr'><strong>lyra:</strong></span> <span class='ocrx_word' id='word_1_661' title='bbox 2307 4185 2593 4252; x_wconf 85' lang='lat' dir='ltr'><strong>curatione</strong></span> <span class='ocrx_word' id='word_1_662' title='bbox 2621 4185 2999 4256; x_wconf 86' lang='lat' dir='ltr'><strong>purgabimur;</strong></span> <span class='ocrx_word' id='word_1_663' title='bbox 3034 4186 3228 4258; x_wconf 90' lang='lat' dir='ltr'><strong>ﬁetque</strong></span> <span class='ocrx_word' id='word_1_664' title='bbox 3255 4187 3411 4244; x_wconf 87' lang='lat' dir='ltr'><strong>nobis</strong></span> <span class='ocrx_word' id='word_1_665' title='bbox 3446 4187 3622 4244; x_wconf 89' lang='lat' dir='ltr'><strong>Saulis</strong></span> <span class='ocrx_word' id='word_1_666' title='bbox 3658 4185 3766 4245; x_wconf 73' lang='lat' dir='ltr'><strong>illa</strong></span> 
     </span>
    </p>
   </div>
   <div class='ocr_carea' id='block_1_90' title="bbox 2147 4277 3764 4352">
    <p class='ocr_par' dir='ltr' id='par_1_90' title="bbox 2147 4277 3764 4352">
     <span class='ocr_line' id='line_1_90' title="bbox 2147 4277 3764 4352; baseline 0.003 -18"><span class='ocrx_word' id='word_1_667' title='bbox 2147 4277 2456 4346; x_wconf 88' lang='lat' dir='ltr'><strong>mundatio,</strong></span> <span class='ocrx_word' id='word_1_668' title='bbox 2506 4290 2565 4335; x_wconf 92' lang='lat' dir='ltr'><strong>ut</strong></span> <span class='ocrx_word' id='word_1_669' title='bbox 2616 4279 2814 4350; x_wconf 83' lang='lat' dir='ltr'><strong>fugatis</strong></span> <span class='ocrx_word' id='word_1_670' title='bbox 2863 4279 3158 4337; x_wconf 92' lang='lat' dir='ltr'><strong>immundis</strong></span> <span class='ocrx_word' id='word_1_671' title='bbox 3203 4281 3516 4352; x_wconf 88' lang='lat' dir='ltr'><strong>spiritibus,</strong></span> <span class='ocrx_word' id='word_1_672' title='bbox 3566 4279 3764 4339; x_wconf 77' lang='lat' dir='ltr'><strong>abluta</strong></span> 
     </span>
    </p>
   </div>
   <div class='ocr_carea' id='block_1_91' title="bbox 2148 4373 3766 4432">
    <p class='ocr_par' dir='ltr' id='par_1_91' title="bbox 2148 4373 3766 4432">
     <span class='ocr_line' id='line_1_91' title="bbox 2148 4373 3766 4432; baseline 0.003 -5"><span class='ocrx_word' id='word_1_673' title='bbox 2148 4383 2330 4428; x_wconf 88' lang='lat' dir='ltr'><strong>mente</strong></span> <span class='ocrx_word' id='word_1_674' title='bbox 2361 4373 2592 4429; x_wconf 88' lang='lat' dir='ltr'><strong>Domino</strong></span> <span class='ocrx_word' id='word_1_675' title='bbox 2639 4373 2963 4430; x_wconf 80' lang='lat' dir='ltr'><strong>serviamus.</strong></span> <span class='ocrx_word' id='word_1_676' title='bbox 2996 4373 3206 4430; x_wconf 79' lang='lat' dir='ltr'><strong>Habent</strong></span> <span class='ocrx_word' id='word_1_677' title='bbox 3246 4377 3390 4432; x_wconf 90' lang='lat' dir='ltr'><strong>enim</strong></span> <span class='ocrx_word' id='word_1_678' title='bbox 3438 4375 3578 4432; x_wconf 86' lang='lat' dir='ltr'><strong>beati</strong></span> <span class='ocrx_word' id='word_1_679' title='bbox 3629 4391 3766 4432; x_wconf 79' lang='lat' dir='ltr'><strong>mu-</strong></span> 
     </span>
    </p>
   </div>
   <div class='ocr_carea' id='block_1_92' title="bbox 2147 4466 3766 4538">
    <p class='ocr_par' dir='ltr' id='par_1_92' title="bbox 2147 4466 3766 4538">
     <span class='ocr_line' id='line_1_92' title="bbox 2147 4466 3766 4538; baseline 0.004 -17"><span class='ocrx_word' id='word_1_680' title='bbox 2147 4466 2315 4522; x_wconf 87' lang='lat' dir='ltr'><strong>sicam</strong></span> <span class='ocrx_word' id='word_1_681' title='bbox 2349 4481 2502 4522; x_wconf 89' lang='lat' dir='ltr'><strong>suam</strong></span> <span class='ocrx_word' id='word_1_682' title='bbox 2525 4507 2540 4532; x_wconf 96' lang='lat'><strong>,</strong></span> <span class='ocrx_word' id='word_1_683' title='bbox 2571 4480 2694 4538; x_wconf 81' lang='lat' dir='ltr'><strong>qua:</strong></span> <span class='ocrx_word' id='word_1_684' title='bbox 2720 4466 2915 4522; x_wconf 70' lang='lat' dir='ltr'><strong>animae</strong></span> <span class='ocrx_word' id='word_1_685' title='bbox 2945 4467 3122 4524; x_wconf 86' lang='lat' dir='ltr'><strong>ﬁdelis</strong></span> <span class='ocrx_word' id='word_1_686' title='bbox 3149 4468 3313 4525; x_wconf 76' lang='lat' dir='ltr'><strong>intrat</strong></span> <span class='ocrx_word' id='word_1_687' title='bbox 3343 4470 3622 4536; x_wconf 85' lang='lat' dir='ltr'><strong>auditum;</strong></span> <span class='ocrx_word' id='word_1_688' title='bbox 3652 4485 3766 4527; x_wconf 83' lang='lat' dir='ltr'><strong>cu-</strong></span> 
     </span>
    </p>
   </div>
   <div class='ocr_carea' id='block_1_93' title="bbox 2143 4557 3762 4630">
    <p class='ocr_par' dir='ltr' id='par_1_93' title="bbox 2143 4557 3762 4630">
     <span class='ocr_line' id='line_1_93' title="bbox 2143 4557 3762 4630; baseline 0.006 -16"><span class='ocrx_word' id='word_1_689' title='bbox 2143 4557 2232 4630; x_wconf 86' lang='lat' dir='ltr'><strong>jus</strong></span> <span class='ocrx_word' id='word_1_690' title='bbox 2277 4575 2384 4616; x_wconf 89' lang='lat' dir='ltr'><strong>non</strong></span> <span class='ocrx_word' id='word_1_691' title='bbox 2417 4560 2602 4617; x_wconf 90' lang='lat' dir='ltr'><strong>deﬁcit</strong></span> <span class='ocrx_word' id='word_1_692' title='bbox 2642 4575 2834 4628; x_wconf 89' lang='lat' dir='ltr'><strong>sonus,</strong></span> <span class='ocrx_word' id='word_1_693' title='bbox 2862 4558 3018 4630; x_wconf 84' lang='lat' dir='ltr'><strong>cujus</strong></span> <span class='ocrx_word' id='word_1_694' title='bbox 3059 4577 3166 4617; x_wconf 93' lang='lat' dir='ltr'><strong>non</strong></span> <span class='ocrx_word' id='word_1_695' title='bbox 3213 4563 3446 4618; x_wconf 85' lang='lat' dir='ltr'><strong>lassatur</strong></span> <span class='ocrx_word' id='word_1_696' title='bbox 3494 4563 3762 4622; x_wconf 89' lang='lat' dir='ltr'><strong>intentio.</strong></span> 
     </span>
    </p>
   </div>
   <div class='ocr_carea' id='block_1_94' title="bbox 2150 4651 3764 4724">
    <p class='ocr_par' dir='ltr' id='par_1_94' title="bbox 2150 4651 3764 4724">
     <span class='ocr_line' id='line_1_94' title="bbox 2150 4651 3764 4724; baseline 0.007 -20"><span class='ocrx_word' id='word_1_697' title='bbox 2150 4651 2456 4723; x_wconf 77' lang='lat' dir='ltr'><strong>Relinquite</strong></span> <span class='ocrx_word' id='word_1_698' title='bbox 2478 4668 2626 4724; x_wconf 87' lang='lat' dir='ltr'><strong>ergo,</strong></span> <span class='ocrx_word' id='word_1_699' title='bbox 2660 4653 3095 4724; x_wconf 89' lang='lat' dir='ltr'><strong>spectaculorum</strong></span> <span class='ocrx_word' id='word_1_700' title='bbox 3119 4664 3408 4722; x_wconf 87' lang='lat' dir='ltr'><strong>amatores,</strong></span> <span class='ocrx_word' id='word_1_701' title='bbox 3439 4655 3764 4716; x_wconf 77' lang='lat' dir='ltr'><strong>mortiferas</strong></span> 
     </span>
    </p>
   </div>
   <div class='ocr_carea' id='block_1_95' title="bbox 2979 4747 3764 4822">
    <p class='ocr_par' dir='ltr' id='par_1_95' title="bbox 2979 4747 3764 4822">
     <span class='ocr_line' id='line_1_95' title="bbox 2979 4747 3764 4822; baseline 0.009 -20"><span class='ocrx_word' id='word_1_702' title='bbox 2979 4747 3205 4817; x_wconf 89' lang='lat' dir='ltr'><strong>gaudia,</strong></span> <span class='ocrx_word' id='word_1_703' title='bbox 3237 4748 3304 4804; x_wconf 89' lang='lat' dir='ltr'><strong>ad</strong></span> <span class='ocrx_word' id='word_1_704' title='bbox 3343 4748 3459 4805; x_wconf 68' lang='lat' dir='ltr'><strong>haec</strong></span> <span class='ocrx_word' id='word_1_705' title='bbox 3491 4750 3764 4822; x_wconf 76' lang='lat' dir='ltr'><strong>mysteria</strong></span> 
     </span>
    </p>
   </div>
   <div class='ocr_carea' id='block_1_96' title="bbox 2143 4835 3758 4915">
    <p class='ocr_par' dir='ltr' id='par_1_96' title="bbox 2143 4835 3758 4915">
     <span class='ocr_line' id='line_1_96' title="bbox 2143 4835 3758 4915; baseline 0.005 -25"><span class='ocrx_word' id='word_1_706' title='bbox 2143 4837 2454 4902; x_wconf 86' lang='lat' dir='ltr'><strong>convenite,</strong></span> <span class='ocrx_word' id='word_1_707' title='bbox 2488 4835 2579 4892; x_wconf 92' lang='lat' dir='ltr'><strong>ubi</strong></span> <span class='ocrx_word' id='word_1_708' title='bbox 2606 4837 2814 4892; x_wconf 87' lang='lat' dir='ltr'><strong>cithara</strong></span> <span class='ocrx_word' id='word_1_709' title='bbox 2837 4846 2892 4894; x_wconf 89' lang='lat' dir='ltr'><strong>et</strong></span> <span class='ocrx_word' id='word_1_710' title='bbox 2919 4853 3182 4909; x_wconf 87' lang='lat' dir='ltr'><strong>organum</strong></span> <span class='ocrx_word' id='word_1_711' title='bbox 3211 4841 3438 4898; x_wconf 87' lang='lat' dir='ltr'><strong>virtutes</strong></span> <span class='ocrx_word' id='word_1_712' title='bbox 3473 4844 3758 4915; x_wconf 74' lang='lat' dir='ltr'><strong>excitant,</strong></span> 
     </span>
    </p>
   </div>
   <div class='ocr_carea' id='block_1_97' title="bbox 2142 4928 3375 5005">
    <p class='ocr_par' dir='ltr' id='par_1_97' title="bbox 2142 4928 3375 5005">
     <span class='ocr_line' id='line_1_97' title="bbox 2142 4928 3375 5005; baseline 0.002 -21"><span class='ocrx_word' id='word_1_713' title='bbox 2142 4943 2252 4985; x_wconf 90' lang='lat' dir='ltr'><strong>non</strong></span> <span class='ocrx_word' id='word_1_714' title='bbox 2280 4928 2542 4985; x_wconf 76' lang='lat' dir='ltr'><strong>desideria</strong></span> <span class='ocrx_word' id='word_1_715' title='bbox 2573 4943 2758 4998; x_wconf 79' lang='lat' dir='ltr'><strong>prava:</strong></span> <span class='ocrx_word' id='word_1_716' title='bbox 2779 4931 3069 5001; x_wconf 83' lang='lat' dir='ltr'><strong>voluptatis</strong></span> <span class='ocrx_word' id='word_1_717' title='bbox 3097 4932 3375 5005; x_wconf 88' lang='lat' dir='ltr'><strong>instigant.</strong></span> 
     </span>
    </p>
   </div>
   <div class='ocr_carea' id='block_1_98' title="bbox 2383 5070 3476 5132">
    <p class='ocr_par' dir='ltr' id='par_1_98' title="bbox 2383 5070 3476 5132">
     <span class='ocr_line' id='line_1_98' title="bbox 2383 5070 3476 5132; baseline 0.005 -5"><span class='ocrx_word' id='word_1_718' title='bbox 2383 5070 2744 5129; x_wconf 75' lang='lat' dir='ltr'><strong>EXPOSITIO</strong></span> <span class='ocrx_word' id='word_1_719' title='bbox 2781 5072 2849 5130; x_wconf 86' lang='lat' dir='ltr'><strong>IN</strong></span> <span class='ocrx_word' id='word_1_720' title='bbox 2886 5073 3216 5132; x_wconf 79' lang='lat' dir='ltr'><strong>PSALMUM</strong></span> <span class='ocrx_word' id='word_1_721' title='bbox 3257 5073 3476 5132; x_wconf 75' lang='lat' dir='ltr'><strong>XXXIII</strong></span> 
     </span>
    </p>
   </div>
   <div class='ocr_carea' id='block_1_99' title="bbox 356 5169 3752 5262">
    <p class='ocr_par' dir='ltr' id='par_1_99' title="bbox 356 5169 3752 5262">
     <span class='ocr_line' id='line_1_99' title="bbox 356 5169 3752 5262; baseline 0.007 -36"><span class='ocrx_word' id='word_1_722' title='bbox 356 5169 366 5194; x_wconf 84' lang='lat'><strong><em>’</em></strong></span> <span class='ocrx_word' id='word_1_723' title='bbox 441 5171 703 5245; x_wconf 86' lang='lat' dir='ltr'><strong>gloriosos</strong></span> <span class='ocrx_word' id='word_1_724' title='bbox 730 5183 996 5246; x_wconf 88' lang='lat' dir='ltr'><strong>martyres</strong></span> <span class='ocrx_word' id='word_1_725' title='bbox 1033 5174 1190 5244; x_wconf 85' lang='lat' dir='ltr'><strong>facit,</strong></span> <span class='ocrx_word' id='word_1_726' title='bbox 1223 5193 1342 5250; x_wconf 68' lang='lat' dir='ltr'><strong>quae</strong></span> <span class='ocrx_word' id='word_1_727' title='bbox 1373 5177 1498 5236; x_wconf 87' lang='lat' dir='ltr'><strong>ﬁdei</strong></span> <span class='ocrx_word' id='word_1_728' title='bbox 1535 5189 1736 5236; x_wconf 71' lang='lat' dir='ltr'><strong>nostra:</strong></span> <span class='ocrx_word' id='word_1_729' title='bbox 1773 5181 1911 5238; x_wconf 90' lang='lat' dir='ltr'><strong>bona</strong></span> <span class='ocrx_word' id='word_1_730' title='bbox 1943 5198 2038 5240; x_wconf 91' lang='lat' dir='ltr'><strong>cu-</strong></span> <span class='ocrx_word' id='word_1_731' title='bbox 2140 5183 2382 5244; x_wconf 85' lang='lat' dir='ltr'><strong>Psalmtts</strong></span> <span class='ocrx_word' id='word_1_732' title='bbox 2406 5185 2582 5262; x_wconf 73' lang='lat' dir='ltr'><strong>David</strong></span> <span class='ocrx_word' id='word_1_733' title='bbox 2619 5206 2733 5245; x_wconf 89' lang='lat' dir='ltr'><strong>cum</strong></span> <span class='ocrx_word' id='word_1_734' title='bbox 2764 5191 2974 5246; x_wconf 87' lang='lat' dir='ltr'><strong>mutavit</strong></span> <span class='ocrx_word' id='word_1_735' title='bbox 3005 5191 3201 5246; x_wconf 84' lang='lat' dir='ltr'><strong>uultum</strong></span> <span class='ocrx_word' id='word_1_736' title='bbox 3233 5208 3384 5246; x_wconf 84' lang='lat' dir='ltr'><strong>suum</strong></span> <span class='ocrx_word' id='word_1_737' title='bbox 3412 5207 3593 5247; x_wconf 85' lang='lat' dir='ltr'><strong>coram</strong></span> <span class='ocrx_word' id='word_1_738' title='bbox 3619 5191 3752 5249; x_wconf 77' lang='lat' dir='ltr'><strong>Alri-</strong></span> 
     </span>
    </p>
   </div>
   <div class='ocr_carea' id='block_1_100' title="bbox 441 5267 2035 5350">
    <p class='ocr_par' dir='ltr' id='par_1_100' title="bbox 441 5267 2035 5350">
     <span class='ocr_line' id='line_1_100' title="bbox 441 5267 2035 5350; baseline 0.009 -30"><span class='ocrx_word' id='word_1_739' title='bbox 441 5267 641 5337; x_wconf 86' lang='lat' dir='ltr'><strong>stodit,</strong></span> <span class='ocrx_word' id='word_1_740' title='bbox 672 5281 794 5339; x_wconf 73' lang='lat' dir='ltr'><strong>quae</strong></span> <span class='ocrx_word' id='word_1_741' title='bbox 819 5269 1001 5326; x_wconf 90' lang='lat' dir='ltr'><strong>omnia</strong></span> <span class='ocrx_word' id='word_1_742' title='bbox 1031 5271 1198 5329; x_wconf 86' lang='lat' dir='ltr'><strong>vincit</strong></span> <span class='ocrx_word' id='word_1_743' title='bbox 1225 5275 1484 5342; x_wconf 86' lang='lat' dir='ltr'><strong>adversa,</strong></span> <span class='ocrx_word' id='word_1_744' title='bbox 1528 5291 1632 5331; x_wconf 91' lang='lat' dir='ltr'><strong>non</strong></span> <span class='ocrx_word' id='word_1_745' title='bbox 1669 5276 2035 5350; x_wconf 90' lang='lat' dir='ltr'><strong>colluctando,</strong></span> 
     </span>
    </p>
   </div>
   <div class='ocr_carea' id='block_1_101' title="bbox 441 5359 2033 5444">
    <p class='ocr_par' dir='ltr' id='par_1_101' title="bbox 441 5359 2033 5444">
     <span class='ocr_line' id='line_1_101' title="bbox 441 5359 2033 5444; baseline 0.009 -28"><span class='ocrx_word' id='word_1_746' title='bbox 441 5359 536 5418; x_wconf 88' lang='lat' dir='ltr'><strong>sed</strong></span> <span class='ocrx_word' id='word_1_747' title='bbox 558 5361 896 5432; x_wconf 89' lang='lat' dir='ltr'><strong>sustinendo,</strong></span> <span class='ocrx_word' id='word_1_748' title='bbox 923 5378 1026 5422; x_wconf 93' lang='lat' dir='ltr'><strong>non</strong></span> <span class='ocrx_word' id='word_1_749' title='bbox 1052 5371 1462 5439; x_wconf 90' lang='lat' dir='ltr'><strong>murmurando,</strong></span> <span class='ocrx_word' id='word_1_750' title='bbox 1477 5371 1571 5427; x_wconf 87' lang='lat' dir='ltr'><strong>sed</strong></span> <span class='ocrx_word' id='word_1_751' title='bbox 1584 5373 1782 5444; x_wconf 88' lang='lat' dir='ltr'><strong>gratias</strong></span> <span class='ocrx_word' id='word_1_752' title='bbox 1803 5375 2033 5444; x_wconf 88' lang='lat' dir='ltr'><strong>agendo.</strong></span> 
     </span>
    </p>
   </div>
   <div class='ocr_carea' id='block_1_102' title="bbox 444 5449 2038 5535">
    <p class='ocr_par' dir='ltr' id='par_1_102' title="bbox 444 5449 2038 5535">
     <span class='ocr_line' id='line_1_102' title="bbox 444 5449 2038 5535; baseline 0.01 -29"><span class='ocrx_word' id='word_1_753' title='bbox 444 5449 574 5510; x_wconf 79' lang='lat' dir='ltr'><strong>Htee</strong></span> <span class='ocrx_word' id='word_1_754' title='bbox 609 5453 970 5527; x_wconf 82' lang='lat' dir='ltr'><strong>deceptricem</strong></span> <span class='ocrx_word' id='word_1_755' title='bbox 1001 5457 1267 5518; x_wconf 85' lang='lat' dir='ltr'><strong>luxuriant</strong></span> <span class='ocrx_word' id='word_1_756' title='bbox 1308 5463 1647 5535; x_wconf 88' lang='lat' dir='ltr'><strong>comprimit,</strong></span> <span class='ocrx_word' id='word_1_757' title='bbox 1693 5465 1826 5521; x_wconf 89' lang='lat' dir='ltr'><strong>iram</strong></span> <span class='ocrx_word' id='word_1_758' title='bbox 1873 5465 2038 5522; x_wconf 85' lang='lat' dir='ltr'><strong>fervi-</strong></span> 
     </span>
    </p>
   </div>
   <div class='ocr_carea' id='block_1_103' title="bbox 442 5544 2036 5630">
    <p class='ocr_par' dir='ltr' id='par_1_103' title="bbox 442 5544 2036 5630">
     <span class='ocr_line' id='line_1_103' title="bbox 442 5544 2036 5630; baseline 0.009 -28"><span class='ocrx_word' id='word_1_759' title='bbox 442 5544 568 5604; x_wconf 78' lang='lat' dir='ltr'><strong>dam</strong></span> <span class='ocrx_word' id='word_1_760' title='bbox 609 5547 806 5618; x_wconf 81' lang='lat' dir='ltr'><strong>vincit,</strong></span> <span class='ocrx_word' id='word_1_761' title='bbox 857 5555 1200 5611; x_wconf 84' lang='lat' dir='ltr'><strong>vastatricem</strong></span> <span class='ocrx_word' id='word_1_762' title='bbox 1251 5555 1471 5614; x_wconf 90' lang='lat' dir='ltr'><strong>humani</strong></span> <span class='ocrx_word' id='word_1_763' title='bbox 1517 5560 1731 5630; x_wconf 89' lang='lat' dir='ltr'><strong>generis</strong></span> <span class='ocrx_word' id='word_1_764' title='bbox 1783 5561 2036 5617; x_wconf 90' lang='lat' dir='ltr'><strong>invidiam</strong></span> 
     </span>
    </p>
   </div>
   <div class='ocr_carea' id='block_1_104' title="bbox 445 5637 2036 5721">
    <p class='ocr_par' dir='ltr' id='par_1_104' title="bbox 445 5637 2036 5721">
     <span class='ocr_line' id='line_1_104' title="bbox 445 5637 2036 5721; baseline 0.009 -26"><span class='ocrx_word' id='word_1_765' title='bbox 445 5637 612 5708; x_wconf 86' lang='lat' dir='ltr'><strong>tollit,</strong></span> <span class='ocrx_word' id='word_1_766' title='bbox 645 5653 953 5701; x_wconf 84' lang='lat' dir='ltr'><strong>mansuetos</strong></span> <span class='ocrx_word' id='word_1_767' title='bbox 984 5646 1178 5716; x_wconf 89' lang='lat' dir='ltr'><strong>efﬁcit,</strong></span> <span class='ocrx_word' id='word_1_768' title='bbox 1210 5647 1454 5720; x_wconf 81' lang='lat' dir='ltr'><strong>benignis</strong></span> <span class='ocrx_word' id='word_1_769' title='bbox 1497 5660 1871 5721; x_wconf 82' lang='lat' dir='ltr'><strong>competenter</strong></span> <span class='ocrx_word' id='word_1_770' title='bbox 1902 5655 2036 5710; x_wconf 87' lang='lat' dir='ltr'><strong>arri-</strong></span> 
     </span>
    </p>
   </div>
   <div class='ocr_carea' id='block_1_105' title="bbox 443 5733 2032 5815">
    <p class='ocr_par' dir='ltr' id='par_1_105' title="bbox 443 5733 2032 5815">
     <span class='ocr_line' id='line_1_105' title="bbox 443 5733 2032 5815; baseline 0.007 -25"><span class='ocrx_word' id='word_1_771' title='bbox 443 5733 568 5804; x_wconf 90' lang='lat' dir='ltr'><strong>det,</strong></span> <span class='ocrx_word' id='word_1_772' title='bbox 615 5745 976 5808; x_wconf 76' lang='lat' dir='ltr'><strong>purgatOSque</strong></span> <span class='ocrx_word' id='word_1_773' title='bbox 1024 5741 1270 5796; x_wconf 84' lang='lat' dir='ltr'><strong>homines</strong></span> <span class='ocrx_word' id='word_1_774' title='bbox 1319 5741 1386 5796; x_wconf 90' lang='lat' dir='ltr'><strong>ad</strong></span> <span class='ocrx_word' id='word_1_775' title='bbox 1439 5741 1530 5797; x_wconf 88' lang='lat' dir='ltr'><strong>illa</strong></span> <span class='ocrx_word' id='word_1_776' title='bbox 1581 5745 1806 5815; x_wconf 67' lang='lat' dir='ltr'><strong>praemia</strong></span> <span class='ocrx_word' id='word_1_777' title='bbox 1855 5746 2032 5802; x_wconf 88' lang='lat' dir='ltr'><strong>futura</strong></span> 
     </span>
    </p>
   </div>
   <div class='ocr_carea' id='block_1_106' title="bbox 443 5829 2036 5910">
    <p class='ocr_par' dir='ltr' id='par_1_106' title="bbox 443 5829 2036 5910">
     <span class='ocr_line' id='line_1_106' title="bbox 443 5829 2036 5910; baseline 0.009 -26"><span class='ocrx_word' id='word_1_778' title='bbox 443 5829 733 5900; x_wconf 88' lang='lat' dir='ltr'><strong>componit.</strong></span> <span class='ocrx_word' id='word_1_779' title='bbox 766 5831 880 5900; x_wconf 88' lang='lat' dir='ltr'><strong>Ipsa</strong></span> <span class='ocrx_word' id='word_1_780' title='bbox 910 5839 1134 5901; x_wconf 81' lang='lat' dir='ltr'><strong>estquae</strong></span> <span class='ocrx_word' id='word_1_781' title='bbox 1159 5833 1342 5889; x_wconf 61' lang='lat' dir='ltr'><strong>faecem</strong></span> <span class='ocrx_word' id='word_1_782' title='bbox 1377 5836 1542 5892; x_wconf 87' lang='lat' dir='ltr'><strong>totius</strong></span> <span class='ocrx_word' id='word_1_783' title='bbox 1590 5837 1880 5910; x_wconf 89' lang='lat' dir='ltr'><strong>voluptatis</strong></span> <span class='ocrx_word' id='word_1_784' title='bbox 1910 5840 2036 5897; x_wconf 83' lang='lat' dir='ltr'><strong>abs-</strong></span> 
     </span>
    </p>
   </div>
   <div class='ocr_carea' id='block_1_107' title="bbox 445 5922 2037 6004">
    <p class='ocr_par' dir='ltr' id='par_1_107' title="bbox 445 5922 2037 6004">
     <span class='ocr_line' id='line_1_107' title="bbox 445 5922 2037 6004; baseline 0.009 -24"><span class='ocrx_word' id='word_1_785' title='bbox 445 5924 634 6000; x_wconf 73' lang='lat' dir='ltr'><strong>tergit,</strong></span> <span class='ocrx_word' id='word_1_786' title='bbox 675 5922 790 6002; x_wconf 83' lang='lat' dir='ltr'><strong>ipsa</strong></span> <span class='ocrx_word' id='word_1_787' title='bbox 834 5933 917 5982; x_wconf 83' lang='lat' dir='ltr'><strong>cst</strong></span> <span class='ocrx_word' id='word_1_788' title='bbox 961 5938 1079 6003; x_wconf 67' lang='lat' dir='ltr'><strong>qua:</strong></span> <span class='ocrx_word' id='word_1_789' title='bbox 1125 5926 1372 6004; x_wconf 79' lang='lat' dir='ltr'><strong>limpidus</strong></span> <span class='ocrx_word' id='word_1_790' title='bbox 1434 5931 1638 5993; x_wconf 85' lang='lat' dir='ltr'><strong>animas</strong></span> <span class='ocrx_word' id='word_1_791' title='bbox 1683 5935 1877 5995; x_wconf 83' lang='lat' dir='ltr'><strong>reddit.</strong></span> <span class='ocrx_word' id='word_1_792' title='bbox 1937 5936 2037 5994; x_wconf 73' lang='lat' dir='ltr'><strong>l’ct‘</strong></span> 
     </span>
    </p>
   </div>
   <div class='ocr_carea' id='block_1_108' title="bbox 2470 5260 3411 5332">
    <p class='ocr_par' dir='ltr' id='par_1_108' title="bbox 2470 5260 3411 5332">
     <span class='ocr_line' id='line_1_108' title="bbox 2470 5260 3411 5332; baseline 0.004 -18"><span class='ocrx_word' id='word_1_793' title='bbox 2470 5260 2696 5329; x_wconf 81' lang='lat' dir='ltr'><strong>melech,</strong></span> <span class='ocrx_word' id='word_1_794' title='bbox 2727 5272 2774 5318; x_wconf 86' lang='lat' dir='ltr'><strong>et</strong></span> <span class='ocrx_word' id='word_1_795' title='bbox 2801 5263 2995 5318; x_wconf 85' lang='lat' dir='ltr'><strong>dimisit</strong></span> <span class='ocrx_word' id='word_1_796' title='bbox 3021 5279 3168 5332; x_wconf 84' lang='lat' dir='ltr'><strong>eum,</strong></span> <span class='ocrx_word' id='word_1_797' title='bbox 3197 5274 3242 5318; x_wconf 79' lang='lat' dir='ltr'><strong>ct</strong></span> <span class='ocrx_word' id='word_1_798' title='bbox 3267 5265 3411 5319; x_wconf 85' lang='lat' dir='ltr'><strong>abiit.</strong></span> 
     </span>
    </p>
   </div>
   <div class='ocr_carea' id='block_1_109' title="bbox 2145 5373 3749 5452">
    <p class='ocr_par' dir='ltr' id='par_1_109' title="bbox 2145 5373 3749 5452">
     <span class='ocr_line' id='line_1_109' title="bbox 2145 5373 3749 5452; baseline 0.004 -24"><span class='ocrx_word' id='word_1_799' title='bbox 2145 5447 2149 5450; x_wconf 16' lang='lat'><strong>~</strong></span> <span class='ocrx_word' id='word_1_800' title='bbox 2211 5373 2346 5431; x_wconf 89' lang='lat' dir='ltr'><strong>Cum</strong></span> <span class='ocrx_word' id='word_1_801' title='bbox 2377 5374 2596 5432; x_wconf 85' lang='lat' dir='ltr'><strong>historia</strong></span> <span class='ocrx_word' id='word_1_802' title='bbox 2640 5377 2781 5435; x_wconf 92' lang='lat' dir='ltr'><strong>tituli</strong></span> <span class='ocrx_word' id='word_1_803' title='bbox 2811 5378 2966 5434; x_wconf 88' lang='lat' dir='ltr'><strong>istius</strong></span> <span class='ocrx_word' id='word_1_804' title='bbox 3009 5377 3216 5451; x_wconf 80' lang='lat' dir='ltr'><strong>Regum</strong></span> <span class='ocrx_word' id='word_1_805' title='bbox 3259 5379 3494 5437; x_wconf 81' lang='lat' dir='ltr'><strong>lcetione</strong></span> <span class='ocrx_word' id='word_1_806' title='bbox 3531 5379 3749 5452; x_wconf 78' lang='lat' dir='ltr'><strong>panda-</strong></span> 
     </span>
    </p>
   </div>
   <div class='ocr_carea' id='block_1_110' title="bbox 2146 5464 3754 5542">
    <p class='ocr_par' dir='ltr' id='par_1_110' title="bbox 2146 5464 3754 5542">
     <span class='ocr_line' id='line_1_110' title="bbox 2146 5464 3754 5542; baseline 0.006 -22"><span class='ocrx_word' id='word_1_807' title='bbox 2146 5473 2234 5520; x_wconf 91' lang='lat' dir='ltr'><strong>tur</strong></span> <span class='ocrx_word' id='word_1_808' title='bbox 2265 5464 2322 5537; x_wconf 86' lang='grc' dir='ltr'><strong>(Ι</strong></span> <span class='ocrx_word' id='word_1_809' title='bbox 2352 5465 2484 5541; x_wconf 78' lang='lat' dir='ltr'><strong>Reg.</strong></span> <span class='ocrx_word' id='word_1_810' title='bbox 2517 5484 2638 5538; x_wconf 78' lang='lat' dir='ltr'><strong>xxi,</strong></span> <span class='ocrx_word' id='word_1_811' title='bbox 2669 5469 2792 5541; x_wconf 76' lang='grc'><strong>15),</strong></span> <span class='ocrx_word' id='word_1_812' title='bbox 2825 5471 3156 5542; x_wconf 84' lang='lat' dir='ltr'><strong>superﬂuum</strong></span> <span class='ocrx_word' id='word_1_813' title='bbox 3197 5481 3282 5528; x_wconf 91' lang='lat' dir='ltr'><strong>est</strong></span> <span class='ocrx_word' id='word_1_814' title='bbox 3323 5472 3536 5542; x_wconf 90' lang='lat' dir='ltr'><strong>copiam</strong></span> <span class='ocrx_word' id='word_1_815' title='bbox 3580 5471 3754 5529; x_wconf 80' lang='lat' dir='ltr'><strong>fontis</strong></span> 
     </span>
    </p>
   </div>
   <div class='ocr_carea' id='block_1_111' title="bbox 2143 5557 3749 5622">
    <p class='ocr_par' dir='ltr' id='par_1_111' title="bbox 2143 5557 3749 5622">
     <span class='ocr_line' id='line_1_111' title="bbox 2143 5557 3749 5622; baseline 0.004 -9"><span class='ocrx_word' id='word_1_816' title='bbox 2143 5557 2287 5615; x_wconf 87' lang='lat' dir='ltr'><strong>illius</strong></span> <span class='ocrx_word' id='word_1_817' title='bbox 2314 5560 2366 5616; x_wconf 92' lang='lat' dir='ltr'><strong>in</strong></span> <span class='ocrx_word' id='word_1_818' title='bbox 2395 5561 2497 5618; x_wconf 91' lang='lat' dir='ltr'><strong>hac</strong></span> <span class='ocrx_word' id='word_1_819' title='bbox 2525 5563 2785 5620; x_wconf 87' lang='lat' dir='ltr'><strong>brevitate</strong></span> <span class='ocrx_word' id='word_1_820' title='bbox 2813 5564 3098 5621; x_wconf 89' lang='lat' dir='ltr'><strong>derivare:</strong></span> <span class='ocrx_word' id='word_1_821' title='bbox 3129 5580 3197 5621; x_wconf 91' lang='lat' dir='ltr'><strong>ne</strong></span> <span class='ocrx_word' id='word_1_822' title='bbox 3222 5565 3376 5622; x_wconf 90' lang='lat' dir='ltr'><strong>nobis</strong></span> <span class='ocrx_word' id='word_1_823' title='bbox 3403 5562 3569 5621; x_wconf 85' lang='lat' dir='ltr'><strong>totam</strong></span> <span class='ocrx_word' id='word_1_824' title='bbox 3595 5579 3749 5620; x_wconf 58' lang='lat' dir='ltr'><strong>areo:</strong></span> 
     </span>
    </p>
   </div>
   <div class='ocr_carea' id='block_1_112' title="bbox 2144 5651 3750 5730">
    <p class='ocr_par' dir='ltr' id='par_1_112' title="bbox 2144 5651 3750 5730">
     <span class='ocr_line' id='line_1_112' title="bbox 2144 5651 3750 5730; baseline 0.007 -26"><span class='ocrx_word' id='word_1_825' title='bbox 2144 5651 2246 5720; x_wconf 85' lang='lat' dir='ltr'><strong>lam</strong></span> <span class='ocrx_word' id='word_1_826' title='bbox 2289 5655 2519 5728; x_wconf 70' lang='lat' dir='ltr'><strong>pagintc,</strong></span> <span class='ocrx_word' id='word_1_827' title='bbox 2553 5658 2710 5714; x_wconf 89' lang='lat' dir='ltr'><strong>unius</strong></span> <span class='ocrx_word' id='word_1_828' title='bbox 2758 5658 2861 5714; x_wconf 91' lang='lat' dir='ltr'><strong>loci</strong></span> <span class='ocrx_word' id='word_1_829' title='bbox 2906 5657 3077 5716; x_wconf 79' lang='lat' dir='ltr'><strong>effusa</strong></span> <span class='ocrx_word' id='word_1_830' title='bbox 3123 5658 3313 5715; x_wconf 90' lang='lat' dir='ltr'><strong>relatio</strong></span> <span class='ocrx_word' id='word_1_831' title='bbox 3361 5661 3635 5730; x_wconf 89' lang='lat' dir='ltr'><strong>complere</strong></span> <span class='ocrx_word' id='word_1_832' title='bbox 3675 5674 3750 5715; x_wconf 84' lang='lat' dir='ltr'><strong>ac</strong></span> 
     </span>
    </p>
   </div>
   <div class='ocr_carea' id='block_1_113' title="bbox 2145 5751 3752 5820">
    <p class='ocr_par' dir='ltr' id='par_1_113' title="bbox 2145 5751 3752 5820">
     <span class='ocr_line' id='line_1_113' title="bbox 2145 5751 3752 5820; baseline 0.003 -16"><span class='ocrx_word' id='word_1_833' title='bbox 2145 5756 2326 5820; x_wconf 84' lang='lat' dir='ltr'><strong>tegere</strong></span> <span class='ocrx_word' id='word_1_834' title='bbox 2357 5751 2630 5818; x_wconf 83' lang='lat' dir='ltr'><strong>videatur;</strong></span> <span class='ocrx_word' id='word_1_835' title='bbox 2663 5753 2759 5809; x_wconf 87' lang='lat' dir='ltr'><strong>sed</strong></span> <span class='ocrx_word' id='word_1_836' title='bbox 2791 5769 2903 5810; x_wconf 88' lang='lat' dir='ltr'><strong>rem</strong></span> <span class='ocrx_word' id='word_1_837' title='bbox 2934 5769 3056 5810; x_wconf 91' lang='lat' dir='ltr'><strong>cum</strong></span> <span class='ocrx_word' id='word_1_838' title='bbox 3089 5756 3395 5812; x_wconf 90' lang='lat' dir='ltr'><strong>nominibus</strong></span> <span class='ocrx_word' id='word_1_839' title='bbox 3425 5756 3538 5813; x_wconf 89' lang='lat' dir='ltr'><strong>suis</strong></span> <span class='ocrx_word' id='word_1_840' title='bbox 3564 5755 3752 5812; x_wconf 57' lang='lat' dir='ltr'><strong>brevi.</strong></span> 
     </span>
    </p>
   </div>
   <div class='ocr_carea' id='block_1_114' title="bbox 2143 5843 3756 5919">
    <p class='ocr_par' dir='ltr' id='par_1_114' title="bbox 2143 5843 3756 5919">
     <span class='ocr_line' id='line_1_114' title="bbox 2143 5843 3756 5919; baseline 0.004 -23"><span class='ocrx_word' id='word_1_841' title='bbox 2143 5850 2224 5897; x_wconf 83' lang='lat' dir='ltr'><strong>ter</strong></span> <span class='ocrx_word' id='word_1_842' title='bbox 2248 5843 2576 5902; x_wconf 85' lang='lat' dir='ltr'><strong>intimamus.</strong></span> <span class='ocrx_word' id='word_1_843' title='bbox 2607 5847 2738 5902; x_wconf 90' lang='lat' dir='ltr'><strong>Cum</strong></span> <span class='ocrx_word' id='word_1_844' title='bbox 2770 5847 2895 5902; x_wconf 90' lang='lat' dir='ltr'><strong>Saul</strong></span> <span class='ocrx_word' id='word_1_845' title='bbox 2931 5857 3351 5919; x_wconf 88' lang='lat' dir='ltr'><strong>persequeretur</strong></span> <span class='ocrx_word' id='word_1_846' title='bbox 3383 5848 3579 5918; x_wconf 87' lang='lat' dir='ltr'><strong>David,</strong></span> <span class='ocrx_word' id='word_1_847' title='bbox 3611 5863 3756 5904; x_wconf 85' lang='lat' dir='ltr'><strong>con-</strong></span> 
     </span>
    </p>
   </div>
   <div class='ocr_carea' id='block_1_115' title="bbox 2091 5933 3750 6020">
    <p class='ocr_par' dir='ltr' id='par_1_115' title="bbox 2091 5933 3750 6020">
     <span class='ocr_line' id='line_1_115' title="bbox 2091 5933 3750 6020; baseline 0.007 -28"><span class='ocrx_word' id='word_1_848' title='bbox 2091 6016 2094 6017; x_wconf 7' lang='lat' dir='ltr'><em>i</em></span> <span class='ocrx_word' id='word_1_849' title='bbox 2143 5933 2278 6014; x_wconf 76' lang='lat' dir='ltr'><strong>fugit</strong></span> <span class='ocrx_word' id='word_1_850' title='bbox 2313 5937 2379 5996; x_wconf 89' lang='lat' dir='ltr'><strong>ad</strong></span> <span class='ocrx_word' id='word_1_851' title='bbox 2409 5937 2573 5997; x_wconf 83' lang='lat' dir='ltr'><strong>Achis</strong></span> <span class='ocrx_word' id='word_1_852' title='bbox 2602 5955 2784 6014; x_wconf 80' lang='lat' dir='ltr'><strong>regem</strong></span> <span class='ocrx_word' id='word_1_853' title='bbox 2804 5981 2822 6017; x_wconf 88' lang='lat'><strong>,</strong></span> <span class='ocrx_word' id='word_1_854' title='bbox 2868 5941 3048 6020; x_wconf 80' lang='lat' dir='ltr'><strong>ibique</strong></span> <span class='ocrx_word' id='word_1_855' title='bbox 3074 5941 3205 6004; x_wconf 79' lang='lat' dir='ltr'><strong>dum</strong></span> <span class='ocrx_word' id='word_1_856' title='bbox 3234 5953 3379 6006; x_wconf 82' lang='lat' dir='ltr'><strong>esset</strong></span> <span class='ocrx_word' id='word_1_857' title='bbox 3422 5942 3622 6006; x_wconf 84' lang='lat' dir='ltr'><strong>invidia</strong></span> <span class='ocrx_word' id='word_1_858' title='bbox 3653 5938 3750 6004; x_wconf 63' lang='grc' dir='ltr'><strong>[ἃς</strong></span> 
     </span>
    </p>
   </div>
  </div>
