4004 6342
253 345 364 401 985

1148 338 1507 398 EXPOSI'I’IO
1547 337 1611 393 IN
1651 332 2111 392 PSALTERIUM.
2154 331 2346 389 PSAL.
2392 330 2632 387 XXXIII.

3419 326 3530 383 εδδ

254 460 432 516 ciente
468 465 765 527 suspectus,
811 456 1135 511 industriose
1173 454 1384 509 mutavit
1413 452 1639 517 vultum,
1673 449 1746 503 ita
1776 455 1834 501 ut
1865 448 1913 505 Λ
1939 444 2087 499 sticae
2134 442 2313 498 salivae
2359 450 2512 505 sunt,
2558 453 2689 511 quas
2721 436 2857 492 tituli
2904 435 3200 491 similitudo
3242 433 3530 506 praedixit:

255 552 438 607 salivis
476 566 568 606 ora
611 549 930 618 compleret,
965 560 1227 619 quatenus
1270 559 1662 614 energumenus
1689 542 1833 596 testi-

256 654 460 709 matus,
513 642 858 697 miseratione
914 641 1140 695 faciente
1188 639 1547 694 dimitteretur
1597 637 1833 698 illaesus;

256 749 375 805 quae
404 744 610 798 tamen,
656 734 796 789 sicut
836 742 891 788 et
927 734 1060 797 alia,
1109 748 1205 803 per
1251 732 1399 787 illum
1442 731 1615 784 virum
1664 728 1839 797 magni

256 827 579 880 sacramenti
605 825 862 894 qualitate
894 833 1105 893 peracta
1136 833 1282 879 sunt.
1317 821 1667 891 Signiﬁcabat
1694 821 1839 876 enim

257 919 472 982 salivas,
513 918 614 973 hoc
646 929 728 974 est
756 917 1061 987 Scripturas
1101 916 1330 982 divinas,
1362 917 1414 971 in
1442 916 1640 980 barba,
1675 914 1726 969 id
1758 922 1844 970 est

256 1009 308 1064 in
342 1010 654 1066 fortitudine
685 1025 872 1080 magna
916 1010 1225 1066 decurrere.
1272 1009 1377 1065 Sed
1423 1019 1639 1078 propter
1678 1008 1843 1077 signi-

258 1100 502 1155 ficantias
547 1116 724 1155 rerum
760 1115 857 1169 pro
887 1101 1068 1168 Achis,
1098 1102 1161 1156 ad
1193 1116 1349 1172 quem
1383 1101 1591 1173 fugerat
1641 1098 1841 1163 David,

259 1204 519 1250 mutatum
563 1209 757 1250 nomen
799 1204 883 1251 est
909 1195 1228 1260 Abimelech;
1261 1196 1400 1266 quod
1442 1194 1640 1250 indicat
1682 1194 1845 1263 patris

259 1291 365 1344 mei
403 1304 647 1359 regnum.
682 1289 792 1345 Hoc
830 1288 896 1345 ad
926 1289 1210 1345 Dominum
1239 1287 1511 1344 Christum
1556 1289 1689 1344 bene
1719 1303 1845 1357 per-

260 1379 436 1435 tinere
479 1379 822 1434 manifesmm
869 1389 987 1446 est,
1034 1396 1129 1450 per
1174 1395 1330 1450 quem
1379 1380 1649 1450 gloriosus
1689 1379 1848 1434 Pater

260 1472 541 1528 servitium
567 1470 750 1526 mundi
777 1472 1117 1527 sanctissima
1143 1472 1426 1526 devotione
1456 1470 1711 1539 suscepit.
1743 1469 1847 1525 Sed

261 1578 386 1619 cum
417 1564 580 1629 dicit,
611 1563 805 1617 dimisit
833 1579 978 1628 eum,
1008 1578 1188 1633 regem
1220 1562 1479 1633 signiﬁcat
1498 1560 1845 1636 .Abimelech.

266 1654 336 1708 Et
368 1655 518 1722 abiit,
552 1657 654 1709 hoc
695 1664 779 1711 est
818 1656 885 1709 ad
932 1655 1065 1709 alias
1111 1665 1290 1725 partes
1330 1670 1390 1709 se
1431 1653 1696 1709 contulit:
1728 1654 1849 1723 quia

264 1747 339 1804 ibi
385 1757 650 1817 coeperat,
696 1758 755 1802 ut
794 1748 1047 1813 diximus,
1087 1762 1208 1803 esse
1255 1756 1557 1814 suspectus.
1607 1746 1850 1800 Praesens

265 1848 445 1894 autem
481 1839 714 1908 psalmus
744 1839 931 1895 tertius
956 1848 1039 1894 est
1063 1853 1247 1893 eorum
1273 1838 1325 1892 in
1354 1838 1545 1908 quibus
1577 1852 1672 1906 per
1701 1848 1853 1893 actus

267 1932 438 1989 David
502 1934 870 2005 signiﬁcantur
939 1935 1097 2005 ιιο
1160 1932 1372 1999 Domini
1424 1930 1624 1987 Christi
1676 1930 1854 1985 futura

266 2031 557 2102 mysteria,
588 2030 833 2103 quamvis
862 2029 1267 2100 alphabetorum
1304 2027 1571 2084 secundus
1603 2040 1723 2082 csse
1751 2041 1854 2081 no-

268 2130 469 2176 scatur.

850 2234 1042 2292 Divisio
1079 2235 1287 2307 psalmi.

345 2349 449 2405 Per
478 2358 646 2405 totum
677 2350 940 2421 psalmum
967 2351 1129 2406 verba
1160 2351 1436 2420 prepheta:
1480 2359 1633 2419 sunt,
1666 2350 1857 2421 alpha-

272 2440 384 2495 beti
431 2441 642 2497 Hebraai
688 2442 929 2510 litteras,
982 2453 1206 2512 excepta
1254 2452 1442 2510 sexta,
1494 2443 1547 2499 in
1593 2444 1861 2514 capitibus

272 2548 527 2589 versuum
569 2550 666 2603 per
699 2536 945 2590 ordinem
975 2535 1239 2603 ponentis.
1273 2534 1332 2590 In
1374 2535 1544 2604 prima
1573 2546 1723 2604 parte
1763 2537 1860 2593 be-

273 2627 527 2681 nedicere
552 2641 610 2681 se
636 2627 921 2682 Dominum
949 2627 1368 2697 compromittit,
1394 2628 1690 2684 admonens
1719 2644 1865 2683 man-

273 2729 466 2773 suetos
494 2728 553 2772 ut
579 2733 762 2773 secum
792 2718 847 2772 in
887 2718 1003 2788 ejus
1034 2719 1280 2774 laudibus
1317 2729 1687 2788 perseverent.
1720 2720 1866 2774 Prte—

274 2809 405 2864 dicti
436 2819 614 2863 autem
645 2809 912 2878 alphabeti
942 2809 1056 2865 haec
1083 2825 1206 2879 pars
1228 2820 1457 2880 quatuor
1484 2810 1692 2865 litteras
1719 2824 1867 2865 com-

277 2899 588 2969 prehendit.
619 2899 865 2954 Secunda
894 2900 961 2955 ad
989 2901 1397 2956 conversionem
1439 2900 1705 2970 ﬁdelium,
1750 2916 1869 2971 qua

277 2993 394 3047 sint
422 2992 555 3047 bene
585 2996 897 3049 meritorum
926 2997 1143 3063 praemia
1166 3010 1270 3051 non
1297 3003 1565 3061 tacentur,
1594 3012 1713 3065 quae
1738 3011 1870 3052 con-

280 3082 420 3137 tinet
448 3083 651 3139 litteras
678 3098 792 3139 sex.
833 3084 1016 3140 Tertia
1045 3085 1200 3155 quasi
1228 3087 1364 3143 ﬁlios
1394 3088 1650 3143 admonet
1679 3103 1709 3142 a
1752 3089 1870 3159 qui-

282 3176 388 3232 bus
414 3191 473 3233 se
500 3177 711 3233 delictis
736 3178 967 3234 debeant
994 3180 1296 3247 abstinere;
1333 3181 1446 3236 haec
1474 3181 1636 3239 habet
1663 3181 1869 3239 litteras

282 3278 533 3340 quatuor.
559 3271 757 3338 Quarta
782 3272 955 3343 justas
982 3272 1111 3328 dicit
1143 3273 1210 3329 de
1235 3275 1484 3330 omnibus
1521 3275 1872 3331 tribulationi-

285 3360 704 3429 buseruendos,
734 3373 788 3419 et
832 3364 1024 3433 impios
1053 3364 1259 3421 debitas
1305 3380 1494 3435 poenas
1522 3381 1643 3422 esse
1688 3382 1876 3437 passu-

285 3469 404 3524 ros,
437 3472 505 3513 ne
534 3456 585 3512 in
616 3456 866 3527 periculis
908 3458 1024 3513 suis
1068 3458 1244 3527 aliqua
1272 3457 1547 3514 dubietate
1592 3459 1877 3515 mollesce-

287 3560 440 3615 rent;
468 3549 557 3604 hic
583 3551 743 3605 etiam
772 3550 1003 3605 residuae
1033 3557 1238 3620 septem
1266 3552 1456 3607 litterre
1489 3560 1874 3621 praenotantur.

290 3640 363 3695 Et
402 3651 691 3705 memento,
729 3642 869 3696 sicut
909 3642 963 3696 in
1003 3642 1264 3712 vige~imo
1300 3654 1492 3712 quarto
1536 3644 1742 3713 psalmo
1767 3643 1892 3713 jam-

289 3734 497 3789 dictum
521 3745 633 3802 est,
668 3736 810 3790 hunc
828 3733 1166 3804 alphabetum
1196 3736 1567 3803 imperfectum
1592 3738 1711 3793 illos
1739 3737 1883 3792 indi-

291 3840 423 3883 εει-θ
443 3829 529 3895 qui
557 3827 740 3882 laudes
770 3828 979 3883 Domini
1010 3836 1282 3899 nequeunt
1310 3829 1625 3900 plenissima
1655 3844 1879 3902 operum

264 3936 269 3941 '
292 3918 868 3989 integritate‘cantare.

847 4030 1118 4102 Expositio
1147 4035 1352 4106 psalmi.

372 4144 524 4201 Vers.
552 4147 603 4201 l.
633 4148 833 4203 Amen.
862 4145 1168 4202 Benedicam
1197 4148 1476 4203 Dominum
1505 4147 1559 4203 in
1590 4149 1728 4204 omni
1762 4156 1890 4204 tem-

295 4254 443 4309 p0re,
471 4255 670 4307 semper
697 4240 809 4295 laus
836 4240 947 4312 ejus
974 4241 1028 4294 in
1053 4255 1139 4294 ore
1168 4252 1299 4294 meo.
1331 4240 1555 4310 Tempus
1584 4241 1890 4299 hominibus

295 4333 545 4387 novimus
575 4347 696 4388 esse
724 4334 1027 4398 diversum,
1062 4333 1221 4389 modo
1263 4332 1693 4389 tribulationibus
1735 4350 1893 4405 aspe-

296 4436 451 4485 rum,
483 4422 644 4474 modo
678 4427 869 4489 gaudio
900 4425 1175 4481 blandum.
1220 4426 1359 4496 Ergo
1398 4428 1449 4481 in
1488 4427 1627 4481 omni
1666 4437 1891 4493 tempore

296 4515 696 4570 benedicendum
730 4513 1002 4568 Dominum
1034 4519 1286 4584 propheta
1327 4521 1633 4584 denuntiat,
1679 4522 1891 4591 quando

1943 534 2057 590 haec
2085 536 2242 591 verba
2270 550 2389 605 quat
2417 534 2808 605 Scripturarum
2845 530 3140 587 divinarum
3174 531 3423 586 virtutem
3450 545 3537 585 vr»

1944 626 2204 682 debantur
2230 628 2549 696 exprimere.

1946 712 1947 717 “
2021 719 2171 773 Vers.
2194 718 2250 773 2.
2283 719 2452 773 Bmu.
2483 719 2535 772 in
2576 715 2800 771 Domino
2831 715 3120 770 laudabitur
3158 715 3332 768 aninta
3371 728 3488 769 mea
3516 731 3535 780 ,°

1946 811 2156 865 audiant
2187 811 2435 864 mansueti
2476 819 2522 863 et
2554 810 2809 864 laetentur.
2842 808 3208 864 Pulcherrime
3242 821 3351 863 uno
3378 820 3532 862 com-

1946 911 2089 958 mate
2116 901 2331 957 dilectio
2365 900 2669 957 famulantis
2699 916 2952 971 expressa
2982 911 3094 966 est;
3126 914 3233 954 non
3262 898 3405 955 enim
3443 896 3536 954 vel

1946 995 2000 1051 in
2032 1011 2089 1051 se
2117 997 2199 1051 vel
2225 996 2277 1050 in
2306 995 2525 1061 divitiis,
2570 993 2669 1051 sed
2701 995 2752 1049 in
2788 994 3005 1049 Domino
3033 1008 3185 1049 suam
3210 994 3433 1048 animam
3457 992 3539 1047 di-

1947 1088 2020 1143 cit
2058 1103 2166 1142 esse
2195 1087 2527 1141 laudandam.
2554 1086 2705 1142 Tunc
2743 1088 2885 1143 enim
2913 1085 3171 1154 gloriatur
3208 1085 3384 1140 ﬁdelis
3420 1099 3541 1140 ser-

1946 1195 2065 1247 vus,
2098 1179 2311 1251 quando
2338 1180 2658 1235 laudabilem
2690 1178 2974 1234 Dominum
3024 1178 3223 1234 habere
3260 1177 3541 1247 cognosci-

1949 1281 2067 1338 tur;
2098 1274 2200 1327 scit
2237 1276 2376 1328 enim
2420 1273 2484 1327 ad
2524 1288 2585 1328 se
2620 1273 2809 1328 referri
2858 1273 3085 1337 bonum,
3129 1284 3250 1325 cum
3280 1269 3540 1324 Dominus

1950 1364 2064 1433 ejus
2107 1364 2265 1419 fuerit
2311 1364 2601 1419 multorum
2644 1378 2740 1419 ore
2781 1362 3127 1433 praedicatus.
3172 1360 3305 1415 Nam
3343 1360 3391 1415 si
3420 1360 3541 1429 quis

1954 1457 2110 1513 hodie
2142 1458 2367 1512 Domino
2394 1456 2666 1523 detrahat,
2698 1457 2923 1513 devotus
2970 1454 3196 1511 famulus
3226 1468 3331 1523 quo
3361 1453 3545 1508 furore

1953 1550 2313 1616 succenditur,
2345 1565 2446 1621 qua
2470 1549 2893 1606 stomachatione
2912 1547 3211 1604 cruciatur?
3241 1547 3435 1602 Datum
3458 1553 3546 1602 est

1954 1642 2095 1697 enim
2145 1644 2388 1699 ﬁdelibus
2434 1644 2604 1699 servis
2650 1651 2707 1698 ut
2756 1651 2847 1696 aut
2894 1641 2961 1697 de
3011 1641 3147 1696 fama
3210 1639 3551 1695 dominorum

1957 1736 2182 1791 adversa
2212 1736 2463 1801 saeviant,
2508 1744 2598 1789 aut
2642 1733 2709 1789 de
2742 1747 2993 1801 prospera
3024 1732 3273 1800 Opinione
3310 1744 3549 1799 congau-

1884 1834 1933 1893 B
1958 1829 2141 1884 deant.
2183 1830 2455 1900 Sequitur,
2496 1828 2713 1881 audiant
2756 1827 3007 1881 mansueti
3050 1835 3097 1879 et
3146 1824 3405 1879 lwlentur.
3436 1822 3554 1878 Non

1959 1921 2121 1988 dixit,
2166 1922 2282 1991 lege
2327 1921 2505 1984 docti,
2555 1935 2661 1975 non
2711 1918 3043 1988 iejunantes,
3086 1932 3192 1972 non
3230 1917 3555 1986 psallentes,

1959 2013 2055 2068 sed
2086 2013 2339 2067 mansueti
2367 2011 2624 2078 (celentur,
2653 2011 2744 2080 qui
2769 2010 3031 2066 charitatc
3060 2008 3324 2077 praecipua
3356 2005 3558 2062 habere

1960 2121 2141 2162 rerum
2165 2106 2403 2162 Omnium
2434 2104 2839 2174 temperantiam
2868 2110 3290 2159 consueverunt.

2034 2200 2187 2255 Vers.
2222 2199 2275 2254 '5.
2306 2197 2502 2253 Gtusc.
2550 2196 2878 2268 Magni/lente
2923 2195 3205 2249 Dominum
3236 2210 3432 2249 mecum
3453 2234 3470 2261 ,
3510 2202 3561 2250 et

1962 2293 2244 2347 exaltemus
2284 2306 2465 2344 nomen
2496 2292 2610 2361 ejus
2636 2288 2692 2343 in
2730 2289 2962 2343 invicem.
2998 2287 3208 2343 Utilitas
3244 2288 3345 2342 ista
3373 2302 3569 2343 carna-

1963 2385 2030 2440 lis
2060 2383 2401 2451 singulariter
2443 2382 2643 2452 perfrui
2684 2381 2987 2446 desiderat,
3022 2382 3164 2451 quod
3206 2380 3565 2437 delectatione

1965 2478 2121 2532 avida
2159 2477 2512 2545 concupiscit.
2555 2476 2856 2545 Spiritualis
2887 2487 3063 2530 autem
3096 2477 3265 2547 gratia
3296 2489 3403 2530 non
3448 2476 3564 2529 vult

1966 2571 2083 2628 sola
2111 2572 2284 2626 facere
2310 2569 2451 2641 quod
2482 2569 2663 2623 multis
2690 2568 2896 2639 proﬁcit
2927 2569 2992 2623 ad
3021 2570 3271 2635 salutem,
3309 2583 3375 2622 ne
3418 2568 3562 2622 inter

1968 2664 2146 2720 ofﬁcia
2170 2663 2467 2721 sanctitatis
2492 2663 2821 2718 detestabilis
2848 2662 3047 2715 invidia
3076 2662 3385 2723 misceatur,
3419 2659 3564 2730 quod

1970 2771 2115 2814 nunc
2141 2771 2327 2811 versus
2354 2755 2455 2810 iste
2500 2755 2767 2824 explanat.
2805 2753 2969 2808 Vocat
3004 2755 3147 2807 enim
3191 2752 3403 2816 fratres,
3437 2753 3567 2805 hor-

1971 2859 2118 2905 tatur
2148 2844 2375 2919 populos
2414 2845 2748 2913 obedienles,
2779 2853 2839 2900 ut
2869 2860 3062 2899 nomen
3096 2844 3303 2898 Domini
3335 2844 3568 2912 gloriosa

1973 2942 2233 2996 societate
2264 2938 2608 3009 magniﬁcam.
2658 2936 2927 3006 Sequitur,
2968 2942 3015 2989 et
3059 2936 3340 2990 exaltemus
3386 2951 3571 2989 nomen

1974 3036 2087 3105 ejus
2127 3032 2182 3085 in
2224 3031 2458 3085 invicem.
2503 3027 2698 3085 Suavis
2737 3028 3105 3094 commonitio,
3145 3027 3438 3096 juStissima
3483 3043 3573 3083 re-

1974 3127 2126 3195 gula,
2160 3133 2215 3179 ut
2245 3124 2313 3179 ab
2344 3122 2588 3178 omnibus
2620 3124 2672 3177 in
2705 3137 2867 3177 unum
2899 3121 3017 3186 ﬁat,
3053 3120 3194 3190 quod
3223 3130 3423 3176 sanctae
3453 3122 3572 3175 uni-

1895 3224 1944 3286 ο
1977 3219 2071 3272 tati
2098 3225 2309 3273 constat
2333 3213 2536 3271 offerri.
2566 3212 2632 3269 In
2661 3214 2875 3269 invicem
2904 3228 3033 3269 vero
3065 3213 3327 3282 signiﬁcat
3357 3219 3575 3283 compo-

1978 3313 2110 3368 sitos
2139 3314 2354 3378 choros,
2381 3308 2595 3380 quando
2638 3316 2693 3363 et
2725 3307 3073 3377 psalmodiam
3110 3305 3323 3361 Domini
3367 3306 3574 3360 alterna

1978 3404 2084 3461 sibi
2108 3403 2447 3460 successione
2470 3402 2818 3471 respondent.
2848 3401 2975 3468 Qum
3005 3401 3171 3471 figura
3200 3400 3393 3455 dicitur
3416 3413 3575 3453 ener-

1979 3499 2095 3569 gia,
2138 3497 2194 3553 id
2239 3505 2323 3553 est
2366 3496 2698 3566 imaginatio,
2739 3510 2863 3565 qua:
2906 3506 3079 3550 actum
3122 3495 3198 3550 rei
3245 3493 3581 3567 incorporei:

1981 3590 2152 3646 oculis
2186 3589 2578 3644 subministrat.

2012 3670 2019 3677 ’
2057 3682 2211 3738 Vers.
2243 3680 2297 3735 4.
2328 3680 2572 3737 Damam.
2604 3678 2857 3748 Inquisivi
2899 3679 3207 3745 Dominum,
3238 3690 3285 3733 et
3310 3672 3582 3735 exaudiuit

1986 3792 2087 3844 me,
2116 3786 2165 3831 et
2192 3791 2255 3830 ea:
2294 3776 2524 3829 omnibus
2552 3774 2967 3831 tribulationibus
2996 3775 3118 3827 meis
3163 3774 3349 3845 eripuit
3381 3789 3481 3826 me.
3518 3772 3586 3827 Ut

1987 3867 2244 3924 invitatus
2275 3868 2501 3937 populus
2528 3867 2593 3921 ad
2633 3867 2984 3937 psalmodiam
3020 3866 3232 3920 Domini
3272 3866 3586 3929 festinaret,

1991 3973 2137 4013 nunc
2163 3958 2291 4013 dicit
2325 3973 2445 4025 quae
2470 3958 2573 4013 sibi
2604 3958 2799 4013 exinde
2830 3958 2968 4011 bona
3000 3960 3364 4026 provenerint.
3399 3956 3586 4027 Inqui-

1991 4053 2107 4107 sivit
2134 4051 2446 4118 Dominum,
2479 4066 2583 4105 non
2611 4050 2783 4119 spatio
2816 4050 2974 4116 longo
3002 4059 3297 4113 terrarum,
3338 4063 3442 4102 non
3492 4065 3587 4116 per

1994 4145 2233 4199 locorum
2265 4142 2573 4196 latitudines
2604 4142 2741 4196 forte
2770 4142 3049 4210 distentas,
3080 4141 3173 4195 sed
3202 4141 3256 4196 in
3284 4141 3465 4207 corde,
3499 4141 3591 4197 ubi

1995 4238 2041 4293 si
2072 4238 2406 4306 majestatem
2449 4236 2615 4307 ipsius
2655 4238 2969 4307 cogitamus,
3002 4237 3073 4292 ibi
3117 4252 3234 4292 eam
3267 4249 3587 4307 praesentem

1997 4331 2171 4387 modis
2209 4332 2457 4387 omnibus
2499 4333 2821 4388 invenimus.
2872 4333 2935 4388 Et
2980 4332 3197 4389 intende
3236 4334 3359 4404 quid
3404 4334 3584 4391 dicat:

1998 4422 2249 4495 Inquisivi
2280 4422 2585 4491 Dominum,
2613 4435 2660 4479 et
2695 4427 2955 4480 exaudivit
2984 4444 3063 4481 me
3087 4442 3107 4481 :
3134 4443 3381 4495 quoniam
3429 4427 3585 4480 intel-

1998 4518 2166 4573 lectus
2195 4518 2312 4586 ejus
2340 4518 2588 4573 universa
2637 4519 3028 4586 complectitur,
3076 4533 3173 4573 nec
3218 4516 3592 4583 corporalibus

298 4617 360 4665 et
398 4610 618 4663 adversa
650 4609 900 4677 patimur,
944 4616 999 4663 et
1028 4610 1223 4664 collata
1266 4608 1519 4665 felicitate
1564 4614 1889 4682 gaudemus;
1921 4610 1975 4669 D
2000 4610 2268 4677 sensibus,
2309 4609 2404 4665 sed
2446 4609 2818 4672 spiritualibus
2855 4609 3142 4664 Virtutibus
3187 4616 3458 4676 cperatur.
3494 4606 3594 4662 Se-

298 4701 443 4755 sicut
484 4701 608 4769 justi
663 4700 936 4767 fecerunt,
985 4712 1142 4770 atque
1193 4701 1397 4757 faciunt
1444 4702 1653 4758 Domini
1705 4721 1892 4763 amore

299 4792 611 4862 ﬂagrantes.
639 4792 746 4847 Sed
772 4793 1015 4863 quamvis
1039 4794 1272 4847 debitum
1300 4803 1460 4863 atque
1498 4796 1792 4864 proficuum
1824 4798 1894 4853 sit

301 4892 368 4939 ut
411 4894 654 4940 creatura
696 4899 851 4940 suum
901 4897 1114 4954 semper
1153 4886 1332 4939 laudet
1376 4895 1679 4953 auctorem,
1711 4899 1890 4943 tamen

301 4984 524 5045 propter
554 4976 896 5030 humanitatis
922 4976 1165 5031 diversos
1194 4989 1364 5046 nctus,
1399 4993 1533 5045 pene
1564 4980 1891 5047 impossibile

302 5062 466 5118 nobis
491 5066 699 5121 videtur
730 5066 1034 5134 psalmodiae
1079 5068 1260 5123 laudes
1292 5069 1518 5125 Domino
1543 5072 1741 5141 jngiter
1774 5089 1891 5139 per-

302 5171 530 5222 sonare;
560 5158 654 5214 sed
684 5160 737 5214 in
769 5176 854 5214 ore
889 5160 1117 5215 hominis
1142 5160 1267 5230 justi
1296 5178 1491 5233 semper
1518 5165 1632 5219 laus
1662 5176 1735 5220 est
1766 5166 1888 5235 Dei,

301 5249 522 5320 quando
548 5250 672 5305 talia
699 5252 784 5306 vel
813 5254 1008 5320 cogitat
1034 5255 1117 5307 vel
1151 5254 1403 5323 loquitur,
1435 5267 1491 5310 ut
1522 5258 1668 5311 nulla
1700 5260 1883 5313 redar-

240 5328 245 5337 ’
302 5341 523 5411 ιυιίοηθ
568 5342 826 5412 culpetur.
877 5343 1140 5412 Quidquid
1189 5344 1331 5398 enim
1378 5360 1442 5399 ex
1489 5348 1777 5419 patientia,
1822 5363 1888 5404 ex

302 5434 594 5501 charitate,
625 5444 679 5490 et
705 5435 1063 5504 simplicitate,
1097 5435 1411 5504 ceterisque
1446 5437 1763 5508 virtutibus,
1808 5442 1893 5496 vel

304 5522 600 5593 loquimur,
624 5525 710 5580 vel
737 5535 917 5581 mente
944 5534 1237 5595 gestamus,
1272 5526 1397 5597 jure
1424 5529 1617 5583 divinis
1652 5531 1895 5587 laudibus

302 5615 627 5685 applicatur.
672 5617 843 5685 Ipsius
887 5617 1030 5672 enim
1072 5619 1396 5687 praacnnium
1440 5631 1520 5675 est
1564 5622 1653 5691 qui
1698 5622 1892 5692 donat,

304 5720 407 5759 ore
444 5724 512 5764 ac
549 5710 711 5767 corde
754 5713 975 5780 honesta
1017 5713 1280 5769 meditari.
1313 5711 1452 5769 Laus
1495 5717 1638 5770 enim
1679 5731 1705 5769 a
1746 5717 1898 5773 lauro

306 5796 457 5854 dicta
499 5811 609 5861 est.
639 5819 757 5867 quae
787 5805 996 5860 solebat
1037 5821 1295 5863 coronare
1334 5807 1580 5864 victores.
1618 5809 1741 5866 Haec
1782 5826 1898 5881 my—

560 5892 833 5956 PATIOL.
877 5892 1052 5955 LXX
1065 5937 1080 5954 .

2005 4705 2184 4772 quitur
2210 4711 2462 4771 quantum
2493 4701 2660 4756 Deum
2694 4702 2951 4770 quaesisse
2977 4700 3198 4769 proluit,
3230 4699 3441 4769 quando
3468 4714 3593 4753 eum

2006 4809 2071 4849 ex
2102 4793 2353 4847 omnibus
2381 4792 2627 4848 liberavit
2668 4794 2949 4862 angustiis.
2982 4792 3110 4859 Quis
3150 4790 3293 4844 enim
3324 4788 3599 4845 sufficeret

1974 4886 2360 4956 particulatim
2402 4895 2543 4940 tanta
2580 4897 2783 4954 petere,
2823 4897 3020 4955 quanta
3059 4886 3157 4939 iste
3199 4884 3357 4940 simul
3398 4884 3597 4940 meruit

2000 4980 2321 5049 impetrare?
2346 4979 2581 5034 Dicendo
2607 4982 2780 5045 enim,
2812 4994 2873 5033 ex
2903 4976 3156 5045 omnibus,
3189 4976 3323 5031 nihil
3350 4976 3596 5031 relictum

1999 5079 2084 5127 est
2101 5113 2114 5137 ,
2143 5072 2284 5141 quod
2315 5074 2639 5128 remansisse
2662 5071 2952 5139 suspiceris
2974 5069 3277 5125 adversum.

2079 5163 2223 5217 Vers.
2259 5165 2311 5219 5.
2348 5164 2446 5218 lle.
2482 5162 2716 5216 Accedite
2748 5163 2814 5214 ad
2844 5178 2986 5229 eum,
3017 5172 3065 5217 et
3103 5162 3509 5231 illuminantini,
3550 5173 3600 5217 et

1999 5255 2171 5310 vultus
2199 5256 2350 5310 vestri
2393 5272 2493 5309 non
2539 5255 2849 5310 erubescant.
2882 5255 3035 5309 Prius
3074 5254 3259 5311 laudes
3299 5255 3596 5325 praemisit,

2000 5351 2194 5405 choros
2222 5348 2518 5413 ordinavit;
2553 5363 2693 5402 nunc
2719 5347 2771 5402 in
2798 5347 3030 5403 secunda
3066 5356 3216 5417 parte
3246 5358 3297 5402 et
3328 5348 3392 5402 ad
3428 5350 3596 5418 ipsum

2003 5442 2539 5496 communicationem
2603 5442 2826 5510 populos
2896 5441 3139 5495 hortatur
3194 5441 3486 5506 accedere,
3542 5448 3601 5494 ut

2007 5534 2260 5589 Ecclesite
2289 5534 2478 5588 futura:
2512 5536 2668 5588 ritum
2698 5534 2928 5589 monitor
2954 5534 3244 5603 spiritualis
3266 5534 3595 5589 infunderet.

2004 5627 2237 5681 Accedite
2260 5642 2362 5679 non
2404 5627 2594 5681 dicitur
2625 5628 2871 5694 cbriosis,
2907 5643 3011 5681 non
3054 5628 3332 5691 adulteris,
3369 5642 3472 5680 non
3504 5640 3597 5678 su-

2003 5720 2202 5787 perbis,
2238 5718 2332 5775 sed
2374 5719 2593 5785 sobriis,
2626 5723 2785 5774 castis
2814 5729 2973 5786 atque
3006 5719 3294 5775 humilibus
3333 5716 3595 5771 Christia-

2003 5814 2107 5879 nis,
2137 5813 2229 5884 qni
2263 5813 2545 5868 illuminari
2572 5814 2640 5870 de
2679 5828 2829 5869 sacra
2868 5815 3212 5886 perceptione
3251 5815 3593 5876 mereantur,

3037 5903 3075 5958 8
