3996 6346
429 389 535 466 235

1659 373 1729 446 si.
1772 383 2052 446 suumn
2087 375 2491 441 CASSIODORI

3603 349 3708 425 236

430 527 570 586 sicut
612 521 899 596 Apostolus
941 519 1008 576 de
1054 517 1167 590 ipsa
1215 508 1698 596 communicatione
1744 514 2012 563 testatur:
2043 503 2094 566 Α
2120 501 2511 557 sanctissimam
2539 490 3110 555 communicationem;
3139 501 3240 544 nec
3276 485 3474 543 desinit
3519 485 3713 555 turpius

437 593 739 686 Quicunque
777 611 1150 668 manducauerit
1198 613 1414 678 panem,
1453 593 1540 658 iiut
1586 593 1761 657 biberit
1809 599 2016 653 calicem

431 707 645 767 Domini
680 706 910 777 indigne,
934 703 1189 777 judicium
1215 699 1311 753 sibi
1339 687 1616 777 manducet
1647 704 1694 749 et
1725 694 1874 759 bibit,
1913 707 2016 745 non

436 780 734 872 dijudicans'
784 773 968 867 uorpu's
1035 792 1263 872 Domini.
1317 773 1501 844 Probet
1567 797 1738 840 autem
1800 783 2018 854 scipsum

439 867 613 959 homo,
643 883 688 945 et
717 876 791 944 sic
830 887 892 942 de
936 901 1067 958 parte
1095 882 1187 939 illo
1222 867 1368 948 edat,
1401 889 1447 935 et
1487 880 1550 934 de
1587 879 1744 933 calice
1790 876 1924 930 bibat
1966 872 2020 944 (Ι

437 967 558 1043 ϐρὶέ.
591 965 675 1051 in,
702 965 812 1053 Q7).
841 979 1171 1038 Studendum
1199 988 1284 1056 est
1311 991 1460 1048 ergo,
1487 985 1543 1029 ut
1573 973 1661 1045 qui
1691 973 1758 1056 ad
1791 967 1908 1026 enin
1935 983 2019 1022 ac-

440 1079 600 1148 cedit,
631 1065 701 1134 ita
731 1061 790 1133 se
831 1074 1017 1131 humili
1055 1069 1415 1130 satisfactione
1447 1055 1772 1148 moderetui‘,
1805 1071 1861 1120 ut
1903 1062 2023 1118 illu-

438 1173 630 1229 minari
662 1163 835 1243 potius
876 1182 1036 1239 quam
1076 1161 1267 1221 caecari
1313 1177 1474 1234 posse
1519 1145 1780 1216 videatur.
1833 1155 2021 1211 Vultus

436 1253 647 1340 autem,
688 1249 826 1319 sicut
871 1275 1014 1330 saepe
1055 1258 1312 1323 diximus,
1353 1255 1618 1327 signiﬁcat
1645 1243 2019 1326 praesentiam,

405 1373 558 1430 ,quae
602 1363 777 1426 potest
817 1361 1019 1410 mutato
1061 1353 1240 1408 colore
1285 1349 1653 1406 confusionem
1700 1345 1836 1416 pati,
1882 1342 1928 1398 si
1974 1339 2024 1397 ei

436 1441 673 1510 caelestia
705 1441 926 1504 munera
958 1431 1340 1526 subducuntur.
1387 1441 1598 1526 Fideles
1626 1457 1752 1511 ergo
1782 1456 1883 1493 non
1911 1454 2027 1493 eru-

441 1545 678 1609 bescunt,
701 1541 951 1618 quoniam
979 1521 1282 1610 impetrant.
1315 1521 1622 1591 Erubescere
1650 1521 1790 1588 enim
1818 1530 2027 1600 decepti

438 1645 553 1704 est,
596 1637 682 1714 qui
721 1636 786 1690 ad
828 1649 923 1689 sua
965 1633 1232 1687 desideria
1265 1647 1369 1686 non
1400 1629 1538 1686 valet
1569 1627 1862 1699 pervenire.
1898 1624 2026 1692 Qui-

440 1729 563 1783 dam
605 1709 709 1783 ito'c
745 1721 824 1781 'sic
851 1726 1118 1781 testimant
1146 1715 1513 1790 sentiendum,
1549 1709 1804 1776 facientes
1839 1717 2029 1774 exinde

440 1836 549 1876 non
589 1817 865 1874 minimam
912 1799 1284 1888 quaestionem.
1315 1814 1447 1871 Nam
1479 1831 1597 1870 cum
1629 1813 1915 1883 Apostolus
1944 1811 2028 1865 di-

2122 593 2323 658 dicere,
2353 589 2496 646 ‘unde
2521 587 2674 644 novit
2713 584 3030 642 mortalibus
3062 583 3331 653 perpetuac
3371 579 3498 635 vitae
3525 578 3715 650 gaudia

2123 684 2428 755 provenire.
2459 680 2674 736 Gustata
2702 692 2808 734 non
2836 674 3067 747 pertinet
3092 673 3159 728 ad
3185 671 3417 743 palatum
3440 712 3456 738 ,
3480 669 3574 724 sed
3605 669 3720 722 ani-

2123 794 2224 834 mae
2253 777 2630 833 suavissimum
2660 779 2902 840 sensum,
2930 771 3020 840 qui
3051 768 3230 824 divina
3259 763 3720 834 contemplatique

2123 871 2420 937 saginatur.
2451 865 2583 920 Nam
2617 867 2673 919 ut
2701 864 2874 932 ipsum
2901 868 3114 930 gustum
3153 856 3512 926 intelligeres,
3543 853 3718 922 Sequi-

2125 970 2241 1024 tur,
2272 959 2460 1024 oidete,
2485 955 2626 1028 quod
2655 955 2837 1025 utique
2866 967 2972 1008 non
3025 949 3088 1020 ad
3121 961 3185 1006 os
3213 947 3480 1019 pertinet,
3509 945 3604 1028 sed
3656 945 3724 1000 ad

2127 1053 2479 1125 inspectivam
2502 1025 2632 1106 sine
2660 1043 2824 1104 dubio
2853 1043 3195 1117 qualitatem;
3225 1043 3286 1099 iit
3310 1047 3431 1099 cum
3464 1025 3570 1098 taie
3597 1039 3725 1097 eor-

2127 1161 2224 1218 pus
2266 1143 2590 1216 accipimus,
2621 1144 2741 1198 vitae
2784 1142 2937 1197 nobis
2962 1137 3184 1196 concedi
3211 1129 3436 1210 gratiam
3479 1135 3727 1192 conﬁda-

2127 1248 2266 1288 mus.
2301 1233 2363 1287 Et
2398 1241 2454 1287 ut
2485 1229 2652 1302 ipsam
2692 1227 3235 1285 communicationem
3274 1225 3379 1280 non
3419 1223 3487 1278 ad
3528 1237 3730 1294 corpus

2127 1339 2412 1382 commune
2441 1325 2710 1389 traheres,
2748 1320 3027 1376 Dominum
3062 1319 3191 1374 dicit
3227 1333 3338 1374 esse
3362 1331 3601 1382 suavem,
3634 1313 3730 1386 qui

2129 1421 2182 1478 in
2227 1437 2290 1479 ea
2340 1422 2567 1478 salutem
2610 1417 2916 1474 hominibus
2954 1433 3051 1488 pro
3089 1431 3184 1472 sua
3231 1404 3425 1486 pietate
3456 1412 3728 1470 concedit.

2129 1517 2252 1572 Vita
2282 1515 2425 1572 enim
2455 1524 2668 1577 nostra,
2696 1527 2815 1584 qua:
2848 1525 3036 1567 revera
3071 1509 3211 1566 Deus
3240 1507 3356 1575 est,
3389 1507 3478 1578 qui
3507 1505 3732 1562 carnem

2133 1619 2402 1679 Sumptam
2431 1623 2493 1664 es
2528 1606 2746 1673 Virgine
2774 1605 2941 1660 Maria
2979 1604 3080 1659 sibi
3121 1599 3320 1668 univit,
3344 1609 3569 1671 eamque
3599 1597 3732 1669 pro-

2132 1687 2485 1774 priam‘fecit,
2511 1699 2914 1755 vivificatricem
2957 1712 3078 1754 eam
3127 1705 3247 1752 esse
3298 1693 3570 1763 professus
3614 1699 3732 1755 est;

2133 1798 2273 1853 sicut
2298 1797 2373 1850 ait
2399 1795 2452 1850 in
2487 1791 2782 1863 Evangelio
2813 1808 2825 1844 :
2859 1791 3047 1854 Amen,
3079 1781 3256 1855 amen,
3287 1787 3402 1842 dico
3431 1786 3600 1850 vobis,
3632 1783 3736 1837 nisi

441 1924 528 1970 cat
555 1933 568 1970 :
605 1914 703 1981 Qui
740 1914 877 1969 solus
904 1913 1052 1967 habet
1077 1911 1540 1977 immortalitatem,
1569 1918 1614 1963 et
1646 1910 1810 1964 lucem
1835 1908 2029 1962 habitat

2141 1890 2562 1946 manducaveritis
2591 1901 2794 1942 carnem
2827 1883 2954 1940 Filii
2983 1881 3222 1948 heminis,
3258 1889 3307 1937 ‘et
3356 1877 3580 1936 biberitis
3610 1889 3735 1934 san-

442 1997 836 2082 inaccessibilem
871 2004 926 2077 (Ι
959 2003 1094 2062 Tim.
1120 2021 1169 2059 Vl
1191 2045 1205 2070 ,
1241 2004 1364 2074 16),
1396 2004 1481 2058 hic
1525 1999 1791 2074 quomodo
1841 1999 1987 2071 ponit
2016 2017 2030 2054 :

441 2083 675 2157 Accedite
705 2101 771 2154 ad
800 2117 914 2154 eum
929 2143 946 2168 ,δ
976 2110 1022 2156 et
1059 2099 1462 2154 illuminamini?
1493 2097 1597 2152 Sed
1637 2097 1740 2152 hoc
1769 2110 2028 2166 compen-

441 2193 533 2276 dio
561 2194 730 2264 ipsius
754 2191 989 2248 veritatis
1031 2179 1344 2246 absolvitur.
1379 2189 1768 2245 inaccessibilis
1796 2188 1912 2252 ejus
1946 2187 2035 2242 lux

441 2291 658 2357 dicitur,
693 2289 907 2360 quando
949 2287 1264 2343 substantiae
1305 2285 1473 2355 ipsius
1518 2284 1801 2352 singularis
1839 2292 1893 2337 et
1921 2298 2035 2337 om-

441 2383 694 2453 nipotens
733 2389 921 2436 natura
967 2367 1284 2435 declaratur.
1318 2367 1583 2432 Caeterum
1614 2391 1736 2430 cum
1769 2390 1826 2429 se
1863 2371 2034 2443 gratia

441 2470 644 2530 sanctae
680 2459 978 2550 Divinitatis
1019 2455 1278 2534 infundit,
1313 2479 1365 2523 et
1394 2467 1458 2522 ad
1492 2483 1612 2522 eum
1656 2465 1950 2530 acceditur,
1981 2472 2035 2518 et

441 2565 762 2621 illuminatio
787 2565 942 2620 beata
965 2570 1283 2633 praestatur:
1314 2559 1452 2615 unde
1474 2559 1676 2614 dictum
1700 2566 1782 2613 est
1801 2565 1855 2614 et
1874 2556 2032 2612 alibi:

451 2661 553 2731 Qui
599 2655 857 2738 illuminat
913 2675 1112 2715 omnem
1165 2655 1422 2710 hominem
1473 2653 1751 2708 venientem
1797 2650 1851 2705 in
1903 2650 2037 2705 hunc

343 2743 358 2753 ”
443 2755 690 2810 mundum
717 2751 894 2826 (Joan.
920 2768 968 2821 ι,
995 2753 1074 2822 9).

521 2849 563 2918 1
576 2849 618 2917 1
631 2831 833 2918 Ῑνθτε.
850 2848 901 2897 (i.
916 2843 1066 2898 ΖΜΝ.
1087 2839 1195 2895 Istc
1217 2855 1412 2916 pauper
1439 2837 1694 2902 clamavit,
1715 2833 1761 2890 et
1786 2834 2038 2890 Dominus

442 2941 702 2996 exaudivit
727 2955 840 3014 eum
862 2979 875 3001 ,
899 2943 947 2990 et
977 2951 1040 2990 ea:
1069 2931 1297 2988 omnibus
1329 2931 1741 2986 tribulationibus
1772 2932 1882 3002 cjus
1914 2929 2037 2980 libe—

441 3034 572 3086 ravit
602 3048 735 3086 eum.
766 3027 1001 3090 Dicendo
1028 3027 1149 3092 iste,
1191 3025 1526 3096 Spiritualem
1574 3015 1864 3093 pauperem
1892 3021 2041 3077 desi-

448 3135 593 3196 gnat,
627 3125 713 3192 qui
745 3137 847 3175 non
873 3129 1085 3190 tantum
1107 3107 1392 3174 mundanis
1422 3113 1634 3185 Opibus,
1664 3113 1758 3169 sed
1793 3115 2038 3167 vitiorum

445 3216 692 3270 ubertate
747 3213 1019 3269 vacuatur.
1059 3209 1168 3265 Iste
1222 3225 1414 3282 pauper
1469 3217 1582 3273 est,
1638 3206 1727 3280 qui
1779 3205 2038 3260 accedens

446 3306 513 3361 ad
543 3307 706 3361 Deum
739 3304 1091 3370 illuminatur,
1117 3302 1216 3386 iste
1239 3293 1390 3368 cujus
1412 3299 1586 3354 vultus
1617 3314 1722 3352 non
1749 3293 2036 3366 erubescit,
2068 3295 2114 3359 C

444 3399 538 3470 qui
567 3385 780 3469 quando
817 3383 1014 3452 clamat
1043 3395 1109 3450 ad
1137 3377 1456 3459 Dominum,
1485 3377 1770 3446 salubritcu
1806 3400 1860 3445 et
1894 3405 2038 3444 com-

447 3498 691 3562 petenter
724 3487 966 3555 auditur;
995 3498 1050 3544 et
1089 3497 1213 3542 tunc
1241 3485 1515 3557 provenit,
1550 3493 1608 3538 ut
1649 3471 1904 3539 liberetur
1931 3499 2038 3562 non

446 3587 516 3640 ab
543 3600 643 3638 una
678 3571 1047 3648 tribulatione,
1079 3581 1173 3636 sed
1207 3596 1274 3636 ex
1321 3577 1568 3633 omnibus
1618 3575 1900 3631 mundanis
1944 3555 2039 3628 an-

446 3676 651 3748 gustiis.
683 3675 834 3742 Quod
864 3673 1106 3729 accidere
1133 3672 1272 3727 solet
1294 3670 1454 3742 justis
1475 3713 1489 3738 ,
1520 3655 1736 3750 quando
1761 3651 1814 3720 in
1849 3655 2039 3720 sancta

446 3773 864 3829 conversatione
908 3772 1116 3827 animas
1167 3768 1431 3834 reddunt,
1469 3776 1523 3823 et
1561 3765 1628 3822 de
1673 3759 1856 3820 saeculi
1887 3763 2041 3818 istius

448 3867 601 3922 clade
638 3865 855 3920 confusa
888 3843 951 3919 ad
984 3864 1326 3920 securitatem
1359 3870 1672 3932 perpetuam
1707 3858 2038 3922 transferun-

447 3968 555 4013 tur.
597 3957 874 4028 Perpende
909 3956 1069 4012 etiam
1110 3955 1252 4026 quod
1288 3953 1374 4008 hic
1415 3951 1621 4028 Hebra-i
1661 3949 1928 4021 alphabeti
1971 3949 2042 4004 sit

446 4049 624 4105 littera
657 4047 947 4112 transilite;
983 4063 1080 4118 pro
1119 4057 1267 4101 sexta
1299 4045 1441 4100 enim
1472 4043 1696 4112 septima
1730 4043 1898 4112 posita
1926 4051 2036 4107 est;

448 4147 589 4218 quod
612 4127 677 4201 ad
709 4141 835 4200 illud
857 4188 869 4211 ,
904 4153 962 4198 ut
988 4156 1145 4212 puto,
1180 4139 1523 4196 referendum
1554 4135 1668 4206 est,
1695 4127 1834 4207 quod
1876 4125 2040 4207 supra

445 4239 767 4304 memoravi,
797 4235 941 4290 hunc
970 4237 1230 4304 psalmum
1260 4233 1562 4303 significare
1589 4231 1805 4302 quidem
1825 4241 2040 4285 sanctos

446 4331 624 4392 viros,
667 4329 754 4396 qui
796 4337 972 4380 tamen
1014 4342 1118 4380 non
1150 4325 1274 4380 totis
1303 4325 1553 4396 operibus
1603 4327 1895 4394 probantur
1923 4338 2042 4379 esse

448 4419 691 4488 perfecti.
733 4417 844 4480 Ego
881 4407 1021 4472 enim
1053 4432 1158 4472 non
1186 4416 1364 4472 inveni
1413 4416 1629 4472 Patrum
1668 4417 1942 4473 definitam
1972 4417 2041 4474 de

450 4511 550 4566 hac
579 4518 726 4578 parte
749 4509 1090 4564 sententiam.

525 4604 676 4661 Vers.
696 4599 748 4658 7.
767 4589 944 4658 HETll.
964 4599 1208 4656 Immittet
1222 4601 1461 4672 angelum
1481 4599 1730 4656 Dominus
1750 4604 1804 4655 in
1825 4604 2038 4657 circuitu

2137 1991 2343 2059 guinem
2393 1986 2538 2058 ejus,
2585 1998 2690 2036 non
2727 1978 2978 2034 habebitis
3027 1979 3078 2031 in
3123 1975 3262 2030 vobis
3308 1975 3461 2028 vitam
3490 1985 3737 2028 etet-nant

2137 2079 2316 2151 (Joan.
2350 2093 2422 2141 v1,
2457 2075 2574 2145 5t).
2605 2074 2735 2141 Quae
2781 2072 2906 2126 licet
2945 2067 3009 2126 et
3042 2063 3274 2123 humana
3306 2077 3495 2122 natura
3522 2065 3737 2135 sumpta

2139 2175 2237 2238 sit,
2266 2187 2372 2228 non
2405 2181 2582 2226 tamen
2615 2184 2734 2224 eam
2767 2175 2827 2222 ut
2853 2166 3011 2221 unius
3044 2164 3284 2219 hominis.
3306 2178 3370 2217 es
3404 2160 3560 2217 nobis
3590 2160 3740 2214 nisti-

2138 2282 2287 2323 mare
2315 2265 2572 2321 debemus
2600 2260 2804 2333 peccati
2837 2253 3065 2326 alicujus
3091 2254 3412 2326 contagione
3443 2252 3736 2322 pollutam;

2139 2358 2234 2414 sed
2256 2356 2607 2418 adorabilem,
2627 2350 2978 2415 salutiferam,
2999 2347 3428 2412 viviticatricem,
3460 2358 3586 2413 quae
3614 2358 3742 2412 pec-

2140 2460 2258 2506 cata
2287 2449 2507 2508 dimittit
2533 2456 2752 2517 propter
2788 2444 3021 2502 Verbum
3052 2441 3138 2497 cui
3184 2439 3416 2498 adunata
3445 2445 3562 2503 est,
3593 2438 3739 2493 sicut

2141 2541 2193 2597 in
2225 2538 2518 2610 Evangelia
2545 2537 2660 2606 ipse
2687 2534 2948 2592 Dominus
2973 2531 3104 2592 dicit
3137 2549 3152 2588 :~
3187 2529 3254 2588 Ut
3301 2529 3477 2586 sciatis
3501 2529 3619 2598 quia
3644 2545 3742 2597 po-

2143 2640 2372 2688 testatem
2401 2628 2549 2686 habet
2575 2624 2745 2682 Filius
2786 2625 3005 2682 hominis
3031 2640 3184 2696 super
3211 2632 3404 2679 terram
3449 2619 3743 2676 dimittendi

2139 2732 2346 2796 peccatu
2374 2719 2587 2792 (Matth.
2635 2735 2711 2782 rx,
2760 2718 2842 2786 6),
2887 2725 2944 2774 et
2989 2717 3056 2772 ad
3091 2724 3362 2787 perpetua
3411 2713 3534 2769 vitae
3573 2727 3743 2782 regna

2143 2816 2402 2885 perducit.
2429 2813 2714 2883 Subjungit
2739 2812 2916 2880 itaque
2936 2809 3232 2866 absolutam
3265 2809 3581 2876 ﬁrmamque
3602 2820 3731 2860 sen-

2143 2908 2396 2974 tentiam,
2444 2906 2646 2960 beatum
2687 2919 2808 2960 esse
2843 2904 3010 2958 uirum
3039 2902 3128 2973 qui
3157 2915 3364 2972 sperare
3392 2914 3501 2954 non
3529 2897 3746 2954 desistit

2141 3001 2197 3060 in
2221 3000 2461 3062 Domino.
2494 2999 2766 3068 Praecipua
2805 3012 2890 3054 res
2929 3012 3047 3066 quas
3093 3004 3200 3050 tam
3229 2994 3535 3064 frequenter
3581 2992 3748 3048 itera-

2145 3106 2252 3162 tur,
2269 3108 2324 3152 ut
2347 3109 2618 3165 nunquam
2645 3092 2780 3148 illud
2801 3091 3108 3148 desinamus
3123 3100 3406 3161 expetere,
3424 3087 3570 3161 quod
3595 3095 3748 3143 tanta

2145 3189 2490 3260 cognoscitur
2517 3187 2832 3244 assiduitate
2861 3183 3164 3254 praedicari.

2219 3291 2370 3347 Vera.
2401 3290 2453 3347 9.
2485 3289 2603 3344 Joo.
2640 3288 2834 3343 Timete
2859 3286 3176 3354 Dominum,
3203 3299 3381 3340 omnes
3408 3283 3578 3339 sancti
3606 3282 3744 3352 eius,

2143 3386 2387 3455 quoniam
2413 3384 2547 3438 nihil
2576 3383 2712 3438 deest
2741 3380 3032 3435 timentibus
3061 3394 3200 3435 eun.
3228 3377 3498 3433 Timorem
3529 3369 3750 3430 Domini

2145 3478 2392 3534 omnibus
2405 3476 2605 3532 sanctis
2627 3475 2876 3544 imperat,
2899 3481 2968 3528 ue
2982 3473 3124 3543 quis,
3146 3469 3390 3543 quamvis
3415 3467 3552 3524 bene
3577 3466 3749 3524 meri-

2145 3585 2252 3640 tus,
2283 3591 2311 3627 a
2342 3571 2694 3627 saluberrima
2725 3569 3027 3626 intentione
3047 3566 3306 3623 discedat.
3339 3563 3448 3622 Sed
3476 3561 3605 3634 quid
3637 3559 3750 3616 uti-

2145 3665 2310 3720 litatis
2337 3665 2499 3728 timor
2530 3663 2650 3731 ejus
2697 3661 2894 3717 habeat
2938 3661 3330 3728 consequenter
3377 3653 3614 3712 ostendit
3668 3653 3752 3707 di-‘

2144 3773 2270 3814 cens
2303 3774 2317 3812 :
2354 3757 2611 3826 Quoniam
2641 3755 2771 3809 nihil
2809 3754 2946 3808 deest
2992 3750 3283 3806 timentibus
3310 3764 3446 3803 eum.
3487 3745 3533 3802 0
3561 3744 3752 3802 brevis

2145 3851 2432 3919 sententia,
2445 3866 2478 3904 o
2492 3851 2752 3905 immensa
2774 3846 3058 3915 promissio
3073 3845 3086 3900 l
3104 3846 3332 3900 Possunt
3343 3841 3542 3912 aliquid
3557 3856 3750 3912 egere.

2144 3943 2338 4010 quibus
2369 3939 2566 3994 divitiae
2589 3980 2605 4006 ,
2635 3939 2830 4010 quibus
2874 3937 3020 3992 salus
3049 3934 3295 4005 corporis
3315 3974 3331 4000 ,
3361 3932 3554 4002 quibus
3581 3945 3752 4002 regna

2145 4035 2457 4090 tribuuntur
2487 4049 2501 4086 :
2533 4032 2680 4086 solus
2727 4031 2846 4101 ipse
2894 4029 3028 4086 nihil
3071 4028 3275 4099 indiget
3300 4026 3390 4098 qui
3419 4027 3612 4081 timore
3639 4023 3750 4078 Do-

2146 4127 2278 4182 mini
2309 4127 2512 4182 ditatus
2543 4132 2646 4179 est.

2219 4229 2352 4285 Vers
2404 4227 2491 4285 10.
2525 4226 2691 4284 Cara.
2717 4224 2908 4280 Divites
2934 4231 3178 4296 eguerunt
3217 4231 3265 4277 et
3305 4221 3636 4285 esurierunt;
3670 4218 3756 4272 in-

2144 4325 2402 4395 quirentes
2427 4331 2595 4377 autem
2626 4319 2906 4374 Dominum
2933 4334 3037 4372 non
3065 4303 3301 4386 deﬁcient
3329 4311 3471 4369 omni
3499 4311 3656 4366 bono.
3693 4309 3757 4362 in

2145 4436 2253 4475 uno
2283 4434 2442 4476 versu
2470 4428 2732 4474 terrarum
2773 4415 2966 4470 divites
3003 4423 3057 4470 et
3085 4425 3348 4483 pauperes
3382 4402 3578 4458 Christi
3622 4416 3754 4455 ma-

2145 4513 2340 4585 gnifica
2392 4509 2780 4566 contrarietate
2819 4505 3087 4560 distinxit.
3141 4498 3228 4554 Ait
3280 4495 3427 4552 enim
3478 4511 3494 4548 :
3546 4492 3760 4550 Divitcs

2145 4581 2388 4676 eguerunt
2425 4611 2470 4656 et
2505 4601 2814 4654 esurierunt.
2844 4581 3068 4662 Quando
3103 4601 3246 4665 egent
3273 4590 3449 4645 divites
3473 4589 3499 4644 .’
3525 4588 3761 4660 quando

451 4701 732 4755 timentium
762 4715 896 4765 eum,
919 4707 962 4751 et
992 4696 1170 4768 eripiet
1201 4712 1306 4752 eos.
1341 4693 1418 4752 Ne
1445 4695 1752 4752 crederetur
1785 4696 2039 4754 Dominus
2065 4689 2118 4751 D
2145 4697 2305 4752 ﬁdem
2339 4710 2442 4749 non
2477 4691 2676 4748 habent
2706 4698 2930 4746 rectam.
2960 4686 3186 4755 Quando
3222 4683 3492 4740 esuriant?
3523 4683 3760 4754 quando

451 4793 639 4848 ﬁdeles
687 4783 812 4846 suos
863 4805 1019 4860 posse
1066 4788 1366 4864 negligere,
1402 4788 1653 4857 praesenti
1689 4805 1781 4843 eos
1819 4794 2037 4846 oraculo

449 4885 780 4940 consolatur.
813 4883 879 4939 Et
902 4884 1106 4953 inspice
1137 4882 1454 4938 medicinale
1475 4884 1693 4939 verbum
1714 4884 1855 4954 quod
1881 4887 2034 4956 dicit,

452 4971 730 5042 Imminet;
761 4981 882 5032 nam
925 4987 1143 5048 promer
1183 4975 1524 5032 insolentiam
1553 4980 1798 5034 humanae
1837 4979 2035 5052 fragili-

451 5071 580 5125 tatis
623 5085 729 5124 non
780 5059 952 5150 palam
995 5059 1147 5135 facit,
1193 5068 1289 5125 sed
1343 5070 1570 5125 occultis
1618 5071 2039 5129 immissionibus

452 5172 734 5234 operatur;
769 5170 825 5215 ut
868 5171 919 5215 te
947 5161 1250 5227 nesciente,
1282 5177 1380 5231 pro
1405 5163 1578 5220 salute
1607 5172 1728 5232 tua,
1768 5163 1910 5235 quod
1939 5181 2039 5222 ex-

458 5254 644 5325 pedire
673 5249 868 5324 possit,
896 5255 1147 5320 accipias.
1181 5256 1404 5326 Angelus
1447 5264 1626 5311 autem
1674 5259 1916 5312 minister
1957 5267 2039 5314 est

456 5347 748 5402 voluntatis
772 5341 986 5398 divinae.
1013 5342 1352 5415 Quapropter
1370 5347 1414 5401 si
1446 5346 1524 5401 vis
1547 5359 1598 5402 te
1623 5348 1871 5417 angelum
1900 5348 2039 5417 ﬁeri,

456 5438 538 5491 fac
565 5437 705 5504 quod
753 5435 1020 5507 praecipit,
1057 5447 1114 5493 ut
1137 5437 1333 5494 liberes
1383 5439 1793 5510 periclitantem,
1846 5441 2043 5498 subve-

449 5529 570 5584 nias
594 5527 776 5594 anxio,
805 5529 1002 5598 eripias
1025 5528 1388 5598 innocentem,
1412 5539 1464 5585 et
1489 5539 1682 5586 caetera
1715 5545 1834 5601 quae
1862 5532 2042 5588 divina

449 5622 604 5693 jubet
640 5623 948 5678 auctoritas.
990 5623 1138 5678 Tunc
1176 5625 1320 5679 enim
1366 5625 1563 5694 spiritu
1611 5623 1784 5693 angeli
1835 5639 2042 5691 sumus,

457 5713 670 5784 quando
701 5715 925 5770 ministri
955 5730 1199 5786 supernae
1229 5716 1524 5771 voluntatis
1544 5714 1828 5772 eflicimur.

527 5803 685 5860 Vers.
719 5810 771 5859 tt.
803 5807 974 5864 Tern.
1003 5805 1218 5862 Gustata
1244 5816 1290 5860 et
1315 5806 1478 5862 videte
1507 5807 1748 5877 quoniam
1773 5807 1944 5862 suavis
1970 5816 2046 5862 est

467 5896 710 5952 Dominus
731 5912 752 5952 :
774 5897 944 5952 beatus
968 5899 1043 5950 vir
1068 5899 1150 5964 qui
1179 5905 1350 5964 sperat
1371 5897 1427 5951 in
1452 5912 1534 5952 so.
1553 5895 1715 5952 Redit
1739 5897 1806 5952 ad
1829 5877 2042 5954 Domini

2148 4791 2368 4846 minime
2397 4787 2605 4842 Domini
2651 4797 2882 4852 corpore
2915 4783 3195 4837 satiantur.
3226 4778 3385 4834 Tales
3410 4791 3541 4847 ergo
3561 4776 3764 4832 diuites

2145 4892 2320 4956 egent,
2342 4891 2396 4936 et
2412 4877 2632 4935 saturati
2655 4885 2864 4942 ventre,
2885 4875 3076 4944 spiritu
3101 4870 3586 4942 semperesuriunt.
3600 4868 3762 4937 Quid

2145 4977 2289 5032 enim
2316 4975 2543 5030 habeant
2567 4972 2659 5043 qui
2687 4972 2850 5025 Deum
2874 4985 2979 5024 non
3004 4967 3237 5026 habent?
3261 4965 3635 5036 Subsequitur,
3667 4966 3766 5020 its-

2142 5069 2396 5140 quirentes
2412 5074 2580 5121 autem
2604 5065 2877 5118 Dominum
2896 5078 3000 5118 non
3021 5060 3257 5130 deﬁcient
3270 5059 3409 5116 omni
3437 5059 3594 5122 bono,
3618 5057 3766 5125 quia

2142 5162 2290 5217 nullo
2307 5162 2448 5217 bono
2468 5159 2723 5216 deﬁciunt
2735 5157 2825 5232 qui
2842 5155 3066 5228 spiritali
3084 5153 3351 5211 desiderio
3365 5150 3760 5222 perfruuntur.

2143 5253 2276 5310 Nam
2304 5268 2424 5309 cum
2451 5251 2720 5322 diligimus
2749 5249 3064 5314 Dominum,
3097 5247 3148 5302 in
3181 5247 3297 5316 ipso
3324 5244 3503 5300 omnia
3535 5243 3764 5314 reperi-

2147 5361 2288 5401 mus.
2325 5343 2471 5400 Unus
2499 5353 2582 5408 est
2607 5342 2696 5413 qui
2728 5342 3008 5412 quaeritur,
3035 5339 3130 5398 sed
3155 5341 3206 5393 in
3235 5353 3342 5408 quo
3363 5335 3544 5394 omnia
3565 5336 3770 5391 conti-

2146 5448 2362 5494 nentur.
2377 5437 2423 5492 0
2443 5437 2647 5492 lucrum
2679 5435 2946 5504 mirabile,
2969 5450 3002 5488 ο
3023 5433 3399 5504 compendium
3427 5429 3757 5502 singulare!

2146 5528 2253 5584 Cur
2277 5543 2375 5585 nos
2393 5543 2487 5599 per
2512 5529 2725 5584 diversa
2749 5527 3071 5597 fatigemus?
3101 5527 3182 5582 Ad
3206 5524 3380 5596 ipsum
3401 5538 3532 5595 ergo
3558 5525 3774 5580 unani-

2148 5623 2310 5678 miter
2322 5621 2655 5688 festinemus,
2675 5629 2959 5692 postquem
2973 5631 3160 5676 cuncta
3175 5619 3313 5676 bona
3328 5618 3463 5674 ultra
3478 5631 3768 5686 nunqua-

2145 5715 2346 5780 rimus,
2373 5715 2468 5780 sed
2507 5724 2780 5782 tenemus,
2814 5716 2952 5790 sicut
2979 5715 3271 5785 Apostolus
3317 5713 3448 5768 dicit
3485 5728 3500 5766 :
3531 5710 3770 5767 Scimus

2145 5807 2387 5876 quoniam
2424 5805 2751 5879 diligentibus
2792 5806 2960 5864 Deum
2987 5807 3161 5862 omnia
3193 5814 3536 5870 coeperantur
3560 5805 3610 5852 tu
3648 5797 3772 5854 ιο-

2147 5916 2269 5953 num
2299 5900 2474 5972 (Rom.
2514 5915 2636 5966 vm,
2683 5898 2798 5972 28).
2848 5899 2960 5957 Hoc
3010 5903 3381 5968 argumentum
3419 5893 3611 5952 dicitur
3665 5907 3762 5952 ex
