4004 6342
258 394 349 457 257

1123 396 1481 457 EXPOSITIO
1519 399 1580 454 IN
1620 397 2074 457 PSALTERIUM.
2119 397 2311 457 PSM.
2355 398 2595 455 XXXIII.

3410 409 3516 465 238

257 516 529 576 contrario.
550 515 889 573 Contrarium
924 528 1010 575 est
1039 518 1182 576 enim
1212 535 1358 591 egere
1387 518 1598 585 divites,
1622 526 1676 574 et
1700 532 1823 588 pau-
1850 518 1906 579 Α
1928 513 2145 580 bonum;
2186 514 2358 584 ipsum
2404 521 2489 570 est
2531 512 2795 584 siquidem
2823 514 2967 586 quod
3008 529 3106 572 uos
3133 517 3326 576 liberat
3352 531 3515 594 atque

256 626 397 683 peres
426 609 568 665 nullo
597 610 740 665 bono
778 611 1031 667 deiicere.
1074 612 1462 683 Argumentum
1492 620 1579 669 est
1621 624 1823 682 arguta

254 702 437 760 mentis
479 701 732 758 iudicium
766 702 899 775 [ed.,
926 704 1248 777 judicium],
1284 704 1428 775 quod
1460 719 1555 775 per
1600 704 1821 775 indaga-

255 796 413 853 tiones
440 796 742 865 probabiles
771 796 851 859 rei
876 797 1053 853 dubiae
1080 797 1288 868 perﬁcit
1319 798 1499 854 ﬁdem.

320 887 460 949 Yers.
496 890 582 944 Η.
615 888 823 946 Lauso.
863 888 1071 957 Venite,
1101 891 1227 960 ﬁlii;
1257 892 1430 946 audite
1457 907 1554 958 me,
1587 891 1827 947 timorem

250 977 449 1045 Domini
484 980 676 1037 docebo
700 999 805 1037 vos.
839 983 1078 1041 Peractis
1105 983 1436 1043 solemnibus
1472 972 1594 1055 quat
1630 984 1696 1039 ad
1739 998 1827 1039 sa-

250 1082 506 1141 cramenta
536 1074 791 1135 Ecclesia
813 1076 1169 1146 pertinebant,
1197 1090 1337 1141 nunc
1359 1077 1506 1133 venit
1522 1077 1589 1137 ad
1611 1077 1825 1133 tertiam

248 1172 464 1233 partem,
486 1163 577 1220 ubi
604 1165 724 1223 illos
742 1166 1033 1238 alloquitur
1048 1168 1140 1238 qui
1175 1169 1344 1238 prium
1369 1168 1493 1225 fidei
1522 1168 1826 1229 rudimenta

246 1256 555 1326 percipiunt.
581 1257 816 1315 Dicendo
842 1261 1006 1329 enini,
1042 1261 1245 1328 Venite,
1276 1261 1542 1333 signiﬁcat
1566 1279 1661 1321 eos
1688 1263 1827 1319 intra

247 1346 537 1404 Ecclesiam
566 1366 673 1405 non
702 1353 899 1417 fuisse;
931 1352 1073 1423 quod
1098 1354 1259 1409 etiam
1283 1352 1662 1412 conﬁtentibus
1685 1368 1829 1413 nunc

243 1439 459 1511 dicitur,
487 1442 705 1512 quando
735 1442 802 1499 ad
839 1444 1000 1511 iidem
1030 1446 1253 1502 veniunt
1302 1446 1679 1509 Christianam.
1711 1444 1827 1502 Vox

244 1542 452 1602 paterna
481 1543 668 1601 sonat,
700 1551 802 1601 vox
830 1536 1047 1606 pietatis
1070 1537 1352 1606 admonet,
1389 1546 1449 1593 ut
1474 1537 1615 1601 ultro
1643 1538 1830 1599 dicea-

244 1634 345 1683 tem
364 1627 668 1697 audiamus,
698 1646 856 1701 quem
881 1640 1143 1697 tacentem
1169 1632 1455 1703 exquirere
1482 1632 1827 1703 deberemus.

241 1717 339 1774 Sed
369 1735 529 1790 quam
559 1721 743 1776 suavis
764 1759 782 1788 ,
825 1738 984 1791 quam
1041 1724 1184 1778 utilis
1234 1724 1395 1781 timor
1431 1731 1546 1789 est,
1575 1723 1639 1777 ad
1669 1738 1831 1792 quem

241 1811 371 1885 illius
410 1816 688 1873 invitatur.
713 1816 846 1879 Cum
876 1816 1035 1883 dicit,
1084 1817 1273 1877 docebo
1315 1834 1429 1883 vos,
1470 1817 1725 1881 admonet
1760 1832 1833 1877 ne

1926 606 2288 665 commendat.
2336 606 2523 673 Sciens
2564 616 2743 663 autem
2794 611 3051 679 propheta
3100 612 3153 667 in
3197 612 3302 670 hoc
3344 630 3518 687 agone

1926 698 2109 755 saeculi
2139 714 2262 755 cum
2288 715 2518 770 corpore
2549 716 2734 771 pacem
2757 700 3098 762 fidelissimos
3127 722 3234 764 non
3279 708 3511 775 habere,

1925 797 2124 846 etcum
2145 791 2259 846 suis
2289 791 2434 847 vitiis
2453 791 2541 851 hic
2567 791 2677 851 illis
2709 794 3020 854 continuum
3051 809 3174 854 esse
3201 809 3474 859 certamen
3497 845 3513 871 ,

1927 882 2290 953 pulcherrime
2308 883 2462 948 dixit.
2481 884 2679 954 inquire
2698 904 2911 957 pacem;
2933 897 2992 945 ut
3009 894 3253 961 quamvis
3278 910 3396 950 eam
3428 896 3519 954 hic

1929 990 2036 1029 non
2065 976 2315 1042 habeant,
2348 984 2527 1031 tamen
2547 992 2762 1047 semper
2785 983 2853 1035 ab
2879 981 2958 1036 eis
2977 984 3368 1043 studiosissime
3395 1003 3518 1059 per-

1927 1067 2190 1137 quiratur.
2235 1068 2305 1124 Et
2351 1083 2459 1125 non
2486 1070 2736 1139 promisit
2770 1072 2915 1141 quod
2955 1074 3043 1131 hic
3080 1079 3250 1144 possit
3278 1094 3518 1151 quoquo-

1929 1161 2092 1217 modo
2119 1163 2537 1233 comprehendi,
2570 1164 2667 1222 sed
2699 1166 2931 1236 imperat
2953 1182 3162 1240 sequere
3190 1188 3338 1241 eam,
3365 1176 3517 1244 quasi

1929 1257 2344 1322 praecedentem.
2392 1256 2523 1312 Nam
2570 1270 2738 1329 quare
2785 1261 3057 1329 sequenda
3100 1272 3219 1331 est,
3252 1266 3354 1321 nisi
3391 1268 3517 1339 quia

1929 1345 2058 1402 hinc
2087 1346 2262 1418 fugit?
2297 1348 2354 1407 in
2384 1347 2563 1405 futuro
2601 1359 2777 1407 autem
2806 1353 3068 1419 speranda
3109 1363 3195 1412 est
3215 1394 3232 1424 ,
3261 1360 3518 1429 quoniam

1932 1436 2003 1491 ibi
2034 1447 2288 1508 perpetua
2318 1440 2609 1498 stabilitate
2636 1446 2904 1501 consistit.
2931 1447 3242 1514 Quem-emus
3270 1466 3398 1521 ergo
3427 1468 3519 1510 se-

1932 1529 2045 1589 duli
2067 1569 2082 1596 ,
2113 1546 2402 1603 sequamur
2431 1538 2620 1592 intenti
2652 1554 2669 1592 ς
2699 1541 2823 1609 quia
2852 1539 2961 1596 illic
2991 1558 3110 1597 eam
3140 1542 3382 1602 invenire
3410 1563 3521 1605 non

1931 1636 2238 1692 possumus,
2267 1627 2370 1683 nisi
2399 1628 2488 1685 hic
2514 1630 2819 1701 diligentius
2845 1634 3200 1706 inquiramus.
3232 1640 3364 1709 Quas
3393 1650 3521 1698 tunc

1932 1718 2314 1785 comprehendi
2352 1721 2567 1801 dabitur
2590 1762 2605 1788 ,
2658 1726 2876 1796 quando
2926 1729 3102 1797 ipsum
3156 1730 3520 1804 conspicimus

1933 1821 2081 1876 pacis
2106 1822 2405 1867 auctorem.

242 1919 621 1975 pavescamus,
651 1907 792 1979 quod
818 1909 1120 1965 audivimus
1146 1910 1400 1965 timorem.
1430 1909 1551 1971 Non
1578 1919 1660 1966 est
1681 1910 1827 1967 enim

2010 1897 2160 1954 Vers.
2194 1900 2280 1957 15.
2316 1902 2439 1959 Ant.
2471 1902 2623 1960 Oculi
2650 1905 2861 1963 Domini
2895 1927 3053 1979 super
3071 1917 3269 1985 justas,
3299 1924 3348 1971 et
3374 1933 3525 1974 aures

241 1994 382 2049 timor
409 1996 512 2053 iste
540 1999 631 2068 qui
675 1999 1026 2068 formidetur,
1068 2000 1163 2056 sed
1199 2002 1292 2070 qui
1333 2001 1608 2072 diligatur.
1652 2000 1831 2063 Timor

114 2112 123 2115 «
240 2082 503 2142 humanus
533 2090 946 2147 amaritudinem
977 2092 1167 2161 habet,
1200 2095 1302 2149 iste
1333 2095 1708 2160 dulcedinem;
1742 2095 1832 2153 ille

238 2176 300 2231 ad
325 2179 607 2236 servitium
638 2183 811 2253 cogit.
840 2184 943 2239 iste
970 2183 1038 2238 ad
1064 2184 1370 2243 libertatem
1393 2186 1585 2252 trahit;
1618 2196 1830 2257 postre-

238 2284 322 2323 mo
349 2269 443 2326 ille
474 2274 710 2329 claustra
733 2278 941 2342 metuit,
967 2278 1054 2335 hic
1073 2278 1334 2335 calorum
1366 2294 1528 2350 regna
1554 2280 1826 2351 patefacit.

238 2358 423 2418 Merito
450 2379 582 2436 ergo
604 2366 838 2420 timorem
868 2368 1032 2426 istum
1058 2369 1140 2426 sic
1183 2370 1366 2441 utilem
1406 2370 1686 2443 professus
1710 2382 1827 2442 est,

234 2461 292 2506 ut
317 2456 475 2511 avida
503 2465 684 2515 mente
712 2459 971 2517 discatur.

306 2544 456 2602 Vers.
494 2547 582 2603 12.
614 2550 759 2606 Msu.
795 2553 923 2621 Quis
947 2562 1022 2609 est
1049 2554 1200 2611 homo
1223 2557 1313 2624 qui
1337 2556 1445 2615 vult
1473 2557 1651 2622 vitam,
1680 2565 1726 2611 et
1745 2572 1833 2611 cu-

233 2637 306 2707 pit
334 2639 511 2695 videre
540 2642 649 2695 dies
676 2643 871 2703 bonos?
897 2644 1043 2699 Talis
1068 2645 1420 2718 interrogatio
1446 2652 1719 2719 proposita
1750 2660 1835 2706 est

231 2742 395 2800 quam
426 2734 673 2795 omnium
708 2744 964 2805 sequatur
991 2752 1270 2797 assensus.
1296 2740 1430 2809 Quis
1459 2750 1543 2797 est
1567 2743 1713 2798 enim
1738 2744 1832 2813 qui

230 2824 402 2891 possit
424 2824 641 2893 dicere,
673 2834 766 2881 aut
793 2828 957 2883 vitam
998 2830 1153 2896 nolo,
1186 2838 1278 2886 aut
1315 2832 1422 2886 dies
1465 2833 1622 2888 bonos
1665 2834 1837 2890 viden

228 2929 330 2970 non
361 2918 521 2986 cupio
542 2922 567 2973 γ
595 2917 703 2975 Sed
733 2921 938 2977 utinam
967 2922 1045 2976 sic
1071 2922 1235 2978 vitam
1262 2932 1580 2993 perpetuam
1612 2938 1828 2994 quaere-

230 3022 432 3075 remus,
458 3010 673 3068 sicutin
703 3014 804 3069 ista
837 3017 1122 3086 temporali
1152 3017 1315 3075 corda
1333 3015 1633 3087 deﬁgimus.
1652 3015 1834 3075 Bonos

231 3112 406 3159 autem
448 3104 600 3174 dies,
626 3122 733 3161 non
763 3108 901 3164 istos
929 3108 1064 3165 dicit
1098 3111 1149 3164 in
1195 3110 1390 3181 quibus
1429 3110 1649 3167 caducis
1684 3110 1834 3167 dele-

228 3196 558 3257 ctationibus
586 3214 934 3271 occupamur,
970 3202 1066 3258 sed
1099 3202 1222 3257 illos
1248 3201 1341 3273 qui
1369 3218 1498 3259 vere
1524 3204 1641 3260 boni
1669 3213 1828 3271 sunt,

229 3287 357 3344 etin
381 3305 601 3347 summa
620 3294 904 3349 sanctitate
929 3302 1231 3351 versantur.

298 3381 454 3440 Vere.
490 3384 583 3441 13.
608 3385 747 3442 Num.
766 3385 953 3442 Cohibe
973 3390 1199 3459 linguam
1229 3397 1369 3445 tuam
1395 3404 1429 3442 ι
1445 3388 1602 3457 malo,
1625 3395 1674 3442 et
1697 3388 1835 3444 labia

228 3481 312 3529 tua
330 3494 395 3532 ne
415 3482 580 3551 113
602 3478 879 3549 loquantur
898 3482 1097 3537 dolum.
1122 3482 1238 3538 Hoc
1254 3492 1337 3538 est
1363 3483 1503 3538 velle
1524 3483 1707 3539 videre
1718 3483 1834 3540 dies

226 3566 432 3638 bonos,
460 3573 511 3627 si
544 3573 719 3643 lingua
749 3584 932 3630 nostra
962 3575 1165 3645 aliquid
1195 3590 1301 3632 non
1350 3577 1602 3647 loquatur
1631 3578 1835 3633 incom-

227 3671 437 3728 peteus.
470 3662 683 3725 Malum
704 3674 790 3722 est
825 3665 970 3723 enim
1002 3681 1164 3724 omne
1193 3668 1564 3738 prohibitum;
1592 3679 1650 3725 et
1676 3669 1836 3739 quid-

226 3755 358 3823 quid
383 3759 607 3819 veritati
631 3770 924 3832 repugnat,
952 3763 1048 3817 tali
1084 3762 1446 3833 appellatione
1489 3764 1831 3821 discernitur.

226 3845 453 3907 Intende
481 3867 621 3909 vero
648 3854 904 3913 subtilius
922 3900 937 3923 ,
969 3857 1096 3926 quia
1124 3857 1276 3927 prius
1300 3857 1531 3915 cohiberi
1572 3857 1702 3913 dicit
1734 3858 1835 3913 lin-

225 3954 403 4010 guam.
428 3958 628 4013 quam,
651 3960 773 4005 cum
794 3946 941 4017 loqui
963 3948 1231 4014 volumus,
1260 3950 1501 4007 anterius
1530 3964 1836 4007 commove-

224 4044 364 4088 mus.
397 4036 646 4103 Addidit,
681 4036 819 4092 labia
847 4054 910 4093 ne
938 4040 1215 4111 loquantur
1244 4042 1453 4109 dolum,
1492 4057 1611 4111 qua:
1639 4042 1835 4113 linguae

223 4132 429 4181 motum
458 4130 708 4198 protinus
738 4141 1159 4201 consequuntur,
1191 4140 1246 4188 et
1272 4135 1424 4202 quasi
1450 4133 1681 4203 quadam
1713 4135 1835 4189 hab

224 4221 403 4277 monia
434 4224 644 4281 sociata
666 4227 944 4283 amborum
964 4227 1326 4284 modulamine
1356 4230 1623 4285 humanus
1653 4242 1833 4287 sermo

225 4314 524 4380 peragitur.
564 4314 727 4373 Dolus
754 4330 837 4373 est
862 4327 1063 4389 autem,
1093 4321 1310 4392 quando
1333 4318 1573 4376 fallimus
1602 4322 1832 4378 audien-

1935 1992 2046 2060 ejus
2075 1991 2127 2045 in
2156 2008 2330 2062 preces
2359 2010 2557 2055 earum.
2591 1997 2750 2055 Venit
2780 2001 2846 2055 ad
2875 2013 3121 2074 quartam
3158 2017 3396 2076 partem,
3426 2008 3521 2065 ubi

1937 2095 2105 2153 usque
2128 2084 2197 2139 ad
2224 2085 2386 2145 linem
2424 2089 2623 2159 duplici
2667 2094 2920 2163 populum
2964 2097 3344 2165 pradicatione
3384 2114 3523 2155 cons

1935 2174 2115 2233 ﬁrmat
2163 2193 2177 2231 :
2223 2179 2383 2237 modo
2435 2179 2703 2250 iustorum
2746 2188 3021 2253 praemium
3072 2196 3327 2257 narrans,
3362 2194 3524 2248 modo

1934 2265 2217 2336 impiorum
2265 2279 2485 2339 peccata
2535 2272 2839 2346 castigans,
2891 2285 2951 2332 ut
2991 2278 3063 2335 ab
3100 2286 3326 2350 utraque
3372 2292 3526 2352 parte

1934 2363 2293 2420 commonitus
2328 2368 2533 2423 servire
2570 2369 2743 2425 discat
2770 2369 3000 2427 Domino
3036 2375 3263 2444 populus
3292 2380 3527 2442 acquisi-

1937 2466 2042 2511 tus.
2072 2457 2226 2524 Quod
2249 2461 2466 2517 schema
2494 2461 2690 2518 dicitur
2718 2465 3052 2535 paradigma,
3087 2467 3520 2526 efﬁcacissimum

1932 2546 2096 2615 plane
2135 2548 2321 2619 figure
2356 2565 2565 2620 genus,
2595 2554 2807 2623 quando
2846 2556 3045 2624 duplici
3077 2560 3305 2615 utilitate
3332 2563 3523 2630 prisci.

1936 2643 2081 2711 pitur
2106 2644 2250 2712 quod
2280 2658 2591 2714 sequamur.
2614 2646 2745 2702 Cum
2775 2650 2922 2707 enim
2950 2649 3099 2718 dicit,
3133 2651 3293 2707 Oculi.
3310 2653 3528 2708 Domini

1935 2746 2093 2799 super
2108 2735 2314 2804 justas,
2346 2737 2653 2791 continuam
2684 2740 2910 2807 gratiam
2940 2742 3241 2799 Divinitatis
3269 2748 3523 2811 ostendit,

1937 2834 1993 2878 ut
2024 2835 2271 2894 aspectus
2300 2825 2589 2889 immobilis
2623 2845 2784 2896 super
2806 2847 2899 2886 eos
2928 2847 3051 2888 esse
3081 2835 3343 2891 videatur.
3377 2838 3521 2893 Sub~

1934 2918 2111 2990 jungit
2156 2935 2368 2991 quoque
2418 2922 2778 2979 exauditionis
2830 2926 3222 2983 velocissimam
3276 2916 3528 3005 celerita-

1941 3019 2046 3067 tem
2070 3052 2083 3075 ,
2109 3011 2324 3083 quando
2366 3029 2518 3069 aurea
2556 3015 2765 3070 Domini
2797 3028 3010 3086 paratas
3051 3021 3107 3074 in
3133 3032 3307 3075 eorum
3351 3041 3526 3092 preces

1937 3116 2062 3158 esse
2105 3114 2513 3161 commemorat.
2567 3107 2698 3173 Qua
2736 3108 2879 3165 enim
2932 3109 3038 3164 illis
3062 3111 3133 3165 ad
3174 3111 3522 3170 obtinendum

1936 3194 2032 3257 ﬁat
2056 3212 2227 3259 mora.
2250 3212 2371 3255 cum
2400 3198 2454 3253 in
2480 3198 2611 3269 ipsis
2629 3200 2719 3269 qui
2744 3201 3003 3258 exaudire
3031 3204 3201 3273 possit
3228 3205 3527 3261 intr-bitat?

1859 3316 1908 3380 ο
1937 3286 2043 3347 Sed
2071 3288 2198 3343 licet
2224 3288 2532 3359 frequenter
2568 3292 2820 3347 exaudiat
2862 3304 3203 3363 peccatores,
3240 3298 3405 3367 .justis
3446 3306 3527 3352 ta-

1939 3398 2064 3439 men
2113 3382 2284 3438 multo
2322 3382 2553 3455 amplius
2596 3385 2943 3453 promittitur,
2995 3388 3213 3457 quando
3254 3388 3311 3443 ire
3356 3396 3529 3459 proca

1937 3490 2115 3532 eorum
2142 3486 2357 3546 paratas
2382 3493 2530 3532 aures
2556 3476 2757 3533 habere
2783 3488 3131 3536 monstratur.

2012 3567 2167 3624 Vera.
2200 3567 2290 3627 i6.
2322 3568 2455 3633 Pu.
2498 3568 2686 3625 Vultus
2711 3580 2887 3625 autem
2916 3571 3124 3627 Domini
3150 3574 3307 3643 super
3335 3571 3502 3645 facian

1938 3668 2014 3715 tes
2044 3664 2204 3729 mala,
2236 3670 2293 3717 ut
2327 3664 2509 3729 perdat
2538 3664 2601 3717 de
2627 3670 2766 3718 terra
2790 3665 3091 3719 memoriam
3116 3680 3315 3720 eorum.
3344 3663 3529 3732 Expo-

1938 3754 2039 3810 sita
2065 3752 2332 3825 justorum
2363 3755 2557 3826 gratia,
2580 3770 2723 3813 nunc
2751 3755 3082 3813 convertitur
3107 3756 3175 3811 ad
3203 3772 3388 3826 prunas
3416 3772 3531 3811 ma-

1939 3850 2137 3905 lorum.
2169 3850 2238 3911 Et
2268 3864 2335 3905 ne
2360 3849 2604 3905 dicerent
2634 3850 2889 3920 pessimi,
2925 3850 3099 3917 iustos
3148 3850 3397 3915 attendit,
3431 3865 3531 3904 nos

1936 3954 2114 4001 autem
2145 3960 2253 4001 non
2285 3942 2522 4014 respicit,
2554 3944 2733 3999 securi
2775 3942 2887 4013 jam
2934 3941 3159 3997 facimus
3203 3946 3291 4013 qui
3332 3943 3400 3997 ab
3438 3942 3533 3997 illo

1936 4039 2175 4107 conspici
2206 4053 2314 4095 non
2345 4051 2616 4093 meremur
2643 4052 2658 4091 :
2687 4036 2999 4104 pronuntiat
3038 4036 3236 4090 saltum
3283 4035 3529 4099 Domini,

1932 4129 1991 4186 id
2022 4139 2105 4185 est
2133 4129 2463 4185 intellectum
2484 4141 2608 4184 esse
2629 4142 2788 4195 supra
2813 4126 3007 4194 malos,
3030 4142 3163 4197 quos
3196 4127 3276 4181 sic
3302 4126 3533 4181 attendit

1937 4231 1997 4278 ut
2041 4238 2147 4279 non
2176 4222 2449 4293 respiciat,
2485 4221 2564 4276 sic
2606 4235 2718 4275 non
2765 4218 2986 4288 respicit
3022 4229 3080 4274 ut
3122 4231 3298 4275 tamen
3342 4234 3529 4274 eorum

1935 4319 2077 4375 facta
2106 4324 2419 4389 cognoscat.
2450 4315 2759 4373 Timeamus
2787 4329 2917 4385 ergo
2940 4315 3138 4369 malum
3166 4320 3354 4386 facere,
3385 4314 3530 4385 quod

227 4407 332 4455 tem
352 4442 371 4469 ,
400 4415 460 4458 ut
489 4410 638 4476 quod
666 4412 908 4469 creditur
936 4414 1004 4469 ad
1030 4416 1290 4471 auxilium
1310 4448 1330 4483 -,
1363 4416 1562 4473 inferre
1586 4417 1832 4474 videatur
1934 4414 2053 4483 ejus
2073 4411 2356 4468 scientiam
2380 4409 2629 4465 novimus
2650 4422 2756 4462 non
2782 4408 2968 4463 latere.
3003 4407 3072 4463 Et
3098 4408 3379 4463 considera
3407 4406 3533 4476 quia

224 4492 658 4557 incommodum.
696 4502 850 4571 Quod
892 4510 1088 4561 merito
1134 4510 1479 4579 prohibetur,
1511 4512 1635 4580 quia
1678 4527 1833 4582 .purre
1933 4516 1987 4563 et
2019 4507 2072 4561 in
2106 4504 2222 4561 istis
2252 4502 2471 4569 dicitur,
2500 4519 2654 4570 super
2683 4500 2927 4571 facientes
2976 4501 3143 4564 mala,
3175 4508 3230 4553 ut
3265 4498 3375 4553 falli
3424 4506 3533 4551 non

225 4598 579 4654 conscientia
608 4609 817 4655 constat
846 4617 1061 4670 semper
1085 4604 1392 4661 adversum,
1935 4600 2105 4669 ροεδὶι
2131 4600 2416 4669 conjuncta
2446 4597 2716 4652 vicinitas.
2753 4594 2993 4666 lntellige
3023 4606 3150 4647 vero
3178 4590 3323 4661 quod
3358 4598 3534 4644 utros-

297 4688 453 4750 Vers.
489 4694 580 4748 M.
614 4692 857 4750 SAIECH.
893 4695 1146 4752 Divertea
1170 4699 1307 4753 malo
1328 4709 1377 4753 et
1405 4700 1488 4768 fac
1514 4699 1721 4764 bonum.
1751 4703 1833 4755 in-
1860 4719 1913 4780 Ι)
1937 4709 2043 4763 que
2093 4692 2268 4758 videt,
2299 4691 2393 4746 sed
2422 4705 2520 4747 eos
2548 4698 2744 4745 eventu
2774 4686 2972 4786 dispari
3004 4692 3290 4740 contuetur
3320 4703 3331 4737 :

223 4784 368 4851 quire
406 4804 589 4856 pacem
618 4798 665 4843 ει
693 4807 901 4861 “me
941 4808 1076 4846 eam,
1122 4794 1199 4848 Ad
1230 4794 1491 4850 videndos
1519 4795 1634 4850 dies
1663 4796 1835 4851 bonos
1860 4774 1901 4780 —
1937 4798 1994 4840 lli
2024 4783 2233 4849 audiat,
2267 4795 2575 4849 peccatores
2604 4791 2660 4834 ut
2690 4782 2891 4851 perdat.
2925 4778 3003 4830 De
3044 4786 3179 4830 terra
3219 4790 3346 4831 νει-θ
3370 4774 3531 4842 dicit,

226 4888 334 4931 non
385 4879 599 4935 sufficit
631 4888 839 4936 tantum
887 4898 918 4937 a
969 4884 1122 4939 malis
1150 4886 1358 4941 aclibus
1387 4886 1660 4943 abstinere
1682 4930 1695 4953 ,
1729 4890 1832 4944 nisi
1935 4877 2103 4973 id?“
2130 4874 2600 4973 deIUWWPana
2628 4914 2642 4939 ν
2674 4887 2843 4973 qua":
2870 4869 2973 4973 _5°'i
3001 4871 3110 4973 υξδο
3156 4869 3536 4973 placui

227 4982 324 5025 nos
353 4973 533 5041 pietas
563 4975 850 5046 compellat
883 4986 939 5032 et
982 4978 1119 5033 bona
1146 4993 1424 5050 peragere.
1458 4980 1593 5037 Nam
1629 4983 1830 5053 primus

1933 4969 2157 5025 debunt.
2193 4966 2451 5023 Memoria
2492 4981 2680 5022 eorum
2713 4964 2940 5035 peribit,
2971 4962 3095 5033 quia
3283 4963 3387 5063 erit
3432 4962 3534 5065 ini-

226 5061 442 5121 Virtutis
484 5066 690 5136 gradus
729 5075 815 5124 est
842 5068 1015 5125 aliena
1056 5085 1164 5126 non
1200 5087 1476 5143 quaerere,
1507 5074 1603 5130 sed
1637 5076 1825 5129 item.“
1930 5075 2158 5131 quorum
2183 5060 2322 5115 inter
2344 5060 2521 5128 iustos
2551 5057 2658 5113 ulla
2675 5053 3280 5112 commemoratioJlles
3301 5053 3445 5109 enim
3472 5053 3526 5108 in

224 5157 484 5224 superior
515 5160 798 5229 egentibus
836 5162 1054 5231 propria
1089 5178 1198 5218 non
1241 5180 1456 5235 negare,
1494 5166 1549 5222 ιη
1595 5166 1689 5221 tuo
1717 5167 1830 5221 σοι.
1934 5157 2193 5215 memoria
2217 5171 2314 5211 nos
2332 5153 2532 5211 habere
2558 5152 2821 5219 dicimus,
2846 5152 3043 5221 quibus
3066 5151 3241 5222 aliqua
3273 5161 3533 5222 praestare

227 5259 350 5314 Dim
381 5249 724 5320 “lusimus,
756 5254 809 5308 in
840 5254 945 5309 isto
971 5254 1201 5325 palmam
1242 5258 1457 5326 pietatis
1478 5259 1825 5329 acquirimu‘s.
1932 5252 2324 5309 desideramus.
2356 5248 2490 5305 Nam
2521 5248 2611 5319 qui
2648 5248 2716 5303 de
2765 5247 3027 5303 memoria
3059 5247 3267 5302 Domini
3298 5256 3534 5312 exeunt,

225 5336 357 5396 Nam
391 5344 601 5413 pupillo
630 5362 737 5402 non
759 5342 1008 5405 nocuisse
1027 5388 1043 5414 ,
1071 5357 1160 5403 aut
1190 5363 1478 5419 pauperem
1494 5367 1607 5407 non
1636 5366 1830 5423 exspo-
1931 5347 1999 5402 ad
2027 5356 2230 5402 reterns
2279 5341 2538 5413 supplicia
2576 5344 2695 5398 sine
2723 5341 3055 5397 dubitatione
3082 5343 3420 5411 perveniunt.

224 5429 411 5499 liasse,
465 5436 793 5495 abstinentia
829 5451 937 5506 est,
982 5456 1102 5512 qua:
1139 5442 1206 5496 ad
1253 5443 1531 5512 praemium
1560 5445 1681 5499 sola
1719 5458 1826 5501 non
2009 5440 2161 5495 Vera.
2195 5438 2282 5493 17.
2316 5436 2485 5491 Zaoe.
2513 5432 2873 5508 Clamavgrant
2886 5437 3058 5508 justi,
3084 5443 3133 5489 et
3163 5433 3416 5488 Dominus
3443 5448 3533 5487 eat-

224 5526 452 5583 Sufﬁcit.
486 5529 545 5584 In
575 5530 662 5586 illa
686 5533 887 5603 quippe
918 5532 1254 5603 iudicatione
1285 5536 1384 5590 soli
1418 5535 1638 5592 audient
1669 5554 1683 5592 :
1721 5537 1826 5591 νε·
1934 5532 2129 5587 ακίιὶυἱι
2160 5547 2272 5595 eos,
2315 5538 2362 5583 et
2392 5544 2456 5583 ea:
2486 5529 2719 5582 omnibus
2747 5527 3161 5582 tribulationibus
3189 5542 3365 5580 eorum
3390 5524 3526 5578 libe-

224 5619 350 5686 πίει,
383 5623 639 5679 benedicti
672 5626 844 5682 Patris
870 5629 993 5693 mei,
1025 5631 1266 5700 percipite
1288 5644 1500 5700 regnum
1525 5632 1663 5701 quod
1693 5632 1828 5686 vobis
1935 5626 2071 5679 rapit
2100 5640 2205 5678 eos.
2233 5622 2429 5677 lterum
2461 5620 2598 5675 redit
2647 5620 2712 5675 ad
2761 5621 2970 5688 justos,
3018 5618 3087 5674 de
3132 5618 3325 5687 quibus
3374 5615 3532 5684 paulo

225 5726 467 5777 paratum
495 5726 570 5769 est
591 5718 655 5771 ab
685 5719 832 5774 initio
859 5722 1040 5774 mundi
1068 5721 1279 5792 (Matth.
1305 5738 1428 5789 xxv,
1455 5721 1570 5793 34),
1592 5724 1679 5792 qui
1710 5740 1830 5794 gra-
1940 5719 2099 5773 lalilIS
2125 5718 2285 5782 die“.
2322 5723 2378 5769 υῑ
2405 5714 2627 5783 ροιιυιοδ
2650 5722 2897 5768 “lamna
2927 5713 3065 5765 δυηδ
3093 5710 3368 5806 ’θηέξΜξξξ
3395 5719 3530 5806 ⁶³¹¹Ῡ⁶

225 5802 358 5855 tiam
414 5807 669 5881 Domini,
727 5813 844 5882 ipso
897 5815 1191 5883 inspirante
1220 5858 1233 5880 ,
1283 5816 1494 5870 diversa
1548 5815 1831 5886 largitione
1939 5814 2202 5867 malorum
2228 5822 2385 5879 paena
2408 5816 2693 5864 terruerat.
2730 5803 3236 5900 Discutianiusq—uid
3267 5798 3367 5900 sibi
3402 5798 3534 5900 velit

225 5896 455 5952 mercati
487 5908 632 5956 sunt.
664 5900 825 5958 Vides
865 5920 994 5977 ergo
1026 5907 1327 5963 necessario
1355 5907 1627 5976 additum,
1659 5908 1723 5961 Et
1749 5908 1832 5977 [ac
1942 5905 2047 5960 ista
2071 5903 2357 5960 sententia.
2389 5899 2567 5956 laetos
2600 5901 2844 5955 clamasse
2873 5897 3004 5951 dicit
3030 5894 3094 5949 ad
3134 5894 3436 5959 Dominum,
3478 5896 3534 5945 ct
