3996 6346
467 335 571 391 239

1707 331 1778 387 Μ.
1819 327 2099 386 AUBELII
2137 325 2538 384 CASSIODORI

3654 324 3756 378 210

467 467 682 523 semper
712 452 988 522 profitetur
1015 450 1244 505 auditos.
1288 417 1430 515 Quid?
1466 461 1592 517 ergo
1635 446 1702 502 de
1733 448 2053 518 martyribus
2087 447 2133 509 Α
2160 447 2379 498 oderunt
2399 448 2600 516 justum
2639 441 2956 514 delinquent.
2999 441 3219 497 Mortem
3251 452 3573 513 peccatorum
3609 442 3756 497 illam

469 544 718 608 dicimus,
753 558 889 614 quos
910 542 976 598 de
1003 543 1278 611 suppliciis
1309 552 1654 612 tyrannorum
1677 540 1901 595 minime
1933 555 2062 593 con-

469 647 576 694 stat
601 655 708 694 esse
736 637 1017 692 liberatos?
1057 635 1279 688 Liberati
1325 645 1441 687 sunt
1495 635 1654 704 plane
1680 675 1695 698 ,
1744 633 1958 702 quando
2000 631 2066 685 ad

470 730 728 784 calorum
758 743 921 799 regna
950 727 1214 796 perducti,
1249 725 1477 778 omnibus
1505 725 1918 778 tribulationibus
1941 740 2065 792 pro-

473 821 668 877 bantur
696 821 862 874 exuti.
889 817 1104 886 Clamor
1136 817 1278 871 enim
1305 816 1574 886 justorum
1626 831 1732 869 non
1790 816 1962 868 solum
2001 815 2067 868 ad

474 909 866 978 temporalem,
919 907 1016 962 sed
1063 906 1296 962 maxime
1349 906 1415 960 ad
1473 915 1728 960 aaternam
1788 905 2066 959 utilitatem

476 999 942 1070 semper’auditur.

552 1096 702 1150 Vers.
737 1095 822 1148 18.
853 1091 1019 1148 Corn.
1047 1090 1210 1146 Juxta
1240 1100 1314 1148 est
1339 1091 1589 1145 Dominus
1611 1090 1689 1145 his
1713 1091 1799 1160 qui
1831 1088 2070 1142 tribulato

476 1198 593 1245 sunt
622 1188 802 1257 corde,
834 1197 883 1242 et
914 1186 1132 1242 humiles
1159 1187 1342 1256 spiritu
1367 1186 1599 1239 salvubit.
1645 1185 1709 1238 Et
1753 1185 1854 1238 iste
1883 1196 2071 1238 versus

479 1279 711 1350 pertinet
733 1279 800 1334 ad
827 1279 964 1334 bona
1005 1279 1294 1349 justorum.
1338 1279 1451 1333 Mos
1486 1277 1701 1332 Domini
1738 1285 1794 1330 et
1838 1277 2072 1330 humana

478 1371 810 1428 consuetudo
842 1371 1051 1425 diversa
1098 1378 1201 1425 est.
1232 1369 1364 1424 Nam
1407 1370 1496 1439 qui
1536 1369 1648 1423 vult
1676 1368 1959 1422 altioribus
1989 1367 2072 1421 vi-

478 1465 632 1520 cinus
683 1466 795 1520 fieri
837 1465 1089 1534 erigitur;
1135 1462 1367 1518 tenditur
1409 1474 1465 1516 ut
1495 1461 1664 1529 possit
1693 1459 1899 1530 fastigia
1927 1459 2072 1514 celsa

480 1560 814 1628 contingere.
844 1558 1101 1612 Dominus
1130 1557 1276 1612 enim
1305 1556 1604 1611 altissimus
1632 1556 1817 1625 attingi
1845 1571 1952 1610 non
1980 1570 2076 1624 po-

482 1659 605 1714 test,
641 1650 741 1704 nisi
774 1665 867 1718 per
892 1649 1220 1704 humilitatus
1246 1647 1496 1703 videlicet
1527 1648 1838 1714 inclinatas;
1884 1663 1981 1703 nec
2005 1646 2074 1702 ad

458 1731 661 1794 dulcia
691 1740 806 1809 eius
836 1739 1024 1810 gaudia
1059 1741 1161 1794 nisi
1203 1754 1546 1810 peramaras
1591 1739 1855 1811 lacrymas
1884 1755 2076 1810 perve-

2169 539 2298 594 dicit
2322 554 2440 607 qua:
2480 538 2550 591 ab
2594 536 2811 590 homine
2843 552 2946 590 non
2981 544 3152 606 potest
3195 537 3428 600 intueri,
3459 551 3617 606 quam
3651 551 3754 591 non

2169 633 2340 688 solum
2386 632 2581 686 malam
2608 673 2622 696 ,
2665 631 2757 686 sed
2799 633 2958 686 etiam
2991 631 3264 703 pessimam
3310 631 3594 701 proﬂtetur
3615 645 3758 686 esse.

2171 729 2375 784 Revera
2407 728 2665 796 pessima,
2695 726 2946 797 quoniam
2975 744 3092 782 eam
3125 738 3323 781 :clerna
3347 740 3505 796 ptena
3531 726 3762 780 comita-

2173 829 2277 875 tur.
2302 818 2434 873 Natn
2465 819 2508 873 si
2551 819 2616 873 ad
2660 819 2813 872 istam
2857 829 3068 872 mortem
3115 818 3370 888 reSpicias
3411 831 3532 888 qua:
3563 816 3765 870 nostris

2171 913 2340 968 oculis
2372 919 2552 981 patet,
2592 912 2900 982 frequenter
2937 912 3143 966 invenis
3173 912 3387 966 divitem
3426 919 3766 980 peccatorem

2172 1005 2448 1073 pomposis
2490 1003 2834 1073 apparatibus
2866 1003 3122 1059 decenter
3163 1002 3364 1062 efferri.
3401 1017 3556 1072 quem
3587 1002 3664 1058 sic
3691 1002 3769 1055 fa-

2175 1098 2318 1152 milia
2344 1097 2566 1166 plangit,
2594 1096 2809 1166 utpium
2834 1095 3000 1152 fuisse
3027 1096 3274 1150 humanis
3295 1096 3513 1150 auribus
3540 1093 3768 1149 mentia-

2177 1199 2281 1244 tur.
2325 1190 2499 1244 Amici
2529 1190 2688 1245 etiam
2724 1205 2843 1245 eum
2877 1189 3132 1259 impensis
3167 1188 3414 1259 lacrymis
3445 1202 3775 1259 prosequun-

2178 1294 2293 1350 tur;
2323 1293 2382 1339 ut
2413 1299 2598 1340 revera
2624 1293 2779 1354 putes
2812 1284 3072 1338 bonorum
3100 1283 3330 1353 aliquem
3362 1291 3611 1352 ereptum
3631 1323 3646 1348 ,
3679 1279 3772 1350 qui

2177 1394 2366 1450 magna
2413 1379 2754 1448 cognoscitur
2803 1377 3183 1432 lamentatione
3229 1375 3474 1431 deﬂetus.
3523 1375 3660 1442 Quid
3707 1374 3775 1428 de

2175 1472 2426 1544 pretiosis
2479 1472 2774 1526 referamus
2812 1469 3097 1537 odoribus,
3135 1467 3331 1539 quibus
3375 1476 3430 1524 et
3470 1476 3588 1536 post
3627 1480 3775 1520 mor-

2178 1574 2283 1620 tem
2309 1579 2496 1619 eorum
2535 1577 2787 1618 mansura
2819 1576 3045 1630 corpora
3073 1560 3427 1626 condiuntur,
3456 1557 3599 1628 quod
3625 1566 3773 1611 tanto

2178 1656 2377 1723 studio,
2408 1664 2556 1711 tanto
2582 1662 2839 1725 apparatu
2872 1655 3172 1726 peragitur,
3205 1663 3262 1709 ut
3291 1653 3344 1707 in
3394 1651 3667 1706 funeribus
3699 1651 3775 1718 ip-

2179 1765 2363 1804 sorum
2431 1748 2776 1818 superstitum
2842 1747 2954 1802 vita
2997 1746 3308 1802 recreetur?
3357 1744 3458 1801 Ubi
3509 1753 3592 1800 est
3646 1758 3774 1812 ergo

482 1830 647 1886 nitur.
670 1831 810 1897 Sive,
832 1842 887 1886 ut
907 1833 996 1886 alii
1019 1833 1291 1898 dixerunt,
1311 1833 1488 1903 juxta,
1513 1832 1774 1901 significat
1797 1849 1902 1887 non
1926 1834 2067 1898 loco,
2101 1839 2149 1900 Β
2178 1851 2501 1914 peccatorum
2552 1856 2691 1894 mor;
2743 1839 3001 1910 pessima?
3048 1838 3268 1897 scilicet
3315 1838 3366 1892 in
3414 1837 3651 1902 inferno,
3686 1835 3774 1890 ubi

483 1925 580 1981 sed
608 1925 825 1980 auxilio.
858 1925 1250 1994 inspiciendum
1279 1935 1363 1981 est
1393 1941 1610 1996 quoque
1630 1925 1772 1996 quod
1802 1926 1960 1990 dicit,
1986 1927 2074 1994 qui

481 2017 728 2073 tribulato
756 2026 874 2072 sunt
915 2018 1087 2074 corde.
1114 2018 1260 2074 Multi
1284 2015 1426 2073 enim
1477 2019 1810 2086 tribulantur,
1847 2017 1941 2073 sed
1967 2035 2072 2074 non

483 2125 550 2166 ex
579 2111 764 2176 corde,
795 2120 853 2165 ut
880 2109 1122 2180 queruli,
1155 2111 1314 2178 fatui,
1348 2112 1436 2181 qui
1470 2120 1687 2180 peccata
1715 2126 1820 2165 non
1852 2111 2070 2180 deﬂent,

482 2202 581 2258 sed
608 2201 878 2256 mundana
905 2217 999 2256 eos
1015 2202 1218 2258 .damua
1245 2204 1586 2257 contristant.
1623 2203 1702 2256 Illi
1753 2211 1930 2258 autem
1961 2220 2077 2257 cor-

485 2295 552 2350 de
569 2295 900 2363 tribulantur,
925 2295 1015 2366 qui
1042 2297 1211 2352 aliena
1238 2297 1376 2350 mala
1399 2312 1521 2352 suas
1548 2296 1744 2352 faciunt
1768 2311 1886 2352 esse
1914 2298 2077 2352 mise-

484 2388 625 2453 rias,
671 2388 761 2457 qui
817 2387 1075 2442 mundum
1129 2387 1373 2458 lugentes
1423 2389 1786 2458 generalitatis
1836 2389 2078 2444 cladibus

484 2480 809 2550 afﬂiguntur.
834 2481 984 2551 Ipsos
1014 2495 1242 2550 namque
1271 2481 1520 2551 salvabit,
1550 2486 1640 2553 qui
1679 2499 1738 2539 se
1768 2483 2078 2538 humillimis

486 2573 990 2628 conversationibus
1036 2573 1408 2630 suadiderunt.
1448 2576 1512 2630 Et
1545 2575 1763 2631 intende
1813 2575 1936 2646 quia
1971 2591 2079 2631 non

487 2666 618 2722 dicit
655 2667 830 2722 verbis
859 2666 1098 2738 humiles,
1128 2668 1267 2738 quod
1303 2669 1464 2724 habet
1499 2670 1815 2739 plerumque
1844 2669 2081 2738 nequitia

485 2767 851 2828 peccatorum,
881 2759 976 2815 sed
1006 2760 1237 2829 spiritu;
1275 2761 1412 2816 sicut
1452 2760 1506 2816 in
1551 2762 1842 2832 Evangelio
1891 2761 2020 2816 dicit
2064 2777 2078 2816 :

487 2850 634 2907 Beati
682 2868 928 2923 pauperes
972 2855 1186 2924 spiritu,
1215 2857 1454 2924 quoniam
1495 2855 1722 2926 ipsorum
1750 2863 1823 2909 est
1865 2872 2082 2926 regnum

487 2944 729 3002 calorum
754 2944 971 3016 (Matth.
999 2962 1051 3013 v,
1083 2948 1162 3003 ⁸5).

563 3037 719 3096 Vera.
746 3038 832 3093 l9.
863 3037 992 3092 Res.
1027 3039 1210 3095 Multa:
1235 3041 1589 3096 tribulationes
1611 3043 1901 3112 justorum,
1930 3052 1975 3098 et
2021 3044 2088 3097 de

489 3128 570 3183 his
595 3129 828 3184 omnibus
851 3130 1081 3184 liberavit
1109 3127 1193 3186 eos
1219 3132 1489 3188 Dominus.
1523 3133 1593 3188 Et
1618 3135 1706 3190 hic
1728 3143 1782 3188 et
1805 3136 1940 3190 alter
1965 3151 2086 3190 ver-

2177 1933 2375 2001 recepti
2391 1945 2575 2002 paenae
2599 1932 2874 2000 patiuntur
2885 1939 3134 1985 aeternas.
3158 1929 3367 1997 Quanta
3388 1929 3530 1982 enim
3553 1941 3772 1997 pompa,

2178 2036 2236 2079 ut
2263 2025 2556 2090 credimus,
2577 2034 2899 2094 purpuratus
2926 2022 3018 2078 ille
3037 2023 3186 2078 dives
3207 2021 3273 2077 ad
3301 2021 3544 2089 sepulcra
3579 2020 3774 2088 perdu-

2178 2125 2296 2172 ctus
2324 2124 2428 2183 est,
2450 2115 2539 2186 qui
2563 2124 2765 2186 guttam
2797 2131 2950 2186 aqua:
2975 2115 3180 2185 frigidm
3202 2115 3268 2169 ab
3298 2113 3497 2168 Lazaro
3543 2126 3775 2182 paupere

2177 2209 2468 2280 postulavit
2507 2208 2658 2278 (Luc.
2689 2224 2796 2274 xvi,
2826 2207 2955 2278 24)?
2983 2208 3047 2262 Et
3090 2216 3213 2261 nota
3242 2205 3383 2276 quod
3428 2205 3484 2260 in
3530 2205 3631 2259 isto
3682 2219 3775 2260 no-

2179 2303 2323 2359 mine
2373 2305 2636 2372 asperitas
2691 2300 2878 2356 mortis
2929 2299 3098 2370 ipsius
3147 2298 3488 2368 explanatur.
3541 2295 3774 2350 Pessima

2181 2398 2323 2452 enim
2362 2395 2505 2450 dicta
2545 2404 2664 2460 est,
2709 2393 2864 2464 quasi
2921 2392 3284 2462 pessumdata.
3321 2389 3606 2460 Subjunxit
3637 2404 3774 2458 quo-

2180 2501 2330 2556 que:
2377 2484 2445 2539 Et
2493 2464 2582 2556 qui
2629 2484 2842 2538 oderunt
2875 2484 3075 2554 justum
3123 2481 3446 2552 delinquant,
3483 2481 3533 2535 id
3575 2489 3658 2536 est
3688 2481 3775 2550 qui

2183 2577 2468 2632 Dominum
2498 2575 2832 2632 Salvatorem
2872 2574 3106 2630 nefando
3136 2573 3261 2630 odio
3292 2573 3554 2629 habentes
3576 2613 3592 2636 ,
3623 2588 3761 2626 man.

2185 2667 2308 2722 data
2336 2668 2503 2737 ipsius
2523 2666 2799 2735 suscipere
2826 2665 3138 2731 noluerunt;
3165 2680 3286 2720 nam
3313 2675 3367 2720 et
3389 2665 3616 2719 istorum
3643 2679 3774 2718 mors

2185 2761 2407 2832 pessima
2456 2767 2577 2826 est,
2632 2758 2770 2814 sicut
2812 2766 2866 2814 et
2907 2759 3119 2814 illorum
3167 2758 3235 2814 de
3277 2757 3470 2829 quibus
3524 2757 3771 2828 superius

2185 2851 2341 2909 dixit.

2161 2946 2164 2950 ’
2259 2945 2410 3005 Vera.
2438 2944 2527 2998 2‘2.
2561 2942 2698 2999 Tan.
2729 2941 2966 2999 Redimet
3006 2941 3257 2997 Dominus
3290 2943 3490 2998 animas
3517 2955 3774 2996 servorum

2186 3055 2423 3104 suorum,
2452 3048 2500 3093 et
2529 3054 2631 3092 non
2659 3037 2974 3107 derelinquet
3014 3053 3183 3091 omnes
3211 3037 3298 3107 qui
3326 3045 3533 3107 sperant
3560 3037 3614 3088 in
3643 3051 3773 3089 eum.

2187 3133 2358 3201 Quam
2386 3132 2522 3187 bene
2551 3131 2602 3187 in
2641 3145 2736 3202 spe
2765 3132 3025 3186 honorum
3058 3131 3295 3200 psalmus
3325 3130 3425 3185 iste
3454 3129 3638 3185 finitus
3664 3138 3772 3194 est,

489 3237 582 3278 sus
604 3223 780 3278 adhuc
796 3225 1059 3294 justorum
1084 3227 1222 3280 bona
1242 3215 1683 3283 commemorant.
1709 3231 1906 3298 Aptum
1937 3221 2080 3286 enim
2112 3231 2158 3295 C
2189 3237 2246 3280 ut
2275 3224 2538 3279 malorum
2570 3223 2789 3293 collegia
2829 3224 3141 3279 deserentes
3161 3267 3176 3292 ,
3209 3222 3274 3278 ad
3306 3222 3442 3278 bona
3492 3225 3670 3292 potius
3699 3222 3776 3276 fu-

489 3314 590 3370 fuit
616 3317 734 3386 plus
759 3316 826 3372 de
855 3317 955 3372 ista
985 3327 1134 3387 parte
1165 3319 1334 3388 loqui,
1363 3335 1430 3375 ne
1452 3320 1656 3388 fragilia
1687 3323 1851 3377 corda
1886 3333 2085 3378 morta-

491 3407 622 3464 lium
663 3407 858 3464 iterato
885 3410 1082 3480 saepius
1104 3412 1298 3467 timore
1319 3414 1752 3469 succumberent.
1786 3415 1970 3471 Multa:
1996 3431 2088 3472 re-

491 3515 617 3554 vera
648 3501 997 3556 tribulationes
1026 3511 1151 3557 sunt
1172 3505 1458 3573 justorum,
1491 3506 1615 3576 quia
1643 3521 1739 3562 eos
1761 3516 1816 3562 et
1842 3509 2085 3566 diabolus

419 3653 428 3659 _
495 3591 721 3647 validius
774 3596 1093 3664 insequitur,
1139 3605 1194 3650 et
1233 3595 1477 3653 homines
1536 3613 1630 3668 per
1669 3599 1926 3655 invidiam
1979 3601 2086 3658 fre-

492 3699 719 3756 quenter
739 3689 999 3758 affligunt.
1034 3691 1234 3746 Deinde
1271 3692 1464 3760 impius
1509 3693 1751 3748 tribulari
1793 3703 2000 3762 potest,
2037 3695 2080 3750 si

494 3781 622 3849 quid
647 3781 931 3837 adversum
955 3784 1101 3839 solus
1123 3787 1235 3852 ipse
1258 3786 1524 3854 patiatur;
1543 3786 1717 3856 justus
1737 3802 1866 3842 vero
1887 3797 1940 3843 et
1962 3803 2086 3857 pro-

496 3875 626 3942 priis
654 3875 991 3944 passionibus
1017 3877 1298 3949 afﬂigitur,
1330 3887 1384 3934 et
1418 3879 1536 3934 aliis
1574 3881 1838 3938 charitate
1866 3895 2085 3950 compa-

493 3966 644 4023 titur.
678 3967 787 4024 Sed
816 3985 937 4024 eum
965 3969 1338 4041 subiungitur,
1371 3982 1418 4025 et
1454 3971 1519 4027 de
1547 3972 1778 4026 omnibus
1813 3973 1892 4027 his
1929 3973 2083 4046 113

493 4061 723 4116 liberavit
749 4080 837 4118 eos
871 4063 1140 4132 Dominus,
1175 4067 1411 4134 potentia
1441 4066 1713 4123 Creatoris
1740 4069 2040 4122 ostenditur
2067 4086 2080 4124 :

490 4154 610 4224 quia
656 4153 1022 4212 liberationem
1073 4157 1188 4226 ejus
1230 4159 1630 4214 tribulationum
1675 4159 1933 4229 impedire
1976 4174 2084 4213 non

492 4253 670 4313 potest
687 4247 987 4303 multitudo.
1015 4247 1168 4304 Unde
1193 4249 1459 4319 colligitur
1488 4266 1700 4307 omnem
1719 4251 1926 4322 justum
1949 4251 2086 4306 mul-

495 4340 564 4391 tis
601 4339 821 4406 quidem
866 4340 1295 4397 tribulationibus
1336 4345 1580 4410 onerari,
1617 4345 1710 4400 sed
1741 4344 1807 4399 de
1834 4344 2083 4399 omnibus

494 4427 858 4486 indubitanter
881 4433 1110 4487 absolvi.

567 4519 720 4577 Vere.
751 4522 842 4577 20.
885 4521 1142 4579 Dominus
1187 4527 1408 4580 custodit
1455 4527 1626 4580 omnia
1675 4543 1806 4598 ossa,
1842 4544 2016 4582 eorum
2062 4544 2082 4581 :

2191 3327 2306 3375 tura
2338 3318 2655 3374 tendamus!
2687 3315 2917 3371 erimel
2951 3315 3224 3381 Dominus,
3273 3315 3479 3370 scilicet
3521 3313 3775 3384 sanguine

2187 3409 2428 3481 pretioso
2473 3425 2486 3462 :

2188 3510 2533 3574 peccatorum
2555 3500 2733 3555 dehita
2764 3500 3070 3569 captivitate
3099 3499 3409 3554 redimetur.
3435 3500 3648 3553 Animas
3670 3499 3773 3553 fre-

2188 3605 2416 3669 quenter
2461 3593 2736 3664 Scriptura
2787 3594 2935 3662 ponit
2989 3608 3084 3662 pro
3135 3593 3480 3660 hominibus,
3534 3592 3672 3646 sicut
3722 3591 3773 3645 in

2193 3692 2382 3747 Exodo
2408 3693 2662 3759 scriptum
2691 3695 2774 3743 est
2806 3705 2818 3741 :
2850 3687 3252 3742 Descenderunt
3279 3687 3330 3742 in
3352 3685 3642 3758 Egyptum
3665 3685 3776 3740 ani-

2189 3802 2290 3840 mte
2329 3789 2664 3854 septuaginta
2693 3783 2928 3852 quinque
2957 3780 3153 3852 (Exod.
3197 3797 3236 3848 I,
3278 3781 3358 3851 5).
3389 3783 3431 3835 Α
3460 3791 3610 3849 parte
3635 3783 3773 3834 enim

2188 3880 2413 3934 meliore
2454 3878 2588 3933 bene
2621 3885 2763 3932 totus
2801 3875 2962 3930 homo
2992 3874 3300 3945 suscipitur.
3342 3873 3446 3928 Sed
3493 3874 3611 3927 vide
3654 3872 3774 3943 quia

2189 3989 2448 4027 servorum
2467 3987 2679 4026 suorum
2704 3969 2853 4036 dicit,
2873 3985 2976 4023 nun
3005 3969 3185 4038 iniqua
3207 3970 3449 4024 libertate
3466 3967 3774 4022 viventium.

2188 4066 2405 4123 Addidit
2434 4080 2645 4136 quoque
2665 4107 2679 4130 ,
2703 4074 2752 4119 et
2780 4081 2881 4118 non
2911 4064 3256 4134 derelinquet,
3289 4063 3492 4118 scilicet
3524 4073 3772 4131 tanquam

2188 4157 2378 4213 Pastor
2407 4158 2579 4214 bonus
2605 4197 2618 4222 .
2652 4157 2740 4227 qui
2771 4172 2899 4212 os'es
2929 4172 3052 4211 suas
3080 4156 3266 4212 sedula
3299 4157 3496 4226 pietate
3522 4154 3774 4210 custodit.

2185 4250 2290 4306 Sed
2333 4250 2622 4321 geminavit
2665 4249 3036 4319 promissionis
3076 4249 3297 4303 omnino
3343 4248 3626 4302 cautelam.
3661 4244 3777 4300 Non

2187 4344 2328 4400 enim
2357 4343 2488 4398 dicit
2514 4343 2716 4397 nullum
2746 4342 3078 4412 derelinqui,
3112 4342 3205 4396 sed
3248 4357 3420 4394 omnes
3450 4341 3537 4408 qui
3572 4343 3779 4403 sperant

2185 4438 2238 4492 in
2261 4453 2396 4492 eum.
2424 4436 2554 4491 Nam
2582 4435 2919 4505 derelinquat
2947 4435 3068 4489 illos
3103 4435 3189 4504 qui
3223 4450 3373 4496 spem
3416 4444 3566 4484 suam
3604 4439 3696 4482 aut
3724 4429 3776 4482 in

2188 4529 2418 4598 propriis
2432 4528 2762 4593 viribus,aut
2783 4530 2835 4579 in
2858 4525 3083 4592 alicujus
3105 4519 3336 4576 hominis
3360 4523 3780 4592 praesumptione

2533 3407 2787 3478 quoniam
2837 3407 2924 3476 qui
2975 3408 3025 3460 in
3071 3407 3186 3475 ipso
3223 3412 3368 3460 recte
3409 3404 3720 3470 crediderit,
3748 3418 3775 3458 a

494 4630 654 4669 unum
681 4631 745 4670 ea:
768 4615 848 4670 his
872 4633 977 4671 non
1003 4627 1308 4674 conteretur.
1337 4619 1468 4674 Ossa
1493 4620 1623 4674 dixit
1654 4620 1888 4675 fidelium
1918 4621 2081 4676 firmi-
2111 4619 2158 4678 D
2186 4619 2484 4689 posuerint.

496 4716 681 4777 tatem,
713 4709 766 4764 id
795 4720 877 4765 est
901 4712 1234 4778 patientiam,
1265 4713 1722 4768 mansuetudinem
1773 4723 1826 4769 et
1856 4726 2079 4770 caeteras

497 4796 717 4853 virtutes
741 4839 756 4864 ,
797 4815 916 4870 qua:
948 4801 1122 4869 perire
1148 4803 1200 4857 in
1237 4803 1436 4858 sanctis
1477 4813 1784 4872 nequeunt,
1817 4805 1938 4873 quia
1971 4805 2077 4861 Do-

496 4892 641 4946 mino
664 4897 887 4950 custode
909 4906 1209 4951 servantur.
1243 4897 1357 4966 Ipsa
1388 4910 1510 4952 sunt
1538 4898 1678 4952 enim
1709 4913 1826 4968 quae
1853 4899 2080 4955 commi-

497 4983 588 5036 nui
618 4998 724 5038 non
754 4997 1007 5053 possunt,
1039 4988 1283 5056 quamvis
1310 5003 1564 5057 corporea
1600 5006 1713 5044 ossa
1747 4989 2078 5059 frangantur.

494 5070 629 5126 Nam
655 5074 699 5126 si
739 5075 806 5127 ad
838 5075 1066 5131 litteram
1096 5079 1438 5146 consideres,
1473 5095 1578 5135 non
1609 5082 1826 5136 tninima
1856 5085 2083 5152 quaestio

495 5164 708 5220 videtur
735 5167 937 5222 oboriri
969 5187 982 5222 :
1013 5172 1283 5238 quomodo
1314 5173 1534 5226 latronis
1564 5174 1705 5228 illius
1734 5191 1851 5229 ossa
1874 5175 1958 5228 cui
1989 5175 2085 5227 Do-

493 5257 671 5312 minus
694 5258 905 5314 dixerat
935 5276 949 5314 :
985 5260 1160 5316 Hodie
1191 5280 1384 5318 mecum
1417 5267 1519 5319 eris
1551 5266 1604 5319 in
1646 5269 1888 5335 paradiso
1927 5265 2077 5336 (Luc.

494 5367 647 5416 mu,
669 5353 784 5423 45),
817 5370 922 5409 ηοη
953 5369 1075 5410 sunt
1107 5361 1357 5429 coiitrita,
1391 5378 1510 5432 qua:
1539 5379 1567 5414 a
1601 5363 1858 5416 militibus
1890 5363 2082 5434 li-gun-

496 5453 581 5498 tur
600 5461 720 5501 esse
746 5446 1051 5516 confracta;
1082 5461 1135 5506 et
1165 5455 1455 5526 muyorum
1487 5466 1780 5524 martyrum
1813 5455 2080 5524 corporali

492 5535 799 5592 conditione
819 5543 1024 5608 reperis
1038 5556 1160 5599 esse
1177 5544 1408 5598 violata?
1427 5544 1532 5599 Sed
1559 5546 1662 5600 hoc
1682 5562 1842 5600 omne
1869 5561 2079 5600 naevum

491 5621 774 5684 dubietatis
813 5634 1081 5701 excludit,
1114 5636 1158 5690 si
1207 5652 1321 5690 ossa
1371 5637 1621 5691 virtutem
1651 5638 1774 5692 ﬂdei
1822 5645 1877 5692 et
1919 5638 2082 5693 robur

492 5725 684 5778 anima:
705 5725 1017 5780 sentiamus.

574 5813 723 5868 Vcrs.
763 5817 851 5870 2|.
897 5818 1008 5872 δικ.
1060 5818 1204 5874 Mors
1243 5831 1565 5887 peccatorum
1604 5824 1854 5892 pessima;
1893 5832 1940 5876 et
1991 5822 2080 5891 qui

2728 4710 3005 4767 Conclusio
3035 4709 3238 4777 psalmi.

2260 4807 2477 4862 Peracta
2501 4812 2626 4860 sunt
2647 4804 2834 4874 psalmi
2859 4803 3014 4870 hujus
3037 4811 3372 4858 sacrosancta
3398 4801 3778 4871 mysteria.ubi

2187 4901 2268 4956 sic
2296 4901 2579 4954 missarum
2615 4899 2747 4952 ordo
2796 4898 3091 4962 completus
3122 4906 3236 4960 est,
3279 4907 3334 4951 ut
3375 4913 3494 4950 eum
3540 4896 3781 4950 conscri-

2189 5003 2335 5064 ptum
2362 5004 2512 5061 putes
2534 4991 2865 5058 temporibus
2885 4989 3224 5044 Christianis.
3250 4989 3343 5042 Hic
3370 4991 3512 5043 enim
3543 4999 3588 5042 et
3620 4987 3779 5039 hvm-

2188 5099 2376 5138 norum
2404 5081 2538 5137 ordo
2568 5080 2829 5135 decursus
2855 5092 2967 5141 est;
3005 5080 3089 5132 hic
3127 5079 3192 5133 ad
3224 5078 3648 5133 communionem
3677 5075 3782 5130 de-

2187 5185 2345 5230 votus
2388 5174 2614 5244 populus
2661 5174 2877 5241 juhctur
2922 5174 3208 5234 accedere;
3244 5172 3328 5227 hic
3367 5171 3654 5227 invitantur
3679 5183 3782 5223 ve-

2188 5270 2306 5324 nire
2343 5270 2430 5338 qui
2481 5269 2646 5334 prima
2691 5268 2811 5322 ﬁdei
2853 5267 3160 5321 rudimenta
3192 5267 3519 5334 su-cipiunt,
3554 5277 3604 5318 ut
3635 5263 3778 5315 nihil

2189 5372 2348 5417 tantm
2382 5363 2460 5416 rei
2496 5362 2685 5417 deesse
2715 5362 2946 5425 sentias,
2977 5376 3098 5415 cum
3127 5370 3303 5415 tamen
3346 5359 3548 5412 nullum
3583 5359 3781 5408 horum

2186 5462 2314 5509 tunc
2342 5455 2650 5522 provenisse
2695 5468 3007 5523 cognoscas.
3041 5453 3136 5507 llic
3175 5454 3337 5506 etiam
3381 5467 3545 5519 genus
3587 5450 3783 5502 huma-

2189 5562 2340 5615 num,
2369 5555 2422 5602 et
2460 5547 2723 5615 justorum
2767 5547 2922 5599 bonis
2969 5547 3246 5611 invitatur,
3291 5555 3344 5600 ct
3388 5545 3642 5598 malorum
3693 5543 3784 5594 ul-

2189 5640 2332 5694 tione
2373 5648 2621 5693 terrctur.
2657 5637 2766 5691 l-loc
2807 5645 2891 5690 est
2929 5637 3069 5706 quod
3117 5639 3299 5692 titulus
3338 5637 3428 5690 ille
3460 5635 3782 5704 praciuuit,

2189 5733 2392 5800 quando
2423 5730 2587 5784 David
2618 5740 2736 5782 ante
2787 5729 3073 5783 Abimelech
3131 5733 3330 5783 vultum
3359 5730 3601 5789 uisitauit;
3631 5734 3684 5774 ut
3723 5733 3786 5774 et

2192 5839 2289 5878 nos
2316 5835 2550 5878 nostram
2577 5825 2898 5889 voluptatem
2923 5823 3123 5877 utiliter
3149 5832 3558 5884 commutantur»,
3590 5817 3647 5869 ad
3687 5824 3784 5867 ιιι-
