3996 6346
263 433 369 489 2M

1139 425 1497 484 EXPOSITIO
1534 425 1603 482 IN
1641 418 2106 481 PSALTERIUM.
2150 420 2345 476 PSAL.
2387 416 2628 474 XXXIV.
2702 490 2705 493 _

3450 419 3557 475 2ιὲ

268 551 537 606 tissimam
584 547 796 604 Domini
847 545 1145 603 Ecclesium
1204 541 1522 597 catholicam
1577 537 1868 608 confugere
1894 541 1947 596 A
1973 548 2082 589 non
2120 532 2392 588 desinunt.
2425 529 2708 601 Expugnat
2745 536 2921 584 autem
2963 528 3256 598 Dominus,
3289 530 3379 599 qui
3408 530 3556 585 solus

268 645 587 700 debeamus.
636 642 732 697 Est
776 640 937 697 etiam
987 638 1220 693 calculus
1265 638 1407 701 iste,
1456 649 1558 704 qua
1611 632 1868 687 Dominus

268 744 432 793 aetate
456 749 648 805 passus
676 743 760 791 est
779 774 794 799 ,
837 734 891 789 in
921 745 1025 803 qua
1054 739 1109 788 et
1143 744 1241 786 nos
1270 728 1501 785 lectione
1538 726 1753 781 Patrum
1784 738 1870 780 re-

270 843 498 899 surgere
538 827 833 883 credimur.
875 825 953 881 l)e
995 838 1095 893 qua
1138 831 1290 892 pater
1323 820 1651 890 Augustinus
1679 818 1733 872 in
1764 816 1873 871 En-
1954 880 1959 881 ί

268 922 538 977 chiridion
569 922 706 976 libro
732 934 829 977 suo
860 917 1010 990 (Cap.
1039 915 1109 973 84
1141 924 1190 971 et
1218 914 1350 987 seq.)
1385 912 1783 997 multipliciter,
1814 918 1875 964 ut

272 1016 437 1080 solet,
487 1014 876 1082 diligenterque
926 1010 1210 1074 tractavit;
1255 1016 1313 1060 ut
1352 1008 1479 1060 nulli
1536 1006 1604 1060 sit
1649 1004 1869 1058 dubium

272 1108 543 1177 psalmum
588 1107 753 1159 tantis
802 1102 1083 1157 virtutibus
1131 1108 1540 1163 consecratum,
1603 1094 1876 1149 memoria:
1950 1152 1955 1158 ,

279 1211 476 1255 nostra:
521 1196 753 1252 sacculis
784 1197 931 1249 velut
962 1195 1271 1250 thesaurum
1303 1193 1574 1249 t-(elestem
1613 1185 1877 1257 frequenti

276 1288 633 1345 meditatione
662 1286 1025 1342 condendum.

519 1427 877 1484 EXPOSITIO
914 1428 981 1482 IN
1021 1424 1346 1481 PSALMUM
1387 1421 1630 1477 XXXIV.

916 1520 944 1575 Ι
951 1521 1031 1592 psi
1058 1520 1248 1573 David.

363 1636 482 1692 Non
527 1645 708 1707 gravat
756 1634 992 1690 breviter
1033 1633 1299 1688 interdum
1331 1631 1469 1686 dicta
1514 1639 1791 1699 repetere,
1823 1634 1882 1680 ut

288 1730 519 1799 legentis
542 1730 750 1782 animus
781 1728 846 1781 ad
880 1727 1155 1780 memoria)
1191 1723 1491 1779 necessaria
1516 1720 1686 1774 studia
1722 1732 1880 1773 revo-

282 1836 457 1878 cetur.
513 1821 678 1875 David
709 1863 725 1887 ,
774 1823 912 1874 sicut
959 1819 1231 1882 diximus,
1277 1817 1410 1869 duas
1462 1805 1883 1881 signiﬁcationes

1944 616 1949 622 ’
1972 625 2225 697 praevalet
2249 623 2470 692 implere
2492 636 2611 692 quae
2627 619 2763 695 vult,
2787 620 2939 688 cujus
2960 628 3231 675 certamen
3255 619 3412 675 trium
3422 620 3560 689 phus

1972 730 2077 787 est,
2108 731 2161 774 et
2184 719 2360 774 omnis
2376 730 2549 787 pugna
2577 714 2821 769 victoria.

2044 812 2200 867 Vers.
2227 810 2281 863 2.
2315 788 2649 880 Apprehendc
2675 821 2820 858 arma
2850 813 2898 858 et
2930 813 3158 870 scutum,
3192 814 3239 859 et
3263 821 3476 877 exsurge
3504 807 3560 858 in

1976 906 2291 977 adjutorium
2333 900 2480 955 mihi.
2505 901 2659 953 Arma
2698 899 2763 952 ab
2800 898 3033 953 arcendo
3056 897 3198 951 dicta
3222 906 3385 963 sunt,
3417 895 3560 967 quod

1952 1015 2075 1071 per
2104 1014 2165 1053 ea
2202 997 2386 1051 hostes
2425 993 2838 1047 violentissimos
2877 1004 3172 1045 arceamus.
3211 990 3273 1043 Et
3306 991 3431 1043 ideo
3462 990 3565 1044 hoc

1983 1091 2210 1144 humana
2239 1086 2631 1142 consuetudine
2659 1084 2874 1147 dicitur,
2898 1098 3015 1151 quae
3045 1091 3214 1135 armat
3238 1096 3473 1147 manum,
3507 1090 3567 1137 ut

1981 1183 2248 1250 Opprimat
2294 1178 2588 1231 inimicum.
2638 1174 2901 1229 Cancrum
2945 1191 3086 1226 arma
3117 1184 3167 1227 et
3206 1182 3404 1227 scutum
3449 1174 3567 1228 sola

1952 1264 1955 1265 ⁷
1983 1276 2229 1331 voluntas
2255 1285 2338 1327 est
2366 1270 2609 1334 Domini,
2633 1284 2732 1337 qua
2774 1268 3008 1337 protegit
3046 1267 3430 1334 periclitantem
3454 1308 3469 1332 ,
3513 1274 3570 1322 et

1985 1377 2254 1439 expugnat
2290 1370 2598 1420 adversum.
2635 1364 2780 1416 llanc
2808 1362 2950 1416 enim
2979 1360 3325 1429 tropologiam
3355 1359 3483 1415 dicit
3513 1368 3590 1428 et:

1984 1464 2271 1532 Apostolus
2299 1477 2310 1513 :
2340 1459 2555 1513 Scutum
2578 1456 2718 1524 fidei,
2747 1462 2792 1508 et
2820 1454 3016 1524 galeam
3036 1452 3237 1517 salutis,
3264 1460 3310 1505 et
3338 1451 3571 1523 gladium

1957 1556 2195 1627 spiritus
2244 1550 2463 1625 (Ephes.
2508 1564 2590 1614 Vl,
2628 1546 2708 1607 16,
2755 1544 2864 1615 l7).
2916 1545 3130 1599 Scutum
3183 1543 3327 1597 enim
3373 1543 3572 1597 dictum

1960 1655 2071 1722 lest
2098 1644 2247 1712 quasi
2280 1643 2569 1709 scnlptum,
2597 1638 2739 1706 quod
2786 1640 2838 1692 in
2883 1637 3001 1705 ipso
3044 1635 3247 1701 antiqui
3297 1650 3389 1690 sua
3432 1634 3574 1689 facta

1988 1738 2286 1809 signabant.
2318 1734 2448 1788 Nam
2500 1732 2641 1801 quod
2682 1731 2838 1797 dicit,
2880 1728 3234 1800 apprehende,
3273 1727 3511 1797 nunquid
3540 1741 3574 1782 a

1992 1834 2099 1889 Deo
2129 1833 2355 1886 sumitur
2390 1828 2454 1881 ad
2487 1838 2698 1896 tempus
2731 1824 3011 1895 peregrina
3039 1821 3316 1877 defensio?
3350 1822 3578 1890 Semper

264 1916 663 1983 amplectitur,
718 1929 877 1967 manu
922 1913 1113 1975 tortis,
1169 1920 1225 1966 et
1268 1908 1677 1970 desiderabilis,
1737 1905 1878 1974 quod

1998 1925 2063 1986 illi
2095 1934 2311 1994 paratus
2333 1931 2415 1977 est
2444 1921 2619 1973 exitus
2646 1932 2856 1983 rerum,
2892 1917 2977 1977 cui
3024 1914 3270 1983 probatur
3325 1914 3575 1981 omnipo-

284 2019 573 2069 utrnmque
616 2007 838 2061 Domino
882 2004 1145 2060 Salvatori
1190 2012 1393 2057 certum
1442 2009 1524 2055 est
1567 1999 1872 2053 convenire.

283 2099 441 2153 Manu
499 2098 651 2151 tortis
682 2098 811 2161 est,
871 2094 995 2166 quia
1037 2095 1224 2148 mortis
1276 2102 1471 2147 nostra:
1517 2089 1876 2161 captivitatem

282 2207 406 2245 cum
436 2190 600 2259 impio
629 2198 848 2243 auctore
873 2189 1193 2254 prostravit;
1226 2184 1592 2240 desiderabilis
1618 2194 1720 2244 est,
1746 2197 1879 2251 quo-

284 2284 431 2336 niam
459 2281 723 2334 adventus
752 2295 870 2344 ejus
899 2279 1053 2333 nobis
1085 2278 1222 2332 bona
1251 2276 1539 2331 ineffabilia
1575 2276 1875 2342 pollicetur.

284 2372 547 2429 Cantator
588 2387 719 2442 ergo
746 2376 981 2442 psalmus
1008 2372 1107 2426 iste
1137 2386 1164 2423 a
1198 2368 1425 2440 persena
1462 2369 1665 2423 Domini
1694 2368 1881 2423 Salva-

288 2469 443 2534 toris,
474 2467 561 2536 qui
593 2482 653 2521 se
683 2467 816 2535 petit
844 2466 912 2519 ab
954 2466 1289 2520 inimicorum
1336 2466 1704 2535 persecutione
1751 2464 1882 2518 libe-

289 2561 421 2615 rari.
451 2557 563 2627 Ipsi
602 2560 743 2614 enim
787 2559 872 2611 ubi
910 2568 1365 2613 commemoratur
1413 2558 1465 2611 in
1525 2558 1695 2623 titulo,
1730 2553 1883 2610 Chri-

294 2660 441 2703 stum
470 2659 770 2705 commonet
792 2650 1046 2719 intelligi,
1075 2651 1163 2720 qui
1194 2664 1430 2720 congrue
1459 2649 1624 2702 David
1654 2649 1880 2717 dicitur,

299 2741 554 2809 quoniam
584 2742 717 2797 bene
744 2742 866 2798 huic
907 2751 1015 2797 tota
1046 2741 1311 2811 expositio
1346 2741 1503 2796 istius
1530 2740 1761 2795 nominis
1791 2755 1884 2809 ap-

299 2832 552 2903 plicatur.
840 2852 845 2855 ν
909 2858 913 2863 ~
1104 2858 1105 2861 η
1175 2858 1179 2862 ι
1206 2854 1207 2859 π

288 2952 295 2957 .
861 2904 1058 2961 Divisio
1090 2906 1295 2975 psalmi.

367 3017 474 3074 Per
526 3024 696 3073 totum
749 3019 891 3072 hunc
954 3019 1209 3090 hymnum
1262 3020 1426 3075 verba
1480 3027 1606 3073 sunt
1676 3018 1886 3073 Domini

290 3108 493 3163 Christi
515 3123 546 3162 a
571 3108 970 3178 dispensatione
985 3124 1086 3179 qua
1117 3123 1305 3179 passus
1325 3119 1427 3165 est.
1443 3109 1623 3164 Primo
1644 3111 1887 3165 membro

290 3204 487 3271 psalmi
526 3204 963 3273 persecutoribus
1005 3204 1411 3259 retributionem
1438 3203 1670 3274 postulat
1693 3204 1890 3261 debere

1970 2016 2132 2082 ‘tens;
2182 2030 2279 2070 nec
2327 2011 2476 2083 quasi
2523 2012 2589 2066 de
2618 2009 2797 2078 quiete
2843 2022 3111 2078 exsurgere
3154 2005 3431 2069 creditur,
3484 2003 3578 2072 qui

1987 2123 2258 2179 nunquam
2296 2105 2530 2174 jacuisse
2574 2103 2895 2157 declaratur.
2926 2102 3084 2153 Arma
3118 2100 3279 2169 igitur
3307 2098 3581 2167 pertinent

1968 2188 2049 2259 ad
2080 2204 2386 2256 indumenta
2417 2198 2607 2261 ferrea,
2637 2211 2732 2265 per
2759 2209 2876 2263 qua!
2907 2194 3050 2246 salus
3080 2192 3305 2245 humana
3330 2187 3572 2243 defendi-

1986 2306 2100 2361 tur;
2127 2305 2326 2349 scutum
2362 2291 2427 2346 ad
2458 2288 2794 2358 repellendos
2820 2286 2955 2341 ictus
2986 2284 3211 2348 inimici,
3241 2291 3298 2335 ut
3326 2282 3579 2335 frustrata

1985 2389 2089 2444 tela
2129 2388 2361 2450 cadant,
2388 2398 2507 2453 quae
2555 2380 2765 2435 fuerant
2794 2379 2847 2432 in
2878 2376 3098 2431 exitium
3148 2372 3380 2428 hominis
3420 2368 3582 2425 desti-

1988 2491 2129 2535 nata.
2160 2480 2416 2533 Precatur
2456 2489 2583 2545 ergo
2615 2474 2872 2527 Dominus
2901 2468 3146 2523 Christus
3177 2482 3207 2520 a
3245 2476 3431 2519 natura
3480 2463 3580 2517 ltu-

1974 2566 2259 2630 manitatis
2286 2587 2419 2637 suae,
2444 2578 2503 2623 ut
2528 2548 2584 2622 et
2605 2567 2750 2621 salus
2777 2563 2893 2633 ejus
2926 2560 3121 2615 muniri
3153 2558 3366 2623 debeat,
3394 2562 3449 2611 et
3476 2554 3578 2608 ini-

1993 2668 2118 2723 mici
2146 2666 2396 2720 voluntas
2425 2661 2536 2716 suis
2559 2659 2779 2714 ausibus
2808 2655 3080 2712 eﬂeratur.

2064 2778 2217 2833 Vers.
2251 2778 2303 2831 '5.
2334 2772 2563 2840 E/funde
2583 2772 2852 2842 frameam,
2880 2775 2927 2821 et
2954 2766 3201 2820 concludo
3227 2765 3468 2818 adversus
3496 2776 3582 2816 eos

1989 2870 2078 2941 qui
2103 2871 2472 2939 persequuntur
2499 2877 2580 2915 me
2610 2877 2629 2915 :
2661 2861 2743 2913 dic
2770 2860 2957 2912 animae
2981 2871 3105 2911 mea:
3132 2870 3153 2910 :
3181 2854 3338 2911 Salus
3368 2865 3460 2908 tua
3489 2868 3583 2926 ego

1991 2977 2123 3016 sum.
2153 2960 2211 3013 ln
2242 2955 2534 3025 Scripturis
2562 2952 2777 3020 divinis,
2795 2954 2992 3021 framea
3017 2946 3211 3002 multas
3240 2945 3481 3001 continet
3507 2945 3585 2999 si-

1991 3051 2393 3124 gniﬁcationes;
2420 3046 2734 3114 intelligitur
2753 3042 2897 3096 enim
2927 3050 2981 3095 et
3002 3039 3232 3109 gladius,
3262 3035 3584 3106 intelligitur

1995 3147 2147 3201 basta
2178 3142 2395 3213 regalis,
2418 3138 2733 3207 intelligitur
2758 3144 2812 3192 et
2834 3134 3012 3197 dolus,
3046 3130 3359 3200 intelligitur
3380 3138 3436 3184 et
3460 3127 3585 3184 vin.

1995 3237 2163 3301 dicta;
2199 3234 2286 3288 hic
2310 3241 2487 3287 tamen
2522 3229 2634 3305 vult
2668 3227 2836 3296 accipi
2867 3225 3101 3280 animam
3130 3235 3312 3287 suam,
3340 3234 3463 3289 quae
3494 3235 3585 3277 re-

288 3300 508 3390 'resu.w'
544 3307 558 3343 :
591 3299 782 3359 omam
811 3291 1240 3390 “him???”
1271 3306 1395 3390 fma"
1436 3299 1613 3390 man
1658 3293 1721 3347 ad
1752 3306 1886 3390 αξη·
1914 3300 1960 3363 C
1995 3342 2123 3383 vera
2152 3291 2481 3379 adversariis
2521 3302 2719 3390 framea
2753 3291 2871 3372 fuit.
2910 3315 3014 3370 Per
3054 3314 3224 3384 ipsam
3255 3312 3455 3384 quippe
3486 3326 3581 3382 ge-

295 3384 603 3439 versionem
651 3398 838 3439 eorum
884 3386 995 3439 sint
1041 3384 1390 3439 nihilominus
1437 3385 1734 3455 profutura.
1791 3386 1890 3441 Se-

290 3476 477 3531 cundo
520 3479 589 3531 de
634 3479 1031 3534 resurrectione
1073 3493 1169 3534 sua
1214 3479 1414 3548 gaudet
1452 3489 1553 3537 :et
1584 3480 1888 3535 Judaaorum

292 3568 613 3637 iniquitates
637 3571 969 3638 exprobrans
992 3610 1008 3637 ,
1038 3580 1215 3626 actum
1247 3572 1476 3641 propriae
1505 3564 1772 3640 passionis
1794 3587 1888 3628 ex-

298 3663 476 3730 ponit.
509 3661 694 3717 Tertio
722 3664 983 3731 promittit
1011 3679 1068 3719 se
1096 3680 1192 3735 per
1221 3668 1525 3720 universum
1557 3668 1740 3722 orbem
1787 3677 1893 3723 ter-

294 3774 483 3813 rarum
524 3760 579 3814 in
610 3762 867 3817 membris
905 3762 1017 3817 suis
1065 3771 1306 3831 paterna:
1348 3765 1597 3831 potentia:
1627 3761 1890 3825 conﬁteri,

294 3852 393 3919 qui
439 3867 562 3905 eum
613 3852 681 3906 ab
729 3853 959 3907 inimicis
1014 3856 1126 3908 suis
1170 3854 1582 3909 resurrectionis
1632 3853 1894 3909 beneﬁcio

296 3944 557 3997 liberavit
600 3945 938 4013 :deprocans
991 3954 1050 3999 ut
1087 3947 1478 4001 confundantur
1526 3956 1896 4015 persecutores

292 4035 433 4107 [ed.,
464 4038 817 4109 peccatores],
843 4049 900 4094 et
917 4041 1184 4095 exsultent
1208 4042 1260 4095 in
1277 4054 1465 4110 magna
1491 4039 1658 4109 gloria
1687 4038 1894 4094 ﬁdeles.

855 4151 1119 4223 Expositio
1144 4154 1349 4224 psalmi.

384 4238 543 4310 114
566 4240 717 4296 Vers.
754 4242 801 4295 1.
829 4241 1036 4308 Judica,
1074 4244 1308 4310 Domine,
1341 4253 1572 4298 nocentes
1601 4259 1715 4306 me;
1742 4261 1901 4315 expu-

290 4347 408 4399 gna
435 4334 800 4402 impugnantes
827 4351 926 4390 me.
959 4340 1245 4405 Assumpta
1285 4353 1383 4406 pro
1412 4336 1565 4391 nobis
1591 4338 1789 4391 clamat
1820 4338 1899 4391 in-

292 4423 556 4486 ﬁrmitas,
587 4432 646 4478 ut
669 4426 992 4482 damnentur
1017 4438 1273 4496 nocentes,
1306 4429 1355 4483 id
1382 4438 1484 4495 est,
1512 4429 1757 4483 diabolus
1779 4443 1899 4484 cum

290 4516 573 4569 ministris
598 4556 612 4579 ,
647 4517 788 4586 quod
818 4529 1038 4574 noverat
1074 4535 1194 4575 esse
1233 4530 1539 4575 venturum.
1570 4522 1731 4577 Malos
1760 4512 1900 4577 enim

285 4608 546 4680 judicare
571 4607 829 4665 damnare
855 4622 954 4677 est,
988 4613 1105 4680 quia
1134 4624 1402 4682 nequeunt
1432 4616 1485 4668 in
1513 4614 1902 4683 disceptatione

1991 3430 2135 3474 stum
2164 3427 2245 3473 est
2290 3425 2347 3470 ut
2378 3414 2639 3468 idolorum
2671 3411 2846 3467 cultus
2884 3408 3174 3477 sacrilegus
3223 3405 3495 3467 interiret,
3527 3411 3589 3458 ut

1994 3510 2191 3566 diaboli
2220 3510 2528 3563 vinceretur
2553 3504 2824 3575 iniquitas,
2858 3510 2916 3556 ut
2941 3500 3131 3555 mortis
3158 3498 3322 3569 ipsius
3344 3503 3587 3565 potestas

1996 3616 2247 3671 percussa
2295 3596 2711 3662 succumberet,
2758 3609 2879 3650 cum
2920 3601 3047 3648 ante
3097 3600 3212 3646 toto
3256 3590 3389 3645 orbe
3422 3588 3586 3643 libera

1990 3682 2259 3766 potestate
2289 3699 2557 3762 regnaret.
2590 3687 2725 3744 Nam
2745 3689 2868 3743 etin
2896 3687 3002 3741 alio
3026 3685 3232 3755 psalmo
3254 3684 3363 3753 jam
3388 3682 3588 3739 lectum

1999 3799 2077 3840 est
2117 3802 2132 3841 :
2178 3784 2334 3853 Eripe
2372 3783 2594 3836 animam
2639 3795 2803 3834 meam
2834 3779 2898 3833 ab
2941 3778 3118 3848 impio,
3160 3776 3407 3848 frameam
3444 3782 3592 3827 tuam

1998 3875 2172 3949 (Psal.
2204 3891 2310 3940 xvr,
2342 3875 2453 3943 15).
2483 3871 2709 3940 Eﬂ'unde
2730 3886 2859 3940 ergo
2879 3869 3148 3937 frameam,
3176 3867 3227 3921 id
3247 3876 3330 3922 est
3355 3866 3591 3920 animam

2002 3985 2175 4024 meam
2208 3969 2369 4024 dilata
2398 3980 2622 4021 munere
2653 3974 2758 4019 tuae
2787 3962 3000 4032 pietatis
3035 3960 3263 4014 indulto.
3295 3956 3589 4026 Conclude,

2002 4062 2105 4117 hoc
2131 4072 2211 4116 est
2241 4062 2489 4130 passione
2529 4073 2645 4112 mea
2671 4096 2689 4123 ,
2724 4065 2777 4110 et
2816 4057 2933 4125 lege
2976 4060 3066 4107 tua
3101 4051 3360 4117 completa
3381 4090 3399 4117 ,
3428 4063 3594 4119 quam

2005 4153 2327 4222 praedixeras
2353 4166 2446 4218 per
2468 4148 2783 4219 praphetas.
2829 4144 2973 4199 Petit
3006 4143 3166 4197 etiam
3197 4141 3394 4195 anima:
3426 4153 3591 4195 suaa

2004 4244 2235 4299 Domino
2267 4243 2371 4298 dici
2398 4261 2411 4296 :
2438 4240 2593 4296 Salus
2619 4249 2708 4293 tua
2737 4255 2829 4310 ego
2850 4253 2983 4306 sum,
3015 4236 3137 4307 quia
3160 4234 3323 4290 verba
3352 4234 3470 4306 ejus
3497 4248 3595 4290 no.

2006 4337 2079 4391 vit
2099 4337 2215 4390 sine
2244 4335 2416 4404 aliqua
2441 4331 2750 4387 difﬁcultate
2780 4328 3058 4399 compleri.

2078 4428 2230 4484 Vers.
2283 4427 2338 4479 4.
2391 4423 2786 4494 Confundantur
2827 4431 2877 4477 et
2915 4430 3237 4477 revereantur
3286 4422 3598 4492 inquirenm

2003 4521 2226 4576 animam
2249 4533 2433 4571 meam.

2078 4622 2233 4677 Vers.
2256 4620 2308 4675 5.
2335 4620 2640 4673 Avertantur
2659 4628 2955 4683 retrorsum,
2974 4624 3023 4671 et
3039 4615 3438 4687 erubescantqui
3464 4615 3601 4686 cogi-

297 4702 535 4756 libet-ari
564 4702 651 4769 qui
683 4716 896 4771 semper
929 4706 1104 4773 pravis
1136 4708 1435 4762 actionibus
1473 4708 1765 4775 probantur
1802 4711 1902 4763 im-
1928 4690 1979 4750 Ῑ)
2010 4724 2120 4769 tant
2144 4715 2271 4768 mihi
2289 4718 2443 4766 mala.
2470 4713 2564 4767 llic
2582 4712 2691 4780 jam
2714 4712 2803 4766 ubi
2832 4712 2975 4767 venit
2989 4710 3054 4765 ad
3078 4711 3465 4779 homines,non
3487 4727 3601 4766 ma-

292 4795 500 4864 pliciti.
528 4795 636 4851 Sed
663 4797 793 4861 hoc,
823 4808 879 4851 ut
906 4798 1103 4852 dictum
1128 4809 1240 4865 est,
1270 4800 1335 4853 ad
1367 4801 1639 4855 diabolum
1668 4802 1901 4871 pertinet

288 4901 433 4940 cum
462 4886 783 4955 sequacibus
816 4890 925 4942 suis
945 4932 958 4953 ,
993 4904 1086 4958 per
1114 4906 1248 4958 quos
1277 4892 1521 4959 provenit
1549 4892 1781 4947 Judaica)
1810 4909 1902 4947 vo-

292 4981 535 5034 luntatis
562 4981 835 5049 iniquitas.
869 4982 996 5036 Nam
1026 4999 1147 5037 cum
1180 4986 1293 5053 ipse
1321 4986 1596 5055 prseeipiat
1628 5003 1641 5039 :
1674 4985 1780 5039 Pro
1802 4987 1902 5039 ini-

290 5073 460 5126 micis
492 5074 667 5127 restria
697 5084 836 5129 orate
859 5075 1074 5143 (Matth.
1101 5092 1153 5140 ν,
1178 5074 1293 5145 24),
1328 5077 1632 5132 hominibus
1660 5079 1772 5132 haec
1803 5092 1908 5132 non

292 5176 494 5239 potest
534 5171 827 5225 convenire
869 5170 1155 5225 sententia.
1203 5170 1351 5238 Ipsos
1389 5185 1517 5240 ergo
1555 5173 1683 5240 petit
1712 5173 1910 5227 debere

291 5262 600 5328 damnari,
635 5276 768 5330 quos
798 5262 997 5317 virtute
1029 5263 1377 5329 praeseientiae
1398 5278 1510 5317 suae
1539 5264 1687 5317 novit
1708 5262 1769 5315 ad
1798 5278 1913 5330 pa:-

290 5354 578 5409 nitudinis
601 5353 835 5408 remedia
859 5369 964 5408 non
987 5356 1189 5409 venire.
1216 5354 1345 5409 Nam
1370 5356 1421 5409 in
1441 5356 1911 5427 subsequentibus,

290 5448 405 5504 ubi
456 5448 607 5501 venit
649 5448 715 5501 ad
746 5449 1023 5513 homines,
1058 5453 1295 5504 converti
1318 5448 1431 5504 eos
1478 5449 1768 5515 desiderat,
1803 5465 1909 5504 non

292 5541 518 5612 perire.
547 5541 753 5610 Adjecit
784 5543 945 5597 etiam
973 5560 985 5596 :
1013 5541 1271 5615 Ezpugna
1300 5544 1659 5613 impugnantes
1682 5560 1778 5597 me.
1809 5543 1911 5611 Qui

294 5641 589 5707 impugnat
612 5652 870 5707 superare
901 5639 1206 5703 contendit;
1231 5640 1325 5708 qui
1346 5646 1670 5708 expugnatur
1694 5640 1911 5692 omnino

289 5733 425 5799 jam
457 5729 633 5783 virtus
662 5739 761 5781 est.
797 5730 985 5785 Merito
1024 5746 1151 5799 ergo
1182 5731 1401 5798 spiritus
1430 5728 1689 5783 immundi
1739 5728 1915 5799 impu-

294 5830 578 5894 gnatoros
624 5822 914 5888 dicuntur,
968 5825 1090 5894 quia
1133 5826 1255 5878 licet
1297 5832 1511 5878 sanctos
1558 5826 1772 5876 vincere
1822 5838 1914 5879 ne-

294 5923 547 5987 queant,
576 5918 901 5975 contendere
920 5926 1239 5974 tamencum
1266 5918 1347 5975 eis
1365 5918 1609 5989 improba
1638 5916 1917 5973 voluntate

2012 4808 2228 4862 ledictio
2243 4805 2503 4871 funditur,
2520 4805 2612 4859 sed
2625 4805 2889 4859 correctio
2902 4804 3222 4873 postulatur.
3238 4804 3499 4875 Confundi
3517 4814 3600 4860 est

2015 4902 2149 4954 facta
2171 4914 2265 4953 sua
2289 4899 2625 4963 erubescere,
2644 4907 2699 4951 et
2728 4898 2779 4951 in
2804 4897 3079 4952 meliorem
3105 4897 3432 4951 sententiam
3455 4912 3603 4951 COlll-

2016 4999 2257 5055 mutare;
2283 5005 2402 5043 nam
2422 4989 2565 5043 etilli
2585 4987 2789 5042 contusi
2814 4986 3083 5053 dicuntur,
3099 4987 3190 5056 qui
3212 4988 3604 5042 convincuntur

2015 5097 2045 5135 a
2070 5085 2076 5128 ἐ
2101 5095 2333 5151 poenam.
2356 5079 2459 5134 Sed
2487 5089 2541 5132 ut
2564 5080 2731 5147 magis
2756 5079 2854 5131 hoc
2876 5076 2941 5130 ad
2968 5078 3379 5134 conversionem
3406 5078 3604 5134 intelli-

2017 5191 2141 5247 gere
2159 5175 2456 5239 debuisses,
2476 5171 2706 5226 addidit:
2728 5172 3092 5238 Ret'ereantur,
3126 5171 3175 5225 id
3203 5181 3305 5236 est,
3336 5171 3605 5227 emendati

2018 5270 2213 5332 colunt,
2227 5284 2382 5333 quem
2406 5265 2831 5336 persequendum
2846 5279 2965 5319 esse
2979 5272 3310 5334 putaverant.
3329 5262 3606 5333 Inquiren-

2019 5369 2090 5413 tes
2111 5360 2335 5411 animam
2364 5373 2555 5419 meam,
2582 5356 2635 5409 in
2675 5356 2868 5409 malam
2903 5366 3107 5424 partem
3138 5355 3360 5419 dicitur;
3395 5354 3482 5423 qui
3528 5353 3608 5407 sic

2017 5459 2291 5523 quaerunt,
2325 5461 2517 5505 uteam
2550 5462 2654 5503 non
2682 5447 2924 5502 venerari
2955 5447 3155 5512 velint,
3188 5448 3282 5501 sed
3312 5459 3343 5499 a
3381 5457 3610 5514 corpore

2014 5558 2296 5615 segregare
2323 5541 2595 5596 festinent.
2629 5539 2758 5593 Nam
2782 5539 2947 5607 quaeri
2993 5538 3223 5591 animam
3247 5536 3441 5591 Christi
3472 5544 3527 5589 et
3554 5533 3609 5587 in

2018 5639 2210 5692 bonam
2244 5647 2446 5705 partem
2476 5634 2702 5702 positum
2730 5640 2833 5698 est,
2859 5631 2945 5685 ubi
2968 5631 3040 5685 ait
3065 5647 3077 5683 :
3106 5628 3268 5685 Periit
3290 5629 3418 5701 fuga
3443 5643 3474 5680 a
3505 5641 3609 5695 me,

2017 5744 2063 5786 et
2096 5749 2193 5786 non
2225 5740 2297 5784 est
2328 5731 2415 5797 qui
2445 5729 2669 5799 requirat
2702 5728 2928 5780 animam
2956 5743 3120 5780 meam
3149 5725 3314 5797 (Psal.
3347 5737 3491 5787 cm,
3522 5721 3608 5794 5).

2022 5823 2192 5877 Arei-ti
2220 5829 2393 5873 autem
2427 5828 2705 5873 retrorsum
2734 5833 2839 5873 non
2870 5818 3085 5882 dicitur,
3114 5817 3216 5871 nisi
3248 5815 3348 5868 illis
3381 5814 3466 5882 qui
3489 5827 3611 5867 cor-

2023 5915 2229 5986 rigcndi
2275 5911 2600 5982 judicantur.
2652 5911 2785 5967 Nam
2828 5920 2883 5967 et
2916 5911 3075 5968 Petro
3115 5909 3377 5981 apostolo,
3414 5909 3611 5978 quisa-
