3996 6346
445 379 552 440 245

451 495 620 554 lutem
673 495 874 552 Christi
925 495 1232 552 humanitus
1268 479 1616 559 vindicabat,
1662 485 1796 546 dixit
1845 507 1858 542 :

447 600 588 647 retro
633 605 732 657 me,
779 587 1006 648 Satanas
1051 587 1244 662 (Marc.
1273 579 1547 658 vut,33),
1576 591 1683 640 non
1725 593 1782 639 ut
1821 583 2043 655 periret,

453 684 552 740 sed
596 692 660 739 ut
701 683 914 739 Domini
958 683 1288 738 voluntatem
1346 677 1488 735 felici
1529 677 1906 734 emendatione
1958 689 2046 733 se-

453 785 732 846 queretur.
789 775 929 845 Ergo
979 789 1111 845 quos
1168 781 1463 828 retrorsum
1512 767 1688 827 redire
1731 770 1878 839 vult,
1938 785 2044 824 non

451 864 577 921 illos
606 874 754 936 optat
774 863 1121 921 intentionem
1151 863 1442 935 pessimam
1475 873 1586 917 Sua?
1609 859 1897 916 voluntatis
1923 859 2044 916 effi-

451 973 616 1016 cere:
645 958 736 1016 sed
771 957 946 1029 p0tius
973 971 1033 1012 se
1060 957 1232 1026 sequi,
1264 955 1354 1011 ubi
1385 969 1493 1010 non
1523 953 1816 1024 probantur
1840 953 2040 1010 errare.

455 1053 559 1120 Qui
583 1053 800 1124 cogitant
821 1051 947 1105 mihi
974 1053 1134 1119 mala,
1164 1052 1279 1105 Sive
1304 1049 1370 1104 de
1391 1045 1610 1115 Judaais,
1639 1049 1754 1104 sive
1779 1048 1844 1104 de
1871 1046 2045 1104 hatre-

449 1145 590 1210 ticis,
613 1145 726 1200 sive
753 1153 925 1216 potest
948 1145 1121 1214 accipi
1149 1143 1216 1198 dc
1247 1145 1486 1215 paganis.
1515 1141 1714 1198 Omnes
1742 1141 1884 1198 enim
1907 1142 2046 1197 mala

445 1237 675 1309 cogitant
713 1238 802 1306 qui
840 1248 1035 1307 praeter
1076 1235 1388 1306 religionem
1433 1223 1754 1291 catholicam
1799 1245 2045 1290 asserere

450 1328 628 1398 aliqua
659 1343 818 1399 prava
842 1328 1139 1384 intentione
1171 1326 1442 1382 festinant.

520 1418 677 1478 Vere.
709 1421 763 1475 6.
802 1419 962 1474 Fiant
1009 1427 1252 1491 tanquam
1296 1419 1459 1491 puluis
1507 1425 1625 1474 ante
1653 1418 1836 1488 {aciem
1870 1417 2042 1487 uenti,

447 1519 500 1569 et
533 1515 745 1586 angelus
776 1511 989 1567 Domini
1030 1513 1253 1585 affligens
1291 1527 1396 1586 eos.
1445 1501 1625 1565 Pulvis
1674 1521 1886 1567 terrena
1934 1511 2047 1583 qui-

449 1585 720 1674 ‘dem,sed
760 1608 920 1662 nimis
958 1605 1106 1663 arida
1134 1585 1417 1676 tenuisque
1455 1605 1748 1662 subatantla
1790 1611 1894 1671 est,
1925 1619 2046 1678 quae

445 1713 611 1760 vento
637 1699 801 1760 ﬂante
833 1703 884 1758 in
926 1718 1021 1759 sua
1061 1703 1189 1758 sede
1219 1718 1438 1758 manere
1468 1715 1574 1756 non
1612 1693 1838 1770 sinitur,
1865 1700 1960 1756 sed
1989 1701 2044 1757 in

445 1813 607 1856 auras
644 1799 872 1872 liquidas
917 1797 1175 1854 elevatur.
1228 1797 1302 1851 Ita
1341 1795 1644 1852 voluntates
1673 1803 2039 1866 peccatorum,

1637 373 1708 428 M.
1751 369 2030 427 AURELII
2069 366 2474 427 CASSIODORI

1913 486 2046 544 Redi
2073 469 2124 552 λ
2153 502 2300 556 mn,
2331 483 2457 558 et);
2486 499 2608 540 cum
2633 461 2728 542 ille
2764 483 3002 544 dixerit:
3039 485 3297 543 Destruite
3335 485 3576 556 templum
3618 485 3733 557 hoc,

3629 370 3733 425 QN

2146 590 2193 637 et
2220 581 2274 636 in
2305 579 2532 635 triduum
2558 579 2822 648 mdiﬁcabo
2838 578 2972 637 illud
2991 577 3171 655 (Joan.
3201 596 3260 652 lt,
3288 579 3398 652 l9).
3429 580 3562 648 Quid
3589 581 3734 639 enim

2148 673 2267 746 plus
2297 689 2490 731 vanum
2520 687 2678 744 quam
2721 673 2852 730 illud
2881 675 2949 731 ad
2991 673 3202 743 culpam
3234 674 3508 746 pravitatis
3556 677 3736 731 studio

2147 768 2286 824 velle
2315 775 2634 825 convertere
2651 809 2665 836 ,
2693 767 2834 838 quad
2857 763 3250 839 praedicabatur
3278 761 3527 824 omnibus
3553 757 3621 822 ad
3648 759 3739 822 sa-

2146 859 2311 919 lutem
2334 861 2359 918 ?

2219 956 2375 1014 Vers.
2403 949 2458 1014 9.
2496 953 2681 1013 Veniat
2722 953 2827 1012 illis
2858 956 3066 1027 laqueus
3094 945 3240 1027 quem
3283 955 3542 1028 ignorant,
3569 961 3622 1011 et
3650 971 3741 1009 ca-

2146 1052 2253 1126 ptio
2267 1067 2420 1121 quam
2440 1051 2818 1107 occultaverunt
2839 1051 3190 1122 apprehendat
3211 1067 3324 1116 eos;
3349 1061 3395 1105 et
3416 1050 3471 1104 in
3496 1050 3740 1124 laqueum

2148 1145 2378 1202 incidant
2403 1147 2459 1201 in
2481 1145 2728 1220 idipsum.
2752 1147 2845 1202 Pia
2868 1135 3170 1214 retributio,
3195 1133 3430 1200 vindicta
3453 1144 3738 1212 salutaris;

2149 1247 2207 1293 ttt
2225 1238 2349 1308 quia
2373 1235 2450 1293 illi
2476 1239 2724 1308 laqueum
2758 1246 3096 1309 paraverant,
3121 1237 3212 1308 qui
3239 1235 3559 1292 credebatur
3584 1249 3746 1307 posse

2151 1331 2378 1400 nesciri,
2419 1329 2474 1386 in
2510 1319 2656 1385 illam
2687 1330 3010 1387 tendiculam
3054 1327 3294 1386 incidant
3337 1345 3497 1401 quam
3546 1343 3743 1386 sensus

2147 1422 2446 1492 peccatoris
2493 1423 2744 1492 ignorat;
2793 1421 3000 1478 scilicet
3045 1435 3187 1478 nexu
3238 1422 3481 1477 veritatis
3530 1420 3740 1475 astricti

2149 1509 2440 1565 reddantur
2475 1509 2650 1578 potius
2685 1509 2936 1566 absoluti.
2968 1510 3251 1580 Sequitur,
3291 1517 3340 1562 et
3378 1509 3547 1580 captio
3583 1523 3744 1580 quam

2147 1605 2524 1658 occultaverunt
2562 1603 2913 1674 apprehendat
2951 1619 3059 1660 eos.
3096 1603 3230 1669 Quae
3273 1610 3356 1658 est
3399 1600 3485 1658 illa
3526 1600 3742 1672 captio,

2148 1698 2250 1756 nisi
2280 1713 2424 1754 mors
2453 1698 2660 1753 Domini
2684 1697 3001 1763 Salvatoris,
3033 1712 3156 1770 quae
3177 1695 3402 1754 occultis
3429 1695 3745 1752 machinata

2147 1791 2405 1864 probatur
2441 1789 2686 1847 insidiis?
2724 1789 3090 1861 Apprehendat
3134 1805 3250 1854 eos,
3286 1788 3442 1859 quasi
3471 1788 3742 1858 lugientes

445 1907 568 1948 cum
593 1893 837 1947 veritatis
866 1891 1060 1947 fuerint
1092 1889 1440 1960 insiiiratione
1471 1888 1845 1955 communitas,
1873 1903 1902 1943 a
1929 1896 2040 1944 ter-
2073 1888 2118 1958 Β
2147 1884 2390 1956 protinus
2419 1893 2802 1955 consequatur,
2828 1893 2883 1940 et
2908 1883 3037 1940 illud
3068 1891 3237 1939 totum
3263 1881 3501 1950 efficiat,
3535 1897 3606 1938 ne
3635 1881 3741 1936 de-

445 1989 591 2046 renis
639 1985 782 2043 vitiis
828 1987 1212 2053 sublevantur,
1258 1993 1312 2041 et
1361 1985 1427 2040 ad
1471 1979 1696 2040 virtutes
1740 1981 2039 2050 aethereus,

445 2085 735 2154 praestante
769 2082 1023 2148 Domino,
1057 2080 1441 2150 perducuntur.
1475 2077 1566 2133 Sic
1595 2092 1722 2149 ergo
1759 2075 1916 2131 malis
1944 2089 2040 2147 op—

448 2185 590 2231 tatur
619 2184 678 2230 ut
706 2173 772 2229 ad
800 2175 962 2228 vitam
1009 2173 1288 2228 crelestem
1321 2170 1462 2248 felici
1494 2163 1870 2226 emendatione
1919 2183 2042 2236 per-

445 2270 685 2324 veniant.
707 2267 960 2339 Angelum
991 2249 1221 2322 dicimus
1247 2280 1494 2336 supernae
1513 2265 1726 2320 virtutis
1757 2263 2001 2320 nuntium
2021 2303 2036 2331 ,

446 2377 543 2434 per
571 2377 729 2431 quem
763 2359 944 2416 divina
972 2359 1120 2431 jussa
1151 2357 1514 2429 complentur.
1545 2351 1652 2414 Iste
1679 2373 1809 2430 ergo
1829 2353 2041 2429 angelus

447 2470 746 2512 conversos
767 2451 974 2526 affligit,
1006 2465 1062 2509 ut
1089 2451 1142 2508 in
1169 2453 1316 2508 illam
1341 2453 1563 2523 patriam
1590 2449 1799 2508 felicem
1826 2451 2040 2506 humili-

444 2547 572 2602 tatis
602 2561 828 2602 munere
855 2541 1236 2616 perducantur.
1278 2543 1386 2602 Sed
1435 2543 1656 2601 alilictio
1700 2541 1798 2600 ista
1847 2531 2042 2601 benefi-

444 2637 586 2694 cium
613 2646 716 2704 est,
748 2638 966 2709 quando
999 2633 1052 2695 in
1080 2639 1256 2696 locum
1287 2639 1465 2711 magni
1491 2627 1750 2708 muneris,
1783 2647 1842 2694 ut
1863 2653 2037 2696 emer-

442 2738 554 2800 gat,
579 2738 812 2798 optatur.

513 2819 671 2877 Vers.
705 2819 758 2876 7.
794 2819 914 2878 Fiat
937 2823 1020 2878 via
1048 2829 1220 2878 eorum
1249 2822 1468 2880 tenebrta'
1494 2831 1544 2880 et
1567 2821 1836 2894 lubricum,
1869 2833 1914 2878 et
1939 2841 2036 2880 an-

439 2913 584 2986 gelus
634 2913 846 2969 Domini
893 2931 1201 2988 persequens
1245 2929 1352 2975 eos.
1403 2917 1460 2973 In
1518 2915 1848 2973 contrarium
1900 2918 2038 2974 verti

439 3007 815 3076 peccatoribus
851 3009 1029 3064 omnia
1075 3011 1400 3080 postulavit,
1449 3008 1509 3066 ut
1547 3011 1630 3065 uia
1673 3011 1892 3082 propria
1915 3023 2038 3082 quae

440 3095 552 3153 illis
577 3095 788 3154 videtur
817 3099 988 3155 lucida
1020 3101 1103 3156 vel
1133 3099 1260 3169 fixa,
1291 3117 1412 3158 cum
1441 3104 1496 3159 in
1523 3106 1712 3161 eadem
1742 3103 2032 3162 delectabi-

439 3188 996 3258 litcrcommorantur,
1014 3191 1103 3260 ﬁat
1125 3191 1231 3248 illis
1251 3193 1559 3264 tenebrosa,
1573 3187 1730 3266 quam
1755 3197 2031 3268 horreant,

2147 1978 2318 2036 relicti
2347 1977 2458 2034 suis
2488 1977 2790 2034 sceleribus
2815 1977 3134 2034 obruantur.
3165 1975 3229 2030 Et
3257 1982 3380 2030 nota
3408 1973 3550 2044 quod
3572 1973 3663 2028 hic
3685 1972 3743 2029 in

2143 2070 2341 2132 bonam
2388 2080 2596 2142 partem
2628 2070 2777 2142 ponit
2813 2069 3088 2141 laqueum;
3120 2077 3178 2124 ut
3218 2067 3486 2126 mandatis
3523 2066 3744 2124 Domini

2143 2165 2305 2235 capti,
2335 2166 2385 2220 in
2416 2165 2646 2238 idipsum
2675 2164 2882 2222 cmlesti
2901 2163 3077 2236 gratia
3107 2171 3480 2234 perseverent.
3501 2161 3591 2220 Sic
3621 2170 3744 2218 orat

2145 2259 2229 2314 cui
2258 2259 2426 2330 gratis
2454 2259 2665 2330 laqueus
2687 2255 3060 2314 occultabatur
3085 2255 3254 2322 exitii,
3288 2254 3382 2324 qui
3409 2254 3612 2318 malum
3639 2266 3744 2324 pro

2143 2352 2286 2408 malo
2307 2367 2412 2408 non
2443 2351 2698 2420 reddidit,
2729 2350 2826 2408 sed
2850 2351 2906 2406 in
2936 2363 3098 2408 cruce
3127 2349 3335 2420 positus
3353 2361 3455 2418 μιο
3473 2347 3590 2404 Silii
3611 2361 3744 2417 De!“

2142 2443 2482 2500 secutoribus
2514 2442 2777 2512 exoravit.
3101 2503 3104 2508 _
3471 2491 3476 2498 .

2145 2603 2149 2606 ι
2215 2536 2372 2594 Vers.
2409 2538 2506 2596 10.
2527 2538 2714 2596 Anima
2741 2545 2910 2592 autem
2931 2551 3046 2592 mea
3073 2535 3354 2592 exsultabit
3383 2533 3742 2594 in'Damiu:

2142 2638 2190 2686 et
2210 2629 2544 2698 delectabitur
2562 2645 2718 2700 super
2736 2630 2962 2686 salutare
2982 2629 3116 2700 ejus.
3138 2627 3424 2698 Postquam
3448 2627 3517 2684 de
3535 2625 3740 2696 spiriti-

2139 2707 2243 2794 bus
2265 2722 2579 2795 immundis,
2604 2736 2724 2793 qum
2747 2722 2852 2792 illis
2873 2732 3030 2779 erant
3050 2736 3350 2789 emersura,
3367 2731 3741 2792 competenter

2142 2814 2328 2884 edixit,
2362 2825 2416 2871 et
2447 2831 2544 2886 pro
2573 2815 2947 2885 peccatoribus
2973 2829 3126 2872 more
3153 2829 3264 2872 suae
3294 2815 3514 2887 pietatis
3530 2815 3732 2884 oravit,

2137 2911 2289 2966 venit
2319 2910 2384 2966 ad
2416 2910 2712 2966 secundum
2743 2909 3076 2975 membrum;
3108 2910 3205 2965 ubi
3242 2919 3296 2964 et
3325 2908 3570 2964 laetitiam
3609 2922 3737 2977 pro-

2141 3001 2273 3074 pria:
2298 3001 2496 3062 mentis
2515 3001 2756 3074 exponit,
2775 3010 2832 3068 et
2847 3001 3115 3072 passionis
3137 2999 3382 3058 ordinem
3401 2999 3736 3060 lucidissima

2139 3094 2369 3150 veritate
2403 3096 2665 3152 narravit.
2697 3093 2876 3162 Prima
2910 3093 3110 3165 quippe
3147 3101 3355 3150 sanctis
3379 3091 3580 3148 animus
3608 3091 3738 3148 bea-

2139 3185 2314 3244 titudo
2353 3197 2438 3254 est
2463 3231 2478 3258 ,
2531 3187 2785 3244 exsultare
2837 3188 2890 3242 in
2927 3187 3152 3242 Domino
3181 3202 3201 3242 δ
3242 3186 3368 3257 quia
3407 3193 3579 3242 totum
3623 3184 3737 3240 illic

442 3292 492 3338 et
523 3283 742 3350 lubrica,
771 3293 830 3339 ut
872 3285 924 3340 in
979 3285 1168 3342 eadem
1211 3283 1410 3344 diutius
1451 3297 1597 3346 stare
1643 3305 1750 3346 non
1792 3289 2032 3362 possint;
2061 3281 2110 3344 C
2141 3287 2494 3358 conquiritur,
2523 3301 2644 3344 cum
2667 3302 2824 3344 mens
2845 3285 2916 3342 ibi
2945 3286 3228 3356 purissima
3253 3283 3576 3340 destinatur.
3600 3281 3737 3338 Nam

439 3375 582 3433 sicut
609 3385 664 3431 et
691 3375 951 3434 Jeremias
981 3380 1243 3450 propheta
1269 3380 1402 3436 dicit
1427 3400 1438 3435 :
1469 3381 1537 3436 Et
1559 3391 1768 3453 propter
1789 3386 1885 3438 hoc
1901 3381 2041 3458 facta

438 3478 513 3523 est
531 3470 614 3524 tn'a
635 3481 810 3524 eorum
835 3471 1095 3540 lapsinosa
1121 3469 1174 3527 in
1197 3473 1434 3541 tenebris,
1463 3484 1512 3528 et
1538 3474 2036 3548 supplanlabunlur,

440 3569 491 3616 et
510 3561 692 3617 cadent
719 3564 774 3617 in
798 3577 856 3617 ea
884 3561 1016 3634 (Jer.
1037 3563 1194 3632 uni,
1222 3563 1332 3638 Η).
1357 3561 1507 3634 Quod
1530 3570 1573 3621 si
1603 3565 1778 3622 adhuc
1803 3569 1854 3622 in
1885 3567 2041 3625 malis

442 3653 557 3710 suis
582 3654 920 3712 decreverint
962 3655 1265 3724 immorari,
1296 3661 1468 3716 virtus
1508 3657 1723 3716 Domini
1757 3676 2041 3733 persequa-

438 3755 558 3814 tur;
587 3755 848 3818 quatenus
879 3757 972 3804 θος
1014 3750 1068 3804 in
1103 3739 1404 3807 sceleribus
1435 3751 1548 3807 suis
1578 3753 1788 3808 haerere
1827 3769 1931 3809 non
1962 3747 2037 3810 ia-

411 3837 566 3906 ,ciat,
600 3839 689 3910 qui
717 3835 781 3894 ad
815 3841 1066 3897 interitus
1095 3841 1176 3898 sui
1208 3847 1329 3898 vota
1361 3839 1637 3900 festinant.
1670 3843 1716 3901 Ο
1750 3846 2038 3902 multarum

441 3933 883 3991 contrarietatum
930 3949 1122 4008 magna
1173 3925 1444 3993 felicitas!
1488 3937 1712 4006 Quantis
1763 3935 1902 3996 Votis
1954 3935 2039 3994 hic

442 4025 662 4094 petitur,
695 4035 750 4080 ut
781 4025 1076 4083 adversitas
1108 4028 1465 4098 prosperrima
1488 4029 1818 4100 praebeatur!

511 4116 667 4173 vers.
704 4109 757 4173 8.
795 4118 1052 4184 Quoniam
1081 4121 1240 4192 gratis
1278 4120 1659 4176 abaconderunt
1705 4123 1832 4177 mihi
1869 4119 2039 4177 interi-

440 4205 548 4266 tum
597 4211 768 4282 laquei
805 4213 908 4283 sui,
933 4230 1057 4269 rane
1099 4213 1531 4286 exprobrauerunt
1573 4217 1802 4270 animam
1848 4233 2034 4273 meam.

441 4301 615 4359 Gratis
642 4319 830 4360 revera
851 4347 868 4371 ,
897 4307 1090 4376 quibus
1130 4307 1264 4363 nihil
1296 4308 1422 4364 mali
1463 4309 1683 4365 fecerat.
1708 4309 1838 4376 Qum
1868 4307 2034 4378 figura

437 4395 638 4451 dicitur
653 4397 930 4468 syncrisis,
950 4413 1070 4454 cum
1087 4402 1489 4470 comparatione
1510 4401 1734 4471 quadam
1749 4401 2034 4472 justiorem

439 4501 658 4543 causam
704 4497 940 4544 nostram
967 4530 982 4557 ,
1032 4487 1190 4560 quam
1239 4491 1532 4546 adversarii
1576 4491 2034 4547 demonstrantus.

441 4581 575 4638 Illud
600 4583 742 4638 enim
775 4586 1068 4653 gratuitum
1098 4584 1252 4657 115
1279 4585 1530 4649 dicimus,
1555 4583 1697 4653 quod
1729 4599 1834 4638 non
1863 4585 2032 4640 alicu-

2145 3383 2234 3454 qui
2266 3382 2478 3440 ltctatur
2510 3382 2563 3437 in
2598 3381 2858 3448 Domino,
2887 3395 2988 3436 nec
3015 3381 3269 3452 gaudium
3289 3379 3417 3450 ejus
3445 3377 3737 3450 aliquando

2142 3474 2321 3532 deﬁcit
2338 3511 2354 3544 ,
2383 3489 2484 3532 nec
2513 3473 2734 3530 suavius
2755 3472 3049 3544 quidquam
3077 3473 3220 3544 quod
3245 3487 3428 3528 amre
3449 3471 3628 3543 possit
3645 3471 3739 3526 in-

2141 3569 2343 3624 veniet.
2373 3565 2512 3634 Quid
2541 3581 2672 3636 ergo
2693 3567 2937 3635 sequitur
2961 3567 3119 3622 istam
3145 3563 3606 3621 exsultationem?
3629 3565 3738 3618 sci-

2143 3661 2270 3718 licet
2291 3659 2544 3730 quoniam
2564 3656 2902 3712 delectabitur
2921 3673 3078 3726 super
3097 3657 3325 3711 salutare
3337 3657 3473 3726 ejus.
3489 3653 3738 3710 Salutate

2143 3763 2320 3810 autem
2351 3763 2432 3811 est
2461 3752 2675 3809 Domini
2707 3751 2962 3822 maiestas
2996 3751 3190 3817 Verbi,
3225 3751 3369 3806 unde
3397 3750 3550 3805 salus
3580 3762 3739 3818 egre-

2141 3847 2308 3914 ditur,
2349 3856 2404 3904 et
2437 3846 2545 3902 vita
2573 3853 2884 3914 praestatur,
2918 3845 3042 3900 lens
3074 3843 3497 3911 misericordiae,
3527 3841 3735 3914 suppli-

2140 3944 2377 4000 cantium
2409 3940 2710 4000 remedium
2727 3977 2745 4009 ,
2771 3940 3026 3997 remissio
3053 3949 3415 4009 peccatorum.

2214 4034 2369 4092 Vera.
2403 4034 2488 4092 ll.
2523 4033 2708 4094 Omnia
2727 4048 2846 4095 ossa
2873 4047 2985 4088 mea
3006 4032 3218 4088 dicent:
3239 4029 3484 4096 Domine,
3515 4028 3630 4098 quis
3655 4027 3733 4082 si—

2141 4127 2278 4181 milis
2300 4127 2429 4180 tibi?
2453 4125 2583 4180 Ossa
2611 4139 2713 4180 nec
2738 4139 2955 4180 sensum
2987 4140 3088 4180 nec
3116 4139 3300 4182 vocem
3335 4123 3534 4179 habere
3557 4119 3734 4174 mani-

2142 4219 2334 4306 festum
2367 4229 2472 4287 est,
2504 4219 2598 4276 sed
2631 4220 2802 4296 (sicut
2834 4217 3146 4289 frequenter
3171 4217 3442 4286 diximus)
3471 4213 3736 4270 fortitudo

2140 4307 2305 4366 animi
2327 4319 2380 4365 et
2406 4309 2707 4388 constantia
2731 4309 2926 4364 mentis
2955 4308 3155 4370 debent
3185 4307 3434 4378 intelligi.
3469 4307 3602 4374 Quae
3624 4317 3738 4359 meo

2142 4404 2250 4458 rito
2273 4404 2470 4458 ossibus
2499 4415 2905 4473 comparantur,
2938 4403 3063 4474 quia
3091 4403 3232 4458 sicut
3260 4401 3350 4456 illa
3380 4413 3584 4468 corpus
3609 4411 3740 4452 con-

2143 4497 2345 4563 tinent,
2378 4497 2450 4551 ita
2475 4507 2530 4551 et
2559 4493 2676 4558 hrcc
2700 4506 2916 4552 sanctas
2939 4493 3257 4550 corroborat
3284 4491 3616 4546 voluntates.
3646 4487 3738 4542 Di-

2140 4595 2266 4640 cant
2303 4601 2432 4658 ergo
2473 4587 2577 4643 hoc
2615 4596 3014 4646 sacramentum
3043 4603 3182 4652 ossa,
3211 4600 3316 4640 non
3354 4598 3522 4647 caro,
3563 4581 3616 4636 id
3655 4588 3739 4636 est

433 4671 525 4744 jus
555 4673 630 4730 rei
658 4675 1101 4744 compensatione
1129 4667 1404 4730 tribuitur.
1448 4673 1834 4730 Abscouderunt
1876 4663 2032 4746 mihi,
2063 4665 2118 4728 Ι)
2144 4676 2392 4746 ﬁrmitas,
2424 4695 2530 4734 non
2557 4679 2844 4734 remissio:
2869 4679 2994 4748 quia
3030 4677 3188 4732 talem
3222 4676 3483 4748 hymnum
3509 4689 3618 4730 non
3643 4686 3741 4741 po-

429 4776 504 4826 .ut
531 4767 610 4823 illi
638 4768 925 4837 putabant,
959 4769 1047 4839 qui
1078 4761 1376 4822 divinitatis
1419 4767 1535 4833 ejus
1590 4767 1882 4838 potentiam
1927 4785 2036 4826 non

445 4861 755 4920 credebant.
775 4865 908 4921 Nam
933 4865 1060 4935 qttid
1086 4873 1263 4934 potest
1291 4861 1556 4928 abscondi,
1581 4863 1665 4916 cui
1697 4862 1827 4917 nihil
1857 4859 2033 4920 occul-

441 4964 555 5010 tum
581 4957 699 5013 esti
723 4953 816 5013 illc
846 4957 990 5012 enim
1022 4953 1076 5010 et
1106 4951 1432 5024 proditorem
1465 4967 1618 5008 suum
1655 4954 1707 5008 in
1747 4969 1900 5009 coena
1941 4955 2033 5013 de-

439 5051 690 5122 signavit,
707 5059 760 5106 et
778 5035 1107 5121 passionem,
1125 5049 1410 5116 antequam
1437 5049 1762 5117 proveniret,
1786 5048 2027 5118 edocuit;

437 5159 540 5201 nec
565 5143 856 5216 litiidquam
891 5131 986 5196 fuit
1011 5137 1150 5209 quod
1180 5139 1229 5193 ei
1260 5139 1668 5206 abscbndcretur,
1701 5142 1823 5212 quia
1853 5145 2029 5198 omnia

434 5251 549 5295 sua:
574 5231 862 5292 voluntatis
892 5230 1293 5302 dispensatione
1325 5231 1641 5300 patiebatur.
1679 5233 1819 5289 Bene
1850 5244 2028 5292 autem

435 5329 637 5385 dictum
671 5338 774 5394 est,
799 5325 1058 5381 interitum
1089 5323 1253 5394 laquei
1282 5325 1382 5390 sui,
1414 5327 1536 5395 quia
1569 5325 1657 5382 ille
1688 5327 1895 5396 laqueus
1921 5343 2027 5384 non

435 5422 717 5477 morientis
746 5427 863 5474 erat
888 5458 900 5481 ,
929 5409 1021 5470 sed
1058 5419 1328 5484 peccantis
1377 5419 1546 5488 magis
1585 5417 1852 5474 interitus.
1894 5417 2026 5474 Nam

433 5511 574 5583 quod
607 5513 867 5578 sequitur,
891 5519 1017 5563 vane
1043 5511 1472 5578 exprobrauerunt
1495 5503 1719 5566 animam
1747 5528 1932 5579 meam,
1956 5513 2029 5569 si-

434 5607 651 5678 gniﬁcat
681 5605 814 5660 false
843 5616 1251 5674 accusaverunt,
1281 5606 1495 5677 quando
1521 5599 1774 5662 Judaicus
1803 5609 2028 5678 populus

435 5699 662 5752 Dutllllll)
692 5698 956 5754 Salvatori
985 5699 1125 5753 dicta
1155 5701 1365 5754 veracia
1398 5698 1546 5768 quasi
1578 5699 1781 5752 crimen
1809 5697 2026 5768 aliquod

433 5791 786 5860 imputabant.
844 5791 1157 5848 Clamabunt
1203 5791 1345 5846 enim
1397 5793 1578 5846 vesani
1624 5791 1956 5846 mendaciter
2009 5809 2022 5846 :

436 5881 539 5937 Hic
579 5892 649 5938 est
694 5885 781 5954 qui
823 5883 1050 5954 dicebat,
1095 5885 1359 5941 destruant
1409 5881 1654 5956 templum
1685 5885 1782 5940 hoc
1810 5881 2022 5956 (Matth.

2140 4781 2246 4830 test
2265 4773 2368 4828 nisi
2399 4773 2514 4829 sola
2546 4773 2740 4830 mentis
2761 4773 2943 4830 dicere
2963 4771 3241 4828 fortitudo.
3271 4769 3396 4838 Quis
3423 4767 3736 4838 negativum

2140 4872 2224 4921 cst
2256 4879 2271 4919 :
2307 4863 2434 4932 quia
2477 4878 2634 4936 nemo
2659 4871 2840 4936 potest
2875 4877 2995 4918 esse
3033 4862 3248 4932 similis,
3281 4874 3406 4917 cum
3440 4861 3516 4913 sit
3549 4864 3740 4912 sancta

2141 4956 2376 5016 Trinitas
2412 4957 2723 5028 singularis.
2766 4957 2992 5014 Multum
3045 4958 3242 5026 quippe
3281 4963 3366 5018 est
3405 4959 3659 5012 creatura
3705 4963 3742 5003 a

2140 5050 2399 5108 Creatore
2417 5050 2691 5107 dissimilis
2708 5067 2720 5103 :
2735 5051 2823 5106 illa
2841 5049 3072 5120 denique
3087 5052 3273 5115 servit,
3287 5045 3738 5102 istedotninatur.

2215 5142 2370 5200 Were.
2403 5143 2493 5200 12.
2536 5139 2775 5213 Eripiens
2817 5143 3020 5214 inapem
3058 5142 3121 5212 de
3151 5156 3306 5196 manu
3333 5138 3568 5206 fortioris
3587 5134 3740 5211 [θείη

2139 5225 2433 5311 [ortiorum]
2455 5239 2587 5310 ejus,
2603 5253 2816 5309 egenum
2838 5248 2887 5292 et
2906 5251 3180 5306 pauperem
3199 5251 3236 5290 a
3254 5233 3576 5308 rapientibus
3593 5245 3737 5288 sum.

2142 5332 2198 5387 ln
2238 5330 2340 5386 isto
2370 5347 2531 5416 versu
2568 5331 2818 5400 exposuit
2847 5330 2986 5400 quod
3017 5329 3264 5398 superius
3301 5325 3476 5392 dixit:
3513 5321 3780 5440 Quieti?

2138 5421 2278 5475 milis
2303 5419 2433 5476 tibi?
2461 5420 2593 5478 Nam
2619 5436 2740 5478 cum
2773 5419 3018 5476 diabolus
3044 5435 3211 5487 manu,
3235 5433 3329 5474 sua
3361 5426 3574 5474 teneret
3600 5419 3773 5483 pene}.

2137 5524 2306 5570 totum
2345 5529 2514 5586 genus
2545 5515 2871 5581 humanum,
2909 5514 2979 5569 de
3013 5513 3097 5568 illa
3127 5520 3394 5584 potestate
3429 5526 3536 5581 qua
3565 5499 3774 5580 ,ωηο-⁸

2135 5608 2292 5662 batur
2331 5609 2656 5672 obnoxium,
2701 5615 2912 5662 constat
2952 5606 3324 5680 incarnatione
3351 5604 3517 5662 Verbi
3559 5602 3736 5660 fuisse

2134 5699 2444 5755 liberatum.
2487 5685 2706 5756 Addidit
2733 5715 2947 5769 quoque
2981 5716 3198 5772 egenum
3235 5708 3284 5754 st
3317 5715 3637 5771 pauperem,
3672 5704 3737 5750 ut

2131 5791 2249 5846 haec
2281 5790 2378 5845 tria
2413 5794 2464 5846 in
2507 5806 2667 5848 unum
2704 5791 2927 5847 collecta
2963 5792 3328 5847 conditionem
3362 5791 3586 5861 generis
3621 5791 3734 5842 htt-

2135 5883 2278 5938 mani
2311 5897 2554 5954 pressam
2596 5883 2990 5942 calamitatibus
3023 5883 3348 5942 indicarent.
3387 5879 3560 5952 Inops
3597 5890 3738 5950 ergo
