4004 6342
514 399 615 455 267

1698 404 1768 458 Μ.
1810 398 2087 459 Αυηειιι
2123 398 2519 456 CASSIODORI

3633 402 3738 458 948

516 517 631 586 Ipsa
668 524 752 571 est
790 516 932 570 enim
975 515 1201 583 perfecta
1254 515 1556 578 retributio,
1589 515 1633 569 si
1668 529 1763 584 pro
1787 515 1918 570 bdio
1954 528 2076 583 gra-
2102 515 2156 574 Ἀ
2180 512 2280 567 hoc
2307 523 2418 582 est,
2453 524 2644 584 praesta
2671 527 2950 585 resurgere
2974 531 3005 568 a
3035 516 3314 586 malefactis
3343 531 3364 570 :
3393 515 3512 586 quia
3545 516 3738 585 injuste

518 608 610 672 tia,
635 606 679 661 si
703 605 1017 660 beneficium
1046 621 1140 672 pro
1164 605 1381 660 lmsione
1403 616 1703 674 prastetur.
1723 604 2076 676 Complacebat

514 699 657 752 enim
688 699 743 752 in
772 697 878 752 illis
913 695 1188 761 Dominus,
1215 699 1430 766 quando
1457 713 1550 753 eos
1573 697 1796 752 docebat
1820 711 1889 753 ne
1910 697 2078 750 delin-

523 799 768 858 querent,
800 789 1012 858 quando
1039 804 1138 858 pro
1160 789 1289 856 ipsis
1312 787 1453 842 Patri
1476 788 1526 842 in
1555 803 1714 842 cruce
1733 787 1935 856 positus
1954 801 2075 854 sup-

523 882 774 952 plicabat.
807 881 1090 948 Sequitur,
1122 892 1360 949 tanquam
1388 883 1565 948 lugens
1591 888 1637 932 et
1661 879 1982 932 contristatus
2007 879 2078 932 sic

521 971 845 1025 humiliabar.
875 970 963 1024 Illa
997 971 1201 1025 Domini
1229 971 1482 1024 sanctitas
1515 980 1566 1024 et
1588 970 1825 1036 impensa
1846 969 2078 1024 eharitas

521 1075 674 1130 quam
704 1060 957 1128 docebat,
985 1059 1228 1130 quamvis
1258 1060 1393 1114 sicut
1420 1059 1610 1114 fratres
1639 1066 1694 1113 et
1725 1060 1990 1127 proximos
2019 1073 2078 1114 se

519 1151 728 1206 Judaos
777 1151 1028 1206 dilexisse
1077 1159 1329 1214 testatur,
1379 1151 1726 1205 contristatum
1791 1165 1851 1206 se
1883 1148 2077 1206 tamen

513 1242 656 1312 juste
697 1252 1100 1308 commemorat,
1145 1242 1268 1311 quia
1309 1242 1362 1296 in
1401 1243 1604 1296 cunctis
1645 1241 1801 1296 fidem
1841 1243 2078 1298 invenire

520 1347 623 1385 non
655 1333 842 1401 potuit,
873 1347 1032 1400 quam
1062 1345 1383 1399 magnopere
1401 1333 1693 1400 qumrebat.
1724 1331 1778 1387 Si
1802 1333 1918 1401 quis
1933 1332 2076 1386 enim

471 1453 473 1455 ι
520 1423 675 1476 nobis
697 1422 834 1476 bene
861 1424 1010 1488 velit,
1039 1437 1259 1478 necesse
1283 1433 1368 1478 est
1397 1432 1452 1476 ut
1478 1419 1841 1490 contristetur,
1864 1426 2079 1494 quando

521 1509 574 1564 in
605 1511 758 1566 nobis
786 1527 890 1566 non
924 1522 1095 1581 potest
1123 1515 1358 1582 reperire
1381 1517 1522 1583 quod
1552 1516 1760 1584 quaerit.

590 1600 746 1658 Vera.
781 1603 866 1658 i8.
905 1601 972 1656 Et
1002 1606 1261 1657 adversum
1305 1619 1382 1657 me
1421 1603 1577 1658 lentati
1609 1614 1722 1657 sunt
1758 1613 1806 1657 et
1841 1620 2080 1658 convene-
2111 1618 2118 1624 ·

523 1703 640 1748 runt
668 1709 688 1749 :
717 1703 1020 1766 congregata
1044 1704 1157 1748 sunt
1185 1711 1336 1766 super
1365 1711 1443 1748 me
1479 1695 1710 1765 ﬂagella,
1742 1707 1788 1748 et
1814 1697 2077 1766 ignorave-

523 1791 663 1837 runt.
683 1782 812 1838 Cum
829 1785 1072 1839 Christus
1097 1785 1348 1839 Dominus
1372 1787 1455 1852 pie
1474 1787 1898 1848 contristaretur,
1913 1785 2080 1840 Judaei

2180 607 2434 674 probatur
2478 608 2708 661 occisus.
2761 609 2802 660 Α
2846 609 3067 661 leonibus
3095 609 3237 663 enim
3261 649 3276 674 ,
3317 624 3347 663 a
3387 611 3736 678 potestatibus

2177 698 2411 752 cruentis
2433 708 2590 766 atque
2614 698 2916 752 crudelibus
2944 700 3224 768 signiﬁcat.
3260 698 3493 761 Unicum,
3524 701 3735 769 quidam

2176 801 2391 842 carnem
2435 788 2638 842 Domini
2670 787 2950 842 advertere
2988 789 3302 854 voluerunt,
3349 804 3466 858 quae
3508 791 3633 845 licet
3668 792 3740 844 sit

2176 877 2275 933 ista
2306 879 2635 942 communis,
2670 879 2819 931 unica
2856 887 3031 932 tamen
3065 880 3198 932 facta
3225 891 3342 943 est,
3378 881 3498 949 quia
3528 880 3595 935 de
3623 880 3741 934 Vir-

2177 970 2318 1036 gine,
2343 969 2464 1036 quia
2492 969 2606 1022 sine
2636 978 2888 1036 peccato,
2917 970 3036 1037 quia
3067 971 3268 1024 sociata
3290 979 3373 1025 est
3397 969 3605 1037 Verbo,
3636 970 3740 1028 hoc

2177 1068 2258 1113 est
2283 1059 2373 1113 Dei
2406 1058 2557 1114 Filio.
2589 1059 2714 1114 Sive
2741 1061 2962 1125 unicam,
2995 1060 3307 1114 catholicam
3334 1060 3630 1115 Ecclesium
3654 1062 3738 1114 in-

2179 1149 2492 1218 telligamus,
2530 1150 2681 1220 117
2711 1164 2828 1218 quae
2855 1149 2910 1203 in
2934 1157 3046 1204 toto
3087 1150 3289 1204 mund'ro
3311 1166 3415 1206 una
3443 1160 3547 1219 est,
3577 1163 3634 1205 et
3662 1153 3743 1207 di-

2178 1244 2404 1299 lectione
2423 1258 2632 1313 msgna,
2652 1245 2802 1296 unica
2822 1253 3174 1313 nuncupatur,
3197 1259 3225 1298 a
3243 1261 3341 1315 qua
3366 1245 3741 1300 hereticorum

2177 1334 2541 1388 conventicula
2571 1334 2890 1389 omnimodis
2919 1334 3286 1390 exeluduntur.
3313 1337 3439 1389 Nam
3463 1346 3521 1391 ut
3546 1341 3742 1403 probes

2179 1423 2349 1492 ipsam
2389 1424 2494 1479 diei
2533 1425 2770 1492 unicam,
2797 1439 3028 1494 sequens
3055 1441 3242 1480 versus
3271 1426 3525 1491 ostendit,
3559 1427 3650 1496 qui
3678 1427 3743 1480 de

2182 1515 2417 1570 Ecclesia
2444 1515 2716 1570 locuturus
2733 1524 2834 1570 est.
2857 1517 3135 1585 Etrespice
3149 1532 3323 1571 rerum
3351 1517 3594 1570 ordinem
3625 1518 3712 1584 pul
3727 1547 3741 1558 -

2180 1607 2441 1662 cherrime
2474 1607 2636 1662 fuisse
2665 1618 2928 1663 servatum
2963 1625 2977 1662 :
3021 1609 3166 1676 prius
3215 1623 3308 1677 pro
3349 1607 3745 1662 resurrectione

2181 1713 2271 1751 sua
2305 1700 2618 1766 deprecatus
2656 1705 2770 1764 est,
2808 1713 2926 1767 quae
2957 1713 3141 1753 revera
3177 1699 3284 1765 jam
3326 1698 3546 1764 contigit
3577 1713 3592 1749 :
3623 1705 3744 1764 post

2183 1788 2354 1842 oravit
2383 1788 2451 1842 de
2482 1787 2741 1843 Ecclesiae
2766 1787 3112 1851 liberatione,
3144 1802 3261 1856 quae
3292 1798 3530 1855 tempore
3545 1785 3743 1859 judieii

525 1873 686 1940 impia
721 1873 961 1928 libertate
1001 1874 1331 1928 laetabantur.
1365 1873 1468 1928 Sed
1497 1876 1708 1928 diversa
1737 1875 1840 1929 erit
1868 1875 1964 1928 ista
1997 1889 2081 1929 re.
2112 1869 2160 1929 Β
2186 1879 2252 1932 ab
2281 1878 2422 1932 omni
2455 1879 2556 1932 erit
2583 1878 2949 1947 inquietudine
2971 1879 3274 1933 munienda.

524 1973 560 2018 ti
578 1965 737 2018 ibutio
763 1981 778 2019 :
803 1964 1045 2020 Christus
1067 1965 1315 2034 gaudebit
1341 1965 1408 2020 de
1431 1965 1641 2019 tristitia
1669 1981 1781 2030 sua,
1811 1965 1977 2020 Judaei
2010 1966 2079 2022 de

526 2054 736 2122 propria
763 2065 916 2108 erunt
943 2055 1295 2108 exsultatione
1315 2055 1622 2120 crueiandi;
1648 2070 1768 2109 nam
1798 2056 1936 2110 beati
1958 2064 2080 2110 sunt

522 2147 611 2214 qui
647 2156 860 2215 propter
882 2147 1143 2215 justitiam
1171 2147 1356 2217 lugent
1382 2147 1596 2216 (Matth.
1627 2163 1678 2216 ν,
1702 2146 1779 2218 5),
1817 2157 1872 2202 et
1901 2149 2079 2203 miseri

523 2239 615 2307 qui
663 2239 836 2308 inepta
882 2240 1231 2308 gratulatione
1274 2241 1606 2309 superbiunt.
1650 2241 1877 2309 Exponit
1919 2239 2079 2295 etiam

523 2344 704 2384 casum
739 2333 980 2399 pessima:
1023 2331 1276 2386 caecitatis
1306 2349 1318 2384 :
1353 2332 1473 2400 quia
1521 2331 1576 2385 in
1617 2332 1895 2386 Dominum
1927 2347 2078 2388 suum

529 2431 786 2476 tormenta
827 2424 1224 2492 praeparabant,
1258 2439 1376 2494 qua:
1404 2426 1457 2479 in
1501 2425 1642 2494 ipsos
1671 2434 1824 2480 erant
1863 2425 2082 2493 iustitiae

526 2517 955 2580 compensatione
997 2514 1248 2567 reditura.
1298 2515 1408 2569 Hoc
1436 2524 1518 2570 est
1557 2516 1698 2570 enim
1741 2516 1881 2585 quod
1911 2517 2078 2574 dicit:

531 2599 595 2653 Et
619 2603 1006 2670 ignoraverunt:
1049 2604 1166 2672 quia
1213 2605 1265 2657 in
1295 2618 1388 2658 eos
1429 2603 1613 2659 babuit
1647 2605 1910 2674 converti,
1941 2607 2082 2676 quod

527 2693 876 2761 corporaliter
906 2695 1168 2749 innocenti
1199 2695 1509 2750 videbantur
1537 2696 1798 2765 ingerere.

595 2781 748 2836 Vera.
783 2781 866 2839 i9.
897 2783 1144 2838 Dissoluti
1162 2796 1296 2851 sunt,
1323 2803 1411 2841 nec
1435 2788 1720 2857 compuncti
1739 2798 1894 2854 sunt;
1919 2797 2084 2843 tenta-

524 2881 697 2926 uerunt
723 2889 800 2928 me
824 2884 872 2929 et
902 2876 1182 2931 deriserunt
1207 2879 1416 2946 derisu;
1444 2880 1720 2934 striderunt
1748 2883 1801 2935 in
1819 2898 1898 2936 me
1921 2883 2084 2937 denti-

525 2964 615 3019 bus
643 2965 770 3020 suis.
795 2967 918 3022 Post
947 2968 1120 3038 impiae
1145 2971 1463 3025 temeritatis
1487 2987 1784 3039 excessum,
1808 2974 1938 3029 dicit
1963 2989 2083 3043 qua

525 3055 726 3111 ludatis
753 3057 1072 3124 acciderint;
1101 3074 1199 3115 nec
1228 3070 1401 3114 tamen
1445 3062 1855 3118 obstinationem
1897 3077 2084 3120 eorum

527 3156 909 3200 commemorat
929 3149 1162 3217 potuisse
1188 3151 1438 3205 converti.
1469 3151 1719 3206 Dissoluti
1739 3161 1852 3208 sunt
1880 3155 2078 3226 utique,

527 3252 648 3294 cum
696 3241 940 3308 passione
981 3240 1190 3296 Domini
1236 3242 1314 3296 sol
1361 3244 1606 3299 tenebras
1651 3245 1890 3315 accepit,
1939 3256 2080 3304 terra
2109 3240 2156 3308 C

530 3332 868 3400 contremuit,
913 3333 1088 3387 velum
1136 3334 1316 3402 templi
1353 3336 1574 3389 scissum
1618 3347 1700 3392 est
1729 3337 1888 3406 (Luc.
1926 3354 2078 3408 xxm,

531 3421 656 3491 45);
686 3434 880 3479 etcum
906 3424 1016 3479 haec
1039 3433 1182 3480 tanta
1213 3425 1406 3483 fuerint
1435 3435 1647 3483 ostensa
1678 3431 1951 3496 miracula,
1977 3447 2083 3488 non

472 3579 474 3582 ν
529 3522 650 3568 sunt
701 3523 873 3570 tamen
919 3518 1160 3571 conversi
1213 3517 1440 3574 faciente
1487 3520 1698 3578 duritia.
1753 3520 2083 3578 Tentaverunt

526 3620 653 3660 vero
692 3607 903 3675 quando
947 3607 1186 3663 dixerunt
1217 3625 1229 3660 :
1274 3607 1371 3662 Dic
1408 3611 1549 3664 nobis
1591 3612 1634 3665 si
1672 3620 1726 3664 tu
1761 3629 1812 3667 es
1853 3612 2082 3668 Christus

529 3694 676 3768 (Luc.
710 3714 849 3763 xxtt,
881 3699 1007 3769 66)?
1037 3697 1350 3768 Deriserunt,
1380 3704 1590 3772 quando
1626 3707 1878 3760 cruciﬁxo
1910 3705 2082 3775 impu-

527 3789 740 3854 tabant,
771 3790 909 3844 sicut
938 3787 1212 3846 Mattbaeus
1239 3794 1557 3862 evangelista
1591 3802 1813 3848 testatur
1841 3811 1852 3847 :
1883 3795 2080 3848 Simili-

527 3891 601 3935 ter
627 3891 673 3935 et
703 3883 952 3950 principes
976 3884 1289 3936 sacerdotum
1315 3884 1597 3937 deridentes
1625 3901 1736 3938 eum
1765 3901 1877 3938 cum
1905 3886 2083 3939 scribis

527 3981 574 4027 et
591 3972 862 4026 Pharisazt's
879 3973 1137 4028 dicebant:
1159 3974 1298 4027 Alios
1318 3975 1478 4029 sar'vos
1500 3977 1636 4045 fecit,
1656 3977 1875 4045 seipsum
1888 3978 2083 4031 salvum

529 4067 696 4135 facere
718 4082 815 4119 non
837 4075 994 4132 potest
1023 4065 1231 4135 (Matth.
1258 4082 1420 4132 xxvu,
1447 4066 1536 4133 Μ,
1566 4067 1677 4136 42).
1706 4067 1884 4123 Genus
1904 4078 2079 4124 autem

530 4155 662 4209 illud
689 4155 969 4210 locutionis
1017 4165 1143 4210 tunc
1181 4157 1484 4222 adhibetur,
1531 4159 1742 4228 quando
1785 4173 1872 4215 res
1909 4159 2083 4230 aliqua

531 4247 894 4315 cepiosissime
942 4248 1267 4315 significatur
1321 4249 1571 4316 impleta;
1621 4259 1712 4318 ut,
1756 4250 2084 4305 Benedicens

533 4338 841 4391 henedicam
879 4348 958 4401 te,
989 4339 1305 4392 maledicens
1352 4339 1663 4392 maledicam
1695 4348 1774 4400 te,
1817 4340 2086 4394 aedificans

533 4427 804 4481 aedificabo
834 4436 904 4490 te,
940 4437 992 4482 et
1020 4429 1101 4481 his
1123 4429 1337 4482 similia.
1371 4430 1522 4496 Quod
1553 4438 1924 4499 argumentum
1957 4430 2088 4484 dici-

535 4524 620 4570 tur
645 4519 865 4582 notatio,
890 4532 1006 4573 cum
1030 4534 1092 4572 ex
1115 4519 1262 4574 verbi
1285 4519 1545 4587 positione
1566 4520 1772 4573 elicitur
1797 4519 2086 4575 similitudo

535 4607 811 4662 sermonis.
845 4607 1124 4676 Sequitur,
1167 4609 1440 4662 striderunt
1475 4609 1528 4661 in
1568 4623 1646 4661 me
1685 4609 1914 4663 dentibus
1957 4611 2083 4676 suis,
2111 4613 2167 4675 D

536 4699 674 4768 quod
689 4699 745 4753 lit
762 4714 791 4753 a
813 4700 966 4754 saevis
992 4699 1310 4765 hominibus,
1326 4700 1536 4768 quando
1557 4701 1762 4755 ratione
1785 4702 2084 4756 vincuntur.

535 4789 666 4845 Nam
689 4805 806 4846 cum
835 4793 912 4846 eis
941 4805 1036 4860 pro
1059 4793 1280 4846 veritate
1305 4790 1465 4844 verba
1492 4789 1806 4857 defecerint,
1838 4801 1960 4846 tunc
1989 4793 2089 4846 im-

536 4880 793 4951 patienter
833 4881 1079 4936 dentibus
1117 4881 1380 4948 l'remunt,
1411 4896 1639 4952 suasque
1668 4883 1964 4938 voluntates
2007 4891 2087 4939 ta-

545 4970 645 5024 cita
677 4970 1106 5025 interminatione
1145 4970 1474 5024 denuntiant.
1521 4971 1626 5026 Sed
1671 4971 1774 5027 hoc
1813 4982 1978 5028 totum
2018 4973 2084 5028 ad

544 5074 782 5129 magnam
812 5061 1024 5115 humani
1052 5062 1263 5130 generis
1292 5062 1694 5117 aedificationem
1726 5063 1991 5118 refertur:
2020 5079 2087 5121 ne

545 5149 780 5203 membra
808 5149 908 5203 sibi
933 5150 1238 5204 existiment
1267 5165 1550 5206 onerosum
1591 5156 1727 5222 pati,
1765 5153 1906 5224 quod
1934 5163 2090 5226 caput

545 5255 694 5296 suum
725 5241 1036 5295 sustinuisse
1064 5251 1406 5311 cognoscunt.

621 5333 768 5387 Vera.
794 5331 885 5387 20.
917 5331 1152 5400 Domine,
1184 5336 1388 5401 quando
1426 5336 1703 5403 respicies?
1739 5337 1945 5391 restitue
1982 5340 2095 5390 ani-

545 5438 678 5476 mum
719 5438 881 5478 meam
915 5440 948 5476 a
986 5425 1266 5494 malefactis
1307 5441 1509 5489 eorum,
1552 5443 1585 5480 a
1631 5427 1854 5497 leonibus
1895 5429 2097 5482 unicam

543 5531 724 5569 meam.
753 5516 968 5582 Quando
993 5517 1267 5586 respicies?
1296 5534 1390 5586 pro
1414 5521 1796 5574 consuetudine
1817 5520 2098 5576 infirmita-

545 5605 614 5658 tis
643 5604 883 5658 humanm
920 5606 1139 5670 dicitur,
1167 5609 1250 5661 cui
1287 5624 1554 5663 morosum
1583 5609 1794 5664 videtur
1826 5609 2100 5678 quodcun-

542 5709 648 5764 que
674 5697 900 5751 futurum
927 5709 1030 5765 est,
1062 5713 1178 5768 quae
1210 5714 1334 5753 mox
1367 5710 1426 5754 ut
1453 5700 1598 5768 cupit
1625 5699 1819 5769 aliquid
1843 5740 1856 5762 ,
1891 5699 2102 5754 festinat

547 5784 788 5858 implere.
833 5790 1053 5844 Restitue
1085 5807 1208 5846 vero
1253 5793 1412 5858 dixit,
1443 5793 1590 5860 quasi
1625 5798 1858 5858 ereptam
1889 5789 2096 5855 redde;
2132 5825 2147 5843 .

2254 1989 2404 2043 Vers.
2438 1986 2527 2041 2i.
2566 1988 2850 2056 Conﬁtebor
2873 1989 2978 2054 tibi,
3023 1987 3258 2054 Domine,
3291 1991 3343 2041 in
3377 1985 3609 2040 Ecclesia
3633 2001 3745 2037 ma-

2182 2097 2282 2152 gna
2309 2080 2406 2136 :in
2448 2079 2632 2149 papula
2656 2080 2795 2150 gravi
2824 2079 3038 2133 laudabo
3096 2088 3162 2134 te.
3211 2078 3368 2132 Venit
3414 2077 3478 2130 ad
3531 2078 3744 2130 tertium

2184 2171 2503 2236 membrum,
2548 2172 2633 2226 ubi
2660 2171 2768 2240 jam
2794 2183 3047 2241 percepto
3071 2185 3291 2225 munere
3317 2169 3743 2232 resurrectionis,

2184 2264 2459 2333 profitetur
2482 2263 2618 2316 sein
2664 2270 2775 2316 toto
2832 2262 2962 2316 orbe
3021 2251 3241 2315 Domino
3286 2261 3547 2314 confiteri.
3606 2258 3746 2312 Duas

2183 2355 2417 2410 diximus
2463 2369 2582 2410 esse
2629 2354 3012 2418 confessiones,
3068 2368 3224 2407 unam
3270 2351 3460 2416 laudis,
3524 2351 3745 2404 alteram

2185 2449 2528 2518 poenitentiae.
2575 2446 2680 2502 Sed
2712 2447 2797 2500 hic
2839 2454 2898 2499 ut
2938 2445 3303 2513 prmconialem
3333 2443 3612 2496 debuisses
3658 2441 3750 2494 ad-

2184 2551 2414 2603 vertere,
2457 2539 2613 2609 paulo
2637 2547 2754 2608 post
2777 2540 3034 2607 sequitur,
3068 2536 3286 2590 laudabo
3306 2545 3371 2588 te.
3403 2533 3598 2603 Magna
3621 2546 3748 2586 vero

2184 2631 2415 2685 Ecclesia
2452 2638 2529 2684 est
2557 2628 2784 2698 populus
2810 2625 3158 2690 Christianus,
3197 2633 3356 2679 rectae
3397 2623 3519 2676 fidei
3567 2632 3745 2688 tenax,

2182 2724 2271 2791 qui
2297 2722 2639 2789 amplitudine
2663 2721 2744 2775 sui
2769 2720 2931 2773 totius
2959 2717 3140 2794 mundi
3174 2715 3341 2783 spatia
3384 2712 3745 2780 comprehen-

2182 2816 2280 2870 dit.
2322 2817 2595 2884 Sequitur,
2625 2815 2681 2868 in
2707 2812 2894 2884 populo
2931 2810 3091 2882 gravi,
3132 2811 3312 2879 utique
3339 2807 3626 2871 fructuoso,
3658 2805 3746 2874 qui

2183 2924 2289 2962 non
2338 2909 2389 2962 in
2435 2908 2638 2961 levibus
2681 2906 2868 2975 paleis,
2898 2902 2992 2957 sed
3036 2903 3088 2956 in
3132 2897 3537 2955 frumentalibus
3567 2895 3746 2965 granis

2182 2997 2420 3052 noscitur
2440 2995 2775 3049 constitutus.
2805 2993 2972 3060 Quem
3001 2990 3220 3045 veniens
3265 3002 3394 3040 aura
3438 2985 3747 3040 tentationis

2183 3086 2248 3141 de
2274 3099 2396 3140 area
2425 3084 2621 3138 Christi
2659 3097 2765 3138 non
2806 3081 3006 3150 abiicit,
3036 3078 3130 3134 sed
3155 3075 3590 3132 ventilationibus
3617 3089 3747 3144 pur-

2183 3185 2340 3246 gatur
2366 3175 2540 3244 potius
2583 3187 2739 3240 quam
2787 3173 2942 3239 longe
2982 3169 3277 3240 projicitur.
3322 3168 3660 3235 Quapropter
3702 3165 3748 3218 in

2185 3265 2329 3339 graui
2362 3265 2550 3337 populo
2575 3262 2816 3318 laudatur
2863 3260 3143 3324 Dominus;
3183 3274 3216 3314 a
3260 3256 3461 3314 levibus
3487 3265 3666 3312 autem
3697 3261 3748 3311 et

2187 3357 2293 3413 fide
2313 3356 2492 3411 vacuis
2528 3356 2707 3424 utique
2731 3351 3149 3420 blasphematur.

2255 3477 2410 3534 Vers.
2443 3476 2534 3531 22.
2575 3473 2697 3529 Non
2717 3473 2954 3529 insultent
2981 3473 3033 3527 in
3067 3489 3146 3527 me
3163 3471 3251 3543 qui
3271 3471 3605 3526 adversantur
3625 3468 3746 3523 mihi

2183 3573 2377 3642 inique,
2401 3571 2486 3639 qui
2506 3569 2719 3624 oderunt
2735 3585 2813 3624 me
2827 3569 2982 3640 gratis
3001 3578 3050 3623 et
3070 3579 3344 3622 annuentes
3365 3566 3518 3639 [mss.
3543 3567 3637 3634 A.,
3665 3564 3742 3630 Β..

2185 3664 2247 3718 F.
2304 3659 2556 3735 nunuunt]
2595 3664 2777 3719 oculis.
2823 3659 2965 3716 Ordo
3008 3660 3291 3716 verborum
3331 3659 3451 3713 talis
3477 3667 3560 3712 est
3589 3675 3604 3712 :
3633 3657 3744 3712 Non

2185 3754 2442 3809 insultent
2466 3755 2520 3808 in
2539 3767 2626 3808 me
2645 3753 2735 3822 qui
2761 3750 3106 3806 adversantur
3127 3749 3254 3803 mihi
3283 3745 3478 3817 inique,
3509 3761 3746 3801 annuen-

2188 3857 2266 3903 tes
2295 3847 2486 3912 oculis,
2510 3845 2602 3916 qui
2627 3845 2853 3900 oderunt
2881 3858 2964 3898 me
2991 3843 3174 3912 gratis.
3197 3839 3454 3894 Insultant
3483 3837 3742 3902 haeretici,

2186 3938 2397 4008 quando
2426 3937 2629 4007 aliquos
2675 3935 2744 3990 de
2791 3949 3015 3990 numero
3058 3933 3291 3988 ﬁdelium
3343 3941 3524 3986 sancta
3573 3930 3746 4000 perdit

2189 4028 2456 4093 Ecclesia;
2485 4025 2812 4080 adversantur
2848 4025 3034 4094 inique,
3063 4023 3270 4093 quando
3302 4022 3368 4078 de
3413 4023 3745 4092 pereuntium

2186 4134 2369 4176 errore
2393 4119 2658 4174 laetantur.
2691 4116 2803 4172 Hoc
2823 4131 2889 4171 ne
2911 4114 2999 4170 ﬁat
3023 4116 3104 4184 pia
3131 4113 3338 4169 Domini
3367 4115 3748 4169 intercessione

2187 4213 2511 4280 deposcitur.
2542 4211 2810 4281 Sequitur,
2839 4209 2925 4282 qui
2963 4211 3176 4264 oderunt
3217 4225 3296 4262 me
3327 4209 3516 4280 gratis;
3545 4209 3648 4261 hoc
3671 4212 3748 4261 est

2188 4303 2377 4373 quibus
2408 4303 2541 4357 nihil
2570 4304 2744 4358 nocui.
2770 4300 3000 4355 lnaniter
3029 4298 3288 4369 siquidem
3306 4307 3636 4361 exsecratur,
3668 4295 3746 4350 cui

2190 4394 2422 4448 lusionis
2445 4408 2602 4447 causa
2637 4394 2782 4447 nulla
2836 4390 3186 4460 prmmittitur.
3238 4391 3527 4443 Annuentes
3573 4397 3746 4442 autem

2191 4486 2351 4539 oculis
2388 4485 2548 4550 dixit,
2581 4483 2719 4553 quod
2750 4484 2884 4538 solet
2914 4482 3026 4537 fieri
3049 4481 3258 4552 quando
3285 4481 3612 4535 voluntatem
3660 4494 3750 4535 uo-

2191 4585 2355 4631 stram
2385 4577 2544 4633 tacita
2564 4586 2620 4632 et
2662 4576 2844 4632 dolosa
2877 4574 3263 4646 signiﬁcatione
3290 4573 3657 4638 declaramus;
3697 4581 3748 4626 et

2189 4667 2280 4722 ubi
2315 4682 2443 4723 voce
2487 4669 2636 4737 prodi
2667 4667 2935 4736 nolumus,
2971 4666 3245 4722 oculorum
3273 4663 3576 4735 quempiam
3613 4662 3746 4718 notio

2188 4758 2288 4831 bus
2313 4758 2678 4815 admonemus.

2260 4878 2412 4935 Vers.
2435 4879 2524 4934 Ξῖ).
2569 4879 2818 4946 Quoniam
2856 4877 2982 4931 mihi
3013 4878 3214 4947 quidem
3244 4875 3454 4946 paciﬁca
3486 4875 3750 4944 loqueban-

2186 4975 2288 5038 tur,
2313 4979 2357 5022 et
2381 4985 2530 5036 super
2545 4968 2675 5020 iram
2697 4967 2866 5021 dolose
2885 4968 3188 5037 coyitabant.
3213 4967 3523 5024 Prmdicitur
3537 4966 3746 5022 Judaoc

2187 5074 2306 5115 rum
2337 5058 2558 5112 nefanda
2588 5057 2862 5123 dolositas,
2894 5073 3010 5128 qua:
3041 5073 3144 5112 non
3173 5059 3389 5125 nostris,
3441 5057 3535 5112 sed
3578 5055 3747 5111 verbis

2189 5153 2508 5222 evangelicis
2528 5151 2796 5206 indicitur.
2815 5151 3038 5220 Paciﬁce
3059 5154 3194 5224 loqui
3208 5153 3524 5208 videbantur
3545 5151 3747 5222 quando

2191 5243 2436 5296 dicebant
2462 5260 2473 5294 :
2509 5241 2775 5312 Magister,
2803 5244 2988 5298 scimus
3011 5245 3127 5312 quia
3145 5260 3300 5299 verax
3317 5261 3391 5312 es,
3418 5255 3466 5299 et
3499 5246 3629 5298 uiam
3658 5241 3747 5295 Dei

2191 5333 2246 5386 in
2265 5332 2470 5385 ueritate
2503 5333 2692 5385 doces:
2731 5331 2843 5386 licet
2877 5334 3122 5387 tributum
3149 5333 3270 5388 dare
3305 5332 3518 5401 Censori,
3551 5350 3617 5388 an
3651 5346 3746 5386 non

2171 5424 2412 5493 '(Malth.
2452 5439 2587 5490 χιιι,
2620 5424 2747 5495 i6)?
2790 5424 2893 5481 Sed
2925 5435 3096 5496 potest
3122 5427 3302 5481 dolum
3341 5427 3574 5496 cogitare
3598 5425 3745 5481 etiam

2197 5517 2284 5585 qui
2311 5532 2412 5570 non
2441 5516 2672 5586 disponit
2694 5517 2958 5582 occidere,
3001 5527 3057 5572 ut
3088 5518 3134 5572 si
3177 5520 3296 5589 quis
3347 5520 3620 5587 pecuniam
3660 5521 3744 5570 aut

2198 5609 2590 5676 possessionem
2618 5608 2860 5677 proximo
2900 5611 3226 5666 maehinetur
3261 5610 3491 5665 auferre.
3526 5608 3628 5665 Sed
3651 5606 3726 5661 ad

2202 5699 2336 5752 didit
2364 5701 2512 5764 iram,
2539 5715 2596 5754 ut
2615 5699 2768 5753 dolus
2792 5714 2973 5754 eorum
2994 5701 3223 5756 exitialis
3248 5701 3411 5756 fuisse
3431 5701 3728 5755 declaretur

2203 5791 2312 5846 lloc
2341 5790 2405 5846 ad
2441 5791 2569 5847 illud
2617 5792 2868 5862 refertur,
2901 5797 3110 5863 quando
3148 5795 3384 5849 dolosam
3415 5789 3723 5849 machinatio
