3996 6346
193 432 285 490 9J9

1089 420 1455 480 EXPOSITIO
1493 419 1560 476 IN
1599 417 2063 476 PSALTERIUM.
2104 392 2300 475 PSAL.
2340 416 2579 474 XXXIV.

3347 420 3453 477 250

194 561 301 604 nem
349 542 695 597 tractabant:
747 536 957 609 Oportet
1005 552 1163 591 unum
1217 551 1309 604 pro
1352 532 1583 589 omnibus
1626 533 1757 586 mori
1784 531 2119 600 Anequitia,
2166 530 2220 586 id
2268 539 2350 586 est
2406 530 2700 599 potuimus,
2760 528 3018 599 fecimus,
3063 530 3304 600 egimus;
3357 532 3453 588 sed

196 637 356 710 (Joau.
388 650 441 690 xl
456 676 471 699 ,
503 631 617 700 50).

260 728 406 783 Vers.
438 728 533 781 24.
579 725 934 779 Dilataverunt
962 725 1015 778 in
1053 739 1133 778 me
1170 740 1226 778 os
1258 737 1443 787 suum;
1478 721 1715 774 dixerunt
1741 736 1760 775 :

199 822 344 892 Euge,
377 835 517 890 euge,
552 819 792 873 viderunt
840 818 976 872 oeuli
1026 817 1204 871 nostri.
1257 814 1605 868 Dilataveruut
1652 812 1758 866 uti-

196 929 286 984 que
312 928 365 966 os
405 927 554 965 suum
585 910 801 979 quando
831 908 1131 965 clamabant
1159 926 1170 960 :
1204 905 1491 977 Cruci/ige,’
1521 905 1762 977 cruciﬁge

196 1004 331 1074 (Luc.
358 1018 482 1057 xxut
501 1043 516 1067 ,
545 1002 682 1073 2t);
710 1002 820 1071 jam
852 1017 960 1056 non
992 1009 1289 1054 annuentes
1314 997 1506 1063 oculis,
1537 1012 1643 1051 non
1665 985 1761 1051 do.-

193 1095 294 1150 Iose
320 1096 623 1163 cogitantes,
656 1095 749 1148 sed
782 1103 964 1161 aperta
995 1102 1050 1147 et
1075 1092 1243 1147 libera
1264 1104 1397 1145 voce
1418 1090 1753 1143 damnantes.

194 1187 236 1244 0
259 1188 522 1247 scelestum
567 1187 806 1242 facinus!
838 1185 1059 1255 Negavit
1087 1183 1247 1255 judex
1277 1183 1392 1238 ﬁeri
1422 1182 1561 1252 quod
1593 1196 1760 1251 popu-

195 1281 269 1335 lus
294 1281 549 1335 clamabat
574 1280 806 1349 impleri.
838 1280 1148 1349 Sequuntur
1176 1277 1340 1333 verba
1371 1276 1644 1333 lethaliter
1673 1274 1761 1329 lte-

192 1374 395 1425 tantium
424 1370 763 1436 Judaeorum;
805 1385 866 1425 ac
897 1371 941 1424 si
971 1371 1252 1427 dicerent:
1302 1368 1466 1435 bene,
1516 1369 1651 1423 bene
1679 1366 1759 1420 vi-

193 1462 367 1516 demus
394 1462 459 1517 de
486 1475 539 1517 te
559 1463 699 1533 quod
725 1462 1091 1517 desideramus
1122 1461 1366 1527 efﬁcere;
1400 1470 1458 1516 ut
1486 1461 1759 1515 dissuasor

192 1552 351 1620 plebis
378 1567 496 1606 cum
528 1553 817 1607 latronibus
864 1554 917 1606 in
961 1567 1122 1608 cruce
1155 1554 1438 1621 penderes.
1494 1553 1570 1606 En
1620 1550 1755 1605 mira

192 1643 455 1711 patientia,
489 1643 541 1698 in
581 1660 681 1711 quo
705 1654 820 1699 erat
848 1660 1056 1699 summa
1084 1654 1342 1713 potestas.
1372 1644 1621 1712 Nunquid
1653 1657 1758 1697 non

191 1737 347 1791 valuit
385 1737 448 1790 ad
494 1738 897 1792 confundendos
943 1738 1189 1808 inimicos
1237 1739 1387 1793 vivus
1431 1737 1759 1793 descendere

194 1824 254 1880 de
277 1826 443 1881 crucis
472 1828 726 1896 patibulo,
758 1828 849 1897 qui
879 1839 1120 1883 mortuus
1157 1828 1244 1883 die
1282 1830 1438 1883 tertia
1471 1843 1757 1898 resurgere

1865 633 2113 695 precatur
2150 632 2208 679 ut
2236 624 2374 678 mala
2424 637 2517 678 sua
2566 624 2741 693 potius
2789 624 3101 680 salutariter
3149 626 3333 682 tristes
3362 626 3456 682 de-

1862 716 2046 779 ﬂeant,
2078 730 2236 785 quam
2263 729 2322 769 se
2361 713 2647 770 exitialiter
2676 714 2929 781 implesse
2954 716 3344 785 congaudeant.

1937 807 2089 862 Vers.
2122 808 2212 862 28.
2258 806 2381 860 Non
2411 807 2585 859 dicant
2615 809 2667 860 in
2692 808 2928 881 cordibus
2957 808 3064 861 suis
3090 823 3110 863 :
3135 808 3300 879 Euge,
3326 824 3454 880 euge

1861 904 2045 956 animat
2073 911 2288 965 noslrw,‘
2314 917 2402 953 nec
2423 902 2630 953 dicant:
2660 900 3021 953 Absorbuimus
3046 917 3183 954 eum.
3216 901 3450 969 Expres-

1867 994 1939 1047 sit
1966 992 2370 1046 iusultatinnmn
2395 1007 2554 1058 quam
2585 992 2833 1059 superius
2860 990 3061 1045 iecerat
3085 993 3444 1047 sentiendum.

1863 1084 1988 1139 Non
2030 1085 2246 1137 dicant:
2280 1082 2441 1154 Euge,
2477 1095 2619 1152 euge,
2672 1082 2723 1135 id
2752 1091 2853 1146 est,
2894 1083 3049 1148 bene,
3084 1083 3238 1137 bene.
3277 1084 3450 1139 Verba

1861 1184 1989 1231 sunt
2036 1176 2178 1230 enim
2230 1176 2328 1229 ista
2385 1176 2647 1230 scelerata
2709 1184 2888 1229 mente
2949 1175 3279 1243 laetantium,
3336 1192 3454 1245 qua:

1856 1270 1966 1340 jam
1995 1269 2173 1324 dicere
2203 1284 2308 1324 non
2340 1277 2581 1337 possunt,
2618 1268 2743 1323 dum
2779 1269 3288 1336 cqmpuuctionibus
3315 1269 3456 1323 afﬁi-

1860 1370 2073 1431 guntur.
2110 1361 2374 1415 Damnent
2421 1376 2548 1430 ergo
2601 1360 2795 1413 malam
2845 1359 3229 1417 conscientiam
3276 1376 3450 1427 suam,

1861 1468 1929 1508 ne
1957 1453 2161 1523 possint
2189 1454 2452 1522 poenalem
2502 1452 2685 1505 subire
2715 1452 3057 1505 sententiam.
3098 1450 3141 1505 Ο
3183 1453 3369 1521 ingens
3394 1462 3453 1507 et

1861 1545 2119 1600 immensa
2171 1545 2339 1614 pietas
2387 1544 2697 1599 Creatoris!
2751 1558 2855 1597 non
2912 1544 3109 1611 patitur
3150 1558 3244 1598 eos
3296 1544 3449 1599 lzetos

1865 1638 2233 1705 temporaliter
2263 1636 2513 1705 relinqui,
2550 1651 2615 1690 ne
2656 1635 2886 1689 debeant
2926 1642 3123 1687 aeterna
3154 1634 3457 1689 calamitate

1862 1728 2101 1799 percelli.
2135 1728 2412 1782 Absorbere
2437 1737 2517 1782 est
2560 1737 2737 1781 autem
2782 1726 2834 1779 in
2866 1741 3060 1793 corpus
3101 1725 3321 1780 alterius
3364 1741 3455 1779 su-

1861 1821 1969 1875 bita
1993 1820 2267 1875 celeritate
2300 1820 2621 1883 transmitti;
2660 1817 2800 1887 quod
2846 1817 3038 1872 accidit
3080 1818 3186 1871 illis
3218 1818 3307 1887 qni
3353 1818 3449 1872 ali-

194 1920 347 1987 poluit
372 1921 436 1975 de
463 1923 749 1991 sepulcro?
776 1924 882 1977 Sed
913 1940 1018 1978 non
1042 1924 1393 1980 conveniebat
1423 1925 1615 1979 divinae
1645 1926 1757 1979 vir-
1789 1920 1839 1981 B
1864 1919 2055 1990 quibus
2095 1918 2564 1985 superstitiOnibns
2616 1916 2882 1985 deglutiti,
2918 1931 2948 1968 a
2981 1930 3119 1967 verae
3153 1914 3273 1968 ﬁdei
3305 1914 3453 1967 viva-

196 2012 284 2064 tuti
325 2012 386 2066 ad
414 2013 577 2067 verba
613 2015 982 2070 insultantium
1032 2016 1379 2083 commoveri,
1430 2026 1489 2071 ut
1529 2018 1759 2087 amplus

199 2101 585 2172 erubescerent,
637 2104 764 2159 dum
797 2106 977 2161 omnia
1006 2107 1260 2176 praedicta
1291 2117 1622 2163 constarent.
1654 2110 1760 2164 Sed

195 2195 418 2259 quamvis
463 2194 681 2250 Judaeos
731 2194 901 2267 Euge,
949 2214 1074 2269 euge
1122 2198 1327 2254 dixisse
1371 2201 1423 2254 in
1470 2200 1763 2271 Evangelio

208 2302 305 2340 non
337 2287 549 2357 legatur,
594 2290 791 2345 similia
834 2300 1010 2348 tamen
1053 2293 1452 2348 insultationum
1493 2295 1653 2350 verba
1686 2296 1764 2350 lo-

199 2379 299 2433 cuti
320 2390 451 2445 sunt,
481 2392 534 2435 ut
563 2398 667 2436 una
708 2397 795 2438 res
838 2399 929 2453 per
956 2399 1261 2439 sermonum
1293 2389 1581 2442 varietates
1606 2402 1763 2441 vera-

195 2470 317 2525 citer
343 2474 584 2539 probetur
612 2489 736 2530 esse
782 2485 1016 2531 narrata.
1055 2477 1217 2548 Euge,
1244 2495 1367 2546 euge
1406 2495 1501 2546 per
1541 2480 1763 2547 ﬁguram

194 2565 382 2621 dictum
410 2577 491 2623 est
532 2571 826 2639 epizeuxis,
874 2573 1086 2642 quando
1112 2572 1229 2627 sine
1258 2573 1435 2644 aliqua
1480 2573 1765 2644 interposi-

210 2659 349 2714 tione
374 2660 428 2714 in
457 2677 558 2716 uno
585 2677 739 2717 versu
771 2664 932 2719 verba
970 2664 1330 2735 geminantur.

262 2752 414 2808 Vers.
451 2753 540 2808 25.
593 2754 789 2827 Vidisti,
837 2757 1075 2827 Domine,
1105 2777 1169 2815 ne
1197 2761 1347 2815 sileas
1377 2778 1396 2826 ;
1422 2760 1658 2829 Domine,
1700 2778 1766 2817 ne

198 2846 427 2899 discedas
466 2862 498 2897 η
544 2863 640 2903 me.
688 2850 769 2904 Ad
803 2850 917 2905 haec
946 2861 999 2907 et
1045 2852 1141 2905 ista
1175 2852 1273 2907 tria
1305 2852 1468 2906 verba
1496 2854 1766 2922 pertinent

194 2954 303 3008 qua:
344 2942 584 3011 superius
630 2941 1013 3011 dignoscuntur
1067 2959 1189 3000 esse
1256 2955 1489 3000 narrata.
1545 2945 1757 3012 Vidisti,

197 3032 290 3086 hoc
322 3042 402 3087 est
431 3035 666 3104 probasti
697 3036 983 3104 completa,
1019 3052 1141 3106 quae
1164 3047 1352 3093 contra
1390 3053 1477 3093 me
1508 3037 1765 3107 praevide-

200 3139 285 3178 ras
317 3141 428 3181 esse
456 3126 761 3196 cogitanda.
814 3127 906 3183 Sic
949 3129 1094 3184 enim
1127 3129 1373 3196 dicimus,
1419 3130 1630 3200 quando
1668 3130 1765 3184 ali-

193 3215 309 3284 quid
350 3217 402 3271 in
445 3219 764 3274 memoriam
815 3234 1071 3274 revocare
1120 3220 1524 3276 desideramus:
1572 3221 1764 3277 Vidisti

1864 2013 2024 2066 citate
2048 2011 2349 2073 discedunt.
2388 2009 2490 2064 Sed
2525 2008 2625 2063 hoc
2653 2008 2783 2076 petit
2811 2006 2878 2059 ad
2910 2006 3278 2060 informandos
3322 2006 3454 2061 tide-

1867 2104 1966 2158 les.
1995 2101 2259 2157 Camerum
2290 2097 2547 2157 ineﬁabili
2578 2098 2694 2170 ejus
2745 2099 2902 2169 118
2936 2096 3146 2167 puritati
3190 2097 3314 2151 talia
3346 2111 3453 2150 non

1868 2204 2115 2267 pozerant
2140 2194 2382 2249 evenire.

1939 2297 2088 2351 Vers.
2116 2296 2211 2350 29.
2255 2294 2572 2349 Erubescant
2600 2302 2646 2349 et
2672 2301 2996 2349 revereantur
3014 2290 3196 2355 simul,
3222 2290 3309 2361 qui
3338 2305 3459 2361 gra-

1867 2387 2100 2444 tulantur
2132 2387 2280 2442 malis
2324 2388 2468 2441 meis.

1943 2490 2095 2545 Vers.
2153 2488 2242 2545 50.
2310 2488 2605 2542 Induantur
2654 2485 2851 2556 pudore
2899 2494 2948 2541 et
3017 2483 3315 2551 reuerentia,
3370 2498 3460 2552 qui

1865 2582 2095 2652 maligna
2117 2583 2397 2651 loquuntur
2432 2580 2701 2634 adversum
2728 2595 2826 2633 me.
2862 2578 3031 2647 Digna
3056 2576 3311 2637 vindicta,
3343 2587 3456 2642 p03-

1830 2682 1831 2685 ‘
1868 2691 1934 2728 na
1961 2674 2255 2729 sufﬁciens.
2299 2673 2433 2727 Nam
2456 2673 2546 2741 qui
2577 2658 2848 2726 erubescit
2883 2678 3032 2724 actus
3062 2683 3213 2732 suos,
3244 2665 3460 2736 propria

1867 2768 2221 2824 aestimatione
2249 2766 2532 2820 damnatus
2573 2774 2677 2831 est,
2737 2774 2791 2818 et
2837 2777 2895 2818 se
2950 2762 3125 2816 ultore
3154 2768 3455 2827 torquetur,

1824 2888 1837 2900 ι
1866 2862 1956 2930 qui
1977 2860 2189 2915 vinculo
2214 2858 2544 2913 confusionis
2575 2857 2885 2911 involvitur.
2931 2856 3110 2909 Potest
3156 2863 3332 2907 tamen
3357 2851 3456 2904 ali-

1866 2953 1985 3024 quis
2011 2953 2325 3019 erubescere,
2358 2959 2411 3005 et
2440 2946 2798 3004 reverentiam
2848 2961 2954 3001 non
2982 2946 3202 3000 habere.
3239 2943 3333 2998 Hic
3358 2956 3456 2997 au-

1868 3054 1973 3100 tem
2002 3043 2227 3110 addidit,
2249 3052 2298 3098 et
2327 3049 2651 3098 revereantur
2671 3039 2845 3107 simul,
2880 3046 2939 3092 ut
2967 3036 3335 3092 conversionis
3358 3048 3450 3089 eo-

1865 3152 1983 3193 rum
2016 3135 2210 3191 indicia
2243 3135 2561 3189 declararet.
2612 3132 2913 3186 Reverentia
2945 3138 3028 3185 est
3054 3130 3198 3184 enim
3238 3128 3449 3182 Domini

1865 3231 2030 3285 timor
2050 3243 2173 3284 cum
2200 3242 2382 3283 amore
2416 3224 2706 3297 permixtus
2733 3242 2746 3289 ;
2784 3224 2925 3293 quod
2957 3223 3062 3277 illis
3094 3222 3334 3289 provenit
3357 3220 3445 3288 qui

194 3322 338 3377 quam
369 3310 605 3365 crudelis
629 3311 837 3365 exstitit
878 3310 1037 3378 mihi;
1067 3312 1238 3366 vidisti
1268 3323 1463 3383 quanta
1488 3314 1541 3367 in
1575 3329 1659 3369 me
1685 3313 1762 3369 fe-

1873 3323 2145 3377 voluntate
2193 3322 2557 3376 sincerissima
2604 3320 2957 3377 confessionis
2998 3333 3221 3373 munera
3262 3330 3454 3371 conse-

186 3402 307 3456 cerit
324 3402 545 3458 latronis
570 3405 904 3472 improbitas.
943 3404 1025 3460 Ne
1039 3406 1210 3469 sileas,
1235 3405 1288 3462 id
1312 3415 1394 3462 est
1418 3423 1525 3463 non
1545 3407 1763 3464 differas

190 3496 305 3553 dare
346 3500 697 3562 sententiam,
729 3500 871 3570 quod
924 3501 1108 3571 utique
1164 3501 1388 3557 tacendo
1433 3518 1538 3557 non
1584 3513 1764 3573 potest

190 3588 311 3655 ﬁeri,
359 3592 450 3647 sed
481 3591 780 3661 loquendo.
815 3592 947 3647 Nam
979 3593 1118 3664 quod
1164 3594 1329 3660 dicit,
1360 3611 1422 3649 ne
1464 3596 1696 3652 discedas
1732 3613 1765 3650 a

191 3697 278 3747 me,
308 3696 334 3735 a
368 3694 521 3751 parte
545 3684 912 3754 accipiendum
938 3695 1022 3741 est
1045 3686 1413 3755 humanitatis,
1438 3704 1554 3759 quae
1586 3688 1767 3760 subja-

186 3776 288 3826 cuit
309 3776 567 3842 passinni.

251 3883 395 3944 νει-δ.
451 3889 554 3945 26.
621 3887 877 3963 Exsurge,
945 3890 1179 3959 Domine,
1234 3901 1281 3948 et
1321 3894 1527 3948 intende
1564 3893 1767 3965 judicio

183 3993 284 4031 meo
312 3996 331 4032 :
355 3978 489 4035 Deus
534 3999 693 4039 meus.
739 3992 785 4037 et
818 3982 1064 4038 Dominus
1086 4001 1244 4050 meus,
1271 3985 1325 4038 in
1354 4001 1560 4040 astuant
1583 4003 1765 4040 meam.

183 4065 321 4123 Sicut
363 4085 510 4141 smpe
538 4072 734 4127 dictum
766 4085 847 4128 est
874 4075 939 4129 ab
968 4075 1195 4132 humana
1233 4077 1641 4143 consuetudine,
1670 4077 1772 4132 Eat-

181 4175 324 4232 surge
366 4163 573 4218 dicitur
597 4165 667 4218 illi
691 4166 780 4235 qui
820 4181 1032 4237 semper
1061 4168 1259 4238 vigilat,
1293 4184 1505 4237 semper
1534 4167 1770 4226 intentus

180 4264 285 4321 est;
306 4267 357 4311 et
387 4273 512 4313 cum
541 4257 740 4328 jugiter
769 4262 943 4315 omnia
971 4262 1239 4330 ieSpiciat,
1265 4272 1389 4317 tunc
1420 4272 1597 4318 tamen
1623 4273 1771 4331 puta-

180 4354 257 4398 tur
276 4348 562 4403 intendisse
586 4350 709 4402 dum
741 4352 994 4405 vindicat.
1023 4350 1233 4407 Judicie
1261 4369 1390 4419 meo,
1414 4354 1555 4423 quod
1587 4364 1772 4423 pertu-

180 4434 233 4490 lit
253 4439 523 4505 aJndreis,
542 4441 805 4510 judicium
824 4444 941 4497 sine
958 4444 1100 4511 jure,
1123 4454 1385 4498 tormenta
1402 4445 1520 4500 sine
1541 4445 1767 4512 scelere,

180 4541 398 4587 mortem
448 4536 576 4589 sine
606 4546 843 4603 peccato.
899 4536 1040 4591 Bene
1072 4546 1248 4593 autem
1276 4537 1407 4592 dixit
1447 4554 1579 4607 meo,
1625 4538 1767 4609 quod

181 4636 358 4679 revera
413 4626 737 4695 pertulerat.
771 4626 999 4682 Pulchre
1043 4629 1309 4698 siquidem
1355 4630 1508 4698 dixit,
1560 4631 1610 4684 in
1657 4647 1773 4683 cau-

1870 3423 2123 3485 quuntur.
2176 3413 2449 3484 Sequitur,
2494 3413 2773 3468 induantur
2815 3415 3008 3483 pudore
3056 3420 3105 3467 et
3157 3409 3459 3465 reverentia.

1869 3507 2031 3574 Quasi
2057 3506 2286 3577 quodam
2331 3507 2507 3562 cilicio
2537 3506 2890 3576 paenitentiae,
2933 3504 3085 3575 quasi
3109 3511 3261 3559 veste
3305 3503 3461 3572 lugu-

1867 3600 1971 3656 bri.
2005 3598 2267 3654 Pudorem
2295 3608 2479 3654 contra
2529 3599 2807 3659 audaciam
2856 3598 3029 3668 ponit,
3060 3611 3215 3667 quam
3251 3595 3455 3649 habue-

1868 3700 1995 3748 runt
2020 3691 2288 3756 furentes;
2321 3691 2654 3745 reverentiam
2690 3700 2878 3745 contra
2908 3687 3291 3758 impudentiam
3317 3686 3464 3741 falsi-

1870 3785 2017 3849 tatis,
2041 3791 2099 3837 ut
2125 3784 2334 3837 duabus
2364 3782 2651 3836 virtutibus
2673 3768 2883 3845 curent,
2907 3780 3046 3850 quod
3070 3778 3280 3833 duobus
3306 3793 3455 3833 com-

1870 3878 2070 3933 misere
2091 3875 2425 3931 criminibus.
2464 3874 2660 3946 Magna
2688 3872 2829 3928 enim
2858 3873 2991 3927 dixit
3034 3872 3253 3937 locutos,
3296 3869 3347 3923 id
3379 3877 3463 3924 est

1871 3969 2098 4039 superba
2128 3969 2344 4023 modum
2376 3968 2658 4037 probitatis
2703 3963 3038 4024 excedentia.
3084 3962 3225 4017 sicut
3271 3960 3458 4015 beatus

1873 4062 2107 4118 Joannes
2130 4060 2181 4115 in
2210 4059 2934 4129 Apocalypsicommemorat
2962 4074 2973 4107 :
3019 4053 3137 4108 Vidi
3165 4071 3221 4109 os
3247 4056 3461 4124 loquens

1874 4168 2061 4221 magna
2088 4151 2330 4205 adversus
2361 4149 2525 4203 Deum
2551 4150 2735 4218 (Apoc.
2764 4160 2889 4209 xm,
2921 4145 3001 4210 5).

1948 4252 2098 4309 Vers.
2134 4253 2223 4308 51.
2265 4251 2535 4307 Exsultent
2560 4258 2609 4305 et
2636 4248 2874 4304 lwtentur
2895 4247 2983 4318 qui
3008 4245 3180 4300 volunt
3202 4244 3463 4316 justitiam

1876 4364 2071 4414 meam;
2101 4358 2147 4402 et
2176 4346 2348 4400 dicant
2377 4361 2596 4415 semper,
2646 4342 3010 4413 Magni/icetur
3055 4339 3330 4405 Dominus,
3379 4338 3468 4406 qui

1876 4439 2050 4495 volunt
2078 4455 2253 4511 pacem
2280 4438 2411 4492 servi
2443 4438 2575 4508 ejus.
2618 4437 2906 4506 Postquam
2934 4433 3003 4488 de
3032 4432 3467 4503 persecutoribus

1877 4530 2206 4587 sufﬁcienter
2236 4530 2466 4584 edictum
2497 4536 2600 4593 est,
2647 4528 2793 4582 venit
2812 4526 2878 4581 ad
2929 4534 3134 4595 partem
3180 4523 3416 4577 ﬁdelium
3448 4538 3464 4576 :

1878 4622 1999 4677 illos
2026 4632 2219 4691 optans
2239 4619 2445 4676 salubri
2470 4619 2804 4689 paenitudine
2832 4616 3081 4680 cruciari,
3106 4615 3239 4670 istos
3256 4627 3463 4668 summa

180 4731 277 4768 tam
321 4735 496 4773 meam
540 4720 770 4790 respice,
803 4736 911 4775 non
941 4720 994 4775 in
1032 4695 1273 4789 pne-nam;
1304 4737 1461 4793 poena
1486 4695 1626 4778 enim
1655 4737 1771 4777 sce-
1801 4695 1849 4754 ί)
1876 4716 2219 4772 beatitudinis
2246 4715 2604 4771 exsultatione
2632 4711 2913 4779 compleri.
2953 4710 3020 4763 Et
3065 4707 3195 4762 illud
3228 4706 3458 4774 respice,

180 4804 360 4863 leratis
406 4810 702 4865 videbatur
748 4825 867 4867 esse
916 4813 1243 4879 consimilis;
1287 4830 1443 4867 causa
1492 4827 1621 4868 vero
1653 4812 1770 4869 talis

177 4914 287 4954 cum
322 4904 480 4958 nullo
512 4913 726 4972 poterat
755 4919 874 4958 esse
902 4906 1224 4959 communis.
1265 4904 1371 4961 Sed
1399 4921 1517 4975 quae
1546 4914 1628 4961 est
1668 4906 1768 4961 ista

178 5008 326 5047 causa
346 5038 362 5063 ,
394 5012 523 5065 qua:
554 5010 583 5048 a
614 4996 724 5050 Deo
751 4996 1027 5065 petebatur
1074 4998 1314 5052 intendi?
1351 4999 1555 5053 scilicet
1582 5008 1640 5053 ut
1680 5001 1767 5070 qui

177 5087 301 5141 dare
326 5096 567 5143 venerat
608 5088 833 5142 salutem
868 5090 1100 5144 humano
1132 5091 1337 5161 generi,
1373 5091 1441 5147 ab
1483 5092 1683 5147 insanis
1721 5100 1775 5147 et

184 5178 398 5245 perﬁdis
431 5180 759 5249 probaretur
796 5181 991 5239 occidi.

242 5271 405 5327 γει-ς.
459 5272 555 5327 27.
597 5270 787 5326 Judica
832 5289 932 5339 me,
980 5271 1215 5339 Domine,
1259 5275 1537 5329 secundum
1577 5276 1777 5330 miscri-

176 5363 405 5417 cordiam
439 5371 610 5429 tuam,
655 5364 793 5417 Deus
819 5380 992 5430 meus;
1014 5373 1061 5419 et
1101 5382 1201 5419 non
1229 5367 1473 5419 insultent
1495 5366 1546 5419 in
1571 5383 1649 5421 me
1675 5365 1777 5419 ini-

173 5456 289 5508 mici
320 5455 452 5510 mei.
486 5455 743 5522 Quamvis
771 5455 989 5511 haherct
1019 5459 1273 5526 Optimam
1302 5472 1517 5511 causam
1544 5460 1632 5526 qui
1660 5473 1779 5526 pec-

173 5559 287 5601 cata
321 5562 436 5602 non
465 5546 689 5613 fecerat,
718 5557 895 5603 tamen
924 5562 982 5603 se
1023 5550 1152 5615 petit
1184 5549 1462 5602 secundum
1489 5551 1777 5603 misericor-

171 5638 312 5691 diam
334 5639 605 5710 judicari,
647 5649 703 5692 ut
727 5638 880 5694 nobis
915 5641 1223 5695 ostenderet
1251 5640 1573 5709 precationis
1597 5656 1778 5695 axem-

175 5734 345 5800 plum,
379 5733 488 5801 qui
515 5732 621 5787 tale
650 5747 756 5788 non
787 5743 1090 5803 poteramus
1119 5734 1316 5789 habere
1346 5732 1636 5804 negotium.
1677 5732 1777 5789 Se-

172 5828 357 5896 quitur
387 5840 650 5899 quoque:
683 5826 752 5882 Et
779 5845 880 5883 non
926 5829 1172 5882 insultent
1202 5828 1255 5882 in
1300 5844 1376 5882 me
1404 5828 1597 5882 inimici
1628 5829 1727 5883 mei
1753 5847 1773 5888 .-

172 5920 362 5977 scilice
420 5933 499 5977 ne
534 5919 713 5987 dicant
756 5921 899 5993 quod
939 5921 1306 5981 insultantium
1348 5931 1524 5993 potest
1550 5932 1551 5935 ‘
1574 5921 1773 5983 habere

1877 4806 2017 4876 quod
2056 4808 2245 4861 merita
2293 4820 2479 4860 eorum
2507 4805 2623 4875 ipsa
2661 4817 2873 4872 quoque
2900 4800 3062 4856 verba
3104 4797 3461 4867 distinguunt.

1877 4899 2253 4955 Persecutores
2280 4899 2421 4952 enim
2452 4898 2627 4952 solent
2652 4894 2852 4957 dicere,
2890 4891 3057 4962 Euge,
3087 4904 3234 4959 euge,
3273 4888 3462 4942 animi:

1877 4998 2085 5055 nostra,
2126 4986 2265 5058 quod
2315 4986 2612 5057 temporale
2650 4983 2900 5055 gaudium
2931 4989 2987 5037 et
3032 4978 3250 5050 fugitiva
3283 4979 3467 5034 laetitia

1878 5092 1979 5140 est.
2013 5083 2155 5138 Beati
2180 5097 2307 5137 vero
2329 5082 2504 5135 dicunt
2528 5095 2547 5134 :
2576 5078 2791 5145 Semper
2809 5074 3166 5146 magniﬁcetur
3183 5072 3455 5138 Dominus,

1878 5178 2016 5248 quod
2030 5186 2286 5232 mternnm
2301 5180 2458 5242 atque
2476 5181 2787 5244 perpetuum
2812 5180 2916 5228 est.
2939 5171 3018 5226 Illi
3039 5170 3321 5227 animabus
3350 5169 3463 5223 suis

1879 5271 2174 5325 mundanas
2218 5268 2501 5324 conferunt
2547 5266 2872 5335 voluptates;
2932 5265 3018 5320 isti
3061 5264 3126 5318 ad
3181 5262 3462 5318 Dominum

1880 5363 2090 5435 propria
2122 5373 2242 5419 vota
2273 5369 2613 5425 convertunt,
2642 5369 2697 5417 et
2725 5361 3137 5416 exsultationem
3183 5373 3330 5413 suam
3358 5373 3464 5413 non

1879 5457 1932 5512 in
1976 5472 2057 5525 se,
2090 5456 2185 5511 sed
2218 5456 2269 5510 in
2295 5454 2411 5525 ejus
2438 5454 2683 5509 laudibus
2715 5463 2939 5522 ponunt.
2967 5450 3119 5521 Quod
3163 5460 3342 5507 autem
3385 5450 3469 5507 di-

1860 5532 1981 5615 'xit,
2018 5551 2148 5605 servi
2176 5553 2309 5623 ejus,
2338 5548 2403 5603 ad
2451 5548 2766 5603 humilitatis
2797 5547 3017 5617 respicit
3048 5546 3269 5600 formam
3300 5562 3314 5601 :
3345 5543 3467 5610 quia

1878 5644 1932 5698 in
1962 5650 2229 5711 assumpta
2275 5655 2435 5696 carne
2466 5640 2741 5694 humilitas
2770 5645 2876 5701 est,
2926 5638 2978 5691 in
3012 5636 3291 5706 majestate
3334 5646 3467 5688 vero

1879 5736 2139 5807 potentia.
2173 5734 2262 5789 Sic
2291 5744 2574 5802 utrumque
2598 5732 2893 5803 perlectum
2926 5737 3083 5796 atque
3103 5726 3462 5783 verissimum,

1877 5845 2013 5887 unus
2041 5838 2124 5885 est
2148 5828 2404 5883 Dominus
2447 5826 2711 5883 Christus.
2749 5824 2851 5891 Qui
2898 5839 3025 5891 ergo
3068 5822 3239 5875 volunt
3283 5833 3459 5888 pacein

1862 5922 2007 5983 servi
2050 5923 2203 5997 ejus?
2244 5920 2460 5981 Scilicet
2482 5920 2574 5993 qui
2618 5934 2651 5974 a
2678 5919 2825 5975 vitiis
2855 5916 3149 5974 redduntur
3177 5914 3363 5980 alieni,
3413 5918 3471 5968 et
