3996 6346
550 401 649 460 951

1759 395 1834 454 Il.
1875 391 2161 454 AURELII
2197 391 2596 453 CASSIODORI

3731 405 3834 465 951

553 529 612 586 ‘n
635 520 981 588 “mima,
1006 520 1170 588 ωηο,
1195 515 1382 580 ἀπίω
1418 527 1640 602 mune.”
1682 513 1849 572 animi
1881 510 2147 588 tranquil-
2173 507 2232 572 Α
2252 519 2356 576 tur,
2375 517 2619 590 aggravet
2664 511 2908 582 animam,
2957 520 3004 568 et
3033 513 3271 585 deprimit
3310 523 3507 576 terrena
3530 518 3835 580 inhabitatio

553 615 708 676 litate
729 621 1033 676 versantur.

625 709 780 766 Vers.
809 708 898 766 32.
939 705 1008 766 Et
1027 705 1202 774 lingua
1225 719 1338 756 mea
1362 701 1687 758 meditabitur
1705 701 1961 770 justitiam
1977 712 2138 772 tuam,

553 811 660 858 tota
680 802 763 860 die
790 799 996 868 laudem
1018 805 1181 852 tuam.
1208 795 1410 865 Lingua
1433 795 1600 863 ipsius
1621 796 1869 850 meditata
1893 804 1966 852 est
1983 797 2142 868 justi-

553 894 698 956 tiam,
731 889 940 960 quando
962 877 1599 944 NovumTestamentum
1636 885 1842 955 populis
1877 885 2138 954 praedica-

555 987 646 1042 vit.
675 983 803 1046 Tota
841 983 941 1048 die,
967 981 1106 1036 sicut
1134 995 1277 1047 saepe
1300 979 1502 1036 dictum
1544 987 1648 1046 est,
1681 979 1869 1032 univer
1901 993 1988 1034 um
2015 979 2140 1034 vitae

551 1083 762 1144 tempus
791 1072 1046 1130 ostendit.
1069 1071 1173 1127 Sed
1203 1073 1325 1142 quia
1359 1071 1675 1126 humanitati
1699 1068 2029 1139 impossibile
2055 1070 2138 1124 vi-

546 1167 705 1223 detur
737 1165 906 1220 Deum
934 1163 1246 1219 continuata
1272 1177 1404 1217 voce
1442 1161 1680 1228 laudare,
1707 1162 1772 1216 ad
1802 1162 2137 1218 intellectum

549 1272 648 1314 nos
691 1258 955 1316 bonorum
1009 1265 1226 1318 actuum
1274 1252 1712 1312 transferamus:
1757 1255 1879 1324 quia
1923 1268 2140 1324 semper

551 1350 717 1406 Deum
747 1349 928 1410 laudat
950 1349 1041 1422 qui
1083 1349 1138 1405 in
1165 1348 1313 1404 omni
1342 1347 1625 1406 voluntate
1658 1361 1755 1403 sua
1783 1346 1962 1404 divina
1987 1347 2140 1422 jussa

549 1442 877 1500 considerat.

1090 1531 1360 1588 Conclusio
1397 1531 1605 1603 psalmi.

621 1645 1034 1702 Consideremus
1059 1645 1332 1702 Christum
1363 1647 1647 1703 Dominum
1674 1663 1771 1717 per
1797 1657 1971 1706 totum
2003 1651 2140 1722 psal-

549 1753 694 1794 mum
725 1749 921 1808 quanta
951 1739 1102 1794 nobis
1131 1739 1531 1807 dispensatione
1565 1741 1708 1812 loqui
1749 1743 1998 1814 dignatus
2029 1753 2135 1802 est.

550 1830 701 1886 Fecit
735 1833 877 1887 enim
923 1832 991 1886 ab
1027 1833 1269 1887 oratione
1299 1835 1640 1904 principium,
1688 1838 1830 1892 sicut
1855 1847 1909 1894 et
1937 1839 1990 1894 in
2018 1840 2138 1896 aliis

2246 621 2449 659 sensum
2480 606 2640 658 multa
2669 607 2974 676 cogitantem
3015 608 3174 680 (Sep.
3224 627 3310 678 Ix,
3360 611 3476 682 15).
3511 614 3674 672 Aliud
3702 633 3837 676 vero

2244 707 2327 754 est
2356 700 2556 767 audax,
2584 701 2946 771 desperatum,
2979 703 3378 776 blasphemum,
3409 709 3550 778 quod
3581 710 3678 766 sibi
3710 728 3837 784 pro-

2245 794 2396 865 ponit
2427 795 2590 852 libera
2634 796 2910 854 voluntate
2941 797 3253 870 delinquere
3278 819 3292 855 :
3337 812 3688 862 contemnens
3717 822 3837 864 om-

2245 885 2353 956 nia,
2403 888 2614 956 sibique
2664 904 3005 945 murmurans
3048 891 3215 947 Deum
3285 906 3435 964 putat
3485 912 3589 952 non
3643 913 3837 956 curare

2244 978 2875 1050 mortalia.Quapr0pter
2905 984 3034 1037 dixit
3087 984 3187 1040 iste
3239 985 3363 1062 talis
3407 989 3545 1058 apud
3599 1003 3658 1044 se
3716 1008 3832 1046 rem

2244 1071 2547 1140 scelestam,
2579 1088 2737 1143 quam
2773 1075 2982 1144 publice
3009 1091 3116 1132 non
3156 1092 3320 1132 ausus
3348 1089 3430 1134 est
3471 1079 3735 1152 proﬁteri.
3775 1081 3838 1138 Et

2243 1163 2366 1220 ideo
2396 1165 2497 1220 ista
2534 1166 2764 1248 cogitat,
2793 1176 2850 1224 ut
2883 1169 2986 1224 sibi
3023 1169 3140 1238 ipse
3169 1169 3440 1226 licentiam
3472 1172 3714 1249 videatur
3744 1175 3836 1229 tri-

2241 1255 2411 1322 buere
2437 1241 2808 1330 peccatorum;
2839 1272 3104 1330 quatenus
3134 1263 3234 1319 sub
3271 1241 3634 1320 immensitate
3664 1266 3834 1322 delin-

2242 1361 2363 1420 quat
2403 1351 2493 1422 qui
2525 1361 2725 1407 metum
2757 1352 2958 1422 judicis
2999 1355 3360 1426 abjiciendum
3411 1373 3532 1416 esse
3571 1361 3831 1418 decrevit.

2243 1440 2518 1512 Sequitur,
2552 1441 2673 1498 Non
2711 1453 2785 1498 est
2812 1447 2965 1500 timor
2991 1445 3086 1500 Dei
3113 1459 3232 1503 ante
3257 1449 3430 1504 oculos
3459 1454 3590 1522 ejus.
3619 1450 3833 1524 Cogita-

2242 1533 2444 1590 tionem
2475 1534 2608 1594 dicit
2633 1536 2961 1608 iniquorum,
2994 1540 3086 1610 qui
3113 1549 3303 1611 putant
3329 1541 3574 1598 timorem
3602 1541 3692 1598 Dei
3728 1561 3832 1600 non

2243 1640 2363 1682 esse
2392 1629 2444 1681 in
2473 1637 2763 1698 conspectu
2780 1621 2938 1701 ejus;
2969 1629 3021 1686 id
3057 1643 3162 1697 est,
3195 1647 3298 1688 non
3330 1649 3521 1694 curare
3553 1636 3748 1707 Deum,
3785 1647 3831 1694 ut

2245 1717 2487 1774 homines
2519 1735 2642 1777 eum
2684 1721 2916 1779 debeant
2963 1723 3291 1794 formidare;
3342 1727 3461 1794 sed,
3505 1738 3563 1784 ut
3613 1732 3830 1802 quidam

2243 1820 2484 1868 errantes
2535 1813 2835 1884 philosophi
2867 1815 3138 1884 dixerunt,
3185 1819 3444 1876 mundum
3495 1823 3674 1898 potius
3717 1841 3834 1882 creo

548 1924 810 1979 similibus
835 1925 1070 1994 psalmis.
1105 1925 1306 1982 Deinde
1342 1929 1606 1995 passionis
1640 1937 1697 1984 et
1729 1933 2139 1988 resurrectionis
2170 1915 2220 1978 Β
2247 1905 2380 1960 dum
2401 1907 2614 1964 “sums
2643 1907 2776 1978 regi’
2810 1924 2972 1977 quam
2998 1913 3250 1980 superuis
3271 1912 3824 1974 adminisl'aliumbm

547 2031 660 2071 sua:
698 2025 921 2071 ventura
951 2017 1207 2072 narravit.
1251 2018 1531 2074 Postremo
1577 2018 1694 2075 ﬁnit
1723 2021 1773 2075 in
1817 2037 1916 2092 spe
1942 2038 2132 2094 magna

547 2107 896 2175 ﬂdeliutn,ut
915 2112 1133 2167 dubium
1177 2125 1281 2166 non
1308 2113 1380 2167 sit
1403 2121 1458 2166 et
1497 2112 1638 2169 hunc
1683 2116 1944 2184 psalmum
1994 2135 2133 2188 pm-

546 2197 654 2255 fata
685 2203 866 2271 regula
887 2202 1050 2260 fuisse
1077 2205 1409 2260 conclusum.
1433 2208 1771 2279 Quapropter
1799 2212 2134 2279 gaudeamus

546 2291 604 2346 in
632 2291 894 2360 cladibus,
930 2295 1258 2352 exsultemus
1283 2296 1335 2352 in
1366 2299 1638 2367 periculis.
1672 2299 1804 2356 Nam
1828 2317 1925 2358 cur
1953 2320 1983 2359 a
2013 2306 2140 2362 ﬁde-

545 2383 688 2441 libus
729 2387 891 2443 debet
929 2389 1132 2459 refugi,
1180 2391 1322 2460 quod
1380 2393 1470 2448 ille
1520 2409 1699 2449 rerum
1757 2396 2013 2454 Dominus
2040 2415 2137 2470 pro

545 2484 790 2539 omnium
815 2485 987 2540 salute
1011 2486 1305 2543 sustinuit?
1337 2488 1636 2545 Notandum
1661 2502 1924 2561 praeterea
1953 2509 2139 2552 secun-

547 2572 674 2630 dum
705 2575 845 2630 hunc
865 2589 986 2633 esse
1018 2578 1280 2644 psalmum
1304 2595 1494 2638 eorum
1524 2583 1614 2652 qui
1643 2583 1949 2652 passionem
1970 2595 2028 2643 et
2047 2603 2135 2646 re-

543 2669 934 2724 surrectionem
963 2670 1173 2727 Domini
1201 2671 1361 2730 latius
1387 2675 1636 2733 intimare
1672 2689 1988 2736 noscuntur.

793 2784 1157 2842 EXPOSITIO
1195 2787 1262 2844 IN
1304 2789 1627 2849 PSALHUM
1670 2792 1886 2852 XXXV.

781 2894 847 2952 In
868 2897 1021 2970 ﬁnem
1039 2917 1180 2957 servo
1213 2903 1421 2960 Domini
1448 2907 1677 2980 psalmus
1701 2909 1890 2967 David.

612 3008 738 3065 Haec
762 3012 939 3066 omnia
971 3015 1184 3070 nomina
1227 3016 1364 3074 bene
1393 3018 1763 3092 intelliguntur
1784 3021 1854 3078 de
1907 3022 2133 3082 Domino

537 3097 837 3156 Salvatore.
865 3101 995 3158 Nam
1021 3112 1074 3157 et
1099 3105 1148 3158 in
1170 3107 1326 3173 ﬁnem
1365 3107 1540 3177 ipsum
1569 3111 1857 3180 significat.
1892 3113 1962 3170 Et
1987 3132 2132 3172 servo

541 3189 751 3244 Domini
790 3191 856 3247 de
903 3193 1022 3262 ipso
1053 3194 1246 3250 dicitur
1275 3201 1363 3266 qui
1398 3203 1621 3268 formam
1667 3205 1800 3258 servi
1845 3207 2123 3276 accipiens,

2244 1997 2505 2054 ordinari.
2533 2000 2660 2056 Sive
2692 1999 2761 2056 de
2789 2001 2979 2074 injuste
3020 2003 3238 2072 dicitur,
3285 2023 3388 2062 non
3438 2025 3547 2064 esse
3601 2011 3832 2068 timerent

2243 2087 2342 2144 Dei
2367 2101 2484 2146 ante
2522 2094 2680 2165 119
2716 2094 2890 2156 oculos
2910 2095 3045 2168 ejus,
3076 2097 3165 2168 qui
3196 2098 3322 2156 talia
3365 2102 3544 2158 dicere
3571 2107 3830 2178 sacrilega

2242 2184 2515 2241 voluntate
2545 2187 2840 2257 praisumit.
2872 2188 3107 2261 Denique
3133 2193 3379 2262 sequitur
3407 2211 3422 2249 :

2317 2275 2473 2334 Vers.
2502 2277 2556 2334 2.
2595 2277 2853 2346 Quoniam
2879 2279 3057 2336 dolose
3081 2283 3180 2354 egit
3211 2285 3264 2338 in
3293 2296 3568 2354 conspectu
3603 2290 3742 2360 ejus,
3783 2300 3832 2346 ut

2240 2371 2484 2428 inveniret
2509 2373 2832 2442 iniquitatem
2873 2391 3022 2431 suam
3045 2387 3096 2431 et
3127 2376 3265 2451 [ed.,
3293 2378 3386 2452 ad]
3413 2382 3608 2442 odium.
3651 2383 3832 2442 Scele-

2241 2472 2390 2520 ratus
2418 2465 2521 2520 iste
2550 2465 2618 2520 de
2643 2481 2752 2538 quo
2779 2467 2981 2524 dictum
3010 2479 3132 2525 est:
3161 2469 3287 2527 Non
3312 2481 3386 2528 est
3415 2473 3568 2530 timor
3596 2475 3690 2532 Dei
3713 2490 3831 2534 ante

2241 2559 2417 2644 oculos
2447 2560 2582 2632 ejus,
2609 2561 2850 2631 neglexit
2875 2578 3094 2634 operam
3125 2565 3230 2637 legi
3254 2567 3404 2636 dare,
3435 2581 3492 2625 ut
3513 2571 3827 2644 intelligeret

2239 2641 2642 2718 persuasionem
2685 2667 2838 2710 suam
2881 2670 3002 2712 esse
3031 2656 3416 2724 falsissimam;
3454 2661 3552 2722 sed
3587 2641 3826 2720 coiitcoi-

2237 2757 2373 2800 nens
2415 2743 2560 2802 dicta
2612 2746 2899 2818 salutaria,
2941 2751 3223 2808 veritatem
3263 2753 3467 2809 studuit
3507 2758 3826 2815 omnimodis

2236 2833 2508 2905 ignorare.
2563 2837 2610 2892 ls
2659 2852 2788 2910 ergo
2831 2840 3008 2896 dolose
3053 2848 3156 2914 egit
3202 2844 3255 2898 in
3292 2858 3564 2917 conspectu
3607 2847 3730 2916 Dei,
3777 2859 3826 2906 ut

2235 2943 2386 2985 suam
2429 2929 2752 3002 iniquitatem
2797 2943 2843 2986 et
2882 2934 3060 2988 odium
3095 2935 3366 3006 refugeret
3409 2939 3638 2994 inuenire
3661 2957 3680 2995 :
3705 2957 3828 2998 cre-

2234 3021 2369 3080 dens
2418 3039 2513 3094 per
2550 3024 2908 3096 ignorantiam
2965 3032 3218 3099 praecepti
3271 3045 3332 3088 se
3373 3047 3533 3102 posse
3585 3035 3823 3091 defendi.

2235 3113 2467 3170 Pulchre
2496 3125 2674 3172 autem
2703 3117 2981 3176 definitum
3021 3129 3105 3174 est
3133 3130 3348 3190 peccata
3375 3131 3557 3179 nostra
3585 3139 3707 3181 esse
3733 3127 3826 3180 ini-

2232 3205 2474 3276 quitatem
2503 3217 2549 3261 et
2579 3208 2776 3275 odium,
2807 3211 3060 3280 quoniam
3087 3211 3175 3266 illa
3213 3212 3392 3271 odisse
3429 3214 3692 3272 debemus
3721 3233 3819 3288 per

539 3287 706 3356 factus
732 3293 808 3339 est
834 3285 1070 3342 obediens
1111 3304 1270 3358 usque
1303 3290 1374 3344 ad
1418 3303 1631 3350 mortem
1662 3295 1887 3370 (Philip.
1918 3315 1986 3370 ιι,
2034 3301 2127 3373 7);
2157 3301 2205 3366 C
2234 3311 2354 3368 qua:
2383 3298 2451 3352 ad
2478 3307 2674 3355 aeterna
2709 3303 2971 3372 supplicia
3003 3305 3366 3374 pervenimus.

537 3376 675 3434 sicut
721 3377 886 3435 Isaias
930 3382 1188 3452 propheta
1242 3384 1310 3442 de
1367 3386 1483 3458 ipso
1525 3389 1700 3445 dicit:
1767 3389 1903 3456 Ecce
1957 3411 2130 3454 servus

539 3486 703 3536 meus,
725 3473 998 3542 suscipiam
1037 3491 1148 3529 eum
1179 3473 1334 3543 (lsai.
1367 3495 1502 3548 sui,
1534 3483 1610 3553 l).
1645 3483 1890 3542 Psalmus
1915 3503 2044 3544 vero
2075 3498 2132 3546 et

537 3560 708 3616 David
730 3562 988 3634 frequenti
1013 3569 1354 3636 expositione
1375 3570 1485 3642 jam
1515 3583 1642 3632 nota
1669 3585 1828 3644 sunt;
1853 3594 1972 3648 quae
2005 3580 2127 3640 ideo

536 3655 603 3710 ad
637 3671 914 3725 personam
949 3657 1159 3718 Domini
1205 3666 1473 3734 pertinere
1520 3679 1837 3736 noscuntur,
1869 3675 2126 3742 quoniam

537 3749 587 3805 ei
614 3752 902 3810 convenire
928 3753 1166 3826 ipsorum
1199 3758 1472 3814 nominum
1497 3761 1765 3832 expositio
1791 3762 2050 3824 declarat.

1107 3865 1300 3924 Divisio
1339 3872 1548 3940 psalmi.

606 3973 774 4030 Totus
819 3977 1056 4046 psalmus
1103 3993 1134 4036 α
1187 3995 1414 4052 persona
1465 3989 1744 4058 prophetae
1795 3990 2014 4048 dicitur.
2068 3993 2126 4052 In

533 4065 708 4137 primo
735 4070 977 4126 membro
1000 4081 1402 4138 contemptores
1433 4078 1564 4150 legis
1594 4083 1945 4141 vehementer
1965 4101 2124 4144 accu-

534 4171 638 4226 sat,
661 4175 859 4232 eosque
885 4163 1017 4219 dicit
1044 4180 1149 4221 non
1183 4167 1424 4226 habitare
1452 4185 1576 4227 cum
1610 4173 1858 4244 Domino,
1880 4187 2125 4235 comme-

533 4267 750 4308 morans
776 4270 962 4311 eorum
993 4257 1183 4328 impias
1209 4262 1535 4319 voluntates.
1579 4265 1690 4323 Nec
1743 4279 1956 4326 moveat
1982 4275 2126 4342 quod

536 4353 656 4413 post
683 4345 839 4412 tituli,
880 4349 988 4404 tale
1037 4352 1356 4421 principium
1405 4355 1474 4410 ab
1521 4358 1900 4428 insipientibus
1947 4364 2124 4420 facere

532 4432 750 4504 delegit,
784 4436 1016 4494 initium.
1055 4439 1412 4501 Commendat
1437 4449 1580 4502 enim
1613 4451 1981 4510 vehementius
2025 4459 2126 4512 bo-

533 4541 722 4582 norum
755 4539 981 4598 partem,
1017 4534 1234 4602 quando
1271 4537 1421 4605 prius
1447 4543 1791 4608 praemittitur
1833 4548 1976 4616 quod
1999 4563 2126 4618 gra-

529 4620 670 4678 viter
712 4622 1014 4681 hort-eatur.
1053 4627 1302 4682 Secundo
1345 4631 1447 4687 sub
1476 4631 1632 4689 laude
1665 4635 1878 4693 Domini
1923 4643 2118 4698 collata

2306 3391 2457 3448 Vers.
2487 3391 2540 3450 3.
2581 3393 2744 3452 Verba
2787 3399 2888 3451 oris
2934 3399 3046 3470 ejus
3077 3400 3321 3470 iniquitas
3361 3412 3412 3458 st
3439 3403 3628 3470 dolus;
3658 3407 3826 3470 noluit

2232 3483 2513 3558 intelligere
2535 3495 2586 3540 ut
2609 3486 2733 3543 bene
2760 3498 2950 3560 ageret.
2977 3491 3328 3550 Sermonibus
3355 3495 3664 3566 iniquorum
3691 3515 3824 3556 con-

2231 3578 2510 3654 venienter
2546 3580 2669 3636 data
2700 3593 2784 3637 est
2807 3582 3078 3639 deﬁnitiva
3120 3588 3443 3658 complexio.
3485 3588 3654 3646 Verba
3680 3595 3824 3649 enim

2231 3686 2418 3727 eorum
2449 3681 2575 3727 sunt
2617 3673 2864 3745 iniquitas
2891 3686 2938 3731 et
2971 3678 3138 3733 dolus.
3169 3679 3352 3750 Itaque
3387 3698 3508 3752 quas
3535 3701 3824 3743 numerare

2232 3778 2340 3820 non
2368 3773 2600 3834 poterat,
2632 3765 2841 3823 duobus
2869 3777 2997 3824 sunt
3017 3774 3356 3828 sermonibus
3382 3777 3676 3845 explicata.
3707 3777 3827 3834 lni-

2228 3856 2396 3938 quitas
2424 3857 2654 3926 pertinet
2693 3858 2760 3913 ad
2789 3859 3196 3932 blasphemiam,
3239 3865 3391 3920 dolus
3418 3867 3484 3922 ad
3519 3871 3824 3938 proximum

2230 3935 2624 4019 decipiendum.
2656 3949 2762 4007 Sed
2805 3953 2954 4024 quid,
2988 3969 3141 4027 rogo,
3173 3957 3277 4012 sibi
3323 3935 3603 4017 residuum
3639 3964 3824 4032 faciat,

2228 4041 2319 4112 qui
2345 4056 2566 4110 peccare
2596 4043 2647 4098 in
2675 4041 2842 4100 Deum
2875 4055 2930 4100 et
2953 4046 3255 4118 proximum
3284 4065 3391 4106 non
3419 4055 3666 4110 recnsat?
3691 4057 3827 4112 Cum

2233 4150 2358 4191 vero
2387 4136 2535 4205 dicit,
2559 4137 2727 4192 noluit
2749 4140 3037 4214 intelligere
3062 4153 3113 4197 ut
3140 4145 3263 4202 bene
3288 4155 3482 4220 ageret,
3509 4148 3633 4204 illos
3659 4149 3829 4219 signi-

2231 4229 2353 4285 licat
2381 4233 2472 4304 qui
2500 4247 2562 4287 ex
2593 4232 2771 4304 aliqua
2805 4247 2957 4304 parte
2995 4237 3279 4308 sapientia:
3315 4241 3610 4312 igniculum
3641 4259 3830 4315 perce-

2230 4337 2446 4396 perunt,
2497 4338 2551 4382 et
2598 4342 2630 4382 a
2675 4343 2805 4386 vero
2845 4327 3121 4388 intellectu
3169 4348 3268 4390 suo
3297 4336 3428 4391 vitio
3467 4335 3829 4406 declinantes,

2231 4418 2505 4486 perversis
2529 4433 2590 4475 se
2617 4421 2892 4477 erroribus
2921 4423 3245 4493 polluerunt.
3278 4427 3389 4484 Hoc
3416 4437 3473 4483 et
3498 4431 3569 4485 ad
3597 4430 3836 4488 demen-

2231 4499 2496 4564 tissiiiiuin
2547 4507 2803 4584 populum
2833 4511 3116 4571 Judaicum
3158 4527 3535 4588 competenter
3581 4531 3832 4592 aptatur,

2227 4596 2293 4653 ad
2321 4614 2483 4670 quem
2515 4593 2774 4659 Dominus
2798 4614 3042 4674 venerat,
3084 4616 3139 4662 et
3178 4607 3270 4664 ille
3308 4611 3488 4666 sanari
3519 4612 3834 4672 detestabili

529 4716 809 4775 beatorum
851 4723 1067 4791 praemia
1104 4724 1502 4796 describuntur,
1535 4744 1737 4804 eosque
1770 4691 1896 4792 dicit
2147 4703 2202 4764 Β
2229 4691 2594 4804 Obsnna‘iun?
2633 4699 2982 4804 comeliipsu'
3003 4698 3146 4804 .Nam
3186 4703 3563 4804 imprildémiw
3591 4707 3836 4778 plerum-

530 4807 738 4867 Domini
770 4813 1014 4870 ubertate
1045 4818 1322 4886 compleri.
1359 4819 1708 4894 Breviterque
1747 4827 1801 4882 in
1831 4832 1980 4885 ruina
2005 4849 2117 4887 ma-

529 4901 703 4959 lorum
732 4908 969 4976 psalmus
999 4913 1097 4966 iste
1124 4913 1484 4980 concluditur,
1515 4931 1582 4973 ne
1609 4920 1728 4988 quis
1759 4933 1968 4991 putaret
2006 4928 2116 4983 for-

529 5001 674 5051 tasse
705 5000 1014 5056 tentandum
1038 5003 1179 5072 quod
1209 5013 1354 5060 tanta
1379 5012 1754 5067 exsecratione
1783 5025 2006 5072 noverat
2027 5031 2117 5074 ac-

529 5098 797 5144 cusatum.
819 5092 1156 5165 Quapropter
1181 5099 1534 5156 subtilitatem
1565 5103 1683 5172 ejus
1711 5109 1868 5174 paulo
1888 5109 2086 5180 diligen

528 5181 636 5237 tius
679 5195 1104 5256 perscrutemur;
1153 5199 1238 5246 est
1289 5193 1432 5248 enim
1486 5197 1746 5253 nonnulla
1801 5199 2121 5262 difﬁcultate

525 5281 828 5334 contextus.
1429 5293 1434 5300 '

945 5449 958 5464 ,
1064 5393 1330 5466 Expositio
1369 5401 1574 5469 psalmi.

599 5503 754 5561 Vers.
785 5507 834 5561 Ι.
879 5501 1023 5568 Dixit
1065 5509 1289 5586 injustas
1333 5525 1389 5568 ut
1421 5516 1683 5590 delinquat
1716 5513 1770 5575 in
1799 5522 2070 5596 semetipso
2092 5541 2114 5581 :

527 5593 650 5652 Non
673 5608 748 5654 est
785 5601 935 5656 timor
974 5600 1068 5657 Dei
1108 5615 1224 5662 ante
1254 5608 1428 5663 oculos
1452 5611 1580 5678 ejus.
1617 5611 1732 5667 Duo
1762 5625 1886 5668 sunt
1909 5593 2111 5686 genera

525 5693 856 5762 peccandum
887 5711 898 5746 :
933 5711 1097 5750 unum
1141 5698 1283 5768 quod
1315 5701 1540 5758 credens
1575 5703 1672 5774 legi
1705 5721 1798 5774 per
1827 5706 2114 5762 infirmita-

525 5794 630 5840 tem
661 5787 837 5842 caruis
878 5804 982 5844 nun
1017 5793 1154 5848 valet
1195 5809 1314 5866 qua:
1360 5805 1484 5850 sunt
1511 5799 1661 5866 jussa
1699 5801 1995 5870 complere,
2047 5797 2114 5858 de

523 5879 716 5950 quibus
758 5877 886 5939 dicit
913 5880 1167 5942 Salomon
1203 5904 1213 5942 :
1265 5883 1464 5980 Corpus
1490 5890 1628 5946 enim
1653 5893 1790 5964 quod
1821 5897 2116 5970 corrumpi-

2227 4807 2332 4863 que
2358 4794 2516 4850 venia
2546 4793 2724 4860 datur,
2749 4798 3055 4854 voluntario
3083 4815 3210 4860 vero
3241 4800 3503 4860 maleﬁcio
3528 4804 3659 4860 ultio
3679 4820 3838 4863 sem-

2227 4900 2322 4954 per
2343 4884 2488 4956 justa
2531 4889 2789 4944 succedit.
2819 4889 2972 4958 Quod
3003 4905 3380 4964 argumentum
3413 4897 3610 4960 dicitur
3643 4899 3713 4953 ab
3751 4899 3839 4956 in-

2223 4975 2402 5042 genio,
2448 4979 2662 5046 quanio
2704 4994 2811 5034 non
2851 4995 2947 5050 per
2985 4980 3367 5053 ignorantiam,
3409 4986 3506 5042 sed
3539 4988 3836 5062 malitiosa

2229 5065 2502 5123 voluntate
2532 5081 2802 5138 peccatur.

2301 5155 2454 5212 Vers.
2501 5160 2556 5215 4.
2608 5158 2944 5230 Iniquitatem
2989 5167 3265 5232 meditatus
3309 5178 3386 5224 est
3435 5171 3490 5226 in
3519 5173 3678 5230 cubili
3702 5192 3835 5244 suo,

2225 5249 2390 5310 astitit
2419 5251 2558 5305 omni
2589 5255 2683 5308 uite
2707 5271 2808 5310 non
2837 5257 3015 5324 bona;
3040 5259 3293 5315 malitiam
3319 5271 3491 5318 autem
3512 5281 3615 5320 non
3642 5269 3837 5323 adivit.

2227 5337 2284 5398 In
2333 5345 2656 5414 exponendo
2693 5347 2870 5404 adhuc
2919 5349 3036 5406 viro
3085 5353 3326 5422 pessimo
3363 5369 3698 5430 perseverat.
3737 5360 3843 5420 Ait

2225 5437 2369 5492 enim
2416 5455 2432 5494 ε
2470 5437 2809 5514 Ιηίφιίιαιειη
2853 5446 3130 5502 meditatus
3169 5459 3262 5516 est,
3318 5449 3370 5505 id
3417 5460 3520 5518 est,
3579 5468 3838 5510 errorem

2227 5529 2386 5601 longa
2434 5533 2783 5591 meditatione
2825 5539 3091 5604 tractavit,
3126 5540 3290 5597 libros
3330 5543 3538 5602 scilicet
3571 5545 3842 5602 faciendo

2227 5635 2538 5693 perverSOs;
2575 5636 2628 5680 ut
2679 5643 2786 5683 non
2817 5637 3024 5686 tantum
3074 5631 3190 5701 ipse
3223 5633 3585 5704 delinqueret,
3633 5655 3836 5696 verum

2226 5716 2386 5770 etiam
2431 5721 2716 5787 posteritas
2761 5723 2952 5778 eodem
2992 5732 3212 5779 auctore
3259 5737 3527 5798 peccaret,
3561 5727 3628 5784 In
3657 5732 3838 5786 cubili

2225 5821 2340 5873 suo,
2373 5807 2423 5866 id
2451 5819 2534 5864 est
2561 5811 2612 5865 in
2645 5811 2808 5868 corde
2839 5813 3073 5883 proprio.
3107 5814 3285 5872 Cubile
3315 5819 3457 5876 enim
3505 5837 3534 5874 a
3565 5822 3836 5880 cubando

2226 5897 2427 5957 dictum
2464 5911 2568 5972 est,
2603 5902 2692 5962 ubi
2731 5903 2943 5964 animus
2982 5915 3169 5977 noster
3203 5908 3350 5968 intus
3378 5911 3682 5973 inhabitans
3713 5916 3837 5975 bo-
