  <div class='ocr_page' id='page_1' title='image "/cluster/home/n/w/nwhite01/storage/ocr_20150623/70/hvd.32044015469356/132.png"; bbox 0 0 4004 6342; ppageno 0'>
   <div class='ocr_carea' id='block_1_1' title="bbox 193 344 2522 451">
    <p class='ocr_par' dir='ltr' id='par_1_1' title="bbox 193 344 2522 451">
     <span class='ocr_line' id='line_1_1' title="bbox 193 344 2522 451; baseline 0.004 -26"><span class='ocrx_word' id='word_1_1' title='bbox 193 393 280 451; x_wconf 61' lang='grc' dir='ltr'><strong>εδδ</strong></span> <span class='ocrx_word' id='word_1_2' title='bbox 1057 371 1420 431; x_wconf 76' lang='lat' dir='ltr'><strong>sxrosmo</strong></span> <span class='ocrx_word' id='word_1_3' title='bbox 1455 373 1521 430; x_wconf 85' lang='lat' dir='ltr'><strong>lN</strong></span> <span class='ocrx_word' id='word_1_4' title='bbox 1562 372 2023 435; x_wconf 64' lang='lat' dir='ltr'><strong>psaurnmuu.</strong></span> <span class='ocrx_word' id='word_1_5' title='bbox 2063 344 2263 437; x_wconf 63' lang='lat' dir='ltr'><strong>esse.</strong></span> <span class='ocrx_word' id='word_1_6' title='bbox 2300 379 2522 438; x_wconf 82' lang='lat' dir='ltr'><strong>xxxv.</strong></span> 
     </span>
    </p>
   </div>
   <div class='ocr_carea' id='block_1_2' title="bbox 3325 372 3430 437">
    <p class='ocr_par' dir='ltr' id='par_1_2' title="bbox 3325 372 3430 437">
     <span class='ocr_line' id='line_1_2' title="bbox 3325 372 3430 437; baseline 0.01 -1"><span class='ocrx_word' id='word_1_7' title='bbox 3325 372 3430 437; x_wconf 60' lang='lat'><strong>255</strong></span> 
     </span>
    </p>
   </div>
   <div class='ocr_carea' id='block_1_3' title="bbox 193 486 3431 566">
    <p class='ocr_par' dir='ltr' id='par_1_3' title="bbox 193 486 3431 566">
     <span class='ocr_line' id='line_1_3' title="bbox 193 486 3431 566; baseline -0.004 -3"><span class='ocrx_word' id='word_1_8' title='bbox 193 519 299 562; x_wconf 88' lang='lat' dir='ltr'><strong>num</strong></span> <span class='ocrx_word' id='word_1_9' title='bbox 338 497 628 565; x_wconf 85' lang='lat' dir='ltr'><strong>malumque</strong></span> <span class='ocrx_word' id='word_1_10' title='bbox 681 491 992 548; x_wconf 75' lang='lat' dir='ltr'><strong>meditatur.</strong></span> <span class='ocrx_word' id='word_1_11' title='bbox 1041 491 1214 545; x_wconf 85' lang='lat' dir='ltr'><strong>Astitit</strong></span> <span class='ocrx_word' id='word_1_12' title='bbox 1261 505 1390 547; x_wconf 91' lang='lat' dir='ltr'><strong>vero</strong></span> <span class='ocrx_word' id='word_1_13' title='bbox 1432 489 1560 546; x_wconf 92' lang='lat' dir='ltr'><strong>dicit</strong></span> <span class='ocrx_word' id='word_1_14' title='bbox 1598 490 1736 545; x_wconf 86' lang='lat' dir='ltr'><strong>omni</strong></span> <span class='ocrx_word' id='word_1_15' title='bbox 1761 486 1817 555; x_wconf 71' lang='grc' dir='ltr'>Α</span> <span class='ocrx_word' id='word_1_16' title='bbox 1841 490 2019 548; x_wconf 89' lang='lat' dir='ltr'><strong>dinata</strong></span> <span class='ocrx_word' id='word_1_17' title='bbox 2050 494 2329 553; x_wconf 72' lang='lat' dir='ltr'><strong>voluntate</strong></span> <span class='ocrx_word' id='word_1_18' title='bbox 2368 495 2742 563; x_wconf 84' lang='lat' dir='ltr'><strong>tractantibus,</strong></span> <span class='ocrx_word' id='word_1_19' title='bbox 2784 494 3042 552; x_wconf 88' lang='lat' dir='ltr'><strong>beneﬁcia</strong></span> <span class='ocrx_word' id='word_1_20' title='bbox 3075 508 3185 551; x_wconf 68' lang='lat' dir='ltr'><strong>sua:</strong></span> <span class='ocrx_word' id='word_1_21' title='bbox 3221 494 3431 566; x_wconf 89' lang='lat' dir='ltr'><strong>pietatis</strong></span> 
     </span>
    </p>
   </div>
   <div class='ocr_carea' id='block_1_4' title="bbox 191 572 1740 654">
    <p class='ocr_par' dir='ltr' id='par_1_4' title="bbox 191 572 1740 654">
     <span class='ocr_line' id='line_1_4' title="bbox 191 572 1740 654; baseline -0.009 -1"><span class='ocrx_word' id='word_1_22' title='bbox 191 599 269 652; x_wconf 76' lang='lat' dir='ltr'><strong>ria:</strong></span> <span class='ocrx_word' id='word_1_23' title='bbox 299 607 391 645; x_wconf 89' lang='lat' dir='ltr'><strong>non</strong></span> <span class='ocrx_word' id='word_1_24' title='bbox 430 588 588 651; x_wconf 60' lang='lat' dir='ltr'><strong>bene,</strong></span> <span class='ocrx_word' id='word_1_25' title='bbox 629 584 682 639; x_wconf 88' lang='lat' dir='ltr'><strong>id</strong></span> <span class='ocrx_word' id='word_1_26' title='bbox 721 592 803 640; x_wconf 88' lang='lat' dir='ltr'><strong>est</strong></span> <span class='ocrx_word' id='word_1_27' title='bbox 846 572 1030 639; x_wconf 69' lang='lat' dir='ltr'><strong>satcuii</strong></span> <span class='ocrx_word' id='word_1_28' title='bbox 1076 583 1230 639; x_wconf 85' lang='lat' dir='ltr'><strong>istius</strong></span> <span class='ocrx_word' id='word_1_29' title='bbox 1271 583 1413 649; x_wconf 64' lang='lat' dir='ltr'><strong>vitae,</strong></span> <span class='ocrx_word' id='word_1_30' title='bbox 1442 597 1600 654; x_wconf 87' lang='lat' dir='ltr'><strong>quam</strong></span> <span class='ocrx_word' id='word_1_31' title='bbox 1632 598 1740 639; x_wconf 92' lang='lat' dir='ltr'><strong>non</strong></span> 
     </span>
    </p>
   </div>
   <div class='ocr_carea' id='block_1_5' title="bbox 192 671 1743 746">
    <p class='ocr_par' dir='ltr' id='par_1_5' title="bbox 192 671 1743 746">
     <span class='ocr_line' id='line_1_5' title="bbox 192 671 1743 746; baseline -0.007 -4"><span class='ocrx_word' id='word_1_32' title='bbox 192 680 427 742; x_wconf 77' lang='lat' dir='ltr'><strong>transivit,</strong></span> <span class='ocrx_word' id='word_1_33' title='bbox 474 687 529 732; x_wconf 93' lang='lat' dir='ltr'><strong>ut</strong></span> <span class='ocrx_word' id='word_1_34' title='bbox 556 676 744 746; x_wconf 75' lang='lat' dir='ltr'><strong>reliqui</strong></span> <span class='ocrx_word' id='word_1_35' title='bbox 790 671 1126 743; x_wconf 79' lang='lat' dir='ltr'><strong>conﬁtentes,</strong></span> <span class='ocrx_word' id='word_1_36' title='bbox 1159 673 1252 730; x_wconf 83' lang='lat' dir='ltr'><strong>sed</strong></span> <span class='ocrx_word' id='word_1_37' title='bbox 1282 674 1332 730; x_wconf 91' lang='lat' dir='ltr'><strong>in</strong></span> <span class='ocrx_word' id='word_1_38' title='bbox 1372 675 1558 730; x_wconf 82' lang='lat' dir='ltr'><strong>eadem</strong></span> <span class='ocrx_word' id='word_1_39' title='bbox 1594 689 1743 731; x_wconf 89' lang='lat' dir='ltr'><strong>com-</strong></span> 
     </span>
    </p>
   </div>
   <div class='ocr_carea' id='block_1_6' title="bbox 192 766 1742 839">
    <p class='ocr_par' dir='ltr' id='par_1_6' title="bbox 192 766 1742 839">
     <span class='ocr_line' id='line_1_6' title="bbox 192 766 1742 839; baseline -0.006 -6"><span class='ocrx_word' id='word_1_40' title='bbox 192 778 402 833; x_wconf 82' lang='lat' dir='ltr'><strong>moratus</strong></span> <span class='ocrx_word' id='word_1_41' title='bbox 430 766 585 839; x_wconf 77' lang='lat' dir='ltr'><strong>atque</strong></span> <span class='ocrx_word' id='word_1_42' title='bbox 621 768 831 823; x_wconf 83' lang='lat' dir='ltr'><strong>deﬁxus</strong></span> <span class='ocrx_word' id='word_1_43' title='bbox 862 774 963 824; x_wconf 80' lang='lat' dir='ltr'><strong>est.</strong></span> <span class='ocrx_word' id='word_1_44' title='bbox 1002 768 1082 823; x_wconf 81' lang='lat' dir='ltr'><strong>Ad</strong></span> <span class='ocrx_word' id='word_1_45' title='bbox 1111 769 1381 823; x_wconf 85' lang='lat' dir='ltr'><strong>cumulum</strong></span> <span class='ocrx_word' id='word_1_46' title='bbox 1410 772 1621 839; x_wconf 76' lang='lat' dir='ltr'><strong>quoque</strong></span> <span class='ocrx_word' id='word_1_47' title='bbox 1661 768 1742 823; x_wconf 89' lang='lat' dir='ltr'><strong>in-</strong></span> 
     </span>
    </p>
   </div>
   <div class='ocr_carea' id='block_1_7' title="bbox 192 858 1741 933">
    <p class='ocr_par' dir='ltr' id='par_1_7' title="bbox 192 858 1741 933">
     <span class='ocr_line' id='line_1_7' title="bbox 192 858 1741 933; baseline -0.006 -10"><span class='ocrx_word' id='word_1_48' title='bbox 192 869 294 923; x_wconf 87' lang='lat' dir='ltr'><strong>tulit</strong></span> <span class='ocrx_word' id='word_1_49' title='bbox 321 858 671 933; x_wconf 79' lang='lat' dir='ltr'><strong>peccatorum,</strong></span> <span class='ocrx_word' id='word_1_50' title='bbox 702 861 954 915; x_wconf 73' lang='lat' dir='ltr'><strong>malitiam</strong></span> <span class='ocrx_word' id='word_1_51' title='bbox 980 869 1147 916; x_wconf 85' lang='lat' dir='ltr'><strong>autem</strong></span> <span class='ocrx_word' id='word_1_52' title='bbox 1169 878 1269 915; x_wconf 86' lang='lat' dir='ltr'><strong>non</strong></span> <span class='ocrx_word' id='word_1_53' title='bbox 1299 860 1471 915; x_wconf 80' lang='lat' dir='ltr'><strong>adivit.</strong></span> <span class='ocrx_word' id='word_1_54' title='bbox 1505 859 1601 915; x_wconf 78' lang='lat' dir='ltr'><strong>Hic</strong></span> <span class='ocrx_word' id='word_1_55' title='bbox 1628 874 1741 914; x_wconf 83' lang='lat' dir='ltr'><strong>ma-</strong></span> 
     </span>
    </p>
   </div>
   <div class='ocr_carea' id='block_1_8' title="bbox 191 950 1738 1023">
    <p class='ocr_par' dir='ltr' id='par_1_8' title="bbox 191 950 1738 1023">
     <span class='ocr_line' id='line_1_8' title="bbox 191 950 1738 1023; baseline -0.005 -8"><span class='ocrx_word' id='word_1_56' title='bbox 191 961 334 1015; x_wconf 90' lang='lat' dir='ltr'><strong>litiam</strong></span> <span class='ocrx_word' id='word_1_57' title='bbox 359 957 465 1011; x_wconf 91' lang='lat' dir='ltr'><strong>vult</strong></span> <span class='ocrx_word' id='word_1_58' title='bbox 495 951 718 1023; x_wconf 81' lang='lat' dir='ltr'><strong>intelligi</strong></span> <span class='ocrx_word' id='word_1_59' title='bbox 752 964 1069 1009; x_wconf 87' lang='lat' dir='ltr'><strong>cunctorum</strong></span> <span class='ocrx_word' id='word_1_60' title='bbox 1097 954 1378 1009; x_wconf 85' lang='lat' dir='ltr'><strong>criminum</strong></span> <span class='ocrx_word' id='word_1_61' title='bbox 1412 963 1658 1017; x_wconf 85' lang='lat' dir='ltr'><strong>matrem,</strong></span> <span class='ocrx_word' id='word_1_62' title='bbox 1684 950 1738 1008; x_wconf 88' lang='lat' dir='ltr'><strong>in</strong></span> 
     </span>
    </p>
   </div>
   <div class='ocr_carea' id='block_1_9' title="bbox 191 1043 1736 1116">
    <p class='ocr_par' dir='ltr' id='par_1_9' title="bbox 191 1043 1736 1116">
     <span class='ocr_line' id='line_1_9' title="bbox 191 1043 1736 1116; baseline -0.003 -11"><span class='ocrx_word' id='word_1_63' title='bbox 191 1067 276 1105; x_wconf 61' lang='lat' dir='ltr'><strong>una</strong></span> <span class='ocrx_word' id='word_1_64' title='bbox 301 1048 455 1103; x_wconf 89' lang='lat' dir='ltr'><strong>verbo</strong></span> <span class='ocrx_word' id='word_1_65' title='bbox 482 1046 807 1102; x_wconf 82' lang='lat' dir='ltr'><strong>concludens</strong></span> <span class='ocrx_word' id='word_1_66' title='bbox 830 1046 970 1116; x_wconf 92' lang='lat' dir='ltr'><strong>quod</strong></span> <span class='ocrx_word' id='word_1_67' title='bbox 996 1047 1152 1102; x_wconf 87' lang='lat' dir='ltr'><strong>latius</strong></span> <span class='ocrx_word' id='word_1_68' title='bbox 1184 1045 1459 1101; x_wconf 80' lang='lat' dir='ltr'><strong>videbatur</strong></span> <span class='ocrx_word' id='word_1_69' title='bbox 1483 1043 1736 1101; x_wconf 76' lang='lat' dir='ltr'><strong>cll‘usuin.</strong></span> 
     </span>
    </p>
   </div>
   <div class='ocr_carea' id='block_1_10' title="bbox 189 1139 1737 1210">
    <p class='ocr_par' dir='ltr' id='par_1_10' title="bbox 189 1139 1737 1210">
     <span class='ocr_line' id='line_1_10' title="bbox 189 1139 1737 1210; baseline -0.003 -13"><span class='ocrx_word' id='word_1_70' title='bbox 189 1140 312 1197; x_wconf 85' lang='lat' dir='ltr'><strong>Hanc</strong></span> <span class='ocrx_word' id='word_1_71' title='bbox 338 1139 490 1209; x_wconf 76' lang='lat' dir='ltr'><strong>igitur</strong></span> <span class='ocrx_word' id='word_1_72' title='bbox 525 1139 779 1195; x_wconf 81' lang='lat' dir='ltr'><strong>ail‘ectare</strong></span> <span class='ocrx_word' id='word_1_73' title='bbox 810 1139 1076 1208; x_wconf 81' lang='lat' dir='ltr'><strong>piaculum</strong></span> <span class='ocrx_word' id='word_1_74' title='bbox 1106 1149 1207 1207; x_wconf 87' lang='lat' dir='ltr'><strong>est,</strong></span> <span class='ocrx_word' id='word_1_75' title='bbox 1241 1154 1398 1210; x_wconf 85' lang='lat' dir='ltr'><strong>quam</strong></span> <span class='ocrx_word' id='word_1_76' title='bbox 1431 1153 1533 1193; x_wconf 89' lang='lat' dir='ltr'><strong>non</strong></span> <span class='ocrx_word' id='word_1_77' title='bbox 1562 1140 1737 1194; x_wconf 91' lang='lat' dir='ltr'><strong>solum</strong></span> 
     </span>
    </p>
   </div>
   <div class='ocr_carea' id='block_1_11' title="bbox 184 1228 1743 1302">
    <p class='ocr_par' dir='ltr' id='par_1_11' title="bbox 184 1228 1743 1302">
     <span class='ocr_line' id='line_1_11' title="bbox 184 1228 1743 1302; baseline -0.002 -14"><span class='ocrx_word' id='word_1_78' title='bbox 184 1234 331 1288; x_wconf 82' lang='lat' dir='ltr'><strong>vitare</strong></span> <span class='ocrx_word' id='word_1_79' title='bbox 358 1230 715 1302; x_wconf 72' lang='lat' dir='ltr'><strong>prmcipllnhr,</strong></span> <span class='ocrx_word' id='word_1_80' title='bbox 763 1230 856 1284; x_wconf 88' lang='lat' dir='ltr'><strong>sed</strong></span> <span class='ocrx_word' id='word_1_81' title='bbox 881 1228 1070 1285; x_wconf 91' lang='lat' dir='ltr'><strong>merito</strong></span> <span class='ocrx_word' id='word_1_82' title='bbox 1106 1245 1226 1286; x_wconf 84' lang='lat' dir='ltr'><strong>eam</strong></span> <span class='ocrx_word' id='word_1_83' title='bbox 1264 1229 1442 1286; x_wconf 89' lang='lat' dir='ltr'><strong>odisse</strong></span> <span class='ocrx_word' id='word_1_84' title='bbox 1472 1231 1743 1300; x_wconf 89' lang='lat' dir='ltr'><strong>compelli-</strong></span> 
     </span>
    </p>
   </div>
   <div class='ocr_carea' id='block_1_12' title="bbox 186 1322 1739 1396">
    <p class='ocr_par' dir='ltr' id='par_1_12' title="bbox 186 1322 1739 1396">
     <span class='ocr_line' id='line_1_12' title="bbox 186 1322 1739 1396; baseline 0 -16"><span class='ocrx_word' id='word_1_85' title='bbox 186 1336 309 1391; x_wconf 89' lang='lat' dir='ltr'><strong>mur;</strong></span> <span class='ocrx_word' id='word_1_86' title='bbox 331 1330 589 1396; x_wconf 82' lang='lat' dir='ltr'><strong>quatenus</strong></span> <span class='ocrx_word' id='word_1_87' title='bbox 618 1330 821 1378; x_wconf 92' lang='lat' dir='ltr'><strong>tantum</strong></span> <span class='ocrx_word' id='word_1_88' title='bbox 846 1322 1053 1379; x_wconf 84' lang='lat' dir='ltr'><strong>tacinus</strong></span> <span class='ocrx_word' id='word_1_89' title='bbox 1082 1332 1334 1395; x_wconf 89' lang='lat' dir='ltr'><strong>perpetua</strong></span> <span class='ocrx_word' id='word_1_90' title='bbox 1368 1326 1739 1380; x_wconf 83' lang='lat' dir='ltr'><strong>exsecratione</strong></span> 
     </span>
    </p>
   </div>
   <div class='ocr_carea' id='block_1_13' title="bbox 184 1416 1736 1490">
    <p class='ocr_par' dir='ltr' id='par_1_13' title="bbox 184 1416 1736 1490">
     <span class='ocr_line' id='line_1_13' title="bbox 184 1416 1736 1490; baseline 0 -16"><span class='ocrx_word' id='word_1_91' title='bbox 184 1419 492 1475; x_wconf 79' lang='lat' dir='ltr'><strong>damnemus.</strong></span> <span class='ocrx_word' id='word_1_92' title='bbox 544 1416 809 1473; x_wconf 83' lang='lat' dir='ltr'><strong>Memento</strong></span> <span class='ocrx_word' id='word_1_93' title='bbox 847 1431 1025 1475; x_wconf 87' lang='lat' dir='ltr'><strong>autem</strong></span> <span class='ocrx_word' id='word_1_94' title='bbox 1073 1418 1215 1489; x_wconf 92' lang='lat' dir='ltr'><strong>quod</strong></span> <span class='ocrx_word' id='word_1_95' title='bbox 1257 1435 1287 1473; x_wconf 89' lang='lat' dir='ltr'><strong>a</strong></span> <span class='ocrx_word' id='word_1_96' title='bbox 1328 1420 1501 1489; x_wconf 84' lang='lat' dir='ltr'><strong>capite</strong></span> <span class='ocrx_word' id='word_1_97' title='bbox 1544 1419 1736 1490; x_wconf 88' lang='lat' dir='ltr'><strong>psalmi</strong></span> 
     </span>
    </p>
   </div>
   <div class='ocr_carea' id='block_1_14' title="bbox 184 1510 1736 1582">
    <p class='ocr_par' dir='ltr' id='par_1_14' title="bbox 184 1510 1736 1582">
     <span class='ocr_line' id='line_1_14' title="bbox 184 1510 1736 1582; baseline 0.003 -19"><span class='ocrx_word' id='word_1_98' title='bbox 184 1510 318 1579; x_wconf 84' lang='lat' dir='ltr'><strong>hujus</strong></span> <span class='ocrx_word' id='word_1_99' title='bbox 345 1525 433 1579; x_wconf 69' lang='lat' dir='ltr'><strong>per</strong></span> <span class='ocrx_word' id='word_1_100' title='bbox 463 1518 697 1580; x_wconf 87' lang='lat' dir='ltr'><strong>quatuor</strong></span> <span class='ocrx_word' id='word_1_101' title='bbox 723 1524 910 1565; x_wconf 84' lang='lat' dir='ltr'><strong>versus</strong></span> <span class='ocrx_word' id='word_1_102' title='bbox 940 1511 1162 1581; x_wconf 80' lang='lat' dir='ltr'><strong>ﬁguram</strong></span> <span class='ocrx_word' id='word_1_103' title='bbox 1212 1512 1392 1582; x_wconf 88' lang='lat' dir='ltr'><strong>posuit</strong></span> <span class='ocrx_word' id='word_1_104' title='bbox 1430 1513 1736 1582; x_wconf 77' lang='lat' dir='ltr'><strong>svnathroi-</strong></span> 
     </span>
    </p>
   </div>
   <div class='ocr_carea' id='block_1_15' title="bbox 181 1601 1738 1672">
    <p class='ocr_par' dir='ltr' id='par_1_15' title="bbox 181 1601 1738 1672">
     <span class='ocr_line' id='line_1_15' title="bbox 181 1601 1738 1672; baseline 0.002 -17"><span class='ocrx_word' id='word_1_105' title='bbox 181 1615 327 1670; x_wconf 77' lang='lat' dir='ltr'><strong>smus,</strong></span> <span class='ocrx_word' id='word_1_106' title='bbox 365 1615 484 1669; x_wconf 70' lang='lat' dir='ltr'><strong>qua:</strong></span> <span class='ocrx_word' id='word_1_107' title='bbox 516 1614 622 1655; x_wconf 89' lang='lat' dir='ltr'><strong>uno</strong></span> <span class='ocrx_word' id='word_1_108' title='bbox 650 1608 821 1656; x_wconf 90' lang='lat' dir='ltr'><strong>tractu</strong></span> <span class='ocrx_word' id='word_1_109' title='bbox 863 1611 1025 1672; x_wconf 86' lang='lat' dir='ltr'><strong>atque</strong></span> <span class='ocrx_word' id='word_1_110' title='bbox 1059 1601 1286 1657; x_wconf 88' lang='lat' dir='ltr'><strong>circuitu</strong></span> <span class='ocrx_word' id='word_1_111' title='bbox 1314 1601 1543 1658; x_wconf 88' lang='lat' dir='ltr'><strong>crimina</strong></span> <span class='ocrx_word' id='word_1_112' title='bbox 1572 1602 1738 1659; x_wconf 91' lang='lat' dir='ltr'><strong>multa</strong></span> 
     </span>
    </p>
   </div>
   <div class='ocr_carea' id='block_1_16' title="bbox 178 1694 442 1748">
    <p class='ocr_par' dir='ltr' id='par_1_16' title="bbox 178 1694 442 1748">
     <span class='ocr_line' id='line_1_16' title="bbox 178 1694 442 1748; baseline 0.004 -1"><span class='ocrx_word' id='word_1_113' title='bbox 178 1694 442 1748; x_wconf 78' lang='lat' dir='ltr'><strong>concludit.</strong></span> 
     </span>
    </p>
   </div>
   <div class='ocr_carea' id='block_1_17' title="bbox 241 1777 1735 1851">
    <p class='ocr_par' dir='ltr' id='par_1_17' title="bbox 241 1777 1735 1851">
     <span class='ocr_line' id='line_1_17' title="bbox 241 1777 1735 1851; baseline 0.003 -15"><span class='ocrx_word' id='word_1_114' title='bbox 241 1782 377 1840; x_wconf 76' lang='lat' dir='ltr'><strong>\‘ers.</strong></span> <span class='ocrx_word' id='word_1_115' title='bbox 407 1777 458 1841; x_wconf 61' lang='grc' dir='ltr'>δέ</span> <span class='ocrx_word' id='word_1_116' title='bbox 497 1780 736 1851; x_wconf 88' lang='lat' dir='ltr'><strong>Domine,</strong></span> <span class='ocrx_word' id='word_1_117' title='bbox 762 1784 816 1840; x_wconf 88' lang='lat' dir='ltr'><strong>in</strong></span> <span class='ocrx_word' id='word_1_118' title='bbox 843 1785 968 1841; x_wconf 75' lang='lat' dir='ltr'><strong>caelo</strong></span> <span class='ocrx_word' id='word_1_119' title='bbox 1004 1785 1355 1841; x_wconf 78' lang='lat' dir='ltr'><strong>misericordia</strong></span> <span class='ocrx_word' id='word_1_120' title='bbox 1394 1795 1482 1840; x_wconf 86' lang='lat' dir='ltr'><strong>tua</strong></span> <span class='ocrx_word' id='word_1_121' title='bbox 1509 1794 1558 1840; x_wconf 90' lang='lat' dir='ltr'><strong>et</strong></span> <span class='ocrx_word' id='word_1_122' title='bbox 1609 1786 1735 1841; x_wconf 84' lang='lat' dir='ltr'><strong>veri-</strong></span> 
     </span>
    </p>
   </div>
   <div class='ocr_carea' id='block_1_18' title="bbox 1845 584 3433 658">
    <p class='ocr_par' dir='ltr' id='par_1_18' title="bbox 1845 584 3433 658">
     <span class='ocr_line' id='line_1_18' title="bbox 1845 584 3433 658; baseline 0.001 -19"><span class='ocrx_word' id='word_1_123' title='bbox 1845 584 2102 655; x_wconf 75' lang='lat' dir='ltr'><strong>indulget.</strong></span> <span class='ocrx_word' id='word_1_124' title='bbox 2147 584 2257 642; x_wconf 79' lang='lat' dir='ltr'><strong>Hoc</strong></span> <span class='ocrx_word' id='word_1_125' title='bbox 2284 596 2463 644; x_wconf 87' lang='lat' dir='ltr'><strong>autem</strong></span> <span class='ocrx_word' id='word_1_126' title='bbox 2498 602 2618 658; x_wconf 84' lang='lat' dir='ltr'><strong>quae</strong></span> <span class='ocrx_word' id='word_1_127' title='bbox 2659 602 2831 656; x_wconf 87' lang='lat' dir='ltr'><strong>mens,</strong></span> <span class='ocrx_word' id='word_1_128' title='bbox 2863 602 2983 658; x_wconf 81' lang='lat' dir='ltr'><strong>quae</strong></span> <span class='ocrx_word' id='word_1_129' title='bbox 3023 586 3159 641; x_wconf 88' lang='lat' dir='ltr'><strong>ratio</strong></span> <span class='ocrx_word' id='word_1_130' title='bbox 3186 599 3433 655; x_wconf 89' lang='lat' dir='ltr'><strong>compre-</strong></span> 
     </span>
    </p>
   </div>
   <div class='ocr_carea' id='block_1_19' title="bbox 1845 676 3433 751">
    <p class='ocr_par' dir='ltr' id='par_1_19' title="bbox 1845 676 3433 751">
     <span class='ocr_line' id='line_1_19' title="bbox 1845 676 3433 751; baseline 0 -19"><span class='ocrx_word' id='word_1_131' title='bbox 1845 676 2046 733; x_wconf 87' lang='lat' dir='ltr'><strong>hendat</strong></span> <span class='ocrx_word' id='word_1_132' title='bbox 2073 677 2519 748; x_wconf 85' lang='lat' dir='ltr'><strong>supplicationem</strong></span> <span class='ocrx_word' id='word_1_133' title='bbox 2546 681 2922 751; x_wconf 68' lang='lat' dir='ltr'><strong>poenitentium</strong></span> <span class='ocrx_word' id='word_1_134' title='bbox 2938 680 3000 733; x_wconf 82' lang='lat' dir='ltr'><strong>ad</strong></span> <span class='ocrx_word' id='word_1_135' title='bbox 3023 679 3237 747; x_wconf 66' lang='lat' dir='ltr'><strong>praemia</strong></span> <span class='ocrx_word' id='word_1_136' title='bbox 3260 691 3433 733; x_wconf 55' lang='lat' dir='ltr'><strong>trans-</strong></span> 
     </span>
    </p>
   </div>
   <div class='ocr_carea' id='block_1_20' title="bbox 1845 768 3432 847">
    <p class='ocr_par' dir='ltr' id='par_1_20' title="bbox 1845 768 3432 847">
     <span class='ocr_line' id='line_1_20' title="bbox 1845 768 3432 847; baseline 0 -20"><span class='ocrx_word' id='word_1_137' title='bbox 1845 773 1922 827; x_wconf 91' lang='lat' dir='ltr'><strong>ire</strong></span> <span class='ocrx_word' id='word_1_138' title='bbox 1956 772 2259 841; x_wconf 78' lang='lat' dir='ltr'><strong>iustorum?</strong></span> <span class='ocrx_word' id='word_1_139' title='bbox 2290 768 2456 828; x_wconf 76' lang='lat' dir='ltr'><strong>Vides</strong></span> <span class='ocrx_word' id='word_1_140' title='bbox 2492 788 2620 843; x_wconf 75' lang='lat' dir='ltr'><strong>ergo</strong></span> <span class='ocrx_word' id='word_1_141' title='bbox 2663 774 2868 829; x_wconf 87' lang='lat' dir='ltr'><strong>Domini</strong></span> <span class='ocrx_word' id='word_1_142' title='bbox 2908 774 3111 847; x_wconf 86' lang='lat' dir='ltr'><strong>judicia</strong></span> <span class='ocrx_word' id='word_1_143' title='bbox 3153 771 3432 845; x_wconf 76' lang='lat' dir='ltr'><strong>profundis</strong></span> 
     </span>
    </p>
   </div>
   <div class='ocr_carea' id='block_1_21' title="bbox 1843 864 2710 935">
    <p class='ocr_par' dir='ltr' id='par_1_21' title="bbox 1843 864 2710 935">
     <span class='ocr_line' id='line_1_21' title="bbox 1843 864 2710 935; baseline 0.003 -17"><span class='ocrx_word' id='word_1_144' title='bbox 1843 865 2037 935; x_wconf 79' lang='lat' dir='ltr'><strong>abyssis</strong></span> <span class='ocrx_word' id='word_1_145' title='bbox 2074 865 2351 934; x_wconf 68' lang='lat' dir='ltr'><strong>aptissime</strong></span> <span class='ocrx_word' id='word_1_146' title='bbox 2381 864 2710 932; x_wconf 81' lang='lat' dir='ltr'><strong>comparata.</strong></span> 
     </span>
    </p>
   </div>
   <div class='ocr_carea' id='block_1_22' title="bbox 1918 956 3433 1027">
    <p class='ocr_par' dir='ltr' id='par_1_22' title="bbox 1918 956 3433 1027">
     <span class='ocr_line' id='line_1_22' title="bbox 1918 956 3433 1027; baseline 0.001 -16"><span class='ocrx_word' id='word_1_147' title='bbox 1918 956 2070 1013; x_wconf 79' lang='lat' dir='ltr'><strong>Vers.</strong></span> <span class='ocrx_word' id='word_1_148' title='bbox 2099 959 2149 1013; x_wconf 83' lang='grc'><strong>’7.</strong></span> <span class='ocrx_word' id='word_1_149' title='bbox 2190 957 2635 1024; x_wconf 81' lang='lat' dir='ltr'><strong>Quemadmodttm</strong></span> <span class='ocrx_word' id='word_1_150' title='bbox 2674 958 3031 1027; x_wconf 82' lang='lat' dir='ltr'><strong>multiplicain</strong></span> <span class='ocrx_word' id='word_1_151' title='bbox 3057 958 3433 1013; x_wconf 72' lang='lat' dir='ltr'><strong>misericordias</strong></span> 
     </span>
    </p>
   </div>
   <div class='ocr_carea' id='block_1_23' title="bbox 1844 1048 3433 1119">
    <p class='ocr_par' dir='ltr' id='par_1_23' title="bbox 1844 1048 3433 1119">
     <span class='ocr_line' id='line_1_23' title="bbox 1844 1048 3433 1119; baseline 0 -16"><span class='ocrx_word' id='word_1_152' title='bbox 1844 1058 1978 1115; x_wconf 86' lang='lat' dir='ltr'><strong>tuas,</strong></span> <span class='ocrx_word' id='word_1_153' title='bbox 2013 1048 2151 1104; x_wconf 83' lang='lat' dir='ltr'><strong>Deus</strong></span> <span class='ocrx_word' id='word_1_154' title='bbox 2174 1049 2197 1103; x_wconf 70' lang='grc' dir='ltr'><strong>,ν</strong></span> <span class='ocrx_word' id='word_1_155' title='bbox 2224 1049 2319 1118; x_wconf 80' lang='lat' dir='ltr'><strong>filii</strong></span> <span class='ocrx_word' id='word_1_156' title='bbox 2349 1052 2517 1103; x_wconf 77' lang='lat' dir='ltr'><strong>autem</strong></span> <span class='ocrx_word' id='word_1_157' title='bbox 2559 1048 2824 1103; x_wconf 79' lang='lat' dir='ltr'><strong>hominum</strong></span> <span class='ocrx_word' id='word_1_158' title='bbox 2879 1048 2953 1103; x_wconf 65' lang='grc' dir='ltr'><strong>ὴν</strong></span> <span class='ocrx_word' id='word_1_159' title='bbox 2977 1051 3282 1119; x_wconf 77' lang='lat' dir='ltr'><strong>proiectione</strong></span> <span class='ocrx_word' id='word_1_160' title='bbox 3320 1051 3433 1103; x_wconf 88' lang='lat' dir='ltr'><strong>ala-</strong></span> 
     </span>
    </p>
   </div>
   <div class='ocr_carea' id='block_1_24' title="bbox 1839 1142 3432 1214">
    <p class='ocr_par' dir='ltr' id='par_1_24' title="bbox 1839 1142 3432 1214">
     <span class='ocr_line' id='line_1_24' title="bbox 1839 1142 3432 1214; baseline 0.001 -19"><span class='ocrx_word' id='word_1_161' title='bbox 1839 1158 1954 1195; x_wconf 86' lang='lat' dir='ltr'><strong>rum</strong></span> <span class='ocrx_word' id='word_1_162' title='bbox 1984 1152 2188 1197; x_wconf 85' lang='lat' dir='ltr'><strong>tuarum</strong></span> <span class='ocrx_word' id='word_1_163' title='bbox 2212 1144 2509 1214; x_wconf 83' lang='lat' dir='ltr'><strong>sperabunt.</strong></span> <span class='ocrx_word' id='word_1_164' title='bbox 2536 1142 2686 1197; x_wconf 83' lang='lat' dir='ltr'><strong>Nunc</strong></span> <span class='ocrx_word' id='word_1_165' title='bbox 2711 1142 2866 1197; x_wconf 88' lang='lat' dir='ltr'><strong>latius</strong></span> <span class='ocrx_word' id='word_1_166' title='bbox 2900 1153 2992 1210; x_wconf 85' lang='lat' dir='ltr'><strong>per</strong></span> <span class='ocrx_word' id='word_1_167' title='bbox 3015 1146 3186 1199; x_wconf 84' lang='lat' dir='ltr'><strong>varias</strong></span> <span class='ocrx_word' id='word_1_168' title='bbox 3212 1158 3432 1199; x_wconf 61' lang='lat' dir='ltr'><strong>enumeo</strong></span> 
     </span>
    </p>
   </div>
   <div class='ocr_carea' id='block_1_25' title="bbox 1842 1236 3434 1310">
    <p class='ocr_par' dir='ltr' id='par_1_25' title="bbox 1842 1236 3434 1310">
     <span class='ocr_line' id='line_1_25' title="bbox 1842 1236 3434 1310; baseline 0.001 -19"><span class='ocrx_word' id='word_1_169' title='bbox 1842 1238 2077 1292; x_wconf 80' lang='lat' dir='ltr'><strong>ratidnes</strong></span> <span class='ocrx_word' id='word_1_170' title='bbox 2101 1238 2319 1306; x_wconf 79' lang='lat' dir='ltr'><strong>exponit</strong></span> <span class='ocrx_word' id='word_1_171' title='bbox 2342 1236 2482 1310; x_wconf 90' lang='lat' dir='ltr'><strong>quod</strong></span> <span class='ocrx_word' id='word_1_172' title='bbox 2515 1237 2760 1307; x_wconf 88' lang='lat' dir='ltr'><strong>superius</strong></span> <span class='ocrx_word' id='word_1_173' title='bbox 2788 1236 3021 1292; x_wconf 84' lang='lat' dir='ltr'><strong>breviter</strong></span> <span class='ocrx_word' id='word_1_174' title='bbox 3043 1238 3200 1305; x_wconf 82' lang='lat' dir='ltr'><strong>dixit,</strong></span> <span class='ocrx_word' id='word_1_175' title='bbox 3224 1237 3434 1292; x_wconf 77' lang='lat' dir='ltr'><strong>Iudicia</strong></span> 
     </span>
    </p>
   </div>
   <div class='ocr_carea' id='block_1_26' title="bbox 1842 1329 3435 1401">
    <p class='ocr_par' dir='ltr' id='par_1_26' title="bbox 1842 1329 3435 1401">
     <span class='ocr_line' id='line_1_26' title="bbox 1842 1329 3435 1401; baseline 0.003 -19"><span class='ocrx_word' id='word_1_176' title='bbox 1842 1337 1930 1383; x_wconf 82' lang='lat' dir='ltr'><strong>tua</strong></span> <span class='ocrx_word' id='word_1_177' title='bbox 1960 1330 2169 1401; x_wconf 84' lang='lat' dir='ltr'><strong>abyssus</strong></span> <span class='ocrx_word' id='word_1_178' title='bbox 2197 1332 2377 1386; x_wconf 85' lang='lat' dir='ltr'><strong>multa.</strong></span> <span class='ocrx_word' id='word_1_179' title='bbox 2420 1329 2863 1397; x_wconf 85' lang='lat' dir='ltr'><strong>Quemadmodum</strong></span> <span class='ocrx_word' id='word_1_180' title='bbox 2903 1330 3215 1385; x_wconf 86' lang='lat' dir='ltr'><strong>admirantis</strong></span> <span class='ocrx_word' id='word_1_181' title='bbox 3244 1330 3435 1388; x_wconf 84' lang='lat' dir='ltr'><strong>adver-</strong></span> 
     </span>
    </p>
   </div>
   <div class='ocr_carea' id='block_1_27' title="bbox 1842 1422 3437 1495">
    <p class='ocr_par' dir='ltr' id='par_1_27' title="bbox 1842 1422 3437 1495">
     <span class='ocr_line' id='line_1_27' title="bbox 1842 1422 3437 1495; baseline 0.002 -17"><span class='ocrx_word' id='word_1_182' title='bbox 1842 1422 1986 1478; x_wconf 86' lang='lat' dir='ltr'><strong>bium</strong></span> <span class='ocrx_word' id='word_1_183' title='bbox 2028 1432 2129 1492; x_wconf 90' lang='lat' dir='ltr'><strong>est,</strong></span> <span class='ocrx_word' id='word_1_184' title='bbox 2172 1423 2222 1478; x_wconf 90' lang='lat' dir='ltr'><strong>id</strong></span> <span class='ocrx_word' id='word_1_185' title='bbox 2262 1432 2367 1490; x_wconf 90' lang='lat' dir='ltr'><strong>est,</strong></span> <span class='ocrx_word' id='word_1_186' title='bbox 2408 1440 2565 1495; x_wconf 88' lang='lat' dir='ltr'><strong>quam</strong></span> <span class='ocrx_word' id='word_1_187' title='bbox 2615 1423 2935 1489; x_wconf 84' lang='lat' dir='ltr'><strong>sublimiter,</strong></span> <span class='ocrx_word' id='word_1_188' title='bbox 2988 1439 3147 1494; x_wconf 85' lang='lat' dir='ltr'><strong>quam</strong></span> <span class='ocrx_word' id='word_1_189' title='bbox 3191 1434 3437 1491; x_wconf 88' lang='lat' dir='ltr'><strong>potenter</strong></span> 
     </span>
    </p>
   </div>
   <div class='ocr_carea' id='block_1_28' title="bbox 1841 1515 3435 1587">
    <p class='ocr_par' dir='ltr' id='par_1_28' title="bbox 1841 1515 3435 1587">
     <span class='ocr_line' id='line_1_28' title="bbox 1841 1515 3435 1587; baseline 0.002 -18"><span class='ocrx_word' id='word_1_190' title='bbox 1841 1516 2221 1570; x_wconf 79' lang='lat' dir='ltr'><strong>misericordias</strong></span> <span class='ocrx_word' id='word_1_191' title='bbox 2250 1526 2363 1571; x_wconf 84' lang='lat' dir='ltr'><strong>tuas</strong></span> <span class='ocrx_word' id='word_1_192' title='bbox 2404 1515 2650 1587; x_wconf 76' lang='lat' dir='ltr'><strong>largitate</strong></span> <span class='ocrx_word' id='word_1_193' title='bbox 2693 1515 2921 1571; x_wconf 85' lang='lat' dir='ltr'><strong>mirabili</strong></span> <span class='ocrx_word' id='word_1_194' title='bbox 2962 1516 3258 1583; x_wconf 87' lang='lat' dir='ltr'><strong>contulisti,</strong></span> <span class='ocrx_word' id='word_1_195' title='bbox 3288 1524 3342 1571; x_wconf 92' lang='lat' dir='ltr'><strong>ut</strong></span> <span class='ocrx_word' id='word_1_196' title='bbox 3380 1526 3435 1572; x_wconf 86' lang='lat' dir='ltr'><strong>et</strong></span> 
     </span>
    </p>
   </div>
   <div class='ocr_carea' id='block_1_29' title="bbox 1845 1607 3434 1679">
    <p class='ocr_par' dir='ltr' id='par_1_29' title="bbox 1845 1607 3434 1679">
     <span class='ocr_line' id='line_1_29' title="bbox 1845 1607 3434 1679; baseline 0 -16"><span class='ocrx_word' id='word_1_197' title='bbox 1845 1619 2155 1677; x_wconf 83' lang='lat' dir='ltr'><strong>peccatores</strong></span> <span class='ocrx_word' id='word_1_198' title='bbox 2192 1608 2257 1664; x_wconf 89' lang='lat' dir='ltr'><strong>ad</strong></span> <span class='ocrx_word' id='word_1_199' title='bbox 2292 1610 2505 1679; x_wconf 70' lang='lat' dir='ltr'><strong>prtemia</strong></span> <span class='ocrx_word' id='word_1_200' title='bbox 2541 1612 2725 1664; x_wconf 86' lang='lat' dir='ltr'><strong>venire</strong></span> <span class='ocrx_word' id='word_1_201' title='bbox 2767 1609 2996 1673; x_wconf 80' lang='lat' dir='ltr'><strong>faceres,</strong></span> <span class='ocrx_word' id='word_1_202' title='bbox 3027 1618 3080 1663; x_wconf 90' lang='lat' dir='ltr'><strong>et</strong></span> <span class='ocrx_word' id='word_1_203' title='bbox 3111 1607 3286 1678; x_wconf 90' lang='lat' dir='ltr'><strong>justos</strong></span> <span class='ocrx_word' id='word_1_204' title='bbox 3312 1622 3434 1673; x_wconf 79' lang='lat' dir='ltr'><strong>Spe-</strong></span> 
     </span>
    </p>
   </div>
   <div class='ocr_carea' id='block_1_30' title="bbox 1843 1700 3433 1773">
    <p class='ocr_par' dir='ltr' id='par_1_30' title="bbox 1843 1700 3433 1773">
     <span class='ocr_line' id='line_1_30' title="bbox 1843 1700 3433 1773; baseline 0.001 -17"><span class='ocrx_word' id='word_1_205' title='bbox 1843 1717 1965 1757; x_wconf 89' lang='lat' dir='ltr'><strong>rare</strong></span> <span class='ocrx_word' id='word_1_206' title='bbox 1996 1702 2259 1773; x_wconf 88' lang='lat' dir='ltr'><strong>promissa</strong></span> <span class='ocrx_word' id='word_1_207' title='bbox 2291 1703 2434 1758; x_wconf 89' lang='lat' dir='ltr'><strong>dona</strong></span> <span class='ocrx_word' id='word_1_208' title='bbox 2464 1700 2731 1757; x_wconf 88' lang='lat' dir='ltr'><strong>sancires!</strong></span> <span class='ocrx_word' id='word_1_209' title='bbox 2771 1702 2836 1757; x_wconf 88' lang='lat' dir='ltr'><strong>Et</strong></span> <span class='ocrx_word' id='word_1_210' title='bbox 2862 1710 2986 1756; x_wconf 87' lang='lat' dir='ltr'><strong>nota</strong></span> <span class='ocrx_word' id='word_1_211' title='bbox 3016 1700 3158 1770; x_wconf 66' lang='lat' dir='ltr'><strong>quod</strong></span> <span class='ocrx_word' id='word_1_212' title='bbox 3185 1701 3433 1770; x_wconf 83' lang='lat' dir='ltr'><strong>superius</strong></span> 
     </span>
    </p>
   </div>
   <div class='ocr_carea' id='block_1_31' title="bbox 1842 1783 3433 1863">
    <p class='ocr_par' dir='ltr' id='par_1_31' title="bbox 1842 1783 3433 1863">
     <span class='ocr_line' id='line_1_31' title="bbox 1842 1783 3433 1863; baseline 0.001 -16"><span class='ocrx_word' id='word_1_213' title='bbox 1842 1783 2347 1858; x_wconf 28' lang='lat' dir='ltr'><strong>homines‘dixerit,</strong></span> <span class='ocrx_word' id='word_1_214' title='bbox 2382 1806 2523 1849; x_wconf 88' lang='lat' dir='ltr'><strong>nunc</strong></span> <span class='ocrx_word' id='word_1_215' title='bbox 2563 1804 2740 1849; x_wconf 90' lang='lat' dir='ltr'><strong>autem</strong></span> <span class='ocrx_word' id='word_1_216' title='bbox 2783 1795 2917 1863; x_wconf 82' lang='lat' dir='ltr'><strong>ﬁlios</strong></span> <span class='ocrx_word' id='word_1_217' title='bbox 2960 1794 3223 1848; x_wconf 84' lang='lat' dir='ltr'><strong>hominum</strong></span> <span class='ocrx_word' id='word_1_218' title='bbox 3261 1794 3433 1863; x_wconf 82' lang='lat' dir='ltr'><strong>ponit.</strong></span> 
     </span>
    </p>
   </div>
   <div class='ocr_carea' id='block_1_32' title="bbox 178 1866 3431 1955">
    <p class='ocr_par' dir='ltr' id='par_1_32' title="bbox 178 1866 3431 1955">
     <span class='ocr_line' id='line_1_32' title="bbox 178 1866 3431 1955; baseline 0.003 -28"><span class='ocrx_word' id='word_1_219' title='bbox 178 1882 240 1929; x_wconf 88' lang='lat' dir='ltr'><strong>las</strong></span> <span class='ocrx_word' id='word_1_220' title='bbox 279 1886 359 1930; x_wconf 84' lang='lat' dir='ltr'><strong>tua</strong></span> <span class='ocrx_word' id='word_1_221' title='bbox 385 1894 545 1949; x_wconf 81' lang='lat' dir='ltr'><strong>usque</strong></span> <span class='ocrx_word' id='word_1_222' title='bbox 582 1878 649 1932; x_wconf 88' lang='lat' dir='ltr'><strong>ad</strong></span> <span class='ocrx_word' id='word_1_223' title='bbox 688 1877 869 1933; x_wconf 72' lang='lat' dir='ltr'><strong>nubes.</strong></span> <span class='ocrx_word' id='word_1_224' title='bbox 922 1866 1281 1934; x_wconf 80' lang='lat' dir='ltr'><strong>Dinumeratis</strong></span> <span class='ocrx_word' id='word_1_225' title='bbox 1324 1876 1736 1948; x_wconf 80' lang='lat' dir='ltr'><strong>COgitationibus</strong></span> <span class='ocrx_word' id='word_1_226' title='bbox 1771 1884 1813 1944; x_wconf 85' lang='grc' dir='ltr'><strong>Β</strong></span> <span class='ocrx_word' id='word_1_227' title='bbox 1843 1882 2099 1940; x_wconf 80' lang='lat' dir='ltr'><strong>Homines</strong></span> <span class='ocrx_word' id='word_1_228' title='bbox 2130 1886 2442 1955; x_wconf 88' lang='lat' dir='ltr'><strong>plerumque</strong></span> <span class='ocrx_word' id='word_1_229' title='bbox 2472 1885 2743 1952; x_wconf 87' lang='lat' dir='ltr'><strong>dicuntur,</strong></span> <span class='ocrx_word' id='word_1_230' title='bbox 2774 1888 2860 1955; x_wconf 88' lang='lat' dir='ltr'><strong>qui</strong></span> <span class='ocrx_word' id='word_1_231' title='bbox 2889 1885 3122 1941; x_wconf 88' lang='lat' dir='ltr'><strong>necdum</strong></span> <span class='ocrx_word' id='word_1_232' title='bbox 3151 1885 3308 1953; x_wconf 87' lang='lat' dir='ltr'><strong>primi</strong></span> <span class='ocrx_word' id='word_1_233' title='bbox 3334 1884 3431 1938; x_wconf 83' lang='lat' dir='ltr'><strong>lio-</strong></span> 
     </span>
    </p>
   </div>
   <div class='ocr_carea' id='block_1_33' title="bbox 178 1968 1735 2040">
    <p class='ocr_par' dir='ltr' id='par_1_33' title="bbox 178 1968 1735 2040">
     <span class='ocr_line' id='line_1_33' title="bbox 178 1968 1735 2040; baseline 0.002 -19"><span class='ocrx_word' id='word_1_234' title='bbox 178 1968 423 2023; x_wconf 76' lang='lat' dir='ltr'><strong>hutninum</strong></span> <span class='ocrx_word' id='word_1_235' title='bbox 458 1970 841 2040; x_wconf 87' lang='lat' dir='ltr'><strong>pessimorum,</strong></span> <span class='ocrx_word' id='word_1_236' title='bbox 877 1971 1114 2025; x_wconf 88' lang='lat' dir='ltr'><strong>secundo</strong></span> <span class='ocrx_word' id='word_1_237' title='bbox 1157 1971 1400 2026; x_wconf 89' lang='lat' dir='ltr'><strong>membro</strong></span> <span class='ocrx_word' id='word_1_238' title='bbox 1426 1971 1491 2025; x_wconf 91' lang='lat' dir='ltr'><strong>ad</strong></span> <span class='ocrx_word' id='word_1_239' title='bbox 1524 1971 1735 2025; x_wconf 81' lang='lat' dir='ltr'><strong>laudem</strong></span> 
     </span>
    </p>
   </div>
   <div class='ocr_carea' id='block_1_34' title="bbox 176 2045 1735 2133">
    <p class='ocr_par' dir='ltr' id='par_1_34' title="bbox 176 2045 1735 2133">
     <span class='ocr_line' id='line_1_34' title="bbox 176 2045 1735 2133; baseline 0.002 -19"><span class='ocrx_word' id='word_1_240' title='bbox 176 2060 361 2117; x_wconf 88' lang='lat' dir='ltr'><strong>Domini</strong></span> <span class='ocrx_word' id='word_1_241' title='bbox 406 2065 689 2118; x_wconf 75' lang='lat' dir='ltr'><strong>tranSitum</strong></span> <span class='ocrx_word' id='word_1_242' title='bbox 720 2045 865 2118; x_wconf 79' lang='lat' dir='ltr'><strong>facit.</strong></span> <span class='ocrx_word' id='word_1_243' title='bbox 905 2063 1033 2118; x_wconf 86' lang='lat' dir='ltr'><strong>Nam</strong></span> <span class='ocrx_word' id='word_1_244' title='bbox 1064 2066 1311 2133; x_wconf 85' lang='lat' dir='ltr'><strong>quamvis</strong></span> <span class='ocrx_word' id='word_1_245' title='bbox 1344 2071 1399 2119; x_wconf 91' lang='lat' dir='ltr'><strong>et</strong></span> <span class='ocrx_word' id='word_1_246' title='bbox 1428 2064 1479 2118; x_wconf 91' lang='lat' dir='ltr'><strong>in</strong></span> <span class='ocrx_word' id='word_1_247' title='bbox 1511 2071 1655 2119; x_wconf 87' lang='lat' dir='ltr'><strong>terra</strong></span> <span class='ocrx_word' id='word_1_248' title='bbox 1683 2072 1735 2118; x_wconf 90' lang='lat' dir='ltr'><strong>et</strong></span> 
     </span>
    </p>
   </div>
   <div class='ocr_carea' id='block_1_35' title="bbox 176 2153 1734 2225">
    <p class='ocr_par' dir='ltr' id='par_1_35' title="bbox 176 2153 1734 2225">
     <span class='ocr_line' id='line_1_35' title="bbox 176 2153 1734 2225; baseline 0.003 -20"><span class='ocrx_word' id='word_1_249' title='bbox 176 2154 217 2206; x_wconf 89' lang='lat' dir='ltr'><strong>in</strong></span> <span class='ocrx_word' id='word_1_250' title='bbox 253 2153 376 2209; x_wconf 88' lang='lat' dir='ltr'><strong>mari</strong></span> <span class='ocrx_word' id='word_1_251' title='bbox 421 2163 477 2209; x_wconf 85' lang='lat' dir='ltr'><strong>et</strong></span> <span class='ocrx_word' id='word_1_252' title='bbox 509 2155 704 2225; x_wconf 89' lang='lat' dir='ltr'><strong>ubique</strong></span> <span class='ocrx_word' id='word_1_253' title='bbox 743 2156 813 2211; x_wconf 92' lang='lat' dir='ltr'><strong>sit</strong></span> <span class='ocrx_word' id='word_1_254' title='bbox 852 2154 1201 2210; x_wconf 83' lang='lat' dir='ltr'><strong>misericordia</strong></span> <span class='ocrx_word' id='word_1_255' title='bbox 1242 2154 1380 2225; x_wconf 87' lang='lat' dir='ltr'><strong>ejus,</strong></span> <span class='ocrx_word' id='word_1_256' title='bbox 1432 2156 1515 2210; x_wconf 90' lang='lat' dir='ltr'><strong>hic</strong></span> <span class='ocrx_word' id='word_1_257' title='bbox 1557 2162 1734 2210; x_wconf 87' lang='lat' dir='ltr'><strong>tamen</strong></span> 
     </span>
    </p>
   </div>
   <div class='ocr_carea' id='block_1_36' title="bbox 178 2246 1737 2316">
    <p class='ocr_par' dir='ltr' id='par_1_36' title="bbox 178 2246 1737 2316">
     <span class='ocr_line' id='line_1_36' title="bbox 178 2246 1737 2316; baseline 0.002 -18"><span class='ocrx_word' id='word_1_258' title='bbox 178 2246 454 2316; x_wconf 85' lang='lat' dir='ltr'><strong>specialiter</strong></span> <span class='ocrx_word' id='word_1_259' title='bbox 487 2246 540 2301; x_wconf 86' lang='lat' dir='ltr'><strong>in</strong></span> <span class='ocrx_word' id='word_1_260' title='bbox 570 2249 693 2302; x_wconf 74' lang='lat' dir='ltr'><strong>caelo</strong></span> <span class='ocrx_word' id='word_1_261' title='bbox 728 2247 875 2311; x_wconf 90' lang='lat' dir='ltr'><strong>dicit,</strong></span> <span class='ocrx_word' id='word_1_262' title='bbox 905 2246 956 2301; x_wconf 89' lang='lat' dir='ltr'><strong>id</strong></span> <span class='ocrx_word' id='word_1_263' title='bbox 989 2248 1152 2302; x_wconf 87' lang='lat' dir='ltr'><strong>estin</strong></span> <span class='ocrx_word' id='word_1_264' title='bbox 1188 2248 1498 2302; x_wconf 76' lang='lat' dir='ltr'><strong>cmlestihus</strong></span> <span class='ocrx_word' id='word_1_265' title='bbox 1526 2256 1737 2302; x_wconf 8' lang='lat' dir='ltr'><strong>creditu-</strong></span> 
     </span>
    </p>
   </div>
   <div class='ocr_carea' id='block_1_37' title="bbox 176 2335 1737 2405">
    <p class='ocr_par' dir='ltr' id='par_1_37' title="bbox 176 2335 1737 2405">
     <span class='ocr_line' id='line_1_37' title="bbox 176 2335 1737 2405; baseline 0 -14"><span class='ocrx_word' id='word_1_266' title='bbox 176 2337 237 2391; x_wconf 90' lang='lat' dir='ltr'><strong>ris</strong></span> <span class='ocrx_word' id='word_1_267' title='bbox 265 2347 314 2391; x_wconf 90' lang='lat' dir='ltr'><strong>et</strong></span> <span class='ocrx_word' id='word_1_268' title='bbox 347 2336 548 2393; x_wconf 75' lang='lat' dir='ltr'><strong>sanctis</strong></span> <span class='ocrx_word' id='word_1_269' title='bbox 578 2336 902 2404; x_wconf 87' lang='lat' dir='ltr'><strong>hominibus,</strong></span> <span class='ocrx_word' id='word_1_270' title='bbox 952 2335 1040 2391; x_wconf 88' lang='lat' dir='ltr'><strong>ubi</strong></span> <span class='ocrx_word' id='word_1_271' title='bbox 1077 2336 1346 2405; x_wconf 86' lang='lat' dir='ltr'><strong>copiosius</strong></span> <span class='ocrx_word' id='word_1_272' title='bbox 1393 2337 1530 2392; x_wconf 91' lang='lat' dir='ltr'><strong>dona</strong></span> <span class='ocrx_word' id='word_1_273' title='bbox 1562 2352 1737 2391; x_wconf 90' lang='lat' dir='ltr'><strong>mana-</strong></span> 
     </span>
    </p>
   </div>
   <div class='ocr_carea' id='block_1_38' title="bbox 172 2429 1736 2501">
    <p class='ocr_par' dir='ltr' id='par_1_38' title="bbox 172 2429 1736 2501">
     <span class='ocr_line' id='line_1_38' title="bbox 172 2429 1736 2501; baseline 0.002 -17"><span class='ocrx_word' id='word_1_274' title='bbox 172 2440 364 2486; x_wconf 86' lang='lat' dir='ltr'><strong>veruut.</strong></span> <span class='ocrx_word' id='word_1_275' title='bbox 408 2432 684 2487; x_wconf 79' lang='lat' dir='ltr'><strong>Veritatem</strong></span> <span class='ocrx_word' id='word_1_276' title='bbox 712 2433 872 2487; x_wconf 63' lang='lat' dir='ltr'><strong>etiam</strong></span> <span class='ocrx_word' id='word_1_277' title='bbox 898 2429 1589 2501; x_wconf 89' lang='lat' dir='ltr'><strong>commemoratjustorum,</strong></span> <span class='ocrx_word' id='word_1_278' title='bbox 1614 2447 1736 2501; x_wconf 67' lang='lat' dir='ltr'><strong>quae</strong></span> 
     </span>
    </p>
   </div>
   <div class='ocr_carea' id='block_1_39' title="bbox 173 2529 1738 2602">
    <p class='ocr_par' dir='ltr' id='par_1_39' title="bbox 173 2529 1738 2602">
     <span class='ocr_line' id='line_1_39' title="bbox 173 2529 1738 2602; baseline -0.001 -18"><span class='ocrx_word' id='word_1_279' title='bbox 173 2530 215 2585; x_wconf 89' lang='lat' dir='ltr'><strong>in</strong></span> <span class='ocrx_word' id='word_1_280' title='bbox 245 2530 388 2586; x_wconf 90' lang='lat' dir='ltr'><strong>istius</strong></span> <span class='ocrx_word' id='word_1_281' title='bbox 418 2530 602 2587; x_wconf 66' lang='lat' dir='ltr'><strong>saeculi</strong></span> <span class='ocrx_word' id='word_1_282' title='bbox 652 2546 822 2602; x_wconf 78' lang='lat' dir='ltr'><strong>agone</strong></span> <span class='ocrx_word' id='word_1_283' title='bbox 848 2539 1150 2585; x_wconf 86' lang='lat' dir='ltr'><strong>versantur.</strong></span> <span class='ocrx_word' id='word_1_284' title='bbox 1195 2529 1436 2584; x_wconf 74' lang='lat' dir='ltr'><strong>Diximus</strong></span> <span class='ocrx_word' id='word_1_285' title='bbox 1463 2530 1606 2584; x_wconf 80' lang='lat' dir='ltr'><strong>enim</strong></span> <span class='ocrx_word' id='word_1_286' title='bbox 1647 2546 1738 2584; x_wconf 89' lang='lat' dir='ltr'><strong>su-</strong></span> 
     </span>
    </p>
   </div>
   <div class='ocr_carea' id='block_1_40' title="bbox 172 2621 1734 2693">
    <p class='ocr_par' dir='ltr' id='par_1_40' title="bbox 172 2621 1734 2693">
     <span class='ocr_line' id='line_1_40' title="bbox 172 2621 1734 2693; baseline -0.004 -15"><span class='ocrx_word' id='word_1_287' title='bbox 172 2626 332 2692; x_wconf 72' lang='lat' dir='ltr'><strong>perius</strong></span> <span class='ocrx_word' id='word_1_288' title='bbox 371 2624 533 2678; x_wconf 86' lang='lat' dir='ltr'><strong>nubes</strong></span> <span class='ocrx_word' id='word_1_289' title='bbox 582 2622 964 2693; x_wconf 78' lang='lat' dir='ltr'><strong>praplietarum</strong></span> <span class='ocrx_word' id='word_1_290' title='bbox 1003 2621 1479 2691; x_wconf 58' lang='lat' dir='ltr'><strong>praedicationibus</strong></span> <span class='ocrx_word' id='word_1_291' title='bbox 1514 2635 1734 2689; x_wconf 85' lang='lat' dir='ltr'><strong>compa-</strong></span> 
     </span>
    </p>
   </div>
   <div class='ocr_carea' id='block_1_41' title="bbox 172 2713 1736 2785">
    <p class='ocr_par' dir='ltr' id='par_1_41' title="bbox 172 2713 1736 2785">
     <span class='ocr_line' id='line_1_41' title="bbox 172 2713 1736 2785; baseline 0.001 -18"><span class='ocrx_word' id='word_1_292' title='bbox 172 2726 337 2770; x_wconf 90' lang='lat' dir='ltr'><strong>ratas:</strong></span> <span class='ocrx_word' id='word_1_293' title='bbox 371 2715 499 2785; x_wconf 90' lang='lat' dir='ltr'><strong>quia</strong></span> <span class='ocrx_word' id='word_1_294' title='bbox 550 2715 687 2769; x_wconf 88' lang='lat' dir='ltr'><strong>sicut</strong></span> <span class='ocrx_word' id='word_1_295' title='bbox 739 2714 842 2767; x_wconf 74' lang='lat' dir='ltr'><strong>illae</strong></span> <span class='ocrx_word' id='word_1_296' title='bbox 895 2714 1054 2768; x_wconf 88' lang='lat' dir='ltr'><strong>terris</strong></span> <span class='ocrx_word' id='word_1_297' title='bbox 1109 2713 1366 2768; x_wconf 88' lang='lat' dir='ltr'><strong>victuales</strong></span> <span class='ocrx_word' id='word_1_298' title='bbox 1418 2726 1586 2782; x_wconf 88' lang='lat' dir='ltr'><strong>aquas</strong></span> <span class='ocrx_word' id='word_1_299' title='bbox 1642 2713 1736 2768; x_wconf 89' lang='lat' dir='ltr'><strong>de-</strong></span> 
     </span>
    </p>
   </div>
   <div class='ocr_carea' id='block_1_42' title="bbox 171 2803 1738 2878">
    <p class='ocr_par' dir='ltr' id='par_1_42' title="bbox 171 2803 1738 2878">
     <span class='ocr_line' id='line_1_42' title="bbox 171 2803 1738 2878; baseline -0.003 -16"><span class='ocrx_word' id='word_1_300' title='bbox 171 2808 362 2878; x_wconf 90' lang='lat' dir='ltr'><strong>pluunt,</strong></span> <span class='ocrx_word' id='word_1_301' title='bbox 399 2810 475 2863; x_wconf 90' lang='lat' dir='ltr'><strong>ita</strong></span> <span class='ocrx_word' id='word_1_302' title='bbox 501 2814 556 2862; x_wconf 91' lang='lat' dir='ltr'><strong>et</strong></span> <span class='ocrx_word' id='word_1_303' title='bbox 584 2806 671 2862; x_wconf 81' lang='lat' dir='ltr'><strong>iSti</strong></span> <span class='ocrx_word' id='word_1_304' title='bbox 699 2805 945 2860; x_wconf 88' lang='lat' dir='ltr'><strong>ﬁdelibus</strong></span> <span class='ocrx_word' id='word_1_305' title='bbox 973 2806 1251 2859; x_wconf 87' lang='lat' dir='ltr'><strong>animabus</strong></span> <span class='ocrx_word' id='word_1_306' title='bbox 1284 2803 1511 2858; x_wconf 89' lang='lat' dir='ltr'><strong>imbrem</strong></span> <span class='ocrx_word' id='word_1_307' title='bbox 1550 2804 1738 2858; x_wconf 89' lang='lat' dir='ltr'><strong>salutis</strong></span> 
     </span>
    </p>
   </div>
   <div class='ocr_carea' id='block_1_43' title="bbox 168 2896 1740 2968">
    <p class='ocr_par' dir='ltr' id='par_1_43' title="bbox 168 2896 1740 2968">
     <span class='ocr_line' id='line_1_43' title="bbox 168 2896 1740 2968; baseline -0.003 -13"><span class='ocrx_word' id='word_1_308' title='bbox 168 2903 421 2968; x_wconf 83' lang='lat' dir='ltr'><strong>emittunt,</strong></span> <span class='ocrx_word' id='word_1_309' title='bbox 454 2910 512 2955; x_wconf 92' lang='lat' dir='ltr'><strong>ut</strong></span> <span class='ocrx_word' id='word_1_310' title='bbox 536 2901 767 2954; x_wconf 86' lang='lat' dir='ltr'><strong>fructum</strong></span> <span class='ocrx_word' id='word_1_311' title='bbox 796 2898 925 2953; x_wconf 89' lang='lat' dir='ltr'><strong>dent</strong></span> <span class='ocrx_word' id='word_1_312' title='bbox 960 2897 1108 2963; x_wconf 82' lang='lat' dir='ltr'><strong>ﬁdei,</strong></span> <span class='ocrx_word' id='word_1_313' title='bbox 1138 2913 1258 2968; x_wconf 68' lang='lat' dir='ltr'><strong>qua:</strong></span> <span class='ocrx_word' id='word_1_314' title='bbox 1290 2898 1500 2953; x_wconf 90' lang='lat' dir='ltr'><strong>steriles</strong></span> <span class='ocrx_word' id='word_1_315' title='bbox 1528 2896 1740 2952; x_wconf 84' lang='lat' dir='ltr'><strong>fuerant</strong></span> 
     </span>
    </p>
   </div>
   <div class='ocr_carea' id='block_1_44' title="bbox 171 2989 1738 3064">
    <p class='ocr_par' dir='ltr' id='par_1_44' title="bbox 171 2989 1738 3064">
     <span class='ocr_line' id='line_1_44' title="bbox 171 2989 1738 3064; baseline -0.003 -18"><span class='ocrx_word' id='word_1_316' title='bbox 171 2993 397 3049; x_wconf 86' lang='lat' dir='ltr'><strong>ariditate</strong></span> <span class='ocrx_word' id='word_1_317' title='bbox 425 2992 663 3064; x_wconf 86' lang='lat' dir='ltr'><strong>peccati;</strong></span> <span class='ocrx_word' id='word_1_318' title='bbox 690 2998 748 3046; x_wconf 89' lang='lat' dir='ltr'><strong>ut</strong></span> <span class='ocrx_word' id='word_1_319' title='bbox 772 2991 947 3061; x_wconf 89' lang='lat' dir='ltr'><strong>ipsum</strong></span> <span class='ocrx_word' id='word_1_320' title='bbox 974 3005 1161 3046; x_wconf 90' lang='lat' dir='ltr'><strong>revera</strong></span> <span class='ocrx_word' id='word_1_321' title='bbox 1189 2989 1550 3056; x_wconf 81' lang='lat' dir='ltr'><strong>intelligamus</strong></span> <span class='ocrx_word' id='word_1_322' title='bbox 1571 2990 1738 3045; x_wconf 78' lang='lat' dir='ltr'><strong>cmle-</strong></span> 
     </span>
    </p>
   </div>
   <div class='ocr_carea' id='block_1_45' title="bbox 171 3083 1741 3150">
    <p class='ocr_par' dir='ltr' id='par_1_45' title="bbox 171 3083 1741 3150">
     <span class='ocr_line' id='line_1_45' title="bbox 171 3083 1741 3150; baseline -0.003 -10"><span class='ocrx_word' id='word_1_323' title='bbox 171 3086 325 3143; x_wconf 83' lang='lat' dir='ltr'><strong>stibus</strong></span> <span class='ocrx_word' id='word_1_324' title='bbox 366 3086 656 3142; x_wconf 83' lang='lat' dir='ltr'><strong>virtutibus</strong></span> <span class='ocrx_word' id='word_1_325' title='bbox 701 3083 1128 3139; x_wconf 79' lang='lat' dir='ltr'><strong>misericordiam</strong></span> <span class='ocrx_word' id='word_1_326' title='bbox 1181 3083 1390 3146; x_wconf 85' lang='lat' dir='ltr'><strong>facere,</strong></span> <span class='ocrx_word' id='word_1_327' title='bbox 1439 3097 1596 3150; x_wconf 85' lang='lat' dir='ltr'><strong>quem</strong></span> <span class='ocrx_word' id='word_1_328' title='bbox 1644 3096 1741 3150; x_wconf 89' lang='lat' dir='ltr'><strong>per</strong></span> 
     </span>
    </p>
   </div>
   <div class='ocr_carea' id='block_1_46' title="bbox 171 3173 1737 3249">
    <p class='ocr_par' dir='ltr' id='par_1_46' title="bbox 171 3173 1737 3249">
     <span class='ocr_line' id='line_1_46' title="bbox 171 3173 1737 3249; baseline -0.003 -18"><span class='ocrx_word' id='word_1_329' title='bbox 171 3180 425 3248; x_wconf 80' lang='lat' dir='ltr'><strong>apostolos</strong></span> <span class='ocrx_word' id='word_1_330' title='bbox 447 3185 508 3236; x_wconf 90' lang='lat' dir='ltr'><strong>et</strong></span> <span class='ocrx_word' id='word_1_331' title='bbox 531 3176 821 3249; x_wconf 75' lang='lat' dir='ltr'><strong>prophetas</strong></span> <span class='ocrx_word' id='word_1_332' title='bbox 853 3175 1090 3230; x_wconf 86' lang='lat' dir='ltr'><strong>humano</strong></span> <span class='ocrx_word' id='word_1_333' title='bbox 1115 3175 1301 3244; x_wconf 74' lang='lat' dir='ltr'><strong>generi</strong></span> <span class='ocrx_word' id='word_1_334' title='bbox 1333 3173 1612 3229; x_wconf 79' lang='lat' dir='ltr'><strong>veritatem</strong></span> <span class='ocrx_word' id='word_1_335' title='bbox 1642 3186 1737 3227; x_wconf 84' lang='lat' dir='ltr'><strong>co-</strong></span> 
     </span>
    </p>
   </div>
   <div class='ocr_carea' id='block_1_47' title="bbox 1842 1976 3430 2050">
    <p class='ocr_par' dir='ltr' id='par_1_47' title="bbox 1842 1976 3430 2050">
     <span class='ocr_line' id='line_1_47' title="bbox 1842 1976 3430 2050; baseline 0.001 -20"><span class='ocrx_word' id='word_1_336' title='bbox 1842 1976 2000 2031; x_wconf 90' lang='lat' dir='ltr'><strong>miuis</strong></span> <span class='ocrx_word' id='word_1_337' title='bbox 2043 1986 2311 2032; x_wconf 88' lang='lat' dir='ltr'><strong>vetustate</strong></span> <span class='ocrx_word' id='word_1_338' title='bbox 2350 1977 2616 2047; x_wconf 86' lang='lat' dir='ltr'><strong>deposita,</strong></span> <span class='ocrx_word' id='word_1_339' title='bbox 2653 1978 2705 2031; x_wconf 91' lang='lat' dir='ltr'><strong>in</strong></span> <span class='ocrx_word' id='word_1_340' title='bbox 2750 1977 3029 2050; x_wconf 77' lang='lat' dir='ltr'><strong>originalis</strong></span> <span class='ocrx_word' id='word_1_341' title='bbox 3078 1978 3279 2048; x_wconf 85' lang='lat' dir='ltr'><strong>peccati</strong></span> <span class='ocrx_word' id='word_1_342' title='bbox 3319 1977 3430 2031; x_wconf 87' lang='lat' dir='ltr'><strong>cri-</strong></span> 
     </span>
    </p>
   </div>
   <div class='ocr_carea' id='block_1_48' title="bbox 1841 2069 3433 2140">
    <p class='ocr_par' dir='ltr' id='par_1_48' title="bbox 1841 2069 3433 2140">
     <span class='ocr_line' id='line_1_48' title="bbox 1841 2069 3433 2140; baseline 0.001 -18"><span class='ocrx_word' id='word_1_343' title='bbox 1841 2070 1986 2124; x_wconf 88' lang='lat' dir='ltr'><strong>mine</strong></span> <span class='ocrx_word' id='word_1_344' title='bbox 2016 2078 2379 2140; x_wconf 74' lang='lat' dir='ltr'><strong>perseverant.</strong></span> <span class='ocrx_word' id='word_1_345' title='bbox 2422 2070 2554 2124; x_wconf 84' lang='lat' dir='ltr'><strong>Nam</strong></span> <span class='ocrx_word' id='word_1_346' title='bbox 2584 2078 2636 2125; x_wconf 88' lang='lat' dir='ltr'><strong>et</strong></span> <span class='ocrx_word' id='word_1_347' title='bbox 2674 2069 2788 2140; x_wconf 86' lang='lat' dir='ltr'><strong>ipse</strong></span> <span class='ocrx_word' id='word_1_348' title='bbox 2832 2069 3001 2124; x_wconf 78' lang='lat' dir='ltr'><strong>Adam</strong></span> <span class='ocrx_word' id='word_1_349' title='bbox 3035 2069 3283 2140; x_wconf 85' lang='lat' dir='ltr'><strong>quoniam</strong></span> <span class='ocrx_word' id='word_1_350' title='bbox 3318 2070 3433 2138; x_wconf 86' lang='lat' dir='ltr'><strong>pri-</strong></span> 
     </span>
    </p>
   </div>
   <div class='ocr_carea' id='block_1_49' title="bbox 1841 2159 3433 2229">
    <p class='ocr_par' dir='ltr' id='par_1_49' title="bbox 1841 2159 3433 2229">
     <span class='ocr_line' id='line_1_49' title="bbox 1841 2159 3433 2229; baseline -0.003 -12"><span class='ocrx_word' id='word_1_351' title='bbox 1841 2176 1961 2217; x_wconf 92' lang='lat' dir='ltr'><strong>mus</strong></span> <span class='ocrx_word' id='word_1_352' title='bbox 1987 2170 2088 2224; x_wconf 89' lang='lat' dir='ltr'><strong>est,</strong></span> <span class='ocrx_word' id='word_1_353' title='bbox 2136 2160 2297 2217; x_wconf 85' lang='lat' dir='ltr'><strong>homo</strong></span> <span class='ocrx_word' id='word_1_354' title='bbox 2328 2163 2544 2229; x_wconf 84' lang='lat' dir='ltr'><strong>dicitur,</strong></span> <span class='ocrx_word' id='word_1_355' title='bbox 2588 2176 2693 2216; x_wconf 91' lang='lat' dir='ltr'><strong>non</strong></span> <span class='ocrx_word' id='word_1_356' title='bbox 2722 2160 2863 2216; x_wconf 76' lang='lat' dir='ltr'><strong>filius</strong></span> <span class='ocrx_word' id='word_1_357' title='bbox 2900 2162 3153 2217; x_wconf 80' lang='lat' dir='ltr'><strong>hominis.</strong></span> <span class='ocrx_word' id='word_1_358' title='bbox 3186 2159 3311 2215; x_wconf 80' lang='lat' dir='ltr'><strong>Filii</strong></span> <span class='ocrx_word' id='word_1_359' title='bbox 3334 2176 3433 2215; x_wconf 85' lang='lat' dir='ltr'><strong>au-</strong></span> 
     </span>
    </p>
   </div>
   <div class='ocr_carea' id='block_1_50' title="bbox 1841 2240 3425 2323">
    <p class='ocr_par' dir='ltr' id='par_1_50' title="bbox 1841 2240 3425 2323">
     <span class='ocr_line' id='line_1_50' title="bbox 1841 2240 3425 2323; baseline 0 -16"><span class='ocrx_word' id='word_1_360' title='bbox 1841 2260 1945 2307; x_wconf 89' lang='lat' dir='ltr'><strong>tem</strong></span> <span class='ocrx_word' id='word_1_361' title='bbox 1993 2240 2257 2306; x_wconf 68' lang='lat' dir='ltr'><strong>hominum</strong></span> <span class='ocrx_word' id='word_1_362' title='bbox 2296 2262 2420 2307; x_wconf 92' lang='lat' dir='ltr'><strong>sunt</strong></span> <span class='ocrx_word' id='word_1_363' title='bbox 2450 2253 2542 2323; x_wconf 91' lang='lat' dir='ltr'><strong>qui</strong></span> <span class='ocrx_word' id='word_1_364' title='bbox 2585 2254 2811 2323; x_wconf 77' lang='lat' dir='ltr'><strong>gratiam</strong></span> <span class='ocrx_word' id='word_1_365' title='bbox 2866 2251 3197 2320; x_wconf 85' lang='lat' dir='ltr'><strong>baptismatis</strong></span> <span class='ocrx_word' id='word_1_366' title='bbox 3233 2266 3425 2307; x_wconf 88' lang='lat' dir='ltr'><strong>conse-</strong></span> 
     </span>
    </p>
   </div>
   <div class='ocr_carea' id='block_1_51' title="bbox 1840 2343 3427 2415">
    <p class='ocr_par' dir='ltr' id='par_1_51' title="bbox 1840 2343 3427 2415">
     <span class='ocr_line' id='line_1_51' title="bbox 1840 2343 3427 2415; baseline -0.003 -15"><span class='ocrx_word' id='word_1_367' title='bbox 1840 2345 1986 2409; x_wconf 86' lang='lat' dir='ltr'><strong>cuti,</strong></span> <span class='ocrx_word' id='word_1_368' title='bbox 2048 2346 2101 2400; x_wconf 93' lang='lat' dir='ltr'><strong>in</strong></span> <span class='ocrx_word' id='word_1_369' title='bbox 2159 2358 2350 2400; x_wconf 87' lang='lat' dir='ltr'><strong>novam</strong></span> <span class='ocrx_word' id='word_1_370' title='bbox 2401 2348 2752 2415; x_wconf 80' lang='lat' dir='ltr'><strong>progeniem,</strong></span> <span class='ocrx_word' id='word_1_371' title='bbox 2817 2353 3107 2411; x_wconf 69' lang='lat' dir='ltr'><strong>prmatante</strong></span> <span class='ocrx_word' id='word_1_372' title='bbox 3162 2343 3427 2410; x_wconf 90' lang='lat' dir='ltr'><strong>Domino,</strong></span> 
     </span>
    </p>
   </div>
   <div class='ocr_carea' id='block_1_52' title="bbox 1844 2430 3435 2506">
    <p class='ocr_par' dir='ltr' id='par_1_52' title="bbox 1844 2430 3435 2506">
     <span class='ocr_line' id='line_1_52' title="bbox 1844 2430 3435 2506; baseline -0.003 -14"><span class='ocrx_word' id='word_1_373' title='bbox 1844 2445 2221 2493; x_wconf 87' lang='lat' dir='ltr'><strong>renascuntur.</strong></span> <span class='ocrx_word' id='word_1_374' title='bbox 2266 2434 2399 2491; x_wconf 78' lang='lat' dir='ltr'><strong>Nam</strong></span> <span class='ocrx_word' id='word_1_375' title='bbox 2451 2446 2505 2491; x_wconf 91' lang='lat' dir='ltr'><strong>et</strong></span> <span class='ocrx_word' id='word_1_376' title='bbox 2542 2437 2657 2506; x_wconf 84' lang='lat' dir='ltr'><strong>ipse</strong></span> <span class='ocrx_word' id='word_1_377' title='bbox 2696 2434 2942 2490; x_wconf 86' lang='lat' dir='ltr'><strong>Christus</strong></span> <span class='ocrx_word' id='word_1_378' title='bbox 2992 2433 3163 2488; x_wconf 85' lang='lat' dir='ltr'><strong>Filius</strong></span> <span class='ocrx_word' id='word_1_379' title='bbox 3201 2430 3435 2487; x_wconf 89' lang='lat' dir='ltr'><strong>hominis</strong></span> 
     </span>
    </p>
   </div>
   <div class='ocr_carea' id='block_1_53' title="bbox 1844 2527 3437 2602">
    <p class='ocr_par' dir='ltr' id='par_1_53' title="bbox 1844 2527 3437 2602">
     <span class='ocr_line' id='line_1_53' title="bbox 1844 2527 3437 2602; baseline -0.004 -15"><span class='ocrx_word' id='word_1_380' title='bbox 1844 2528 2016 2588; x_wconf 83' lang='lat' dir='ltr'><strong>dicttls</strong></span> <span class='ocrx_word' id='word_1_381' title='bbox 2038 2542 2141 2599; x_wconf 90' lang='lat' dir='ltr'><strong>est,</strong></span> <span class='ocrx_word' id='word_1_382' title='bbox 2177 2539 2234 2587; x_wconf 90' lang='lat' dir='ltr'><strong>ut</strong></span> <span class='ocrx_word' id='word_1_383' title='bbox 2260 2545 2448 2588; x_wconf 88' lang='lat' dir='ltr'><strong>revera</strong></span> <span class='ocrx_word' id='word_1_384' title='bbox 2472 2529 2624 2602; x_wconf 90' lang='lat' dir='ltr'><strong>cujus</strong></span> <span class='ocrx_word' id='word_1_385' title='bbox 2650 2528 2867 2600; x_wconf 83' lang='lat' dir='ltr'><strong>praemia</strong></span> <span class='ocrx_word' id='word_1_386' title='bbox 2899 2527 3216 2599; x_wconf 88' lang='lat' dir='ltr'><strong>suscipiunt,</strong></span> <span class='ocrx_word' id='word_1_387' title='bbox 3244 2534 3361 2597; x_wconf 85' lang='lat' dir='ltr'><strong>ejus</strong></span> <span class='ocrx_word' id='word_1_388' title='bbox 3382 2534 3437 2582; x_wconf 89' lang='lat' dir='ltr'><strong>et</strong></span> 
     </span>
    </p>
   </div>
   <div class='ocr_carea' id='block_1_54' title="bbox 1843 2618 3435 2692">
    <p class='ocr_par' dir='ltr' id='par_1_54' title="bbox 1843 2618 3435 2692">
     <span class='ocr_line' id='line_1_54' title="bbox 1843 2618 3435 2692; baseline -0.003 -13"><span class='ocrx_word' id='word_1_389' title='bbox 1843 2626 2064 2680; x_wconf 88' lang='lat' dir='ltr'><strong>nomine</strong></span> <span class='ocrx_word' id='word_1_390' title='bbox 2103 2624 2447 2681; x_wconf 85' lang='lat' dir='ltr'><strong>decorentur.</strong></span> <span class='ocrx_word' id='word_1_391' title='bbox 2482 2624 2593 2679; x_wconf 79' lang='grc' dir='ltr'><strong>Αιω</strong></span> <span class='ocrx_word' id='word_1_392' title='bbox 2620 2639 2748 2679; x_wconf 88' lang='lat' dir='ltr'><strong>vero</strong></span> <span class='ocrx_word' id='word_1_393' title='bbox 2773 2631 2896 2678; x_wconf 91' lang='lat' dir='ltr'><strong>sunt</strong></span> <span class='ocrx_word' id='word_1_394' title='bbox 2928 2618 3136 2677; x_wconf 75' lang='grc' dir='ltr'><strong>ῡυωίιιί</strong></span> <span class='ocrx_word' id='word_1_395' title='bbox 3171 2629 3435 2692; x_wconf 69' lang='lat' dir='ltr'><strong>praecepta</strong></span> 
     </span>
    </p>
   </div>
   <div class='ocr_carea' id='block_1_55' title="bbox 1841 2713 3435 2785">
    <p class='ocr_par' dir='ltr' id='par_1_55' title="bbox 1841 2713 3435 2785">
     <span class='ocr_line' id='line_1_55' title="bbox 1841 2713 3435 2785; baseline -0.003 -13"><span class='ocrx_word' id='word_1_396' title='bbox 1841 2716 1975 2772; x_wconf 83' lang='lat' dir='ltr'><strong>Novi</strong></span> <span class='ocrx_word' id='word_1_397' title='bbox 2014 2722 2067 2772; x_wconf 88' lang='lat' dir='ltr'><strong>et</strong></span> <span class='ocrx_word' id='word_1_398' title='bbox 2117 2718 2327 2772; x_wconf 79' lang='lat' dir='ltr'><strong>Veteris</strong></span> <span class='ocrx_word' id='word_1_399' title='bbox 2357 2716 2712 2779; x_wconf 85' lang='lat' dir='ltr'><strong>Testamenti,</strong></span> <span class='ocrx_word' id='word_1_400' title='bbox 2751 2716 2802 2770; x_wconf 88' lang='lat' dir='ltr'><strong>in</strong></span> <span class='ocrx_word' id='word_1_401' title='bbox 2840 2724 3066 2785; x_wconf 86' lang='lat' dir='ltr'><strong>quOrum</strong></span> <span class='ocrx_word' id='word_1_402' title='bbox 3099 2713 3435 2785; x_wconf 88' lang='lat' dir='ltr'><strong>protectioue</strong></span> 
     </span>
    </p>
   </div>
   <div class='ocr_carea' id='block_1_56' title="bbox 1839 2805 3438 2882">
    <p class='ocr_par' dir='ltr' id='par_1_56' title="bbox 1839 2805 3438 2882">
     <span class='ocr_line' id='line_1_56' title="bbox 1839 2805 3438 2882; baseline -0.003 -18"><span class='ocrx_word' id='word_1_403' title='bbox 1839 2808 2014 2879; x_wconf 86' lang='lat' dir='ltr'><strong>justus</strong></span> <span class='ocrx_word' id='word_1_404' title='bbox 2066 2810 2224 2882; x_wconf 77' lang='lat'><strong>120</strong></span> <span class='ocrx_word' id='word_1_405' title='bbox 2277 2811 2451 2865; x_wconf 76' lang='lat' dir='ltr'><strong>cumis</strong></span> <span class='ocrx_word' id='word_1_406' title='bbox 2502 2825 2723 2879; x_wconf 89' lang='lat' dir='ltr'><strong>sperare</strong></span> <span class='ocrx_word' id='word_1_407' title='bbox 2767 2808 3130 2880; x_wconf 78' lang='lat' dir='ltr'><strong>cognoscitur,</strong></span> <span class='ocrx_word' id='word_1_408' title='bbox 3181 2808 3309 2861; x_wconf 90' lang='lat' dir='ltr'><strong>dum</strong></span> <span class='ocrx_word' id='word_1_409' title='bbox 3361 2805 3438 2859; x_wconf 89' lang='lat' dir='ltr'><strong>eis</strong></span> 
     </span>
    </p>
   </div>
   <div class='ocr_carea' id='block_1_57' title="bbox 1845 2899 3439 2957">
    <p class='ocr_par' dir='ltr' id='par_1_57' title="bbox 1845 2899 3439 2957">
     <span class='ocr_line' id='line_1_57' title="bbox 1845 2899 3439 2957; baseline -0.003 -1"><span class='ocrx_word' id='word_1_410' title='bbox 1845 2901 2068 2956; x_wconf 78' lang='lat' dir='ltr'><strong>obedire</strong></span> <span class='ocrx_word' id='word_1_411' title='bbox 2118 2911 2472 2957; x_wconf 89' lang='lat' dir='ltr'><strong>monstratur.</strong></span> <span class='ocrx_word' id='word_1_412' title='bbox 2506 2902 2630 2956; x_wconf 68' lang='lat' dir='ltr'><strong>llaec</strong></span> <span class='ocrx_word' id='word_1_413' title='bbox 2661 2899 2955 2955; x_wconf 87' lang='lat' dir='ltr'><strong>similitudo</strong></span> <span class='ocrx_word' id='word_1_414' title='bbox 2986 2908 3155 2954; x_wconf 86' lang='lat' dir='ltr'><strong>tracta</strong></span> <span class='ocrx_word' id='word_1_415' title='bbox 3185 2904 3269 2954; x_wconf 90' lang='lat' dir='ltr'><strong>est</strong></span> <span class='ocrx_word' id='word_1_416' title='bbox 3291 2904 3439 2952; x_wconf 80' lang='lat' dir='ltr'><strong>corn-</strong></span> 
     </span>
    </p>
   </div>
   <div class='ocr_carea' id='block_1_58' title="bbox 1845 2991 3436 3063">
    <p class='ocr_par' dir='ltr' id='par_1_58' title="bbox 1845 2991 3436 3063">
     <span class='ocr_line' id='line_1_58' title="bbox 1845 2991 3436 3063; baseline -0.002 -16"><span class='ocrx_word' id='word_1_417' title='bbox 1845 3002 2093 3062; x_wconf 89' lang='lat' dir='ltr'><strong>petenter</strong></span> <span class='ocrx_word' id='word_1_418' title='bbox 2117 2992 2184 3046; x_wconf 88' lang='lat' dir='ltr'><strong>ab</strong></span> <span class='ocrx_word' id='word_1_419' title='bbox 2224 2991 2433 3059; x_wconf 83' lang='lat' dir='ltr'><strong>avibus,</strong></span> <span class='ocrx_word' id='word_1_420' title='bbox 2472 3008 2697 3063; x_wconf 90' lang='lat' dir='ltr'><strong>quarum</strong></span> <span class='ocrx_word' id='word_1_421' title='bbox 2731 2993 2859 3061; x_wconf 89' lang='lat' dir='ltr'><strong>pulli</strong></span> <span class='ocrx_word' id='word_1_422' title='bbox 2902 2992 3070 3048; x_wconf 90' lang='lat' dir='ltr'><strong>teneri</strong></span> <span class='ocrx_word' id='word_1_423' title='bbox 3101 3006 3252 3061; x_wconf 89' lang='lat' dir='ltr'><strong>spem</strong></span> <span class='ocrx_word' id='word_1_424' title='bbox 3281 3000 3436 3045; x_wconf 90' lang='lat' dir='ltr'><strong>suam</strong></span> 
     </span>
    </p>
   </div>
   <div class='ocr_carea' id='block_1_59' title="bbox 1843 3085 3434 3156">
    <p class='ocr_par' dir='ltr' id='par_1_59' title="bbox 1843 3085 3434 3156">
     <span class='ocr_line' id='line_1_59' title="bbox 1843 3085 3434 3156; baseline 0 -15"><span class='ocrx_word' id='word_1_425' title='bbox 1843 3085 1896 3141; x_wconf 90' lang='lat' dir='ltr'><strong>in</strong></span> <span class='ocrx_word' id='word_1_426' title='bbox 1940 3088 2302 3141; x_wconf 85' lang='lat' dir='ltr'><strong>materuarum</strong></span> <span class='ocrx_word' id='word_1_427' title='bbox 2345 3085 2551 3141; x_wconf 86' lang='lat' dir='ltr'><strong>alarum</strong></span> <span class='ocrx_word' id='word_1_428' title='bbox 2592 3085 2928 3156; x_wconf 84' lang='lat' dir='ltr'><strong>proteetloue</strong></span> <span class='ocrx_word' id='word_1_429' title='bbox 2965 3096 3162 3152; x_wconf 90' lang='lat' dir='ltr'><strong>ponere</strong></span> <span class='ocrx_word' id='word_1_430' title='bbox 3203 3092 3434 3141; x_wconf 83' lang='lat' dir='ltr'><strong>consua-</strong></span> 
     </span>
    </p>
   </div>
   <div class='ocr_carea' id='block_1_60' title="bbox 1845 3177 3440 3250">
    <p class='ocr_par' dir='ltr' id='par_1_60' title="bbox 1845 3177 3440 3250">
     <span class='ocr_line' id='line_1_60' title="bbox 1845 3177 3440 3250; baseline 0.001 -18"><span class='ocrx_word' id='word_1_431' title='bbox 1845 3187 1989 3233; x_wconf 92' lang='lat' dir='ltr'><strong>runt.</strong></span> <span class='ocrx_word' id='word_1_432' title='bbox 2021 3180 2139 3245; x_wconf 85' lang='lat' dir='ltr'><strong>Quo</strong></span> <span class='ocrx_word' id='word_1_433' title='bbox 2178 3178 2432 3250; x_wconf 88' lang='lat' dir='ltr'><strong>exemplo</strong></span> <span class='ocrx_word' id='word_1_434' title='bbox 2457 3186 2513 3235; x_wconf 90' lang='lat' dir='ltr'><strong>et</strong></span> <span class='ocrx_word' id='word_1_435' title='bbox 2542 3179 2855 3249; x_wconf 90' lang='lat' dir='ltr'><strong>simplicitas</strong></span> <span class='ocrx_word' id='word_1_436' title='bbox 2897 3179 3168 3249; x_wconf 86' lang='lat' dir='ltr'><strong>sperantis</strong></span> <span class='ocrx_word' id='word_1_437' title='bbox 3200 3177 3440 3235; x_wconf 87' lang='lat' dir='ltr'><strong>ostendi-</strong></span> 
     </span>
    </p>
   </div>
   <div class='ocr_carea' id='block_1_61' title="bbox 171 3264 3258 3341">
    <p class='ocr_par' dir='ltr' id='par_1_61' title="bbox 171 3264 3258 3341">
     <span class='ocr_line' id='line_1_61' title="bbox 171 3264 3258 3341; baseline 0.001 -18"><span class='ocrx_word' id='word_1_438' title='bbox 171 3271 462 3339; x_wconf 76' lang='lat' dir='ltr'><strong>gnoscimus</strong></span> <span class='ocrx_word' id='word_1_439' title='bbox 493 3269 828 3341; x_wconf 65' lang='lat' dir='ltr'><strong>praestitisse.</strong></span> <span class='ocrx_word' id='word_1_440' title='bbox 876 3268 943 3322; x_wconf 81' lang='lat' dir='ltr'><strong>Et</strong></span> <span class='ocrx_word' id='word_1_441' title='bbox 976 3267 1185 3322; x_wconf 88' lang='lat' dir='ltr'><strong>intuere</strong></span> <span class='ocrx_word' id='word_1_442' title='bbox 1214 3264 1421 3321; x_wconf 90' lang='lat' dir='ltr'><strong>laudem</strong></span> <span class='ocrx_word' id='word_1_443' title='bbox 1449 3264 1586 3319; x_wconf 88' lang='lat' dir='ltr'><strong>hanc</strong></span> <span class='ocrx_word' id='word_1_444' title='bbox 1615 3279 1739 3320; x_wconf 65' lang='lat' dir='ltr'><strong>cono</strong></span> <span class='ocrx_word' id='word_1_445' title='bbox 1764 3269 1811 3335; x_wconf 87' lang='lat' dir='ltr'>C</span> <span class='ocrx_word' id='word_1_446' title='bbox 1844 3280 1949 3337; x_wconf 92' lang='lat' dir='ltr'><strong>tur,</strong></span> <span class='ocrx_word' id='word_1_447' title='bbox 1978 3281 2030 3325; x_wconf 91' lang='lat' dir='ltr'><strong>et</strong></span> <span class='ocrx_word' id='word_1_448' title='bbox 2054 3270 2392 3327; x_wconf 89' lang='lat' dir='ltr'><strong>blandissimi</strong></span> <span class='ocrx_word' id='word_1_449' title='bbox 2423 3271 2666 3328; x_wconf 85' lang='lat' dir='ltr'><strong>beneﬁcii</strong></span> <span class='ocrx_word' id='word_1_450' title='bbox 2698 3271 2905 3327; x_wconf 86' lang='lat' dir='ltr'><strong>cautela</strong></span> <span class='ocrx_word' id='word_1_451' title='bbox 2935 3271 3258 3328; x_wconf 86' lang='lat' dir='ltr'><strong>declaratur.</strong></span> 
     </span>
    </p>
   </div>
   <div class='ocr_carea' id='block_1_62' title="bbox 171 3359 1741 3433">
    <p class='ocr_par' dir='ltr' id='par_1_62' title="bbox 171 3359 1741 3433">
     <span class='ocr_line' id='line_1_62' title="bbox 171 3359 1741 3433; baseline -0.003 -15"><span class='ocrx_word' id='word_1_452' title='bbox 171 3366 243 3417; x_wconf 75' lang='lat' dir='ltr'><strong>ira</strong></span> <span class='ocrx_word' id='word_1_453' title='bbox 284 3363 571 3433; x_wconf 87' lang='lat' dir='ltr'><strong>impiorum</strong></span> <span class='ocrx_word' id='word_1_454' title='bbox 615 3362 1059 3431; x_wconf 89' lang='lat' dir='ltr'><strong>vituperationem</strong></span> <span class='ocrx_word' id='word_1_455' title='bbox 1110 3360 1467 3415; x_wconf 87' lang='lat' dir='ltr'><strong>communiter</strong></span> <span class='ocrx_word' id='word_1_456' title='bbox 1503 3359 1741 3415; x_wconf 55' lang='lat' dir='ltr'><strong>introdu.</strong></span> 
     </span>
    </p>
   </div>
   <div class='ocr_carea' id='block_1_63' title="bbox 172 3453 1741 3524">
    <p class='ocr_par' dir='ltr' id='par_1_63' title="bbox 172 3453 1741 3524">
     <span class='ocr_line' id='line_1_63' title="bbox 172 3453 1741 3524; baseline 0.001 -16"><span class='ocrx_word' id='word_1_457' title='bbox 172 3462 321 3522; x_wconf 85' lang='lat' dir='ltr'><strong>ctam,</strong></span> <span class='ocrx_word' id='word_1_458' title='bbox 339 3464 398 3510; x_wconf 89' lang='lat' dir='ltr'><strong>ut</strong></span> <span class='ocrx_word' id='word_1_459' title='bbox 424 3455 909 3511; x_wconf 81' lang='lat' dir='ltr'><strong>demonstrativum</strong></span> <span class='ocrx_word' id='word_1_460' title='bbox 932 3468 1101 3524; x_wconf 73' lang='lat' dir='ltr'><strong>genus</strong></span> <span class='ocrx_word' id='word_1_461' title='bbox 1127 3454 1368 3524; x_wconf 89' lang='lat' dir='ltr'><strong>utrisque</strong></span> <span class='ocrx_word' id='word_1_462' title='bbox 1390 3453 1630 3524; x_wconf 88' lang='lat' dir='ltr'><strong>partibus</strong></span> <span class='ocrx_word' id='word_1_463' title='bbox 1651 3468 1741 3510; x_wconf 83' lang='lat' dir='ltr'><strong>ex-</strong></span> 
     </span>
    </p>
   </div>
   <div class='ocr_carea' id='block_1_64' title="bbox 177 3545 1036 3616">
    <p class='ocr_par' dir='ltr' id='par_1_64' title="bbox 177 3545 1036 3616">
     <span class='ocr_line' id='line_1_64' title="bbox 177 3545 1036 3616; baseline 0 -15"><span class='ocrx_word' id='word_1_464' title='bbox 177 3545 370 3616; x_wconf 77' lang='lat' dir='ltr'><strong>plicatis</strong></span> <span class='ocrx_word' id='word_1_465' title='bbox 395 3546 702 3604; x_wconf 78' lang='lat' dir='ltr'><strong>evidentius</strong></span> <span class='ocrx_word' id='word_1_466' title='bbox 728 3554 1036 3616; x_wconf 77' lang='lat' dir='ltr'><strong>appareret.</strong></span> 
     </span>
    </p>
   </div>
   <div class='ocr_carea' id='block_1_65' title="bbox 232 3637 1741 3710">
    <p class='ocr_par' dir='ltr' id='par_1_65' title="bbox 232 3637 1741 3710">
     <span class='ocr_line' id='line_1_65' title="bbox 232 3637 1741 3710; baseline 0 -17"><span class='ocrx_word' id='word_1_467' title='bbox 232 3640 377 3696; x_wconf 73' lang='lat' dir='ltr'><strong>Vera.</strong></span> <span class='ocrx_word' id='word_1_468' title='bbox 405 3643 457 3696; x_wconf 75' lang='lat'><strong>6.</strong></span> <span class='ocrx_word' id='word_1_469' title='bbox 492 3639 710 3695; x_wconf 76' lang='lat' dir='ltr'><strong>Iustitia</strong></span> <span class='ocrx_word' id='word_1_470' title='bbox 736 3650 827 3695; x_wconf 88' lang='lat' dir='ltr'><strong>tua</strong></span> <span class='ocrx_word' id='word_1_471' title='bbox 852 3640 982 3694; x_wconf 81' lang='lat' dir='ltr'><strong>sicut</strong></span> <span class='ocrx_word' id='word_1_472' title='bbox 1013 3648 1233 3706; x_wconf 77' lang='lat' dir='ltr'><strong>montes,</strong></span> <span class='ocrx_word' id='word_1_473' title='bbox 1262 3637 1517 3703; x_wconf 77' lang='lat' dir='ltr'><strong>Domine;</strong></span> <span class='ocrx_word' id='word_1_474' title='bbox 1536 3638 1741 3710; x_wconf 71' lang='lat' dir='ltr'><strong>judicia</strong></span> 
     </span>
    </p>
   </div>
   <div class='ocr_carea' id='block_1_66' title="bbox 168 3732 1735 3805">
    <p class='ocr_par' dir='ltr' id='par_1_66' title="bbox 168 3732 1735 3805">
     <span class='ocr_line' id='line_1_66' title="bbox 168 3732 1735 3805; baseline 0 -19"><span class='ocrx_word' id='word_1_475' title='bbox 168 3740 250 3786; x_wconf 75' lang='lat' dir='ltr'><strong>tua</strong></span> <span class='ocrx_word' id='word_1_476' title='bbox 272 3733 472 3805; x_wconf 72' lang='lat' dir='ltr'><strong>abyssus</strong></span> <span class='ocrx_word' id='word_1_477' title='bbox 502 3732 664 3788; x_wconf 75' lang='lat' dir='ltr'><strong>multo</strong></span> <span class='ocrx_word' id='word_1_478' title='bbox 690 3748 712 3789; x_wconf 75' lang='grc' dir='ltr'><em>τ</em></span> <span class='ocrx_word' id='word_1_479' title='bbox 737 3733 967 3787; x_wconf 69' lang='lat' dir='ltr'><strong>homines</strong></span> <span class='ocrx_word' id='word_1_480' title='bbox 1006 3742 1052 3786; x_wconf 90' lang='lat' dir='ltr'><strong>et</strong></span> <span class='ocrx_word' id='word_1_481' title='bbox 1082 3734 1320 3803; x_wconf 71' lang='lat' dir='ltr'><strong>iumenta</strong></span> <span class='ocrx_word' id='word_1_482' title='bbox 1361 3733 1529 3786; x_wconf 82' lang='lat' dir='ltr'><strong>salvos</strong></span> <span class='ocrx_word' id='word_1_483' title='bbox 1556 3732 1735 3802; x_wconf 76' lang='lat' dir='ltr'><strong>facies,</strong></span> 
     </span>
    </p>
   </div>
   <div class='ocr_carea' id='block_1_67' title="bbox 169 3822 1740 3893">
    <p class='ocr_par' dir='ltr' id='par_1_67' title="bbox 169 3822 1740 3893">
     <span class='ocr_line' id='line_1_67' title="bbox 169 3822 1740 3893; baseline 0.004 -19"><span class='ocrx_word' id='word_1_484' title='bbox 169 3822 390 3879; x_wconf 84' lang='lat' dir='ltr'><strong>Domine.</strong></span> <span class='ocrx_word' id='word_1_485' title='bbox 428 3826 687 3893; x_wconf 79' lang='lat' dir='ltr'><strong>Quamvis</strong></span> <span class='ocrx_word' id='word_1_486' title='bbox 737 3840 866 3881; x_wconf 84' lang='lat' dir='ltr'><strong>usus</strong></span> <span class='ocrx_word' id='word_1_487' title='bbox 919 3826 1113 3880; x_wconf 86' lang='lat' dir='ltr'><strong>habeat</strong></span> <span class='ocrx_word' id='word_1_488' title='bbox 1157 3843 1170 3879; x_wconf 87' lang='lat'><strong>:</strong></span> <span class='ocrx_word' id='word_1_489' title='bbox 1208 3823 1427 3879; x_wconf 77' lang='lat' dir='ltr'><strong>Iustitia</strong></span> <span class='ocrx_word' id='word_1_490' title='bbox 1468 3835 1557 3879; x_wconf 74' lang='lat' dir='ltr'><strong>tua</strong></span> <span class='ocrx_word' id='word_1_491' title='bbox 1609 3828 1740 3881; x_wconf 84' lang='lat' dir='ltr'><strong>sicut</strong></span> 
     </span>
    </p>
   </div>
   <div class='ocr_carea' id='block_1_68' title="bbox 168 3915 1737 3985">
    <p class='ocr_par' dir='ltr' id='par_1_68' title="bbox 168 3915 1737 3985">
     <span class='ocr_line' id='line_1_68' title="bbox 168 3915 1737 3985; baseline 0.001 -17"><span class='ocrx_word' id='word_1_492' title='bbox 168 3922 348 3971; x_wconf 69' lang='lat' dir='ltr'><strong>montes</strong></span> <span class='ocrx_word' id='word_1_493' title='bbox 384 3916 507 3984; x_wconf 84' lang='lat' dir='ltr'><strong>Dei,</strong></span> <span class='ocrx_word' id='word_1_494' title='bbox 560 3917 729 3972; x_wconf 90' lang='lat' dir='ltr'><strong>multo</strong></span> <span class='ocrx_word' id='word_1_495' title='bbox 757 3928 933 3971; x_wconf 84' lang='lat' dir='ltr'><strong>tamen</strong></span> <span class='ocrx_word' id='word_1_496' title='bbox 979 3915 1275 3971; x_wconf 86' lang='lat' dir='ltr'><strong>absolutior</strong></span> <span class='ocrx_word' id='word_1_497' title='bbox 1302 3924 1387 3972; x_wconf 81' lang='lat' dir='ltr'><strong>est</strong></span> <span class='ocrx_word' id='word_1_498' title='bbox 1427 3916 1737 3985; x_wconf 72' lang='lat' dir='ltr'><strong>Hieronymi</strong></span> 
     </span>
    </p>
   </div>
   <div class='ocr_carea' id='block_1_69' title="bbox 173 4007 1734 4081">
    <p class='ocr_par' dir='ltr' id='par_1_69' title="bbox 173 4007 1734 4081">
     <span class='ocr_line' id='line_1_69' title="bbox 173 4007 1734 4081; baseline 0.001 -19"><span class='ocrx_word' id='word_1_499' title='bbox 173 4007 269 4065; x_wconf 82' lang='lat' dir='ltr'><strong>ﬁda</strong></span> <span class='ocrx_word' id='word_1_500' title='bbox 296 4010 598 4076; x_wconf 84' lang='lat' dir='ltr'><strong>translatio,</strong></span> <span class='ocrx_word' id='word_1_501' title='bbox 628 4025 748 4081; x_wconf 78' lang='lat' dir='ltr'><strong>qua:</strong></span> <span class='ocrx_word' id='word_1_502' title='bbox 785 4008 1004 4065; x_wconf 84' lang='lat' dir='ltr'><strong>Domine</strong></span> <span class='ocrx_word' id='word_1_503' title='bbox 1031 4010 1200 4079; x_wconf 75' lang='lat' dir='ltr'><strong>magis</strong></span> <span class='ocrx_word' id='word_1_504' title='bbox 1227 4023 1386 4078; x_wconf 85' lang='lat' dir='ltr'><strong>quam</strong></span> <span class='ocrx_word' id='word_1_505' title='bbox 1418 4010 1510 4064; x_wconf 87' lang='lat' dir='ltr'><strong>Dei</strong></span> <span class='ocrx_word' id='word_1_506' title='bbox 1538 4011 1734 4079; x_wconf 81' lang='lat' dir='ltr'><strong>posuit.</strong></span> 
     </span>
    </p>
   </div>
   <div class='ocr_carea' id='block_1_70' title="bbox 170 4100 1742 4174">
    <p class='ocr_par' dir='ltr' id='par_1_70' title="bbox 170 4100 1742 4174">
     <span class='ocr_line' id='line_1_70' title="bbox 170 4100 1742 4174; baseline 0.001 -19"><span class='ocrx_word' id='word_1_507' title='bbox 170 4100 365 4159; x_wconf 71' lang='lat' dir='ltr'><strong>Iustitio</strong></span> <span class='ocrx_word' id='word_1_508' title='bbox 400 4116 493 4161; x_wconf 82' lang='lat' dir='ltr'><strong>tua</strong></span> <span class='ocrx_word' id='word_1_509' title='bbox 525 4106 710 4161; x_wconf 83' lang='lat' dir='ltr'><strong>beatos</strong></span> <span class='ocrx_word' id='word_1_510' title='bbox 739 4106 870 4159; x_wconf 89' lang='lat' dir='ltr'><strong>dicit</strong></span> <span class='ocrx_word' id='word_1_511' title='bbox 916 4104 1211 4174; x_wconf 86' lang='lat' dir='ltr'><strong>apostolos,</strong></span> <span class='ocrx_word' id='word_1_512' title='bbox 1242 4104 1331 4171; x_wconf 89' lang='lat' dir='ltr'><strong>qui</strong></span> <span class='ocrx_word' id='word_1_513' title='bbox 1377 4116 1602 4173; x_wconf 82' lang='lat' dir='ltr'><strong>capaces</strong></span> <span class='ocrx_word' id='word_1_514' title='bbox 1634 4103 1742 4156; x_wconf 58' lang='lat' dir='ltr'><strong>Do.</strong></span> 
     </span>
    </p>
   </div>
   <div class='ocr_carea' id='block_1_71' title="bbox 168 4194 1742 4264">
    <p class='ocr_par' dir='ltr' id='par_1_71' title="bbox 168 4194 1742 4264">
     <span class='ocr_line' id='line_1_71' title="bbox 168 4194 1742 4264; baseline 0.001 -17"><span class='ocrx_word' id='word_1_515' title='bbox 168 4195 286 4248; x_wconf 91' lang='lat' dir='ltr'><strong>mini</strong></span> <span class='ocrx_word' id='word_1_516' title='bbox 314 4197 531 4264; x_wconf 71' lang='lat' dir='ltr'><strong>iustitia:</strong></span> <span class='ocrx_word' id='word_1_517' title='bbox 555 4196 762 4253; x_wconf 90' lang='lat' dir='ltr'><strong>devotis</strong></span> <span class='ocrx_word' id='word_1_518' title='bbox 790 4194 1037 4250; x_wconf 88' lang='lat' dir='ltr'><strong>sensibus</strong></span> <span class='ocrx_word' id='word_1_519' title='bbox 1072 4195 1423 4260; x_wconf 79' lang='lat' dir='ltr'><strong>exstiterunt;</strong></span> <span class='ocrx_word' id='word_1_520' title='bbox 1454 4208 1589 4263; x_wconf 90' lang='lat' dir='ltr'><strong>quos</strong></span> <span class='ocrx_word' id='word_1_521' title='bbox 1627 4209 1742 4249; x_wconf 85' lang='lat' dir='ltr'><strong>me-</strong></span> 
     </span>
    </p>
   </div>
   <div class='ocr_carea' id='block_1_72' title="bbox 169 4286 1736 4359">
    <p class='ocr_par' dir='ltr' id='par_1_72' title="bbox 169 4286 1736 4359">
     <span class='ocr_line' id='line_1_72' title="bbox 169 4286 1736 4359; baseline 0.001 -19"><span class='ocrx_word' id='word_1_522' title='bbox 169 4286 262 4342; x_wconf 91' lang='lat' dir='ltr'><strong>rito</strong></span> <span class='ocrx_word' id='word_1_523' title='bbox 289 4292 541 4346; x_wconf 85' lang='lat' dir='ltr'><strong>montibus</strong></span> <span class='ocrx_word' id='word_1_524' title='bbox 568 4291 919 4359; x_wconf 88' lang='lat' dir='ltr'><strong>comparavit,</strong></span> <span class='ocrx_word' id='word_1_525' title='bbox 948 4289 1200 4358; x_wconf 88' lang='lat' dir='ltr'><strong>quoniam</strong></span> <span class='ocrx_word' id='word_1_526' title='bbox 1242 4302 1464 4343; x_wconf 82' lang='lat' dir='ltr'><strong>summae</strong></span> <span class='ocrx_word' id='word_1_527' title='bbox 1495 4287 1736 4342; x_wconf 86' lang='lat' dir='ltr'><strong>veritatis</strong></span> 
     </span>
    </p>
   </div>
   <div class='ocr_carea' id='block_1_73' title="bbox 170 4377 1740 4453">
    <p class='ocr_par' dir='ltr' id='par_1_73' title="bbox 170 4377 1740 4453">
     <span class='ocr_line' id='line_1_73' title="bbox 170 4377 1740 4453; baseline 0.003 -21"><span class='ocrx_word' id='word_1_528' title='bbox 170 4377 334 4438; x_wconf 90' lang='lat' dir='ltr'><strong>lumen</strong></span> <span class='ocrx_word' id='word_1_529' title='bbox 378 4384 429 4439; x_wconf 90' lang='lat' dir='ltr'><strong>in</strong></span> <span class='ocrx_word' id='word_1_530' title='bbox 459 4384 598 4453; x_wconf 84' lang='lat' dir='ltr'><strong>ipsis</strong></span> <span class='ocrx_word' id='word_1_531' title='bbox 625 4383 929 4453; x_wconf 87' lang='lat' dir='ltr'><strong>primordiis</strong></span> <span class='ocrx_word' id='word_1_532' title='bbox 957 4382 1287 4449; x_wconf 86' lang='lat' dir='ltr'><strong>haurientes,</strong></span> <span class='ocrx_word' id='word_1_533' title='bbox 1327 4381 1619 4437; x_wconf 90' lang='lat' dir='ltr'><strong>humilibus</strong></span> <span class='ocrx_word' id='word_1_534' title='bbox 1644 4397 1740 4453; x_wconf 88' lang='lat' dir='ltr'><strong>po-</strong></span> 
     </span>
    </p>
   </div>
   <div class='ocr_carea' id='block_1_74' title="bbox 173 4476 1742 4550">
    <p class='ocr_par' dir='ltr' id='par_1_74' title="bbox 173 4476 1742 4550">
     <span class='ocr_line' id='line_1_74' title="bbox 173 4476 1742 4550; baseline 0.001 -21"><span class='ocrx_word' id='word_1_535' title='bbox 173 4478 304 4546; x_wconf 89' lang='lat' dir='ltr'><strong>pulis</strong></span> <span class='ocrx_word' id='word_1_536' title='bbox 328 4482 531 4537; x_wconf 88' lang='lat' dir='ltr'><strong>sanctis</strong></span> <span class='ocrx_word' id='word_1_537' title='bbox 559 4476 1032 4550; x_wconf 72' lang='lat' dir='ltr'><strong>praedicationibus</strong></span> <span class='ocrx_word' id='word_1_538' title='bbox 1059 4477 1388 4533; x_wconf 87' lang='lat' dir='ltr'><strong>infuderunt.</strong></span> <span class='ocrx_word' id='word_1_539' title='bbox 1422 4476 1571 4532; x_wconf 85' lang='lat' dir='ltr'><strong>Sicut</strong></span> <span class='ocrx_word' id='word_1_540' title='bbox 1595 4492 1742 4531; x_wconf 88' lang='lat' dir='ltr'><strong>mon-</strong></span> 
     </span>
    </p>
   </div>
   <div class='ocr_carea' id='block_1_75' title="bbox 171 4550 1737 4639">
    <p class='ocr_par' dir='ltr' id='par_1_75' title="bbox 171 4550 1737 4639">
     <span class='ocr_line' id='line_1_75' title="bbox 171 4550 1737 4639; baseline 0.002 -16"><span class='ocrx_word' id='word_1_541' title='bbox 171 4574 233 4623; x_wconf 82' lang='lat' dir='ltr'><strong>tes</strong></span> <span class='ocrx_word' id='word_1_542' title='bbox 260 4572 343 4639; x_wconf 89' lang='lat' dir='ltr'><strong>qui</strong></span> <span class='ocrx_word' id='word_1_543' title='bbox 373 4572 488 4630; x_wconf 90' lang='lat' dir='ltr'><strong>sole</strong></span> <span class='ocrx_word' id='word_1_544' title='bbox 528 4581 647 4626; x_wconf 89' lang='lat' dir='ltr'><strong>orto</strong></span> <span class='ocrx_word' id='word_1_545' title='bbox 675 4570 853 4625; x_wconf 80' lang='lat' dir='ltr'><strong>radios</strong></span> <span class='ocrx_word' id='word_1_546' title='bbox 903 4574 1055 4625; x_wconf 70' lang='lat' dir='ltr'><strong>novae</strong></span> <span class='ocrx_word' id='word_1_547' title='bbox 1092 4570 1226 4625; x_wconf 90' lang='lat' dir='ltr'><strong>lucis</strong></span> <span class='ocrx_word' id='word_1_548' title='bbox 1261 4570 1555 4639; x_wconf 83' lang='lat' dir='ltr'><strong>excipiunt,</strong></span> <span class='ocrx_word' id='word_1_549' title='bbox 1593 4550 1646 4625; x_wconf 77' lang='lat' dir='ltr'><strong>ei.</strong></span> <span class='ocrx_word' id='word_1_550' title='bbox 1672 4570 1737 4626; x_wconf 90' lang='lat' dir='ltr'><strong>ad</strong></span> 
     </span>
    </p>
   </div>
   <div class='ocr_carea' id='block_1_76' title="bbox 1915 3359 3441 3428">
    <p class='ocr_par' dir='ltr' id='par_1_76' title="bbox 1915 3359 3441 3428">
     <span class='ocr_line' id='line_1_76' title="bbox 1915 3359 3441 3428; baseline 0.001 -11"><span class='ocrx_word' id='word_1_551' title='bbox 1915 3360 2072 3417; x_wconf 79' lang='lat' dir='ltr'><strong>Vers.</strong></span> <span class='ocrx_word' id='word_1_552' title='bbox 2117 3362 2165 3415; x_wconf 89' lang='lat'><strong>8.</strong></span> <span class='ocrx_word' id='word_1_553' title='bbox 2201 3359 2607 3417; x_wconf 86' lang='lat' dir='ltr'><strong>Inebriabuntur</strong></span> <span class='ocrx_word' id='word_1_554' title='bbox 2646 3363 2710 3417; x_wconf 84' lang='lat' dir='ltr'><strong>ab</strong></span> <span class='ocrx_word' id='word_1_555' title='bbox 2756 3364 2987 3418; x_wconf 80' lang='lat' dir='ltr'><strong>ubertate</strong></span> <span class='ocrx_word' id='word_1_556' title='bbox 3029 3362 3211 3417; x_wconf 79' lang='lat' dir='ltr'><strong>donius</strong></span> <span class='ocrx_word' id='word_1_557' title='bbox 3243 3373 3363 3428; x_wconf 66' lang='lat' dir='ltr'><strong>tua,</strong></span> <span class='ocrx_word' id='word_1_558' title='bbox 3393 3369 3441 3419; x_wconf 75' lang='lat' dir='ltr'><strong>et</strong></span> 
     </span>
    </p>
   </div>
   <div class='ocr_carea' id='block_1_77' title="bbox 1842 3446 3436 3525">
    <p class='ocr_par' dir='ltr' id='par_1_77' title="bbox 1842 3446 3436 3525">
     <span class='ocr_line' id='line_1_77' title="bbox 1842 3446 3436 3525; baseline -0.001 -15"><span class='ocrx_word' id='word_1_559' title='bbox 1842 3463 2065 3510; x_wconf 78' lang='lat' dir='ltr'><strong>torrente</strong></span> <span class='ocrx_word' id='word_1_560' title='bbox 2110 3456 2382 3525; x_wconf 82' lang='lat' dir='ltr'><strong>voluptatis</strong></span> <span class='ocrx_word' id='word_1_561' title='bbox 2424 3464 2524 3509; x_wconf 72' lang='lat' dir='ltr'><strong>tua:</strong></span> <span class='ocrx_word' id='word_1_562' title='bbox 2582 3456 2781 3525; x_wconf 82' lang='lat' dir='ltr'><strong>potabis</strong></span> <span class='ocrx_word' id='word_1_563' title='bbox 2839 3456 2942 3510; x_wconf 83' lang='lat' dir='ltr'><strong>eus.</strong></span> <span class='ocrx_word' id='word_1_564' title='bbox 3002 3446 3436 3523; x_wconf 78' lang='lat' dir='ltr'><strong>Inebriabuntur,</strong></span> 
     </span>
    </p>
   </div>
   <div class='ocr_carea' id='block_1_78' title="bbox 1841 3544 3436 3616">
    <p class='ocr_par' dir='ltr' id='par_1_78' title="bbox 1841 3544 3436 3616">
     <span class='ocr_line' id='line_1_78' title="bbox 1841 3544 3436 3616; baseline -0.003 -13"><span class='ocrx_word' id='word_1_565' title='bbox 1841 3556 2020 3603; x_wconf 85' lang='lat' dir='ltr'><strong>sermo</strong></span> <span class='ocrx_word' id='word_1_566' title='bbox 2068 3556 2272 3601; x_wconf 82' lang='lat' dir='ltr'><strong>traeius</strong></span> <span class='ocrx_word' id='word_1_567' title='bbox 2312 3554 2394 3601; x_wconf 87' lang='lat' dir='ltr'><strong>est</strong></span> <span class='ocrx_word' id='word_1_568' title='bbox 2438 3562 2467 3601; x_wconf 95' lang='lat' dir='ltr'><strong>a</strong></span> <span class='ocrx_word' id='word_1_569' title='bbox 2524 3555 2676 3616; x_wconf 89' lang='lat' dir='ltr'><strong>parte</strong></span> <span class='ocrx_word' id='word_1_570' title='bbox 2724 3550 3009 3613; x_wconf 85' lang='lat' dir='ltr'><strong>honorum,</strong></span> <span class='ocrx_word' id='word_1_571' title='bbox 3051 3544 3119 3601; x_wconf 85' lang='lat' dir='ltr'><strong>de</strong></span> <span class='ocrx_word' id='word_1_572' title='bbox 3159 3544 3436 3600; x_wconf 89' lang='lat' dir='ltr'><strong>hominum</strong></span> 
     </span>
    </p>
   </div>
   <div class='ocr_carea' id='block_1_79' title="bbox 1841 3630 3436 3711">
    <p class='ocr_par' dir='ltr' id='par_1_79' title="bbox 1841 3630 3436 3711">
     <span class='ocr_line' id='line_1_79' title="bbox 1841 3630 3436 3711; baseline -0.003 -14"><span class='ocrx_word' id='word_1_573' title='bbox 1841 3643 2233 3697; x_wconf 89' lang='lat' dir='ltr'><strong>consuetudine</strong></span> <span class='ocrx_word' id='word_1_574' title='bbox 2258 3639 2472 3707; x_wconf 72' lang='lat' dir='ltr'><strong>vitidsn,</strong></span> <span class='ocrx_word' id='word_1_575' title='bbox 2502 3642 2590 3711; x_wconf 91' lang='lat' dir='ltr'><strong>qui</strong></span> <span class='ocrx_word' id='word_1_576' title='bbox 2618 3641 2744 3695; x_wconf 91' lang='lat' dir='ltr'><strong>vino</strong></span> <span class='ocrx_word' id='word_1_577' title='bbox 2782 3641 2946 3695; x_wconf 91' lang='lat' dir='ltr'><strong>nimio</strong></span> <span class='ocrx_word' id='word_1_578' title='bbox 2978 3630 3249 3710; x_wconf 78' lang='lat' dir='ltr'><strong>gurgitati,</strong></span> <span class='ocrx_word' id='word_1_579' title='bbox 3285 3641 3436 3693; x_wconf 88' lang='lat' dir='ltr'><strong>ineu-</strong></span> 
     </span>
    </p>
   </div>
   <div class='ocr_carea' id='block_1_80' title="bbox 1844 3732 3434 3806">
    <p class='ocr_par' dir='ltr' id='par_1_80' title="bbox 1844 3732 3434 3806">
     <span class='ocr_line' id='line_1_80' title="bbox 1844 3732 3434 3806; baseline -0.003 -15"><span class='ocrx_word' id='word_1_580' title='bbox 1844 3735 1911 3791; x_wconf 91' lang='lat' dir='ltr'><strong>tis</strong></span> <span class='ocrx_word' id='word_1_581' title='bbox 1940 3734 2290 3806; x_wconf 87' lang='lat' dir='ltr'><strong>oppressione</strong></span> <span class='ocrx_word' id='word_1_582' title='bbox 2312 3740 2640 3803; x_wconf 83' lang='lat' dir='ltr'><strong>torpescunt.</strong></span> <span class='ocrx_word' id='word_1_583' title='bbox 2676 3733 2765 3790; x_wconf 84' lang='lat' dir='ltr'><strong>Sic</strong></span> <span class='ocrx_word' id='word_1_584' title='bbox 2796 3733 2898 3788; x_wconf 85' lang='lat' dir='ltr'><strong>ista</strong></span> <span class='ocrx_word' id='word_1_585' title='bbox 2931 3732 3173 3789; x_wconf 76' lang='lat' dir='ltr'><strong>cmlestis</strong></span> <span class='ocrx_word' id='word_1_586' title='bbox 3200 3732 3434 3787; x_wconf 87' lang='lat' dir='ltr'><strong>ebrietas</strong></span> 
     </span>
    </p>
   </div>
   <div class='ocr_carea' id='block_1_81' title="bbox 1842 3824 3435 3895">
    <p class='ocr_par' dir='ltr' id='par_1_81' title="bbox 1842 3824 3435 3895">
     <span class='ocr_line' id='line_1_81' title="bbox 1842 3824 3435 3895; baseline -0.001 -13"><span class='ocrx_word' id='word_1_587' title='bbox 1842 3827 2156 3883; x_wconf 89' lang='lat' dir='ltr'><strong>memoriam</strong></span> <span class='ocrx_word' id='word_1_588' title='bbox 2186 3827 2455 3895; x_wconf 89' lang='lat' dir='ltr'><strong>intercipit</strong></span> <span class='ocrx_word' id='word_1_589' title='bbox 2486 3826 2827 3881; x_wconf 73' lang='lat' dir='ltr'><strong>smcularium</strong></span> <span class='ocrx_word' id='word_1_590' title='bbox 2864 3838 3068 3894; x_wconf 90' lang='lat' dir='ltr'><strong>rerum,</strong></span> <span class='ocrx_word' id='word_1_591' title='bbox 3111 3834 3167 3881; x_wconf 90' lang='lat' dir='ltr'><strong>et</strong></span> <span class='ocrx_word' id='word_1_592' title='bbox 3196 3824 3435 3881; x_wconf 87' lang='lat' dir='ltr'><strong>carnalia</strong></span> 
     </span>
    </p>
   </div>
   <div class='ocr_carea' id='block_1_82' title="bbox 1841 3916 3435 3987">
    <p class='ocr_par' dir='ltr' id='par_1_82' title="bbox 1841 3916 3435 3987">
     <span class='ocr_line' id='line_1_82' title="bbox 1841 3916 3435 3987; baseline -0.002 -14"><span class='ocrx_word' id='word_1_593' title='bbox 1841 3917 1915 3973; x_wconf 89' lang='lat' dir='ltr'><strong>ita</strong></span> <span class='ocrx_word' id='word_1_594' title='bbox 1947 3917 2073 3972; x_wconf 80' lang='lat' dir='ltr'><strong>facit</strong></span> <span class='ocrx_word' id='word_1_595' title='bbox 2111 3932 2141 3972; x_wconf 93' lang='lat' dir='ltr'><strong>a</strong></span> <span class='ocrx_word' id='word_1_596' title='bbox 2192 3927 2375 3973; x_wconf 82' lang='lat' dir='ltr'><strong>mente</strong></span> <span class='ocrx_word' id='word_1_597' title='bbox 2400 3916 2699 3982; x_wconf 89' lang='lat' dir='ltr'><strong>discedere,</strong></span> <span class='ocrx_word' id='word_1_598' title='bbox 2742 3927 2990 3987; x_wconf 86' lang='lat' dir='ltr'><strong>tanquam</strong></span> <span class='ocrx_word' id='word_1_599' title='bbox 3036 3916 3145 3971; x_wconf 91' lang='lat' dir='ltr'><strong>viui</strong></span> <span class='ocrx_word' id='word_1_600' title='bbox 3188 3917 3435 3987; x_wconf 86' lang='lat' dir='ltr'><strong>crapula,</strong></span> 
     </span>
    </p>
   </div>
   <div class='ocr_carea' id='block_1_83' title="bbox 1841 4008 3433 4081">
    <p class='ocr_par' dir='ltr' id='par_1_83' title="bbox 1841 4008 3433 4081">
     <span class='ocr_line' id='line_1_83' title="bbox 1841 4008 3433 4081; baseline 0.001 -18"><span class='ocrx_word' id='word_1_601' title='bbox 1841 4024 1961 4081; x_wconf 84' lang='lat' dir='ltr'><strong>quae</strong></span> <span class='ocrx_word' id='word_1_602' title='bbox 1982 4010 2244 4065; x_wconf 90' lang='lat' dir='ltr'><strong>humanus</strong></span> <span class='ocrx_word' id='word_1_603' title='bbox 2263 4019 2414 4065; x_wconf 89' lang='lat' dir='ltr'><strong>actus</strong></span> <span class='ocrx_word' id='word_1_604' title='bbox 2438 4024 2466 4063; x_wconf 90' lang='lat' dir='ltr'><strong>a</strong></span> <span class='ocrx_word' id='word_1_605' title='bbox 2494 4013 2693 4065; x_wconf 65' lang='lat' dir='ltr'><strong>nostris</strong></span> <span class='ocrx_word' id='word_1_606' title='bbox 2720 4010 2969 4065; x_wconf 79' lang='lat' dir='ltr'><strong>sensibils</strong></span> <span class='ocrx_word' id='word_1_607' title='bbox 2994 4009 3210 4064; x_wconf 87' lang='lat' dir='ltr'><strong>alienat.</strong></span> <span class='ocrx_word' id='word_1_608' title='bbox 3237 4008 3433 4079; x_wconf 84' lang='lat' dir='ltr'><strong>Sequi-</strong></span> 
     </span>
    </p>
   </div>
   <div class='ocr_carea' id='block_1_84' title="bbox 1848 4100 3438 4174">
    <p class='ocr_par' dir='ltr' id='par_1_84' title="bbox 1848 4100 3438 4174">
     <span class='ocr_line' id='line_1_84' title="bbox 1848 4100 3438 4174; baseline -0.001 -15"><span class='ocrx_word' id='word_1_609' title='bbox 1848 4112 1936 4160; x_wconf 88' lang='lat' dir='ltr'><strong>tur</strong></span> <span class='ocrx_word' id='word_1_610' title='bbox 1956 4106 2120 4160; x_wconf 86' lang='lat' dir='ltr'><strong>etiam</strong></span> <span class='ocrx_word' id='word_1_611' title='bbox 2150 4104 2292 4158; x_wconf 89' lang='lat' dir='ltr'><strong>unde</strong></span> <span class='ocrx_word' id='word_1_612' title='bbox 2322 4105 2443 4158; x_wconf 80' lang='lat' dir='ltr'><strong>tatis</strong></span> <span class='ocrx_word' id='word_1_613' title='bbox 2486 4105 2766 4171; x_wconf 75' lang='lat' dir='ltr'><strong>provenire</strong></span> <span class='ocrx_word' id='word_1_614' title='bbox 2797 4102 2967 4174; x_wconf 87' lang='lat' dir='ltr'><strong>possit</strong></span> <span class='ocrx_word' id='word_1_615' title='bbox 3006 4102 3259 4167; x_wconf 86' lang='lat' dir='ltr'><strong>ebrietas,</strong></span> <span class='ocrx_word' id='word_1_616' title='bbox 3292 4100 3438 4157; x_wconf 89' lang='lat' dir='ltr'><strong>scili-</strong></span> 
     </span>
    </p>
   </div>
   <div class='ocr_carea' id='block_1_85' title="bbox 1844 4196 3432 4267">
    <p class='ocr_par' dir='ltr' id='par_1_85' title="bbox 1844 4196 3432 4267">
     <span class='ocr_line' id='line_1_85' title="bbox 1844 4196 3432 4267; baseline -0.003 -12"><span class='ocrx_word' id='word_1_617' title='bbox 1844 4209 1930 4255; x_wconf 86' lang='lat' dir='ltr'><strong>cet</strong></span> <span class='ocrx_word' id='word_1_618' title='bbox 1956 4201 2019 4252; x_wconf 91' lang='lat' dir='ltr'><strong>ab</strong></span> <span class='ocrx_word' id='word_1_619' title='bbox 2051 4200 2279 4253; x_wconf 74' lang='lat' dir='ltr'><strong>ubertate</strong></span> <span class='ocrx_word' id='word_1_620' title='bbox 2307 4199 2488 4252; x_wconf 86' lang='lat' dir='ltr'><strong>domus</strong></span> <span class='ocrx_word' id='word_1_621' title='bbox 2520 4206 2642 4263; x_wconf 64' lang='lat' dir='ltr'><strong>tum,</strong></span> <span class='ocrx_word' id='word_1_622' title='bbox 2685 4197 2736 4257; x_wconf 77' lang='lat' dir='ltr'><strong>id</strong></span> <span class='ocrx_word' id='word_1_623' title='bbox 2766 4200 2850 4253; x_wconf 87' lang='lat' dir='ltr'><strong>est</strong></span> <span class='ocrx_word' id='word_1_624' title='bbox 2886 4199 2953 4252; x_wconf 86' lang='lat' dir='ltr'><strong>ab</strong></span> <span class='ocrx_word' id='word_1_625' title='bbox 2994 4196 3238 4255; x_wconf 89' lang='lat' dir='ltr'><strong>enthecis</strong></span> <span class='ocrx_word' id='word_1_626' title='bbox 3266 4197 3432 4267; x_wconf 82' lang='lat' dir='ltr'><strong>spiri-</strong></span> 
     </span>
    </p>
   </div>
   <div class='ocr_carea' id='block_1_86' title="bbox 1847 4284 3439 4359">
    <p class='ocr_par' dir='ltr' id='par_1_86' title="bbox 1847 4284 3439 4359">
     <span class='ocr_line' id='line_1_86' title="bbox 1847 4284 3439 4359; baseline -0.001 -15"><span class='ocrx_word' id='word_1_627' title='bbox 1847 4291 2078 4347; x_wconf 82' lang='lat' dir='ltr'><strong>lualibus</strong></span> <span class='ocrx_word' id='word_1_628' title='bbox 2124 4302 2325 4346; x_wconf 83' lang='lat' dir='ltr'><strong>sanctae</strong></span> <span class='ocrx_word' id='word_1_629' title='bbox 2365 4290 2551 4346; x_wconf 90' lang='lat' dir='ltr'><strong>matris</strong></span> <span class='ocrx_word' id='word_1_630' title='bbox 2582 4284 2858 4345; x_wconf 82' lang='lat' dir='ltr'><strong>Ecclesiae.</strong></span> <span class='ocrx_word' id='word_1_631' title='bbox 2900 4289 3015 4359; x_wconf 85' lang='lat' dir='ltr'><strong>Ipsa</strong></span> <span class='ocrx_word' id='word_1_632' title='bbox 3061 4296 3141 4345; x_wconf 88' lang='lat' dir='ltr'><strong>est</strong></span> <span class='ocrx_word' id='word_1_633' title='bbox 3172 4288 3314 4345; x_wconf 86' lang='lat' dir='ltr'><strong>enim</strong></span> <span class='ocrx_word' id='word_1_634' title='bbox 3344 4289 3439 4343; x_wconf 86' lang='lat' dir='ltr'><strong>do-</strong></span> 
     </span>
    </p>
   </div>
   <div class='ocr_carea' id='block_1_87' title="bbox 1844 4380 3439 4458">
    <p class='ocr_par' dir='ltr' id='par_1_87' title="bbox 1844 4380 3439 4458">
     <span class='ocr_line' id='line_1_87' title="bbox 1844 4380 3439 4458; baseline -0.002 -18"><span class='ocrx_word' id='word_1_635' title='bbox 1844 4402 1957 4441; x_wconf 83' lang='lat' dir='ltr'><strong>mus</strong></span> <span class='ocrx_word' id='word_1_636' title='bbox 1986 4401 2104 4458; x_wconf 70' lang='lat' dir='ltr'><strong>qua:</strong></span> <span class='ocrx_word' id='word_1_637' title='bbox 2132 4380 2347 4440; x_wconf 90' lang='lat' dir='ltr'><strong>condita</strong></span> <span class='ocrx_word' id='word_1_638' title='bbox 2381 4401 2477 4441; x_wconf 91' lang='lat' dir='ltr'><strong>sua</strong></span> <span class='ocrx_word' id='word_1_639' title='bbox 2506 4385 2735 4440; x_wconf 87' lang='lat' dir='ltr'><strong>inaniter</strong></span> <span class='ocrx_word' id='word_1_640' title='bbox 2768 4384 2939 4440; x_wconf 90' lang='lat' dir='ltr'><strong>nescit</strong></span> <span class='ocrx_word' id='word_1_641' title='bbox 2962 4383 3287 4454; x_wconf 84' lang='lat' dir='ltr'><strong>expendere,</strong></span> <span class='ocrx_word' id='word_1_642' title='bbox 3318 4399 3439 4454; x_wconf 73' lang='lat' dir='ltr'><strong>que</strong></span> 
     </span>
    </p>
   </div>
   <div class='ocr_carea' id='block_1_88' title="bbox 1844 4476 3438 4549">
    <p class='ocr_par' dir='ltr' id='par_1_88' title="bbox 1844 4476 3438 4549">
     <span class='ocr_line' id='line_1_88' title="bbox 1844 4476 3438 4549; baseline -0.001 -15"><span class='ocrx_word' id='word_1_643' title='bbox 1844 4476 1921 4535; x_wconf 87' lang='lat' dir='ltr'><strong>sic</strong></span> <span class='ocrx_word' id='word_1_644' title='bbox 1955 4480 2205 4535; x_wconf 89' lang='lat' dir='ltr'><strong>universo</strong></span> <span class='ocrx_word' id='word_1_645' title='bbox 2236 4479 2435 4534; x_wconf 89' lang='lat' dir='ltr'><strong>mundo</strong></span> <span class='ocrx_word' id='word_1_646' title='bbox 2469 4478 2684 4547; x_wconf 86' lang='lat' dir='ltr'><strong>sufﬁcit,</strong></span> <span class='ocrx_word' id='word_1_647' title='bbox 2719 4489 2778 4534; x_wconf 92' lang='lat' dir='ltr'><strong>ut</strong></span> <span class='ocrx_word' id='word_1_648' title='bbox 2802 4479 2954 4549; x_wconf 86' lang='lat' dir='ltr'><strong>plena</strong></span> <span class='ocrx_word' id='word_1_649' title='bbox 2989 4494 3206 4549; x_wconf 75' lang='lat' dir='ltr'><strong>seraper</strong></span> <span class='ocrx_word' id='word_1_650' title='bbox 3236 4479 3438 4533; x_wconf 81' lang='lat' dir='ltr'><strong>exube-</strong></span> 
     </span>
    </p>
   </div>
   <div class='ocr_carea' id='block_1_89' title="bbox 1843 4560 3441 4646">
    <p class='ocr_par' dir='ltr' id='par_1_89' title="bbox 1843 4560 3441 4646">
     <span class='ocr_line' id='line_1_89' title="bbox 1843 4560 3441 4646; baseline -0.004 -17"><span class='ocrx_word' id='word_1_651' title='bbox 1843 4586 1948 4629; x_wconf 90' lang='lat' dir='ltr'><strong>ret.</strong></span> <span class='ocrx_word' id='word_1_652' title='bbox 1982 4560 2225 4630; x_wconf 67' lang='lat' dir='ltr'><strong>Ebrietas</strong></span> <span class='ocrx_word' id='word_1_653' title='bbox 2255 4570 2458 4640; x_wconf 86' lang='lat' dir='ltr'><strong>sobria,</strong></span> <span class='ocrx_word' id='word_1_654' title='bbox 2492 4572 2788 4629; x_wconf 89' lang='lat' dir='ltr'><strong>vinolentia</strong></span> <span class='ocrx_word' id='word_1_655' title='bbox 2824 4572 3080 4646; x_wconf 79' lang='lat' dir='ltr'><strong>gloriosa,</strong></span> <span class='ocrx_word' id='word_1_656' title='bbox 3111 4572 3165 4625; x_wconf 93' lang='lat' dir='ltr'><strong>in</strong></span> <span class='ocrx_word' id='word_1_657' title='bbox 3208 4586 3309 4641; x_wconf 90' lang='lat' dir='ltr'><strong>qua</strong></span> <span class='ocrx_word' id='word_1_658' title='bbox 3343 4584 3441 4643; x_wconf 57' lang='lat' dir='ltr'><strong>po.</strong></span> 
     </span>
    </p>
   </div>
   <div class='ocr_carea' id='block_1_90' title="bbox 171 4656 3440 4738">
    <p class='ocr_par' dir='ltr' id='par_1_90' title="bbox 171 4656 3440 4738">
     <span class='ocr_line' id='line_1_90' title="bbox 171 4656 3440 4738; baseline 0 -24"><span class='ocrx_word' id='word_1_659' title='bbox 171 4656 427 4722; x_wconf 84' lang='lat' dir='ltr'><strong>convalles</strong></span> <span class='ocrx_word' id='word_1_660' title='bbox 481 4668 749 4723; x_wconf 85' lang='lat' dir='ltr'><strong>terrarum</strong></span> <span class='ocrx_word' id='word_1_661' title='bbox 816 4662 994 4719; x_wconf 85' lang='lat' dir='ltr'><strong>refusa</strong></span> <span class='ocrx_word' id='word_1_662' title='bbox 1050 4662 1294 4718; x_wconf 89' lang='lat' dir='ltr'><strong>claritate</strong></span> <span class='ocrx_word' id='word_1_663' title='bbox 1346 4663 1738 4718; x_wconf 88' lang='lat' dir='ltr'><strong>transmittunt.</strong></span> <span class='ocrx_word' id='word_1_664' title='bbox 1768 4662 1822 4727; x_wconf 79' lang='grc' dir='ltr'><strong>Ι)</strong></span> <span class='ocrx_word' id='word_1_665' title='bbox 1848 4674 1987 4721; x_wconf 91' lang='lat' dir='ltr'><strong>tator</strong></span> <span class='ocrx_word' id='word_1_666' title='bbox 2009 4672 2216 4738; x_wconf 85' lang='lat' dir='ltr'><strong>peccat,</strong></span> <span class='ocrx_word' id='word_1_667' title='bbox 2246 4662 2290 4720; x_wconf 91' lang='lat' dir='ltr'><strong>si</strong></span> <span class='ocrx_word' id='word_1_668' title='bbox 2324 4680 2442 4719; x_wconf 91' lang='lat' dir='ltr'><strong>eam</strong></span> <span class='ocrx_word' id='word_1_669' title='bbox 2474 4666 2651 4735; x_wconf 89' lang='lat' dir='ltr'><strong>potius</strong></span> <span class='ocrx_word' id='word_1_670' title='bbox 2674 4665 2878 4719; x_wconf 88' lang='lat' dir='ltr'><strong>ambire</strong></span> <span class='ocrx_word' id='word_1_671' title='bbox 2900 4662 3183 4735; x_wconf 86' lang='lat' dir='ltr'><strong>despiciat.</strong></span> <span class='ocrx_word' id='word_1_672' title='bbox 3215 4660 3440 4715; x_wconf 85' lang='lat' dir='ltr'><strong>Torren—</strong></span> 
     </span>
    </p>
   </div>
   <div class='ocr_carea' id='block_1_91' title="bbox 172 4744 1740 4827">
    <p class='ocr_par' dir='ltr' id='par_1_91' title="bbox 172 4744 1740 4827">
     <span class='ocr_line' id='line_1_91' title="bbox 172 4744 1740 4827; baseline 0.004 -22"><span class='ocrx_word' id='word_1_673' title='bbox 172 4752 383 4826; x_wconf 75' lang='lat' dir='ltr'><strong>Abyssus</strong></span> <span class='ocrx_word' id='word_1_674' title='bbox 425 4752 515 4814; x_wconf 92' lang='lat' dir='ltr'><strong>hic</strong></span> <span class='ocrx_word' id='word_1_675' title='bbox 545 4758 597 4813; x_wconf 92' lang='lat' dir='ltr'><strong>in</strong></span> <span class='ocrx_word' id='word_1_676' title='bbox 625 4744 767 4813; x_wconf 89' lang='lat' dir='ltr'><strong>bono</strong></span> <span class='ocrx_word' id='word_1_677' title='bbox 807 4756 1007 4826; x_wconf 91' lang='lat' dir='ltr'><strong>posuit,</strong></span> <span class='ocrx_word' id='word_1_678' title='bbox 1036 4756 1422 4826; x_wconf 88' lang='lat' dir='ltr'><strong>profunditates</strong></span> <span class='ocrx_word' id='word_1_679' title='bbox 1449 4755 1565 4827; x_wconf 87' lang='lat' dir='ltr'><strong>ejus</strong></span> <span class='ocrx_word' id='word_1_680' title='bbox 1604 4756 1740 4811; x_wconf 92' lang='lat' dir='ltr'><strong>divi-</strong></span> 
     </span>
    </p>
   </div>
   <div class='ocr_carea' id='block_1_92' title="bbox 172 4840 1741 4927">
    <p class='ocr_par' dir='ltr' id='par_1_92' title="bbox 172 4840 1741 4927">
     <span class='ocr_line' id='line_1_92' title="bbox 172 4840 1741 4927; baseline 0.001 -25"><span class='ocrx_word' id='word_1_681' title='bbox 172 4844 245 4927; x_wconf 81' lang='lat' dir='ltr'><strong>nis</strong></span> <span class='ocrx_word' id='word_1_682' title='bbox 267 4840 482 4918; x_wconf 74' lang='lat' dir='ltr'><strong>iudiciis</strong></span> <span class='ocrx_word' id='word_1_683' title='bbox 512 4850 896 4920; x_wconf 89' lang='lat' dir='ltr'><strong>comparando.</strong></span> <span class='ocrx_word' id='word_1_684' title='bbox 926 4848 1151 4921; x_wconf 83' lang='lat' dir='ltr'><strong>Abyssus</strong></span> <span class='ocrx_word' id='word_1_685' title='bbox 1175 4858 1259 4905; x_wconf 89' lang='lat' dir='ltr'><strong>est</strong></span> <span class='ocrx_word' id='word_1_686' title='bbox 1287 4849 1432 4904; x_wconf 90' lang='lat' dir='ltr'><strong>enim</strong></span> <span class='ocrx_word' id='word_1_687' title='bbox 1464 4847 1741 4919; x_wconf 79' lang='lat' dir='ltr'><strong>profundi-</strong></span> 
     </span>
    </p>
   </div>
   <div class='ocr_carea' id='block_1_93' title="bbox 172 4930 1735 5014">
    <p class='ocr_par' dir='ltr' id='par_1_93' title="bbox 172 4930 1735 5014">
     <span class='ocr_line' id='line_1_93' title="bbox 172 4930 1735 5014; baseline 0.004 -25"><span class='ocrx_word' id='word_1_688' title='bbox 172 4930 243 4992; x_wconf 84' lang='lat' dir='ltr'><strong>tas</strong></span> <span class='ocrx_word' id='word_1_689' title='bbox 267 4942 544 5012; x_wconf 75' lang='lat' dir='ltr'><strong>aduarum,</strong></span> <span class='ocrx_word' id='word_1_690' title='bbox 584 4958 745 5014; x_wconf 92' lang='lat' dir='ltr'><strong>quam</strong></span> <span class='ocrx_word' id='word_1_691' title='bbox 788 4957 889 4998; x_wconf 88' lang='lat' dir='ltr'><strong>nec</strong></span> <span class='ocrx_word' id='word_1_692' title='bbox 933 4940 1131 5007; x_wconf 90' lang='lat' dir='ltr'><strong>metiri,</strong></span> <span class='ocrx_word' id='word_1_693' title='bbox 1173 4957 1273 4997; x_wconf 90' lang='lat' dir='ltr'><strong>nec</strong></span> <span class='ocrx_word' id='word_1_694' title='bbox 1314 4940 1640 4996; x_wconf 90' lang='lat' dir='ltr'><strong>intrinsecus</strong></span> <span class='ocrx_word' id='word_1_695' title='bbox 1667 4955 1735 4996; x_wconf 85' lang='lat' dir='ltr'><strong>ex</strong></span> 
     </span>
    </p>
   </div>
   <div class='ocr_carea' id='block_1_94' title="bbox 172 5039 1740 5113">
    <p class='ocr_par' dir='ltr' id='par_1_94' title="bbox 172 5039 1740 5113">
     <span class='ocr_line' id='line_1_94' title="bbox 172 5039 1740 5113; baseline 0.003 -24"><span class='ocrx_word' id='word_1_696' title='bbox 172 5044 271 5092; x_wconf 90' lang='lat' dir='ltr'><strong>toto</strong></span> <span class='ocrx_word' id='word_1_697' title='bbox 298 5040 480 5098; x_wconf 89' lang='lat' dir='ltr'><strong>videre</strong></span> <span class='ocrx_word' id='word_1_698' title='bbox 508 5043 883 5113; x_wconf 70' lang='lat' dir='ltr'><strong>prmvalemus.</strong></span> <span class='ocrx_word' id='word_1_699' title='bbox 912 5040 1043 5109; x_wconf 83' lang='lat' dir='ltr'><strong>Quis</strong></span> <span class='ocrx_word' id='word_1_700' title='bbox 1067 5041 1213 5113; x_wconf 86' lang='lat' dir='ltr'><strong>enim</strong></span> <span class='ocrx_word' id='word_1_701' title='bbox 1244 5040 1419 5113; x_wconf 82' lang='lat' dir='ltr'><strong>magni</strong></span> <span class='ocrx_word' id='word_1_702' title='bbox 1448 5039 1620 5112; x_wconf 83' lang='lat' dir='ltr'><strong>pelagi</strong></span> <span class='ocrx_word' id='word_1_703' title='bbox 1649 5047 1740 5093; x_wconf 89' lang='lat' dir='ltr'><strong>aut</strong></span> 
     </span>
    </p>
   </div>
   <div class='ocr_carea' id='block_1_95' title="bbox 172 5120 1738 5204">
    <p class='ocr_par' dir='ltr' id='par_1_95' title="bbox 172 5120 1738 5204">
     <span class='ocr_line' id='line_1_95' title="bbox 172 5120 1738 5204; baseline 0.004 -24"><span class='ocrx_word' id='word_1_704' title='bbox 172 5126 365 5186; x_wconf 84' lang='lat' dir='ltr'><strong>interna</strong></span> <span class='ocrx_word' id='word_1_705' title='bbox 392 5122 715 5204; x_wconf 85' lang='lat' dir='ltr'><strong>conspiciat,</strong></span> <span class='ocrx_word' id='word_1_706' title='bbox 762 5142 852 5188; x_wconf 89' lang='lat' dir='ltr'><strong>aut</strong></span> <span class='ocrx_word' id='word_1_707' title='bbox 883 5132 1055 5204; x_wconf 88' lang='lat' dir='ltr'><strong>spatia</strong></span> <span class='ocrx_word' id='word_1_708' title='bbox 1084 5120 1342 5187; x_wconf 82' lang='lat' dir='ltr'><strong>latissima</strong></span> <span class='ocrx_word' id='word_1_709' title='bbox 1378 5132 1738 5203; x_wconf 83' lang='lat' dir='ltr'><strong>comprehen-</strong></span> 
     </span>
    </p>
   </div>
   <div class='ocr_carea' id='block_1_96' title="bbox 173 5214 1741 5298">
    <p class='ocr_par' dir='ltr' id='par_1_96' title="bbox 173 5214 1741 5298">
     <span class='ocr_line' id='line_1_96' title="bbox 173 5214 1741 5298; baseline 0.006 -28"><span class='ocrx_word' id='word_1_710' title='bbox 173 5217 281 5274; x_wconf 85' lang='lat' dir='ltr'><strong>dat?</strong></span> <span class='ocrx_word' id='word_1_711' title='bbox 308 5222 400 5279; x_wconf 90' lang='lat' dir='ltr'><strong>Sic</strong></span> <span class='ocrx_word' id='word_1_712' title='bbox 429 5225 609 5280; x_wconf 88' lang='lat' dir='ltr'><strong>divina</strong></span> <span class='ocrx_word' id='word_1_713' title='bbox 630 5214 836 5298; x_wconf 81' lang='lat' dir='ltr'><strong>judicia</strong></span> <span class='ocrx_word' id='word_1_714' title='bbox 881 5239 979 5279; x_wconf 91' lang='lat' dir='ltr'><strong>nec</strong></span> <span class='ocrx_word' id='word_1_715' title='bbox 1028 5232 1203 5277; x_wconf 90' lang='lat' dir='ltr'><strong>mente</strong></span> <span class='ocrx_word' id='word_1_716' title='bbox 1238 5223 1518 5293; x_wconf 88' lang='lat' dir='ltr'><strong>complecti</strong></span> <span class='ocrx_word' id='word_1_717' title='bbox 1558 5240 1741 5295; x_wconf 91' lang='lat' dir='ltr'><strong>possu-</strong></span> 
     </span>
    </p>
   </div>
   <div class='ocr_carea' id='block_1_97' title="bbox 170 5313 1737 5386">
    <p class='ocr_par' dir='ltr' id='par_1_97' title="bbox 170 5313 1737 5386">
     <span class='ocr_line' id='line_1_97' title="bbox 170 5313 1737 5386; baseline 0.004 -22"><span class='ocrx_word' id='word_1_718' title='bbox 170 5324 300 5380; x_wconf 88' lang='lat' dir='ltr'><strong>mus,</strong></span> <span class='ocrx_word' id='word_1_719' title='bbox 335 5331 433 5371; x_wconf 87' lang='lat' dir='ltr'><strong>nec</strong></span> <span class='ocrx_word' id='word_1_720' title='bbox 472 5319 681 5372; x_wconf 81' lang='lat' dir='ltr'><strong>ratione</strong></span> <span class='ocrx_word' id='word_1_721' title='bbox 709 5314 884 5386; x_wconf 86' lang='lat' dir='ltr'><strong>aliqua</strong></span> <span class='ocrx_word' id='word_1_722' title='bbox 922 5313 1146 5369; x_wconf 89' lang='lat' dir='ltr'><strong>deﬁnire</strong></span> <span class='ocrx_word' id='word_1_723' title='bbox 1186 5315 1566 5383; x_wconf 74' lang='lat' dir='ltr'><strong>prmvalemus;</strong></span> <span class='ocrx_word' id='word_1_724' title='bbox 1598 5316 1737 5372; x_wconf 85' lang='lat' dir='ltr'><strong>sicut</strong></span> 
     </span>
    </p>
   </div>
   <div class='ocr_carea' id='block_1_98' title="bbox 171 5400 1737 5480">
    <p class='ocr_par' dir='ltr' id='par_1_98' title="bbox 171 5400 1737 5480">
     <span class='ocr_line' id='line_1_98' title="bbox 171 5400 1737 5480; baseline 0.003 -22"><span class='ocrx_word' id='word_1_725' title='bbox 171 5400 449 5470; x_wconf 84' lang='lat' dir='ltr'><strong>Apostolus</strong></span> <span class='ocrx_word' id='word_1_726' title='bbox 476 5406 636 5462; x_wconf 87' lang='lat' dir='ltr'><strong>dicit:</strong></span> <span class='ocrx_word' id='word_1_727' title='bbox 664 5407 832 5476; x_wconf 83' lang='lat' dir='ltr'><strong>Quam</strong></span> <span class='ocrx_word' id='word_1_728' title='bbox 854 5405 1381 5478; x_wconf 77' lang='lat' dir='ltr'><strong>incomprehensibilia</strong></span> <span class='ocrx_word' id='word_1_729' title='bbox 1403 5418 1518 5461; x_wconf 88' lang='lat' dir='ltr'><strong>sunt</strong></span> <span class='ocrx_word' id='word_1_730' title='bbox 1531 5409 1737 5480; x_wconf 84' lang='lat' dir='ltr'><strong>judicia</strong></span> 
     </span>
    </p>
   </div>
   <div class='ocr_carea' id='block_1_99' title="bbox 170 5494 1738 5572">
    <p class='ocr_par' dir='ltr' id='par_1_99' title="bbox 170 5494 1738 5572">
     <span class='ocr_line' id='line_1_99' title="bbox 170 5494 1738 5572; baseline 0.008 -26"><span class='ocrx_word' id='word_1_731' title='bbox 170 5494 291 5563; x_wconf 78' lang='lat' dir='ltr'><strong>ejus,</strong></span> <span class='ocrx_word' id='word_1_732' title='bbox 326 5506 372 5552; x_wconf 83' lang='lat' dir='ltr'><strong>et</strong></span> <span class='ocrx_word' id='word_1_733' title='bbox 408 5501 780 5572; x_wconf 83' lang='lat' dir='ltr'><strong>investigabiles</strong></span> <span class='ocrx_word' id='word_1_734' title='bbox 829 5501 922 5554; x_wconf 75' lang='lat' dir='ltr'><strong>uiae</strong></span> <span class='ocrx_word' id='word_1_735' title='bbox 966 5501 1128 5570; x_wconf 84' lang='lat' dir='ltr'><strong>ipsius</strong></span> <span class='ocrx_word' id='word_1_736' title='bbox 1156 5497 1334 5569; x_wconf 82' lang='lat' dir='ltr'><strong>(Rom.</strong></span> <span class='ocrx_word' id='word_1_737' title='bbox 1375 5516 1446 5568; x_wconf 85' lang='lat' dir='ltr'><strong>xt,</strong></span> <span class='ocrx_word' id='word_1_738' title='bbox 1490 5496 1611 5572; x_wconf 74' lang='lat'><strong>53)!</strong></span> <span class='ocrx_word' id='word_1_739' title='bbox 1645 5494 1738 5558; x_wconf 77' lang='lat' dir='ltr'><strong>His</strong></span> 
     </span>
    </p>
   </div>
   <div class='ocr_carea' id='block_1_100' title="bbox 170 5592 1737 5668">
    <p class='ocr_par' dir='ltr' id='par_1_100' title="bbox 170 5592 1737 5668">
     <span class='ocr_line' id='line_1_100' title="bbox 170 5592 1737 5668; baseline 0.008 -30"><span class='ocrx_word' id='word_1_740' title='bbox 170 5592 337 5643; x_wconf 88' lang='lat' dir='ltr'><strong>tamen</strong></span> <span class='ocrx_word' id='word_1_741' title='bbox 367 5594 619 5649; x_wconf 88' lang='lat' dir='ltr'><strong>omnibus</strong></span> <span class='ocrx_word' id='word_1_742' title='bbox 646 5611 809 5651; x_wconf 92' lang='lat' dir='ltr'><strong>unum</strong></span> <span class='ocrx_word' id='word_1_743' title='bbox 856 5608 1049 5650; x_wconf 91' lang='lat' dir='ltr'><strong>nomen</strong></span> <span class='ocrx_word' id='word_1_744' title='bbox 1092 5594 1393 5664; x_wconf 88' lang='lat' dir='ltr'><strong>appositum</strong></span> <span class='ocrx_word' id='word_1_745' title='bbox 1435 5604 1537 5655; x_wconf 79' lang='lat' dir='ltr'><strong>est.</strong></span> <span class='ocrx_word' id='word_1_746' title='bbox 1570 5592 1737 5668; x_wconf 83' lang='lat' dir='ltr'><strong>Abys—</strong></span> 
     </span>
    </p>
   </div>
   <div class='ocr_carea' id='block_1_101' title="bbox 168 5682 1738 5759">
    <p class='ocr_par' dir='ltr' id='par_1_101' title="bbox 168 5682 1738 5759">
     <span class='ocr_line' id='line_1_101' title="bbox 168 5682 1738 5759; baseline 0.009 -28"><span class='ocrx_word' id='word_1_747' title='bbox 168 5692 270 5747; x_wconf 78' lang='lat' dir='ltr'><strong>sits,</strong></span> <span class='ocrx_word' id='word_1_748' title='bbox 311 5682 361 5737; x_wconf 92' lang='lat' dir='ltr'><strong>id</strong></span> <span class='ocrx_word' id='word_1_749' title='bbox 409 5694 493 5740; x_wconf 86' lang='lat' dir='ltr'><strong>est</strong></span> <span class='ocrx_word' id='word_1_750' title='bbox 536 5686 871 5757; x_wconf 82' lang='lat' dir='ltr'><strong>profunditas</strong></span> <span class='ocrx_word' id='word_1_751' title='bbox 921 5704 1039 5757; x_wconf 69' lang='lat' dir='ltr'><strong>qua:</strong></span> <span class='ocrx_word' id='word_1_752' title='bbox 1068 5705 1172 5744; x_wconf 93' lang='lat' dir='ltr'><strong>non</strong></span> <span class='ocrx_word' id='word_1_753' title='bbox 1219 5688 1359 5742; x_wconf 87' lang='lat' dir='ltr'><strong>valet</strong></span> <span class='ocrx_word' id='word_1_754' title='bbox 1384 5689 1738 5759; x_wconf 88' lang='lat' dir='ltr'><strong>apprehendi.</strong></span> 
     </span>
    </p>
   </div>
   <div class='ocr_carea' id='block_1_102' title="bbox 170 5768 1736 5851">
    <p class='ocr_par' dir='ltr' id='par_1_102' title="bbox 170 5768 1736 5851">
     <span class='ocr_line' id='line_1_102' title="bbox 170 5768 1736 5851; baseline 0.01 -29"><span class='ocrx_word' id='word_1_755' title='bbox 170 5768 391 5839; x_wconf 79' lang='lat' dir='ltr'><strong>Exponit</strong></span> <span class='ocrx_word' id='word_1_756' title='bbox 427 5774 586 5833; x_wconf 87' lang='lat' dir='ltr'><strong>etiam</strong></span> <span class='ocrx_word' id='word_1_757' title='bbox 616 5794 781 5849; x_wconf 88' lang='lat' dir='ltr'><strong>quare</strong></span> <span class='ocrx_word' id='word_1_758' title='bbox 808 5778 1015 5851; x_wconf 88' lang='lat' dir='ltr'><strong>judicia</strong></span> <span class='ocrx_word' id='word_1_759' title='bbox 1064 5779 1179 5849; x_wconf 87' lang='lat' dir='ltr'><strong>ejus</strong></span> <span class='ocrx_word' id='word_1_760' title='bbox 1226 5779 1464 5851; x_wconf 76' lang='lat' dir='ltr'><strong>abyssum</strong></span> <span class='ocrx_word' id='word_1_761' title='bbox 1496 5779 1693 5837; x_wconf 84' lang='lat' dir='ltr'><strong>dixerit</strong></span> <span class='ocrx_word' id='word_1_762' title='bbox 1722 5800 1736 5837; x_wconf 89' lang='lat'><strong>:</strong></span> 
     </span>
    </p>
   </div>
   <div class='ocr_carea' id='block_1_103' title="bbox 169 5860 1743 5944">
    <p class='ocr_par' dir='ltr' id='par_1_103' title="bbox 169 5860 1743 5944">
     <span class='ocr_line' id='line_1_103' title="bbox 169 5860 1743 5944; baseline 0.008 -27"><span class='ocrx_word' id='word_1_763' title='bbox 169 5864 377 5934; x_wconf 85' lang='lat' dir='ltr'><strong>merito,</strong></span> <span class='ocrx_word' id='word_1_764' title='bbox 411 5860 623 5937; x_wconf 82' lang='lat' dir='ltr'><strong>quando</strong></span> <span class='ocrx_word' id='word_1_765' title='bbox 677 5864 1066 5942; x_wconf 82' lang='lat' dir='ltr'><strong>peccatoribus,</strong></span> <span class='ocrx_word' id='word_1_766' title='bbox 1095 5869 1461 5944; x_wconf 74' lang='lat' dir='ltr'><strong>iumentorum</strong></span> <span class='ocrx_word' id='word_1_767' title='bbox 1496 5886 1557 5930; x_wconf 85' lang='lat' dir='ltr'><strong>so</strong></span> <span class='ocrx_word' id='word_1_768' title='bbox 1589 5862 1743 5929; x_wconf 85' lang='lat' dir='ltr'><strong>inor-</strong></span> 
     </span>
    </p>
   </div>
   <div class='ocr_carea' id='block_1_104' title="bbox 1848 4753 3439 4824">
    <p class='ocr_par' dir='ltr' id='par_1_104' title="bbox 1848 4753 3439 4824">
     <span class='ocr_line' id='line_1_104' title="bbox 1848 4753 3439 4824; baseline -0.004 -10"><span class='ocrx_word' id='word_1_769' title='bbox 1848 4768 1947 4816; x_wconf 88' lang='lat' dir='ltr'><strong>tem</strong></span> <span class='ocrx_word' id='word_1_770' title='bbox 1975 4773 2102 4814; x_wconf 88' lang='lat' dir='ltr'><strong>vero</strong></span> <span class='ocrx_word' id='word_1_771' title='bbox 2133 4757 2366 4812; x_wconf 86' lang='lat' dir='ltr'><strong>diximus</strong></span> <span class='ocrx_word' id='word_1_772' title='bbox 2406 4772 2526 4813; x_wconf 90' lang='lat' dir='ltr'><strong>esse</strong></span> <span class='ocrx_word' id='word_1_773' title='bbox 2554 4756 2772 4812; x_wconf 89' lang='lat' dir='ltr'><strong>ﬁuvium</strong></span> <span class='ocrx_word' id='word_1_774' title='bbox 2807 4757 3065 4823; x_wconf 86' lang='lat' dir='ltr'><strong>velocem,</strong></span> <span class='ocrx_word' id='word_1_775' title='bbox 3107 4754 3194 4824; x_wconf 90' lang='lat' dir='ltr'><strong>qui</strong></span> <span class='ocrx_word' id='word_1_776' title='bbox 3230 4753 3439 4824; x_wconf 86' lang='lat' dir='ltr'><strong>pluvia-</strong></span> 
     </span>
    </p>
   </div>
   <div class='ocr_carea' id='block_1_105' title="bbox 1848 4844 3437 4915">
    <p class='ocr_par' dir='ltr' id='par_1_105' title="bbox 1848 4844 3437 4915">
     <span class='ocr_line' id='line_1_105' title="bbox 1848 4844 3437 4915; baseline -0.004 -6"><span class='ocrx_word' id='word_1_777' title='bbox 1848 4867 1969 4909; x_wconf 82' lang='lat' dir='ltr'><strong>t‘mn</strong></span> <span class='ocrx_word' id='word_1_778' title='bbox 2000 4852 2172 4906; x_wconf 90' lang='lat' dir='ltr'><strong>subita</strong></span> <span class='ocrx_word' id='word_1_779' title='bbox 2204 4849 2555 4905; x_wconf 91' lang='lat' dir='ltr'><strong>inundatione</strong></span> <span class='ocrx_word' id='word_1_780' title='bbox 2582 4848 2874 4904; x_wconf 83' lang='lat' dir='ltr'><strong>descendit.</strong></span> <span class='ocrx_word' id='word_1_781' title='bbox 2915 4847 3012 4901; x_wconf 87' lang='lat' dir='ltr'><strong>Cui</strong></span> <span class='ocrx_word' id='word_1_782' title='bbox 3047 4844 3183 4901; x_wconf 88' lang='lat' dir='ltr'><strong>bene</strong></span> <span class='ocrx_word' id='word_1_783' title='bbox 3214 4860 3437 4915; x_wconf 88' lang='lat' dir='ltr'><strong>compa-</strong></span> 
     </span>
    </p>
   </div>
   <div class='ocr_carea' id='block_1_106' title="bbox 1848 4932 3429 5015">
    <p class='ocr_par' dir='ltr' id='par_1_106' title="bbox 1848 4932 3429 5015">
     <span class='ocr_line' id='line_1_106' title="bbox 1848 4932 3429 5015; baseline -0.004 -17"><span class='ocrx_word' id='word_1_784' title='bbox 1848 4951 1999 5015; x_wconf 86' lang='lat' dir='ltr'><strong>ratur</strong></span> <span class='ocrx_word' id='word_1_785' title='bbox 2023 4942 2281 5011; x_wconf 85' lang='lat' dir='ltr'><strong>sapientia</strong></span> <span class='ocrx_word' id='word_1_786' title='bbox 2304 4932 2527 5009; x_wconf 83' lang='lat' dir='ltr'><strong>Christi,</strong></span> <span class='ocrx_word' id='word_1_787' title='bbox 2560 4942 2681 5012; x_wconf 92' lang='lat' dir='ltr'><strong>quia</strong></span> <span class='ocrx_word' id='word_1_788' title='bbox 2705 4940 2879 4996; x_wconf 84' lang='lat' dir='ltr'><strong>sublta</strong></span> <span class='ocrx_word' id='word_1_789' title='bbox 2904 4944 3005 5005; x_wconf 88' lang='lat' dir='ltr'><strong>est,</strong></span> <span class='ocrx_word' id='word_1_790' title='bbox 3039 4948 3093 4993; x_wconf 91' lang='lat' dir='ltr'><strong>et</strong></span> <span class='ocrx_word' id='word_1_791' title='bbox 3117 4936 3186 4993; x_wconf 89' lang='lat' dir='ltr'><strong>ita</strong></span> <span class='ocrx_word' id='word_1_792' title='bbox 3219 4936 3429 5008; x_wconf 83' lang='lat' dir='ltr'><strong>rapida,</strong></span> 
     </span>
    </p>
   </div>
   <div class='ocr_carea' id='block_1_107' title="bbox 1847 5030 3439 5107">
    <p class='ocr_par' dir='ltr' id='par_1_107' title="bbox 1847 5030 3439 5107">
     <span class='ocr_line' id='line_1_107' title="bbox 1847 5030 3439 5107; baseline -0.002 -17"><span class='ocrx_word' id='word_1_793' title='bbox 1847 5045 1905 5090; x_wconf 89' lang='lat' dir='ltr'><strong>ut</strong></span> <span class='ocrx_word' id='word_1_794' title='bbox 1957 5036 2023 5090; x_wconf 92' lang='lat' dir='ltr'><strong>ad</strong></span> <span class='ocrx_word' id='word_1_795' title='bbox 2076 5035 2233 5093; x_wconf 89' lang='lat' dir='ltr'><strong>ﬁnem</strong></span> <span class='ocrx_word' id='word_1_796' title='bbox 2274 5051 2430 5107; x_wconf 89' lang='lat' dir='ltr'><strong>quem</strong></span> <span class='ocrx_word' id='word_1_797' title='bbox 2482 5034 2597 5089; x_wconf 85' lang='lat' dir='ltr'><strong>vult</strong></span> <span class='ocrx_word' id='word_1_798' title='bbox 2652 5035 2768 5091; x_wconf 83' lang='lat' dir='ltr'><strong>sine</strong></span> <span class='ocrx_word' id='word_1_799' title='bbox 2809 5033 2985 5103; x_wconf 87' lang='lat' dir='ltr'><strong>aliqua</strong></span> <span class='ocrx_word' id='word_1_800' title='bbox 3033 5030 3281 5088; x_wconf 86' lang='lat' dir='ltr'><strong>tarditate</strong></span> <span class='ocrx_word' id='word_1_801' title='bbox 3314 5047 3439 5104; x_wconf 85' lang='lat' dir='ltr'><strong>per-</strong></span> 
     </span>
    </p>
   </div>
   <div class='ocr_carea' id='block_1_108' title="bbox 1848 5129 2050 5184">
    <p class='ocr_par' dir='ltr' id='par_1_108' title="bbox 1848 5129 2050 5184">
     <span class='ocr_line' id='line_1_108' title="bbox 1848 5129 2050 5184; baseline 0.005 -1"><span class='ocrx_word' id='word_1_802' title='bbox 1848 5129 2050 5184; x_wconf 88' lang='lat' dir='ltr'><strong>veniat.</strong></span> 
     </span>
    </p>
   </div>
   <div class='ocr_carea' id='block_1_109' title="bbox 1924 5218 3439 5291">
    <p class='ocr_par' dir='ltr' id='par_1_109' title="bbox 1924 5218 3439 5291">
     <span class='ocr_line' id='line_1_109' title="bbox 1924 5218 3439 5291; baseline -0.002 -15"><span class='ocrx_word' id='word_1_803' title='bbox 1924 5220 2075 5277; x_wconf 80' lang='lat' dir='ltr'><strong>Vers.</strong></span> <span class='ocrx_word' id='word_1_804' title='bbox 2125 5220 2180 5279; x_wconf 89' lang='lat'><strong>9.</strong></span> <span class='ocrx_word' id='word_1_805' title='bbox 2216 5221 2470 5290; x_wconf 85' lang='lat' dir='ltr'><strong>Quoniam</strong></span> <span class='ocrx_word' id='word_1_806' title='bbox 2517 5219 2657 5288; x_wconf 88' lang='lat' dir='ltr'><strong>apud</strong></span> <span class='ocrx_word' id='word_1_807' title='bbox 2687 5230 2734 5274; x_wconf 89' lang='lat' dir='ltr'><strong>te</strong></span> <span class='ocrx_word' id='word_1_808' title='bbox 2777 5227 2851 5275; x_wconf 87' lang='lat' dir='ltr'><strong>est</strong></span> <span class='ocrx_word' id='word_1_809' title='bbox 2879 5219 2993 5291; x_wconf 80' lang='lat' dir='ltr'><strong>fons</strong></span> <span class='ocrx_word' id='word_1_810' title='bbox 3021 5218 3152 5285; x_wconf 67' lang='lat' dir='ltr'><strong>vita,</strong></span> <span class='ocrx_word' id='word_1_811' title='bbox 3196 5227 3241 5273; x_wconf 88' lang='lat' dir='ltr'><strong>et</strong></span> <span class='ocrx_word' id='word_1_812' title='bbox 3275 5218 3329 5272; x_wconf 89' lang='lat' dir='ltr'><strong>in</strong></span> <span class='ocrx_word' id='word_1_813' title='bbox 3356 5219 3439 5273; x_wconf 45' lang='lat' dir='ltr'><strong>lu‘</strong></span> 
     </span>
    </p>
   </div>
   <div class='ocr_carea' id='block_1_110' title="bbox 1844 5306 3433 5381">
    <p class='ocr_par' dir='ltr' id='par_1_110' title="bbox 1844 5306 3433 5381">
     <span class='ocr_line' id='line_1_110' title="bbox 1844 5306 3433 5381; baseline -0.003 -13"><span class='ocrx_word' id='word_1_814' title='bbox 1844 5314 1979 5368; x_wconf 87' lang='lat' dir='ltr'><strong>mine</strong></span> <span class='ocrx_word' id='word_1_815' title='bbox 2021 5324 2106 5366; x_wconf 87' lang='lat' dir='ltr'><strong>tuo</strong></span> <span class='ocrx_word' id='word_1_816' title='bbox 2146 5313 2423 5367; x_wconf 82' lang='lat' dir='ltr'><strong>videbimus</strong></span> <span class='ocrx_word' id='word_1_817' title='bbox 2452 5311 2644 5364; x_wconf 85' lang='lat' dir='ltr'><strong>lumen.</strong></span> <span class='ocrx_word' id='word_1_818' title='bbox 2675 5310 2841 5379; x_wconf 87' lang='lat' dir='ltr'><strong>Quam</strong></span> <span class='ocrx_word' id='word_1_819' title='bbox 2895 5306 3201 5366; x_wconf 88' lang='lat' dir='ltr'><strong>salutariter</strong></span> <span class='ocrx_word' id='word_1_820' title='bbox 3236 5308 3433 5381; x_wconf 81' lang='lat' dir='ltr'><strong>aperit,</strong></span> 
     </span>
    </p>
   </div>
   <div class='ocr_carea' id='block_1_111' title="bbox 1846 5400 3437 5478">
    <p class='ocr_par' dir='ltr' id='par_1_111' title="bbox 1846 5400 3437 5478">
     <span class='ocr_line' id='line_1_111' title="bbox 1846 5400 3437 5478; baseline -0.004 -17"><span class='ocrx_word' id='word_1_821' title='bbox 1846 5422 2005 5478; x_wconf 85' lang='lat' dir='ltr'><strong>quam</strong></span> <span class='ocrx_word' id='word_1_822' title='bbox 2042 5410 2290 5475; x_wconf 84' lang='lat' dir='ltr'><strong>potenter</strong></span> <span class='ocrx_word' id='word_1_823' title='bbox 2324 5402 2550 5473; x_wconf 57' lang='lat' dir='ltr'><strong>exponit</strong></span> <span class='ocrx_word' id='word_1_824' title='bbox 2575 5403 2700 5474; x_wconf 89' lang='lat' dir='ltr'><strong>quid</strong></span> <span class='ocrx_word' id='word_1_825' title='bbox 2743 5402 2810 5459; x_wconf 91' lang='lat' dir='ltr'><strong>sit</strong></span> <span class='ocrx_word' id='word_1_826' title='bbox 2836 5403 2975 5457; x_wconf 75' lang='lat' dir='ltr'><strong>istud</strong></span> <span class='ocrx_word' id='word_1_827' title='bbox 3004 5400 3144 5473; x_wconf 84' lang='lat' dir='ltr'><strong>quod</strong></span> <span class='ocrx_word' id='word_1_828' title='bbox 3188 5404 3437 5472; x_wconf 77' lang='lat' dir='ltr'><strong>superius</strong></span> 
     </span>
    </p>
   </div>
   <div class='ocr_carea' id='block_1_112' title="bbox 1848 5492 3436 5566">
    <p class='ocr_par' dir='ltr' id='par_1_112' title="bbox 1848 5492 3436 5566">
     <span class='ocr_line' id='line_1_112' title="bbox 1848 5492 3436 5566; baseline -0.004 -12"><span class='ocrx_word' id='word_1_829' title='bbox 1848 5501 1941 5566; x_wconf 87' lang='lat' dir='ltr'><strong>ait,</strong></span> <span class='ocrx_word' id='word_1_830' title='bbox 1992 5497 2399 5551; x_wconf 85' lang='lat' dir='ltr'><strong>inebriabuntur.</strong></span> <span class='ocrx_word' id='word_1_831' title='bbox 2457 5494 2671 5551; x_wconf 80' lang='lat' dir='ltr'><strong>Christo</strong></span> <span class='ocrx_word' id='word_1_832' title='bbox 2703 5492 2928 5551; x_wconf 82' lang='lat' dir='ltr'><strong>Domino</strong></span> <span class='ocrx_word' id='word_1_833' title='bbox 2979 5495 3145 5550; x_wconf 87' lang='lat' dir='ltr'><strong>dicit:</strong></span> <span class='ocrx_word' id='word_1_834' title='bbox 3180 5494 3436 5561; x_wconf 83' lang='lat' dir='ltr'><strong>Quoniam</strong></span> 
     </span>
    </p>
   </div>
   <div class='ocr_carea' id='block_1_113' title="bbox 1846 5589 3433 5665">
    <p class='ocr_par' dir='ltr' id='par_1_113' title="bbox 1846 5589 3433 5665">
     <span class='ocr_line' id='line_1_113' title="bbox 1846 5589 3433 5665; baseline -0.002 -20"><span class='ocrx_word' id='word_1_835' title='bbox 1846 5593 1985 5665; x_wconf 87' lang='lat' dir='ltr'><strong>apud</strong></span> <span class='ocrx_word' id='word_1_836' title='bbox 2016 5603 2061 5645; x_wconf 87' lang='lat' dir='ltr'><strong>te</strong></span> <span class='ocrx_word' id='word_1_837' title='bbox 2103 5600 2174 5645; x_wconf 82' lang='lat' dir='ltr'><strong>est</strong></span> <span class='ocrx_word' id='word_1_838' title='bbox 2207 5593 2323 5663; x_wconf 73' lang='lat' dir='ltr'><strong>fons</strong></span> <span class='ocrx_word' id='word_1_839' title='bbox 2354 5590 2489 5653; x_wconf 70' lang='lat' dir='ltr'><strong>vilaa,</strong></span> <span class='ocrx_word' id='word_1_840' title='bbox 2523 5589 2573 5644; x_wconf 89' lang='lat' dir='ltr'><strong>id</strong></span> <span class='ocrx_word' id='word_1_841' title='bbox 2611 5598 2693 5645; x_wconf 87' lang='lat' dir='ltr'><strong>est</strong></span> <span class='ocrx_word' id='word_1_842' title='bbox 2730 5589 2934 5644; x_wconf 89' lang='lat' dir='ltr'><strong>initium</strong></span> <span class='ocrx_word' id='word_1_843' title='bbox 2969 5590 3208 5644; x_wconf 90' lang='lat' dir='ltr'><strong>omnium</strong></span> <span class='ocrx_word' id='word_1_844' title='bbox 3258 5589 3433 5643; x_wconf 87' lang='lat' dir='ltr'><strong>bono-</strong></span> 
     </span>
    </p>
   </div>
   <div class='ocr_carea' id='block_1_114' title="bbox 1847 5682 3437 5753">
    <p class='ocr_par' dir='ltr' id='par_1_114' title="bbox 1847 5682 3437 5753">
     <span class='ocr_line' id='line_1_114' title="bbox 1847 5682 3437 5753; baseline -0.004 -10"><span class='ocrx_word' id='word_1_845' title='bbox 1847 5704 1966 5743; x_wconf 91' lang='lat' dir='ltr'><strong>rum</strong></span> <span class='ocrx_word' id='word_1_846' title='bbox 2012 5697 2062 5740; x_wconf 80' lang='lat' dir='ltr'><strong>et</strong></span> <span class='ocrx_word' id='word_1_847' title='bbox 2094 5686 2241 5753; x_wconf 78' lang='lat' dir='ltr'><strong>origo</strong></span> <span class='ocrx_word' id='word_1_848' title='bbox 2281 5685 2555 5751; x_wconf 76' lang='lat' dir='ltr'><strong>virtutum,</strong></span> <span class='ocrx_word' id='word_1_849' title='bbox 2588 5683 2729 5739; x_wconf 90' lang='lat' dir='ltr'><strong>unde</strong></span> <span class='ocrx_word' id='word_1_850' title='bbox 2773 5682 3166 5751; x_wconf 73' lang='lat' dir='ltr'><strong>perfectissime</strong></span> <span class='ocrx_word' id='word_1_851' title='bbox 3195 5684 3437 5752; x_wconf 88' lang='lat' dir='ltr'><strong>comple-</strong></span> 
     </span>
    </p>
   </div>
   <div class='ocr_carea' id='block_1_115' title="bbox 1847 5770 3432 5849">
    <p class='ocr_par' dir='ltr' id='par_1_115' title="bbox 1847 5770 3432 5849">
     <span class='ocr_line' id='line_1_115' title="bbox 1847 5770 3432 5849; baseline -0.006 -15"><span class='ocrx_word' id='word_1_852' title='bbox 1847 5796 1985 5841; x_wconf 90' lang='lat' dir='ltr'><strong>mur,</strong></span> <span class='ocrx_word' id='word_1_853' title='bbox 2015 5777 2227 5849; x_wconf 88' lang='lat' dir='ltr'><strong>quando</strong></span> <span class='ocrx_word' id='word_1_854' title='bbox 2256 5774 2469 5847; x_wconf 87' lang='lat' dir='ltr'><strong>aliquod</strong></span> <span class='ocrx_word' id='word_1_855' title='bbox 2508 5791 2700 5832; x_wconf 87' lang='lat' dir='ltr'><strong>munus</strong></span> <span class='ocrx_word' id='word_1_856' title='bbox 2730 5776 2797 5830; x_wconf 91' lang='lat' dir='ltr'><strong>ab</strong></span> <span class='ocrx_word' id='word_1_857' title='bbox 2828 5773 2945 5846; x_wconf 85' lang='lat' dir='ltr'><strong>ejus</strong></span> <span class='ocrx_word' id='word_1_858' title='bbox 2982 5770 3177 5843; x_wconf 87' lang='lat' dir='ltr'><strong>pietate</strong></span> <span class='ocrx_word' id='word_1_859' title='bbox 3202 5773 3432 5841; x_wconf 79' lang='lat' dir='ltr'><strong>suscipi-</strong></span> 
     </span>
    </p>
   </div>
   <div class='ocr_carea' id='block_1_116' title="bbox 1848 5862 3439 5939">
    <p class='ocr_par' dir='ltr' id='par_1_116' title="bbox 1848 5862 3439 5939">
     <span class='ocr_line' id='line_1_116' title="bbox 1848 5862 3439 5939; baseline -0.003 -10"><span class='ocrx_word' id='word_1_860' title='bbox 1848 5862 1987 5929; x_wconf 84' lang='lat' dir='ltr'><strong>mus.</strong></span> <span class='ocrx_word' id='word_1_861' title='bbox 2015 5871 2233 5927; x_wconf 85' lang='lat' dir='ltr'><strong>Debriat</strong></span> <span class='ocrx_word' id='word_1_862' title='bbox 2279 5870 2477 5926; x_wconf 89' lang='lat' dir='ltr'><strong>etenim</strong></span> <span class='ocrx_word' id='word_1_863' title='bbox 2517 5884 2619 5928; x_wconf 89' lang='lat' dir='ltr'><strong>nos</strong></span> <span class='ocrx_word' id='word_1_864' title='bbox 2657 5870 2765 5927; x_wconf 84' lang='lat' dir='ltr'><strong>vita</strong></span> <span class='ocrx_word' id='word_1_865' title='bbox 2807 5864 3075 5939; x_wconf 86' lang='lat' dir='ltr'><strong>potabilis,</strong></span> <span class='ocrx_word' id='word_1_866' title='bbox 3112 5882 3236 5924; x_wconf 91' lang='lat' dir='ltr'><strong>cum</strong></span> <span class='ocrx_word' id='word_1_867' title='bbox 3281 5862 3439 5925; x_wconf 69' lang='lat' dir='ltr'><strong>bona</strong></span> 
     </span>
    </p>
   </div>
  </div>
