3996 6346
555 453 665 510 255

1763 437 1842 518 at.
1875 392 2153 494 senatu
2189 430 2588 516 cassmnom

3718 429 3810 482 εδδ

555 557 979 616 conversationis
1022 554 1255 610 studium
1306 551 1376 624 Vde
1425 550 1596 606 sacris
1653 537 2222 628 praedicationibusA'
2261 619 2266 624 ι
2303 542 2580 598 Vers.12.
2608 541 2690 624 lbi
2710 543 3000 597 ceciderunt
3025 559 3197 599 omnes
3217 544 3303 615 qui
3331 550 3610 614 operantur
3633 543 3809 610 iniqui-

555 647 916 712 itauserimus;
961 649 1097 700 sicut
1138 645 1302 718 Isaias
1344 643 1512 698 dicit:
1550 640 1818 695 Haurietis
1862 656 2020 708 aquas
2064 639 2128 694 de

552 738 772 808 fontibus
800 736 1079 792 Saluatoris
1107 733 1258 804 (lsai.
1293 749 1390 801 xu,
1423 734 1503 801 5).
1533 719 1729 786 Verum
1761 717 1812 784 in
1835 737 2128 785 consuetu-

553 830 679 886 dine
709 828 1052 892 ’mortalium,
1095 826 1238 881 aliud
1293 835 1376 881 est
1413 826 1608 892 lumen,
1642 811 1802 880 aliud
1846 832 1928 878 est
1973 823 2128 892 fons:

552 923 663 978 imo
698 933 752 978 et
779 920 1047 978 contraria
1087 919 1189 976 sibi
1235 927 1383 985 sunt,
1410 919 1535 988 quia
1563 917 1680 972 fons
1711 930 1861 986 aqua:
1897 914 2132 968 ﬂamma-

551 1030 670 1070 rum
705 1015 880 1070 lumen
907 1012 1218 1082 exstinguit.
1272 1011 1424 1081 Apud
1463 1012 1626 1086 Deum
1673 1023 1800 1063 vero
1835 1023 1995 1061 unum
2025 1015 2127 1070 est,

552 1108 672 1179 quia
701 1106 957 1177 quidquid
993 1105 1196 1160 dixeris
1232 1113 1288 1159 et
1317 1119 1502 1159 verum
1542 1112 1646 1168 est,
1672 1110 1726 1156 et
1749 1101 1924 1155 adhuc
1957 1100 2132 1154 minus

551 1209 651 1256 est.
684 1199 923 1254 Dicimus
944 1198 1084 1252 enim
1111 1198 1274 1251 Deum
1302 1197 1492 1261 lumen,
1515 1196 1636 1265 quia
1665 1210 1860 1248 omnem
1879 1195 2132 1246 hominem

548 1273 827 1346 uenientem
871 1292 926 1345 in
966 1291 1099 1344 hunc
1145 1289 1395 1343 mundum
1449 1288 1707 1341 illuminat
1749 1285 1931 1358 (Joan.
1971 1301 2008 1350 t,
2048 1282 2128 1354 9).

552 1381 793 1449 Fontem,
826 1383 950 1452 quia
1001 1381 1268 1436 sitientem
1308 1389 1362 1436 et
1391 1367 1624 1434 inanem.
1649 1378 1836 1441 satiat;
1871 1385 2130 1441 montem,

551 1475 676 1547 quia
722 1475 872 1530 fortis
907 1483 962 1531 et
1005 1474 1251 1530 excelsus
1291 1481 1406 1539 est;
1450 1477 1616 1535 viam,
1657 1461 1780 1542 quia
1811 1479 1988 1526 rectus
2019 1479 2130 1538 est;

553 1571 890 1640 magistrum,
945 1570 1064 1637 quia
1099 1569 1296 1624 Doctor
1342 1577 1425 1622 est
1450 1568 1574 1622 vitae
1609 1574 1855 1630 aeternae;
1903 1571 2130 1633 petram,

553 1661 677 1731 quia
729 1660 1135 1716 fundamentum
1183 1669 1236 1714 et
1277 1660 1673 1714 firmamentum
1721 1671 1840 1712 esse
1881 1656 2135 1726 probatur

562 1753 840 1819 Ecclesiae;
885 1763 941 1808 et
967 1762 1159 1808 caetera
1191 1767 1308 1822 quae
1334 1751 1582 1820 leguntur
1615 1750 1666 1804 in
1707 1750 1900 1803 litteris
1946 1749 2132 1802 sacris.

553 1845 934 1914 Verumtamen
968 1845 1018 1899 in
1053 1845 1133 1899 his
1162 1827 1409 1899 omnibus
1444 1858 1580 1898 unus
1606 1841 1923 1910 intelligitur
1953 1841 2137 1895 Darni-

2235 619 2385 690 tatcm
2409 653 2428 700 ;
2455 621 2801 712 expulsisunt
2823 653 2913 690 nec
2937 647 3212 707 potuerunt
3229 647 3386 694 stare.
3412 637 3516 704 Ibi,
3551 638 3641 692 ubi
3664 651 3811 707 supe-

2238 729 2350 784 rius
2380 728 2534 795 dixit,
2569 730 2620 784 in
2665 730 2800 799 pede
2848 730 3054 786 scilicet
3083 732 3372 801 superbiae,
3416 740 3473 787 et
3502 745 3665 801 prava
3700 745 3812 786 sua-

2232 823 2384 876 sione
2417 821 2686 891 nequitite.
2725 823 2868 878 Bene
2897 836 3073 879 autem
3115 825 3291 892 posuit
3330 825 3647 889 ceciderunt,
3674 839 3734 879 ac
3769 823 3813 879 si

2232 914 2460 992 diceret,
2513 916 2564 969 in
2617 917 2930 985 profundam
2983 917 3189 973 foveam
3242 929 3581 975 corruerunt.
3634 920 3686 974 In
3725 919 3810 973 illo

2237 1007 2378 1058 enim
2413 1005 2547 1075 pede
2572 1022 2676 1060 non
2715 1017 2972 1073 staturus,
3004 1009 3096 1062 sed
3129 1024 3360 1063 casurus
3396 1011 3660 1064 innititur.
3691 1009 3814 1076 Quis

2235 1098 2377 1150 enim
2402 1097 2606 1153 dubitet
2633 1113 2726 1154 eos
2758 1114 2912 1167 posse
2940 1116 3219 1165 corruere,
3251 1102 3339 1170 qui
3375 1116 3480 1155 uno
3506 1112 3728 1168 tantum,
3758 1110 3814 1156 ut

2235 1205 2398 1255 supra
2430 1192 2562 1258 dixi,
2593 1195 2817 1261 vestigio
2841 1195 3230 1250 sublevantur?
3259 1196 3430 1262 Quem
3451 1196 3534 1250 vel
3566 1197 3614 1248 si
3647 1196 3815 1250 nullus

2236 1282 2500 1350 impellat,
2541 1285 2856 1342 lassitudine
2887 1302 2978 1341 sua
3009 1287 3066 1341 fit
3096 1289 3451 1358 pronissimus
3490 1289 3557 1342 ad
3589 1290 3810 1343 ruinam.

2235 1371 2340 1428 Sed
2373 1383 2550 1430 tamen
2587 1377 2725 1432 hunc
2752 1379 2938 1446 pedem
2973 1395 3078 1434 non
3109 1381 3198 1434 uni
3229 1381 3321 1433 dat
3352 1379 3501 1444 vitio,
3529 1380 3624 1434 sed
3654 1383 3814 1434 omni-

2237 1467 2337 1521 bus
2388 1470 2475 1538 qui
2507 1479 2788 1538 operantur
2821 1472 3159 1539 iniquitatem.
3189 1472 3319 1526 Nam
3362 1459 3604 1542 quamvis
3631 1472 3720 1526 alii
3752 1487 3814 1527 ex

2237 1559 2578 1628 crudelitate,
2612 1563 2702 1616 alii
2735 1578 2799 1617 ex
2828 1563 3076 1634 libidine,
3109 1565 3196 1618 alii
3224 1580 3289 1619 ex
3311 1564 3622 1632 cupiditate,
3650 1565 3813 1620 aliiex

2237 1649 2437 1704 invidia
2480 1651 2680 1705 diaboli
2718 1653 3084 1721 prolabuntur,
3131 1671 3319 1710 omnes
3349 1665 3524 1710 tamen
3557 1654 3610 1707 in
3639 1669 3814 1723 super-

2239 1743 2340 1796 bia:
2383 1742 2509 1796 vitio
2561 1744 2780 1808 cadunt,
2834 1735 2957 1814 quia
3007 1746 3214 1800 Domini
3259 1745 3406 1815 jussa
3452 1752 3812 1802 contemnunt.

2238 1833 2369 1888 Nam
2407 1834 2547 1888 sicut
2591 1834 2851 1891 obediens
2899 1826 3117 1903 dicitur,
3149 1840 3236 1907 qui
3285 1839 3466 1892 multis
3493 1838 3812 1906 jussionibus

553 1953 654 1994 nus
695 1937 970 2010 Christus._
996 1937 1101 1992 Sed
1127 1945 1186 1990 ut
1216 1951 1426 1991 versum
1460 1936 1619 1989 istum
1649 1933 1888 2004 perfecte
1925 1947 1986 1986 ac
2015 1932 2136 1987 dili-
2165 1936 2212 1996 Β
2241 1925 2590 1988 obseeundat,
2621 1928 2698 1981 sic
2736 1927 3024 1982 multifaria
3055 1929 3262 1983 Domini
3292 1941 3555 1999 praecepta
3582 1939 3813 1984 eontem-

553 2041 741 2100 genter
769 2015 1062 2098 intelligere
1090 2026 1407 2092 debeamus,
1439 2025 1712 2080 sciendum
1745 2024 1898 2078 nobis
1928 2031 2010 2077 est
2038 2023 2138 2077 hoc

555 2136 750 2176 nomen
781 2121 986 2174 luminis
1016 2101 1174 2173 totius
1229 2118 1505 2173 Trinitatis
1551 2131 1670 2172 esse
1697 2130 2001 2172 commune.
2034 2113 2139 2167 Le-

553 2215 694 2284 gitur
723 2214 863 2268 enim
889 2229 902 2266 :
928 2211 1066 2266 Deus
1097 2212 1188 2267 lux
1224 2221 1317 2279 est,
1347 2221 1394 2265 et
1420 2211 1635 2266 tenebrat
1660 2211 1712 2264 in
1754 2225 1811 2264 eo
1842 2208 1998 2262 nulla:
2023 2215 2140 2263 sunt

555 2304 738 2376 (Joan.
763 2322 798 2372 ι,
829 2307 906 2375 5).
941 2305 1082 2374 Ergo
1125 2303 1246 2374 quia
1297 2303 1473 2369 Pater,
1515 2311 1568 2356 et
1598 2301 1783 2382 Filius.
1829 2307 1885 2354 ct
1911 2299 2140 2368 Spiritus

557 2407 771 2455 sanctus
797 2413 934 2454 unus
962 2406 1047 2454 est
1071 2397 1234 2462 Deus,
1267 2403 1411 2452 recte
1441 2395 1914 2450 animadvertimus
1943 2383 2012 2448 de
2031 2401 2139 2448 tota

557 2491 818 2564 Trinitate
841 2505 961 2546 esse
989 2473 1187 2544 dictum
1225 2505 1238 2543 :
1275 2488 1410 2542 Deus
1440 2487 1530 2542 lux
1559 2497 1650 2555 est,
1687 2494 1735 2542 et
1762 2487 1976 2540 tenebris
2001 2487 2054 2541 in
2083 2502 2141 2541 eo

560 2584 714 2638 nulla:
734 2590 872 2638 sunt.
908 2581 1060 2636 Unde
1091 2594 1281 2635 versus
1313 2581 1412 2634 iste
1440 2565 1630 2633 merito
1661 2579 1728 2634 de
1755 2579 2035 2633 Salvatore
2062 2578 2140 2632 di-

557 2676 631 2730 cit
660 2692 672 2726 :
700 2672 766 2727 In
807 2673 999 2726 lumine
1030 2656 1114 2726 tuo
1145 2655 1429 2726 videbimus
1463 2672 1655 2736 lumen,
1697 2671 1868 2726 Patris
1912 2671 2137 2737 scilicet,

555 2776 612 2838 et
659 2765 887 2834 Spiritus
939 2764 1154 2819 sancti:
1187 2764 1308 2834 quia
1357 2779 1449 2833 per
1495 2763 1662 2833 ipsius
1707 2762 2141 2832 prazdicationem

557 2856 756 2929 factum
801 2863 904 2925 est,
959 2865 1018 2912 ut
1055 2864 1165 2912 tota
1215 2856 1370 2911 nobis
1419 2855 1652 2912 Trinitas
1695 2855 1970 2910 manifesta
2014 2869 2144 2909 cou-

559 2957 744 3004 staret.
1079 3000 1084 3006 ,
1140 2988 1182 2992 η
1669 2991 1674 2996 .
1827 2991 1834 2998 .
2137 3009 2140 3012 ,

634 3038 787 3095 Vers.
827 3040 915 3096 10.
948 3041 1218 3098 Ρνωιεηαε
1265 3042 1665 3097 misericordiam
1706 3051 1847 3097 tuam
1874 3041 2143 3099 scientibus

557 3141 625 3208 te,
649 3141 696 3185 et
705 3133 969 3205 justitiam
992 3144 1129 3188 tuum
1149 3133 1229 3187 his
1251 3135 1332 3203 qui
1355 3141 1494 3188 recto
1515 3145 1630 3188 sunt
1647 3136 1820 3204 corde.
1850 3133 2140 3203 Prwtende,

560 3223 717 3291 dixit,
744 3224 798 3279 id
838 3233 922 3280 est
951 3239 1213 3296 praeroga,
1251 3226 1588 3294 prtesemina,
1625 3225 1779 3296 longe
1807 3225 2016 3296 lateque
2044 3226 2142 3280 dif-

557 3319 753 3386 funde;
796 3327 856 3374 ut
900 3319 1109 3389 possint
1151 3321 1364 3374 scientes
1393 3329 1440 3373 te
1484 3320 1535 3374 in
1586 3319 1688 3374 isto
1736 3319 1935 3374 saeculo
1975 3319 2141 3375 tutius
2171 3320 2216 3384 C

562 3412 858 3470 ambulare.
891 3413 981 3469 lsti
1007 3422 1184 3470 autem
1213 3415 1448 3470 scientes
1486 3413 1791 3477 Dominum,
1831 3413 2138 3482 multiplici-

559 3493 643 3584 ter
699 3507 1025 3578 intelligendi
1087 3515 1242 3575 sunt;
1291 3509 1472 3564 sciunt
1520 3508 1662 3562 enim
1711 3507 1995 3561 Dominum
2053 3506 2142 3576 qui

561 3607 800 3654 sanctam
841 3598 1156 3654 Trinitatem
1201 3598 1368 3655 corde
1421 3597 1729 3654 firmissimo
1773 3598 2139 3652 confitentur:

559 3692 653 3770 qui
676 3693 886 3763 regulas
912 3693 1126 3749 ctelitus
1155 3693 1308 3748 datas
1337 3691 1480 3746 nulia
1529 3691 1831 3748 intellectus
1861 3692 1942 3746 sui
1977 3689 2144 3759 pravi-

561 3793 672 3866 tate
714 3786 1174 3856 distorquent:ad
1215 3794 1545 3858 postremum
1593 3787 1692 3856 ipsi
1734 3786 1832 3840 soli
1880 3784 2142 3840 veraciter

564 3886 760 3933 norunt
783 3878 969 3948 Deum,
995 3879 1084 3950 qui
1107 3880 1382 3934 catholica:
1409 3878 1534 3934 fidei
1555 3893 1660 3933 non
1687 3878 1943 3933 deserunt
1971 3879 2143 3932 unita-

559 3957 669 4042 tem
713 3972 1003 4040 complere.
1043 3971 1136 4028 His
1177 3981 1329 4044 rogat
1359 3972 1603 4040 praetendi
1629 3972 2052 4035 misericordiam,
2085 3979 2141 4024 ut

563 4062 696 4140 etin
735 4061 837 4118 isto
881 4064 1078 4120 saeculo
1126 4065 1226 4120 sub
1257 4064 1465 4118 Domini
1498 4065 1696 4134 pietate
1739 4063 1954 4132 degant,
2007 4062 2138 4116 etin

564 4153 736 4211 futuro
762 4157 962 4224 judicio
991 4159 1208 4227 praemia
1238 4157 1394 4227 digna
1437 4156 1722 4226 recipiant.
1757 4155 1869 4210 Hoc
1896 4153 2036 4210 enim
2069 4153 2143 4208 si-

561 4248 797 4317 gniticet,
819 4249 1074 4318 justitiam
1105 4260 1244 4302 tuam
1275 4247 1354 4302 his
1378 4250 1464 4317 qui
1499 4257 1636 4303 recto
1661 4258 1776 4302 sunt
1805 4247 1957 4301 corde
1979 4262 1996 4300 :
2018 4245 2143 4316 quia

563 4339 632 4393 ibi
679 4339 974 4408 justissima
1023 4341 1088 4394 ad
1136 4341 1410 4394 dexteram
1460 4339 1881 4402 collocabuntur,
1923 4339 2010 4407 qui
2056 4336 2142 4391 hic

561 4437 704 4484 recta
744 4441 942 4506 mente,
987 4439 1272 4498 praestante
1316 4429 1560 4492 Domino,
1589 4429 1769 4484 vivere
1809 4435 2137 4483 meruerunt.

637 4519 787 4575 Vers.
824 4521 910 4576 Η.
940 4519 1062 4574 Non
1102 4521 1267 4574 veniat
1298 4521 1421 4574 mihi
1446 4537 1533 4592 pes
1573 4519 1844 4590 superbiat,
1885 4528 1932 4573 et
1961 4535 2142 4573 manus

563 4615 841 4685 peccatoris
881 4630 982 4668 non
1024 4623 1219 4667 moveat
1262 4629 1358 4666 me.
1393 4617 1518 4666 Orat
1548 4621 1606 4667 ut
1634 4627 1848 4682 gressus
1889 4611 2084 4666 mentis
2108 4626 2141 4668 a

2248 2031 2401 2086 nens,
2435 2019 2696 2085 superbus
2725 2021 3070 2075 veracissime
3097 2032 3453 2090 nuncupatur.
3479 2021 3630 2088 Quod
3661 2036 3811 2090 argu-

2246 2122 2485 2163 mentum
2515 2109 2710 2164 dicitur
2737 2126 2766 2163 a
2804 2127 2999 2181 genere
3023 2156 3035 2170 .
3063 2113 3242 2169 Genus
3269 2116 3412 2168 enim
3437 2124 3522 2168 est
3549 2113 3813 2182 superbia,

2245 2201 2383 2255 unde
2413 2203 2592 2256 omnia
2637 2203 2765 2258 vitia
2799 2214 2984 2259 exorta
3022 2216 3335 2280 noscuntur,
3380 2205 3514 2259 sicut
3547 2206 3812 2272 Scriptura

2243 2295 2410 2349 dicit:
2458 2293 2670 2349 Initium
2701 2298 2864 2352 omnis
2899 2300 3093 2367 peccati
3136 2299 3374 2366 superbia
3397 2297 3580 2368 (Eccli.
3617 2298 3812 2368 x,15).

2247 2389 2322 2446 De
2364 2392 2478 2446 istis
2509 2402 2685 2446 autem
2713 2391 2956 2462 sequitur
2984 2409 2998 2448 :
3028 2391 3245 2463 Expulsi
3268 2401 3406 2461 sunt,
3437 2407 3527 2445 nec
3551 2399 3815 2461 potuerunt

2245 2491 2399 2538 stare.
2451 2484 2794 2552 Expellantur
2823 2486 3024 2553 utique,
3067 2485 3316 2553 quoniam
3369 2483 3582 2537 audient
3612 2499 3624 2534 :
3657 2481 3737 2535 Ite
3771 2486 3814 2536 in

2245 2577 2412 2648 ignem
2437 2592 2680 2632 wternum
2709 2578 2924 2649 (Matth.
2953 2594 3075 2644 xxv,
3101 2577 3215 2647 Η).
3247 2567 3357 2631 Nec
3376 2585 3648 2648 potuerunt
3671 2590 3812 2643 stare,
3838 2585 3846 2594 ‘

2246 2669 2367 2737 quia
2400 2683 2503 2722 non
2535 2669 2637 2722 illis
2665 2669 2845 2724 licebit
2874 2669 3079 2723 Domini
3118 2670 3267 2738 jussa
3307 2667 3540 2730 differre,
3593 2667 3689 2721 sed
3719 2667 3816 2720 illic

2245 2761 2422 2815 statim
2459 2759 2858 2830 praecipitantur
2903 2759 2972 2816 ab
3019 2761 3245 2830 angelis,
3277 2759 3369 2815 ubi
3411 2759 3492 2813 eis
3533 2768 3722 2828 parata
3747 2763 3818 2812 est

2247 2849 2460 2908 flamma
2491 2853 2735 2924 poenalis.

2774 2964 3043 3020 Conclusio
3086 2963 3291 3036 psalmi.

2319 3077 2585 3149 Repetere
2615 3079 2746 3135 libet
2789 3082 3063 3151 superiora
3098 3081 3312 3151 psalmi,
3353 3094 3461 3148 quo
3482 3079 3680 3136 decore
3707 3090 3818 3148 pro-

2245 3171 2348 3226 lata
2381 3172 2507 3227 sint.
2537 3173 2739 3228 Dicitur
2767 3174 2910 3229 enim
2942 3183 3139 3244 quanta
3175 3174 3389 3228 famulis
3417 3174 3530 3228 suis
3558 3172 3730 3242 gratia
3753 3171 3821 3224 di-

2246 3264 2365 3317 vina
2391 3263 2714 3332 praestiterit,
2753 3273 2808 3318 ut
2833 3279 3000 3334 usque
3031 3264 3094 3318 ad
3133 3263 3496 3334 plenissimam
3527 3263 3818 3317 satietatem

2246 3354 2388 3411 felici
2411 3354 2654 3411 ubertate
2676 3356 3036 3424 pervenerint.
3060 3355 3104 3410 Ο
3133 3354 3450 3409 laudabilem
3474 3352 3638 3408 nimis
3657 3352 3822 3408 ebrie-

2248 3449 2440 3502 tatem!
2491 3462 2525 3501 o
2572 3447 2709 3504 votis
2749 3448 2998 3504 omnibus
3048 3449 3406 3519 expetendam
3453 3446 3817 3510 vinolentiam,

2245 3539 2387 3595 unde
2427 3539 2686 3596 modestia
2736 3541 2996 3606 nascitur,
3027 3550 3084 3596 et
3112 3541 3270 3609 plena
3313 3539 3509 3595 mentis
3551 3538 3822 3608 integritas

2243 3632 2552 3688 obtinetur!
2605 3631 2722 3687 Non
2766 3633 2888 3688 hinc
2928 3632 3198 3699 titubatio,
3245 3646 3355 3686 non
3402 3628 3676 3690 confusio.
3727 3643 3818 3683 non

2251 3727 2404 3795 121
2436 3725 2631 3780 mentis
2657 3725 2934 3791 alienatio,
2981 3739 3085 3779 non
3128 3724 3297 3794 caligo
3321 3724 3611 3778 tenebrosa
3646 3735 3822 3777 succe-

2248 3820 2363 3883 dit;
2410 3819 2506 3874 sed
2552 3827 2705 3874 tanto
2734 3819 2912 3874 anima
2961 3819 3146 3873 sanior
3182 3818 3442 3885 redditur,
3487 3825 3692 3886 quanto
3741 3817 3820 3870 illa

2245 3911 2510 3965 ebrietate
2531 3911 2852 3980 completur.
2885 3910 3134 3965 Bibamus
3157 3925 3285 3980 ergo
3317 3910 3457 3964 hunc
3490 3917 3672 3977 putum
3691 3906 3823 3962 avidi

2253 4016 2585 4072 nequaquam
2617 4001 2770 4056 labiis
2819 4002 3144 4065 carnalibus,
3189 4001 3282 4054 sed
3328 3999 3617 4069 purissimo
3656 3997 3824 4051 cordis

2246 4092 2440 4148 ali'ectu
2474 4109 2486 4144 :
2517 4092 2584 4147 de
2619 4107 2725 4160 quo
2757 4107 2860 4146 non
2891 4093 3073 4146 laetitia
3112 4091 3420 4159 temporalis
3451 4090 3702 4156 sumitur,
3731 4085 3824 4142 sed

2245 4195 2460 4244 uernae
2489 4186 2612 4255 vitae
2641 4185 2834 4255 gaudia
2865 4187 3278 4254 conquiruntur.

2481 4298 2835 4355 EXPOSITIO
2876 4299 2939 4354 IN
2983 4299 3314 4356 PSALMUM
3354 4297 3599 4354 XXXVI.

2738 4413 2981 4468 Psalmus
3010 4414 3108 4480 ipsi
3133 4413 3319 4468 David.

2317 4526 2393 4581 De
2417 4525 2595 4580 verbis
2619 4525 2758 4580 tituli
2795 4525 2948 4579 istius
2979 4539 3081 4578 non
3126 4531 3209 4580 est
3235 4523 3378 4594 quod
3407 4524 3618 4577 noviter
3649 4520 3830 4576 dicere

2203 4661 2206 4666 .
2247 4617 2572 4682 debeamus;
2606 4617 2700 4672 sed
2746 4617 3096 4672 intentionem
3140 4615 3331 4687 psalmi
3375 4629 3698 4686 magnopere
3736 4611 3808 4666 de

551 4691 702 4773 justo
731 4704 944 4758 tramite
971 4718 1075 4758 non
1107 4705 1342 4769 recedat,
1381 4719 1448 4758 ne
1490 4705 1542 4758 in
1584 4702 1890 4772 superbiam
1930 4713 2137 4756 erectus

2247 4706 2434 4762 bemus
2461 4707 2690 4776 aperire.
2723 4706 2891 4761 Totus
2919 4705 3062 4762 enim
3093 4708 3157 4760 ad
3189 4721 3368 4763 mores
3400 4709 3638 4776 pertinet
3663 4703 3830 4758 corri-

565 4793 719 4847 cadat
745 4795 832 4863 qui
866 4794 1128 4849 tutissima
1165 4795 1468 4850 humilitate
1495 4797 1831 4850 constiterat.
1862 4795 1968 4864 Nec
1989 4804 2140 4850 vacat

561 4887 700 4956 quod
731 4891 907 4957 pedem
937 4888 1023 4944 hic
1050 4889 1305 4954 singulari
1333 4903 1556 4943 numero
1587 4889 1799 4958 posuit;
1826 4897 2030 4943 eertum
2059 4895 2140 4942 est

560 4979 700 5034 enim
733 4980 784 5033 in
821 4996 927 5034 uno
952 4997 1049 5037 nos
1092 4981 1218 5050 pede
1249 4983 1500 5038 continue
1524 4991 1670 5037 stare
1698 4997 1802 5037 non
1844 4981 2136 5052 possetqui

560 5073 938 5130 convenienter
986 5079 1247 5146 superbire
1291 5077 1446 5130 datus
1489 5084 1591 5142 est,
1643 5091 1892 5147 quon'am
1939 5076 2137 5131 elatum

561 5166 828 5220 hominem
859 5167 1057 5223 diutius
1091 5183 1196 5223 non
1227 5169 1478 5238 prmvalet
1503 5170 1800 5224 continere.
1829 5166 1929 5222 Pes
1957 5176 2135 5223 autem

564 5275 659 5331 pro
685 5258 874 5314 affectu
905 5263 1096 5315 mentis
1127 5271 1207 5316 est
1238 5263 1462 5330 positus.
1503 5263 1634 5318 Nam
1667 5263 1805 5318 sicut
1833 5263 2138 5333 gradientes

562 5353 629 5409 de
656 5355 771 5409 loco
793 5357 856 5409 ad
886 5356 1057 5409 locum
1085 5354 1477 5422 transferimur,
1513 5357 1592 5412 sic
1618 5373 1648 5412 a
1673 5355 1898 5410 Domino
1928 5369 2139 5426 separa-

557 5462 705 5514 mur,
745 5429 958 5516 quando
989 5463 1088 5504 nos
1133 5449 1270 5502 elata
1314 5449 1637 5518 cogitatione
1675 5447 1981 5503 dividimus.
2025 5448 2134 5502 Hoc

561 5539 702 5594 enim
739 5540 1032 5594 maximum
1068 5550 1279 5595 constat
1305 5557 1424 5596 esse
1456 5551 1754 5608 peccatum,
1787 5543 1926 5596 unde
1972 5556 2135 5612 auge-

564 5631 646 5684 lus
669 5631 882 5697 cecidit,
917 5647 1010 5699 per
1040 5633 1180 5702 quod
1210 5633 1378 5687 Adam
1409 5649 1436 5686 a
1483 5633 1730 5702 paradiso
1768 5633 2019 5699 probatur
2047 5647 2141 5686 ex-

561 5725 759 5778 clusus.
817 5722 1003 5780 Manus
1043 5740 1170 5781 vero
1219 5728 1495 5794 peccatoris
1551 5738 1632 5782 est
1681 5727 1818 5781 male
1866 5727 2139 5781 suadentis

562 5817 820 5884 operatio,
854 5833 971 5887 qua:
1002 5827 1125 5872 tunc
1163 5833 1259 5872 nos
1287 5835 1313 5869 a
1343 5817 1464 5872 fidei
1506 5816 1754 5874 firmitate
1783 5825 1981 5886 movet,
2014 5832 2137 5874 cum

563 5909 740 5982 iniqua
767 5908 1152 5982 disteptatione
1188 5910 1461 5967 sollicitat.

2247 4799 2467 4869 gendos.
2498 4799 2718 4854 Instruit
2746 4800 2941 4870 quippe
2971 4799 3228 4865 Ecclesia,
3255 4815 3372 4868 quae
3413 4813 3556 4854 nunc
3589 4796 3831 4853 introdu-

2247 4892 2386 4944 citur
2437 4889 2502 4944 ad
2552 4891 2914 4960 loquendum,
2967 4893 3246 4960 praeceptis
3296 4890 3619 4945 salutaribus
3660 4901 3831 4958 genus

2248 4983 2560 5050 humanum,
2594 4999 2662 5039 ue
2691 4984 2987 5040 mortiferis
3015 4985 3290 5041 erroribus
3315 4969 3636 5040 misceatur:
3659 4982 3832 5036 malos

2245 5089 2400 5144 poena
2427 5074 2729 5143 deterrens,
2763 5076 2918 5132 bonis
2945 5077 3162 5146 praemia
3187 5077 3650 5144 compromittens.
3673 5069 3830 5136 Quod

2249 5166 2510 5222 doctrinae
2540 5183 2710 5237 genus
2740 5170 2960 5222 omnino
2989 5169 3414 5223 efficacissimum
3445 5175 3551 5229 est,
3579 5173 3636 5220 ut
3663 5173 3714 5219 et
3737 5177 3836 5215 su-

2245 5263 2390 5332 perbi
2427 5263 2794 5330 humilientur,
2825 5270 2880 5317 et
2906 5263 3132 5317 humiles
3169 5263 3328 5331 digna
3376 5259 3678 5316 consolatio
3704 5271 3834 5325 pro-

2242 5363 2516 5424 sequatur.
2559 5353 2655 5409 Est
2694 5355 2853 5410 etiam
2897 5355 3168 5422 alphabeti
3203 5355 3407 5408 Hebrtei
3455 5354 3646 5408 ordine
3680 5349 3840 5416 dige-

2241 5454 2378 5512 stus,
2410 5445 2586 5500 minus
2613 5445 2814 5500 habens
2845 5445 3075 5499 litteram
3108 5445 3573 5500 textamdecimam
3599 5460 3615 5507 ;
3641 5455 3829 5510 quem,

2244 5539 2384 5594 sicut
2428 5538 2490 5593 in'
2510 5540 2872 5609 superioribus
2895 5539 3004 5608 jam
3035 5539 3235 5594 dictum
3278 5547 3382 5605 est,
3430 5539 3496 5592 ad
3537 5539 3655 5593 illos
3680 5534 3838 5588 testi-

2245 5647 2452 5686 mamus
2501 5645 2623 5686 esse
2677 5630 3039 5696 referendum,
3088 5633 3282 5700 quibus
3324 5631 3480 5684 deest
3519 5625 3715 5695 aliquid
3757 5623 3838 5675 de

2245 5727 2479 5795 perfecta
2517 5726 2928 5780 conversatiOue
2958 5734 3286 5779 sanctorum.
3315 5723 3444 5776 Nam
3477 5738 3598 5777 cum
3631 5730 3836 5772 omnes

2245 5818 2434 5872 littera:
2483 5817 2624 5887 apud
2675 5817 2928 5872 Hebraeos
2977 5815 3360 5884 significantias
3403 5830 3528 5869 suas
3573 5814 3841 5870 habeant.

2243 5915 2466 5973 credere
2496 5913 2724 5973 fortasse
2764 5913 2985 5986 dignum
3030 5921 3134 5982 est,
3162 5910 3248 5969 cui
3273 5910 3427 5969 deest
3468 5906 3684 5981 aliquod
3712 5901 3848 5958 ele-
