4004 6342
184 401 270 454 (ὶὸΊ
1050 391 1410 450 EXPOSITIO
1445 393 1513 450 IN
1554 393 2013 453 PSALTERIUM.
2055 395 2248 453 PSAL.
2290 395 2540 453 XXXVI.
2584 402 2593 409 “

3337 401 3439 459 258

187 519 426 573 mentum,
454 522 572 563 eum
600 519 813 576 quoque
840 505 1284 575 signiﬁcationem
1307 511 1475 577 ipsius
1504 524 1611 563 non
1643 514 1741 564 ha-
1771 513 1823 573 Α
1844 509 2181 579 Quapropter
2204 523 2376 579 fenum
2402 510 2587 566 mundi
2615 511 2887 569 nobilibus
2915 527 3309 584 comparemus,
3347 519 3441 589 qui

188 603 318 658 bere.
349 598 530 655 Dicant
550 598 776 653 studiosi
812 596 1045 654 fortasse
1071 599 1295 654 meliora
1324 617 1339 653 :
1370 601 1524 655 nobis
1556 609 1740 657 tamen

188 692 368 748 diutius
397 690 825 759 perquirentibus
864 704 1180 746 concessum
1226 707 1331 747 non
1379 702 1462 747 est
1491 693 1634 747 aliud
1665 693 1750 761 in:

187 786 352 838 venire
394 798 549 852 quam
585 783 845 837 diximus.
881 785 1147 840 Memento
1177 799 1307 840 vero
1332 785 1474 855 quod
1519 788 1751 855 istorum,

185 874 568 944 alpltahetorum
594 873 703 943 jam
752 878 943 930 tertius
976 878 1208 946 psalmus
1259 886 1363 947 est,
1394 878 1648 947 quoniam
1693 887 1749 934 et

185 965 270 1034 ipsi
289 964 350 1020 ad
370 966 726 1034 septenarium
755 983 1035 1023 numerum
1059 970 1321 1037 tendunt,
1350 970 1492 1041 quod
1514 985 1610 1026 suo
1627 972 1746 1028 loco

184 1056 445 1112 dicendum
477 1065 579 1112 est.

735 1148 926 1205 Divisio
968 1152 1174 1221 psalmi.

241 1240 334 1296 Per
371 1248 543 1295 totum
584 1242 869 1311 psalmum,
913 1244 1049 1298 sicut
1076 1245 1277 1301 dictum
1331 1253 1434 1314 est,
1481 1246 1743 1305 Ecclesiae

181 1347 270 1388 vox
315 1333 670 1387 introducitur
706 1334 772 1388 ad
813 1338 1062 1407 pupulum
1115 1339 1515 1408 corrigendum.
1566 1339 1748 1395 Prima

178 1424 422 1495 positione
461 1435 774 1481 commonet
822 1442 887 1481 ne
934 1430 1286 1499 malignantes
1330 1431 1611 1501 quisquam
1654 1433 1747 1487 de-

179 1520 287 1575 beat
328 1520 546 1585 imitari,
596 1521 690 1575 sed
731 1521 986 1590 quidquid
1035 1525 1158 1578 boni
1207 1526 1530 1593 sperandum
1573 1534 1677 1591 est,
1714 1540 1746 1581 a

177 1610 384 1665 Domino
430 1610 753 1680 postuletur,
797 1615 887 1681 qui
935 1615 1082 1668 novit
1130 1624 1184 1669 et
1227 1602 1503 1685 profutura
1554 1632 1753 1691 concej

179 1701 310 1767 dere,
342 1712 392 1757 et
432 1704 749 1772 perenniter
782 1720 1033 1759 mansura
1080 1716 1377 1774 praestare:
1404 1708 1457 1762 in
1504 1723 1610 1778 qua
1640 1708 1747 1763 He-

180 1792 294 1847 braei
318 1794 586 1860 alpliabeti
614 1809 708 1849 sex
738 1795 925 1850 litterae
954 1799 1317 1852 continentur.
1347 1798 1593 1853 Secunda
1616 1799 1746 1853 dicit

1853 611 1904 657 et
1932 600 2088 656 facile
2131 601 2434 670 proﬁciunt,
2467 612 2521 658 et
2564 604 2833 661 viriditate
2856 621 3055 677 magna
3089 608 3239 678 quasi
3268 609 3441 679 gratia

1852 694 2170 747 vestiuntur.
2225 692 2379 746 Olera
2419 693 2688 748 herbarum
2728 694 3029 752 mediocres
3077 708 3346 767 ponantur
3385 706 3442 753 et

1852 782 2101 851 humiles,
2135 798 2253 853 quae
2291 799 2385 853 per
2422 784 2536 840 loca
2566 785 2767 842 inculta
2803 787 2956 858 copia
2986 788 3285 867 pullulante
3312 804 3444 845 con-

1851 887 2095 945 surgunt,
2126 884 2183 930 et
2211 884 2415 944 naturae
2445 890 2555 932 sua:
2584 887 2851 947 agrestem
2878 888 3039 950 atque
3061 880 3324 951 hispidam
3356 899 3445 938 rc-

1851 965 2022 1020 tinent
2070 966 2402 1036 qualitatem.
2449 966 2555 1022 Sed
2604 975 2660 1022 et
2704 968 2831 1023 illud
2876 969 3112 1025 velociter
3144 972 3351 1038 arescit,
3392 981 3446 1027 et

1851 1058 1953 1112 ista
1982 1059 2083 1113 cito
2112 1059 2378 1113 decidunt.
2411 1060 2518 1115 Sed
2547 1060 2691 1116 dicat
2718 1061 2935 1131 aliquis,
2963 1063 3187 1130 Quando
3211 1063 3313 1118 hoc
3338 1065 3445 1120 illis

1848 1148 2070 1205 evenire
2119 1150 2448 1205 credendum
2499 1154 2617 1207 est?
2668 1150 2883 1206 Scilicet
2943 1162 3185 1222 tempore
3232 1153 3444 1222 iudicii,

1849 1241 2063 1310 quando
2103 1242 2361 1312 splendor
2389 1244 2592 1299 aestatis
2636 1241 2860 1312 arridet,
2889 1256 3012 1299 cum
3059 1244 3125 1298 ad
3157 1252 3448 1311 consuetus

1849 1332 2030 1390 dinem
2061 1334 2315 1390 arborum
2341 1336 2517 1391 omnis
2544 1335 2706 1391 homo
2733 1334 2940 1391 fructus
2965 1349 3093 1390 suos
3118 1338 3310 1405 aperit.
3333 1336 3447 1407 Sat:

1849 1428 2025 1484 culum
2056 1430 2201 1485 enim
2243 1431 2383 1485 istud
2430 1431 2722 1486 similitudo
2760 1440 2844 1487 est
2876 1430 3093 1498 hiemis,
3142 1431 3231 1486 ubi
3276 1430 3447 1487 facto-

1849 1537 1969 1578 rum
1996 1533 2301 1578 nostrorum
2334 1539 2494 1579 omne
2516 1539 2735 1595 germen
2778 1524 3046 1580 inclusum
3088 1534 3201 1592 est;
3232 1541 3331 1581 nec
3356 1541 3448 1595 po-

1852 1624 1959 1669 test
1981 1615 2050 1671 de
2080 1616 2158 1670 eis
2184 1615 2439 1684 judicari,
2468 1631 2587 1687 qua:
2619 1617 2913 1687 probantur
2940 1617 3274 1673 abscondita.
3299 1618 3449 1685 Quae

1855 1715 2077 1776 prepter
2106 1708 2160 1761 in
2191 1707 2275 1763 his
2301 1707 2510 1763 duobus
2538 1709 2784 1764 versibus
2811 1704 2976 1764 etiam
3004 1708 3133 1763 illud
3159 1723 3449 1777 argumen-

1851 1809 1963 1853 tum
2006 1797 2310 1871 declaratur
2355 1799 2610 1854 eximium
2660 1800 2802 1871 quod
2850 1800 3045 1854 dicitur
3092 1799 3447 1869 epichirema,

178 1884 472 1954 peccatores
507 1889 740 1942 maxima
764 1889 849 1943 hic
875 1890 1092 1946 invidiae
1121 1893 1451 1949 cruciatione
1476 1894 1741 1965 torqueri,
1776 1903 1823 1963 Β
1849 1888 2037 1945 Latine
2081 1890 2356 1945 exsecutio
2396 1892 2513 1946 sive
2544 1901 2936 1962 argumentum.
2975 1891 3115 1962 (Ιαοά
3146 1891 3225 1947 Ni
3272 1891 3449 1959 dubiae

175 1979 408 2047 quoniam
437 1978 496 2033 in
528 1981 638 2034 suis
667 1974 875 2035 aetibus
911 1982 1042 2036 nihil
1076 1984 1249 2039 simile
1292 1986 1416 2039 boni
1451 2000 1510 2039 se
1543 1986 1742 2041 habere

177 2078 525 2137 cognoscunt:
554 2072 667 2125 haec
698 2070 862 2127 habet
899 2073 1104 2129 litteras
1143 2084 1369 2145 septem.
1420 2075 1598 2132 Tertia
1631 2093 1747 2147 pro-

175 2160 337 2215 litetur
360 2178 635 2232 nunquam
652 2177 711 2217 se
730 2163 936 2233 justum
968 2166 1168 2222 vidisse
1202 2168 1544 2235 derelictum,
1574 2171 1745 2226 malo-

175 2268 278 2308 rum
318 2270 506 2324 pmnas
542 2264 598 2310 et
627 2258 842 2325 praemia
868 2258 1130 2317 bonorum
1176 2262 1291 2316 utili
1326 2265 1747 2319 commutatione

176 2351 521 2414 permiscens;
555 2347 653 2403 ista
681 2364 799 2418 pars
833 2350 1073 2405 residuas
1102 2351 1261 2407 habet
1291 2352 1497 2409 litteras
1528 2362 1669 2409 octo.

700 2440 968 2512 Expositio
1004 2444 1205 2512 psalmi.

138 2574 139 2577 η
236 2533 383 2590 Vers.
426 2535 482 2589 1.
524 2537 723 2589 ALEPH.
776 2534 901 2589 Noli
941 2538 1175 2591 aemulari
1219 2539 1353 2591 inter
1385 2538 1746 2607 malignantes,

175 2640 317 2695 neque
354 2625 630 2679 cumulatus
677 2628 834 2693 fueris
884 2628 1124 2695 facientes
1174 2630 1514 2697 iniquitatem.
1551 2618 1751 2684 Princi-

179 2717 304 2784 pium
335 2717 553 2785 psalmi,
582 2717 635 2770 id
661 2726 763 2781 est,
796 2716 919 2771 Noli
960 2719 1193 2771 cumulari
1218 2720 1350 2772 inter
1384 2721 1748 2790 malignantes,

179 2825 319 2879 neque
354 2810 629 2864 aemulatus
662 2810 819 2879 fueris
843 2809 1088 2879 facientes
1126 2812 1474 2881 iniquitatem,
1509 2812 1753 2881 quoniam

178 2914 411 2973 tanquam
457 2905 632 2973 fenum
665 2903 901 2956 velociter
940 2913 1189 2969 arescent,
1219 2910 1266 2957 et
1298 2905 1428 2957 sicut
1459 2904 1601 2960 olera
1635 2903 1754 2957 her-

178 2994 341 3047 barum
367 2994 471 3047 cito
517 2993 772 3059 decident,
816 2995 1105 3063 categorici
1148 2995 1448 3065 syllogismi
1492 2995 1753 3066 qualitate

180 3083 456 3140 iet-malum
482 3092 568 3139 est
592 3086 663 3139 ita
689 3102 702 3139 :
727 3084 827 3150 Qui
857 3086 1218 3153 malignantur
1249 3098 1303 3141 et
1335 3086 1536 3142 faciunt
1558 3087 1751 3156 iniqui-

182 3184 355 3244 tatem,
384 3184 642 3247 tanquam
682 3176 863 3231 fenum
904 3177 1164 3232 velociter
1209 3186 1475 3240 arescent,
1519 3187 1576 3233 et
1612 3178 1753 3233 sicut

1857 1981 2017 2036 ﬁdem
2064 1997 2161 2052 per
2206 1983 2455 2051 exempla
2503 1982 2816 2049 conﬁrmat;
2863 1995 3139 2057 05tensum
3187 1991 3272 2039 est
3300 1982 3448 2038 enim

1853 2070 1963 2128 cito
1988 2074 2182 2143 impios
2211 2072 2407 2129 cadere
2440 2080 2541 2143 per
2564 2073 2746 2129 fenum
2777 2083 2831 2130 et
2856 2075 3029 2130 olera.

1930 2162 2082 2219 Vers.
2108 2164 2162 2217 '5.
2210 2164 2379 2219 Bern.
2411 2163 2576 2234 Spera
2602 2166 2655 2218 in
2687 2164 2908 2219 Domino
2942 2174 2990 2219 et
3017 2165 3101 2237 [ac
3141 2164 3440 2233 bonitatem,

1854 2262 1901 2310 et
1933 2254 2164 2308 inhabita
2213 2264 2423 2320 terram,
2463 2262 2511 2307 et
2550 2256 2772 2323 pasceris
2802 2255 2855 2308 in
2880 2255 3074 2309 diuitiis
3113 2256 3248 2327 ejus.
3291 2256 3449 2323 Post-5

1859 2362 2020 2417 quam
2057 2348 2413 2418 malignantes
2444 2348 2683 2403 studiose
2708 2349 2916 2403 censuit
2950 2349 3252 2414 evitandus,
3300 2362 3444 2403 nunc

1855 2441 2123 2510 quomodo
2161 2440 2343 2496 facere
2385 2441 2678 2498 debeamus
2704 2442 2974 2498 admonet.
3006 2442 3246 2499 Primum
3279 2443 3453 2513 siqui-.

1855 2533 1978 2588 dem
2004 2542 2315 2588 commonet
2340 2543 2397 2587 ut
2423 2550 2681 2605 speremus
2706 2534 2759 2588 in
2784 2534 3039 2599 Domino;
3070 2537 3171 2590 hoc
3193 2535 3447 2590 introitus

1857 2626 1999 2691 ﬁdei,
2030 2628 2132 2681 hoc
2158 2628 2372 2681 initium
2401 2627 2588 2682 salutis
2618 2638 2723 2683 est.
2754 2628 3031 2699 Sequitur,
3064 2638 3113 2683 et
3137 2628 3221 2696 fac
3247 2627 3448 2681 bonita-

1858 2727 1955 2771 tem
1980 2732 1996 2770 :
2019 2719 2169 2788 quia,
2198 2718 2335 2773 sicut
2372 2718 2583 2787 legitur,
2618 2717 2779 2773 Fides
2816 2722 2926 2775 sine
2970 2719 3207 2791 aperibus
3247 2728 3451 2772 mortua

1859 2817 1930 2863 est
1956 2806 2155 2876 (Jacob.
2180 2823 2239 2873 tt,
2265 2808 2381 2878 20).
2413 2808 2656 2862 lnhabita
2678 2820 2900 2876 terram;
2934 2811 3037 2865 hoc
3061 2819 3145 2865 est
3172 2811 3226 2864 in
3251 2821 3451 2865 sanctze

1859 2900 2114 2955 Ecclesiae
2141 2899 2435 2955 visceribus
2466 2915 2753 2969 persevera
2777 2919 2792 2955 :
2816 2902 3071 2971 quoniam
3100 2900 3288 2957 ﬁdeles
3318 2917 3451 2957 nun-

1860 3006 2021 3061 quam
2050 2992 2204 3047 decct
2232 2992 2301 3046 ab
2329 2992 2441 3060 ipsa
2485 2992 2787 3049 discedere.
2840 2993 2911 3048 Et
2953 3008 3022 3049 ne
3048 2992 3276 3049 forsitan
3305 2995 3450 3050 dice-

1858 3095 2007 3140 retur
2032 3100 2047 3138 :
2072 3083 2207 3152 Quid
2248 3086 2487 3155 proderit
2528 3086 2573 3140 si
2613 3088 2712 3141 ista
2754 3086 3054 3143 faciamus?
3085 3088 3337 3159 sequitur,
3368 3098 3449 3143 to-

1858 3177 1966 3232 tius
1986 3177 2063 3233 rei
2085 3193 2274 3249 magna
2304 3181 2670 3248 compensatio
2696 3199 2709 3235 :
2737 3179 2974 3235 Pasceris
3002 3182 3057 3236 in
3084 3182 3275 3237 divitiis
3304 3186 3443 3254 ejus.

182 3269 311 3323 olera
356 3269 647 3324 herbarum
693 3268 800 3323 cito
829 3268 1079 3324 decident
1106 3287 1121 3324 :
1150 3284 1337 3325 omnes
1373 3271 1465 3339 qui
1499 3284 1751 3339 tanquam
1781 3285 1827 3348 ο
1860 3270 2119 3339 Pasceris,
2166 3270 2233 3325 ad
2273 3274 2603 3327 saturitatem
2634 3274 2884 3342 pertinet,
2928 3282 2983 3328 et
3018 3274 3085 3329 ad
3128 3274 3448 3329 suavitatem

183 3359 352 3415 fenum
396 3362 657 3417 velociter
702 3370 970 3429 arescent,
1002 3370 1059 3417 et
1102 3362 1243 3418 sicut
1280 3362 1426 3418 olera
1463 3363 1751 3419 herbarum

183 3450 280 3504 cito
306 3451 581 3517 deciderit,
614 3466 719 3505 tton
748 3458 873 3505 sunt
906 3452 1225 3517 aemulandi;
1252 3468 1357 3508 non
1387 3453 1550 3523 igitur
1581 3470 1752 3509 armu-

184 3539 382 3594 landum
410 3553 497 3597 est
539 3543 678 3597 inter
715 3543 1071 3613 malignantes
1099 3551 1154 3598 et
1188 3544 1449 3599 facientes
1493 3544 1751 3614 iniquita—

186 3642 301 3686 tem.
327 3634 425 3688 Per
448 3636 670 3703 ﬁguram
694 3634 1021 3703 ethnpmiam
1044 3635 1290 3702 prohibet
1315 3652 1410 3690 nos
1438 3645 1616 3691 sancta
1643 3654 1754 3694 ma-

186 3735 259 3781 ter
287 3728 543 3793 Ecclesia,
588 3744 654 3782 ne
698 3729 959 3782 malorum
1009 3729 1217 3783 actibus
1245 3728 1517 3796 delectati,
1564 3745 1752 3786 eorum

185 3822 398 3873 catervis
430 3820 691 3874 societate
719 3818 968 3888 pestifera
999 3821 1341 3876 misceamur.
1375 3821 1568 3875 Multos
1612 3825 1753 3878 enim

184 3910 421 3965 sollicitat
471 3911 669 3965 cohors
720 3911 948 3966 nefanda
1000 3916 1371 3981 peccantium;
1424 3922 1477 3967 et
1526 3914 1758 3970 delecta-

187 4002 317 4057 tione
345 4007 574 4073 quadam
612 4004 939 4074 decipimur,
982 4006 1198 4076 quando
1232 4022 1352 4060 cum
1386 4006 1629 4075 plurimis
1663 4007 1757 4061 de-

188 4093 409 4164 linquere
436 4097 773 4152 festinamus.
820 4098 1023 4153 Deinde
1050 4101 1313 4167 sequitur,
1346 4108 1404 4152 ut
1446 4114 1544 4153 nec
1573 4100 1758 4169 singil-

186 4183 321 4237 latim
359 4187 632 4239 imitemur
664 4188 903 4253 insanos,
950 4187 1078 4253 dum
1108 4202 1203 4242 eos
1235 4187 1458 4242 forsitan
1488 4189 1757 4243 credimus

186 4287 294 4329 esse
323 4276 523 4344 felices,
566 4278 654 4347 qui
703 4278 767 4333 ad
800 4288 1009 4348 tempus
1037 4279 1287 4335 libertate
1315 4281 1601 4336 criminum
1636 4298 1756 4351 per-

187 4365 432 4423 fruuntur.
480 4367 744 4423 AEmulari
799 4386 927 4425 vero
974 4371 1062 4426 hic
1101 4372 1366 4440 signiﬁcat
1409 4373 1576 4427 malos
1606 4382 1758 4428 actus

188 4458 390 4527 imitari,
433 4478 556 4518 cum
588 4477 645 4517 se
672 4463 789 4517 dies
833 4463 1134 4533 perdidisse
1177 4470 1387 4531 putant,
1430 4464 1520 4533 qui
1552 4465 1756 4519 tardam

187 4551 277 4606 sibi
324 4555 584 4610 malorum
625 4556 891 4609 licentiam
942 4556 1250 4623 provenisse
1285 4559 1576 4626 suspirant.
1616 4558 1754 4612 Nam

188 4651 235 4696 et
276 4647 323 4699 in
370 4647 514 4701 bono
551 4647 772 4702 verbum
817 4647 920 4702 hoc
964 4650 1113 4717 ponit
1161 4650 1471 4717 Apostolus,
1525 4650 1748 4705 dicens:

186 4734 514 4793 Emulamini
538 4741 843 4793 charismata
870 4738 1083 4793 meliora
1104 4738 1155 4809 (I
1190 4740 1305 4794 Cor.
1333 4756 1425 4804 xu,
1458 4741 1569 4811 51).

251 4828 394 4885 Vers.
439 4831 497 4884 2.
540 4832 793 4897 Quoniam
865 4842 1109 4900 tanquam
1158 4831 1333 4901 fenum
1369 4833 1605 4886 velociter
1635 4850 1752 4887 are-

186 4928 329 4982 scent,
370 4933 415 4974 ct
454 4923 589 4975 sicut
629 4922 769 4976 olera
805 4921 1080 4977 herbarum
1105 4925 1205 4978 cito
1236 4925 1487 4979 decident.
1522 4925 1753 4979 Reddita

186 5017 433 5065 estcausa
458 5014 751 5081 probabilis
783 5029 948 5082 quare
984 5016 1133 5085 sequi
1163 5032 1269 5069 non
1299 5015 1592 5071 debeamus
1614 5032 1750 5086 quos

186 5102 367 5157 scimus
397 5106 647 5160 celeriter
675 5120 796 5160 esse
831 5108 1121 5176 perituros.
1165 5106 1369 5163 Fanum
1413 5109 1630 5175 pulchra
1664 5123 1751 5164 res

186 5203 259 5247 est
277 5196 394 5250 dum
418 5200 575 5266 viret,
616 5198 744 5253 dum
784 5200 964 5265 iloret;
997 5201 1092 5255 sed
1134 5216 1257 5256 cum
1298 5202 1517 5267 aruerit,
1550 5211 1751 5258 mutato

188 5290 416 5353 protinus
445 5292 626 5347 colore
667 5293 970 5347 marcescit.
1002 5292 1092 5347 Sic
1122 5302 1247 5347 sunt
1274 5293 1445 5362 impii,
1480 5296 1571 5364 qui
1601 5296 1751 5366 quasi

188 5379 357 5437 florida
388 5384 568 5439 laetitia
610 5386 911 5440 relucentes
956 5396 1279 5453 praematuro
1323 5386 1430 5440 ﬁne
1458 5389 1750 5445 siccantur.

187 5472 353 5530 Primo
399 5481 516 5547 [eno
565 5479 856 5547 comparati
906 5486 1062 5546 sunt,
1112 5485 1171 5532 ut
1215 5489 1551 5547 arescerent;
1611 5496 1751 5536 nunc

188 5568 469 5633 agrestibus
515 5570 754 5636 oleribus,
791 5578 849 5624 ut
886 5568 1216 5625 deciderent.
1259 5568 1374 5623 Non
1415 5570 1555 5624 enim
1595 5571 1751 5637 dixit,

188 5658 315 5712 olera
343 5659 635 5728 hortorum,
658 5662 774 5729 sed,
804 5662 1111 5728 herbarum;
1138 5672 1199 5717 ut
1224 5661 1552 5730 signiﬁcaret
1579 5665 1753 5731 potius

188 5746 265 5799 illa
300 5750 544 5807 vilissima
572 5767 691 5823 quae
721 5768 817 5821 per
856 5768 1012 5822 agros
1042 5763 1232 5823 sponte
1263 5763 1568 5809 nascuntur.
1601 5754 1756 5807 Olera

186 5841 320 5895 enim
360 5843 425 5897 ab
468 5845 568 5899 oila
611 5846 751 5902 dicta
791 5854 935 5913 sunt,
964 5846 1055 5902 ubi
1096 5846 1320 5904 collecta
1358 5846 1751 5917 decoquuntur.

1857 3379 2169 3433 perennem.
2202 3362 2270 3417 In
2315 3363 2505 3419 diuitiis
2544 3367 2673 3437 ejus,
2693 3366 2751 3435 id
2788 3365 2955 3421 estin
3000 3365 3196 3420 Christi
3228 3365 3442 3421 Domini

1854 3455 2346 3523 contemplatione,
2396 3455 2485 3524 qui
2540 3456 2687 3511 solus
2735 3454 3109 3510 inaestimabile
3173 3456 3449 3524 praemium

1854 3547 2116 3617 probatur
2150 3548 2423 3602 Ecclesiae.
2457 3548 2501 3602 0
2547 3559 2727 3616 pastus
2758 3547 2850 3603 ille
2879 3547 3161 3612 mirabilis,
3195 3564 3301 3602 non
3332 3563 3439 3603 cor-

1856 3640 2001 3706 poris
2049 3635 2313 3693 defectiva
2359 3638 2599 3706 refectio,
2654 3638 2750 3694 sed
2807 3638 3201 3694 inextricabilis
3259 3639 3449 3694 anima!

1859 3731 2150 3786 fortitudo!
2198 3730 2325 3786 inde
2355 3732 2669 3801 saginantur
2721 3731 3122 3787 ﬁdeleszcibus
3162 3734 3318 3802 122
3362 3732 3450 3800 qui

1860 3834 2119 3893 quantum
2150 3823 2330 3888 satiat,
2362 3832 2570 3878 tantum
2592 3823 2802 3879 beatam
2828 3822 3025 3880 famem
3055 3838 3270 3893 semper
3290 3839 3447 3893 exag.

1858 3927 2031 3985 gerat.

1937 4005 2090 4061 Vers.
2116 4006 2171 4060 4.
2205 4006 2469 4060 Delectare
2498 4006 2553 4060 in
2593 4004 2839 4071 Domino,
2878 4012 2926 4058 et
2953 4003 3094 4058 dabit
3131 4002 3220 4056 tibi
3248 4004 3453 4074 petitio-

1861 4116 1974 4153 nem
1994 4101 2161 4153 cordis
2190 4101 2288 4153 tui.
2320 4098 2616 4153 Delectatio
2643 4108 2698 4152 et
2727 4097 3023 4167 corporalis
3053 4097 3247 4151 dicitur
3274 4104 3329 4151 et
3349 4098 3453 4165 Spi-

1861 4192 2108 4246 ritualis:
2139 4191 2229 4244 illa
2261 4190 2425 4244 nutrit
2450 4191 2599 4255 vitia,
2628 4191 2727 4244 ista
2758 4190 3006 4245 virtutes.
3043 4186 3311 4242 Delectare
3332 4202 3454 4243 cum

1861 4286 1986 4341 dicit
2012 4288 2065 4338 in
2094 4286 2336 4353 Domino,
2364 4299 2583 4339 suavem
2614 4284 2711 4337 tibi
2738 4283 2852 4338 vult
2878 4298 2999 4339 esse
3032 4284 3149 4353 ejus
3198 4282 3453 4338 recorda-

1864 4379 2086 4445 tionem,
2118 4387 2173 4433 ut
2198 4393 2346 4433 ames
2375 4392 2538 4448 quem
2566 4378 2756 4443 times,
2786 4386 2843 4431 ut
2874 4377 3146 4433 desideres
3175 4391 3332 4447 quem
3359 4390 3455 4429 ve-

1862 4474 2016 4537 reris,
2047 4484 2103 4527 ut
2124 4473 2328 4526 ambias
2350 4487 2589 4540 quaerere
2610 4487 2769 4541 quem
2795 4474 3060 4542 pavescis.
3092 4471 3369 4540 Sequitur:
3388 4469 3456 4522 Et

1862 4564 2000 4618 dabit
2041 4563 2128 4617 tibi
2160 4564 2453 4633 petitionem
2484 4563 2653 4617 cordis
2703 4564 2797 4617 tui.
2848 4563 3076 4632 Respice
3117 4563 3239 4632 quia
3274 4563 3447 4614 cordis

1863 4654 2015 4719 dixit,
2048 4669 2156 4708 non
2188 4654 2383 4723 carnis,
2425 4653 2567 4724 quod
2601 4654 2667 4709 ad
2698 4655 3018 4723 sapientiam
3049 4653 3189 4707 solet
3236 4651 3465 4729 referri.

1856 4744 2036 4799 Cordis
2073 4745 2216 4800 enim
2271 4746 2443 4815 petitio
2500 4754 2585 4800 est
2628 4746 2791 4813 ﬁdes,
2842 4745 3099 4808 charitas,
3150 4742 3467 4819 intellectus

1857 4838 1976 4904 Dei,
2005 4846 2060 4893 et
2084 4853 2246 4906 opera
2273 4848 2487 4893 actuum
2521 4840 2804 4893 bonorum.
2835 4836 2950 4907 Ipsa
2998 4836 3143 4890 enim
3172 4838 3453 4891 consuevit
3496 4836 3499 4837 ⁷

1859 4929 2123 4999 prapitius
2167 4944 2427 4997 annuere,
2483 4946 2600 5001 quae
2657 4931 2795 4985 solet
2836 4930 2935 4999 piis
2983 4926 3452 4996 prtedicationibus

1861 5019 2173 5073 admonere.
2207 5018 2280 5072 lta
2312 5019 2535 5089 singulis
2564 5020 2865 5093 quibusque
2894 5018 3173 5073 sententiis
3197 5018 3265 5072 ad
3293 5027 3456 5074 mter-

1864 5124 1984 5164 nam
2019 5112 2183 5164 vitam
2208 5110 2529 5164 informatur
2555 5110 2767 5163 animus
2796 5106 3108 5163 Christiani.

1937 5202 2089 5257 Vers.
2113 5202 2168 5258 5.
2197 5200 2392 5256 GIMEL.
2420 5198 2606 5254 Revela
2633 5199 2854 5255 Domino
2876 5201 3007 5254 viam
3039 5208 3207 5265 tuam,
3232 5209 3277 5255 et
3306 5216 3457 5269 spera

1861 5294 1915 5346 in
1937 5309 2027 5360 eo;
2052 5304 2095 5347 ct
2122 5294 2231 5361 ipse
2254 5292 2425 5362 faciet.
2450 5290 2641 5346 Velum
2665 5289 2933 5360 quoddam
2956 5298 3037 5345 est
3060 5291 3302 5346 densitas
3332 5304 3469 5373 pec-‘

1864 5396 2128 5450 catorum,
2162 5385 2302 5439 unde
2328 5386 2426 5449 via,
2462 5384 2515 5439 id
2553 5386 2770 5459 estvita
2802 5396 2981 5441 nostra
3013 5385 3283 5441 tenebrosi
3320 5384 3456 5440 ami-

1856 5487 1973 5534 ctus
2043 5476 2465 5532 circumdatione
2516 5476 2706 5531 vestita
2777 5486 2878 5532 est.
2934 5475 3081 5529 Hanc
3129 5477 3452 5542 revelamus,

1859 5572 2071 5643 quando
2103 5571 2293 5626 delicta
2326 5578 2507 5624 nostra
2552 5568 2949 5639 promptissime
2976 5568 3313 5625 conﬁtemur.
3351 5566 3453 5620 Re-

1858 5664 2041 5718 velarit
2093 5662 2234 5716 enim
2292 5660 2487 5715 Paulus
2530 5660 2801 5730 apostolus
2850 5659 2983 5712 viam
3024 5674 3191 5725 suam,
3240 5656 3454 5727 quando

1858 5753 1991 5808 dixit
2020 5768 2035 5807 :
2068 5751 2199 5806 Caro
2236 5752 2546 5822 concupiscit
2582 5753 2822 5805 adversus
2851 5749 3113 5819 spiritum,
3152 5756 3200 5801 et
3240 5746 3453 5814 spiritus

1860 5847 2104 5901 adversus
2143 5860 2349 5899 carnem
2389 5843 2589 5916 (Galat.
2637 5858 2689 5908 v,
2736 5839 2845 5912 l7).
2893 5839 3128 5909 Speravit
3175 5843 3350 5890 autem
3396 5835 3451 5889 in
