3996 6346
453 333 562 418 ea
1672 335 1744 407 tl.
1787 337 2064 405 suam!
2095 323 2508 399 casstoooni
3641 325 3770 388 aco

456 469 678 534 Domino
706 472 831 529 dum
854 470 1108 527 clamaret
1132 483 1147 524 ι
1173 465 1372 539 Infetia
1406 479 1500 536 ego
1535 463 1709 530 homo,
1734 461 1849 532 quis
1878 475 1959 515 nte
1979 457 2043 513 ii-
2073 461 2126 522 Α
2149 455 2428 519 deserere,
2448 461 2556 518 per
2579 451 2700 520 qua?
2743 445 2811 502 ad
2863 445 3076 518 culpam
3121 459 3410 539 possumus
3439 451 3766 518 pervenire.

458 568 650 624 ιεναιιι
676 565 742 621 de
773 567 984 634 corpore
1011 567 1188 615 mortis
1217 537 1374 630 tt‘ujus
1415 557 1598 626 (Rom.
1629 570 1721 620 vn,
1754 549 1884 624 ﬁt)?
1907 549 2044 606 ora.
2154 541 2392 608 Addidit,
2423 555 2488 597 ne
2513 540 2767 596 temuleris‘
2797 550 2850 594 ut
2875 541 3101 610 nequiter
3123 537 3305 610 facias.
3329 541 3630 612 Nequitiam
3663 559 3772 598 ve-

461 670 532 714 na
558 658 650 713 Dei
682 667 770 727 per
790 653 966 710 Iesum
997 648 1258 706 Chi-istum
1302 648 1582 702 Dominum
1608 655 1860 700 nostrum.
1888 639 2048 710 Adjea
2154 647 2299 694 teres
2323 635 2644 693 definierunt
2669 633 3022 690 voluntariam
3049 647 3169 692 esse
3197 634 3476 704 malitiam,
3503 638 3767 709 inquam

459 751 554 815 cit,
602 757 648 803 et
677 751 785 818 ipse
821 746 974 816 faciet
998 760 1016 798 :
1038 746 1147 815 ipse
1175 744 1263 813 qui
1294 740 1635 810 Omnipotens
1675 737 1759 792 est
1782 752 1796 800 ;
1822 733 1933 806 ipse
1957 731 2048 803 qui
2155 737 2262 788 nun
2293 745 2420 818 casu
2453 729 2764 795 incidimus,
2799 729 2894 785 sed
2922 737 3219 800 Spontanea
3246 729 3601 788 delectatione
3629 741 3773 788 vrer-

461 813 624 896 manu
657 813 958 902 fortis-est;
987 813 1098 906 ipse
1120 839 1307 889 revera
1334 829 1486 900 cujus
1510 829 1688 886 omnia
1713 825 2050 898 iussionibus
2153 831 2362 881 samur.
2393 813 2552 877 'ﬂauc
2581 819 2892 891 l‘requenter
2918 819 3168 892 prohibet
3200 835 3268 876 ne
3305 821 3425 893 quis
3466 817 3597 879 velit
3629 823 3772 879 imi-

461 932 848 990 obsecundant.
875 931 942 985 Et
963 921 1136 998 qualia
1159 933 1280 982 sunt
1308 935 1426 996 quae
1445 915 1554 994 ipse
1572 919 1697 994 facit
1729 927 1825 994 per
1851 933 2046 991 epexe-
2154 917 2276 974 tari.
2325 915 2562 987 Nequam
2611 915 2755 972 enim
2803 913 2979 972 dictus
3026 923 3110 972 est
3154 921 3511 986 nequaquam,
3559 905 3614 973 id
3672 927 3772 974 est

462 1013 630 1096 geslm
669 1025 892 1093 positam
927 1021 1111 1075 subter
1130 1017 1400 1087 explanat.
2155 1009 2307 1066 nullo
2336 1017 2579 1079 tempore
2610 1017 2788 1078 aptus.

539 1115 690 1172 Vers.
724 1114 776 1170 ϐ.
808 1113 878 1170 Et
903 1115 1080 1168 educet
1111 1119 1353 1180 tauquam
1393 1107 1570 1164 iumen
1594 1109 1852 1182 justitiam
1891 1105 2051 1172 luant,
2232 1102 2386 1159 Vers.
2417 1102 2507 1158 10.
2540 1101 2797 1167 Quoniam
2817 1101 2903 1170 qui
2917 1101 3145 1172 nequiter
3160 1111 3319 1174 agunt
3338 1104 3773 1158 cce-terminabun-

463 1217 511 1268 et
538 1209 789 1279 iudicium
819 1218 958 1260 tuum
984 1203 1115 1258 sicut
1145 1203 1428 1256 meridiem.
1463 1200 1694 1271 Exponit
1724 1197 1864 1268 quod
1892 1212 2053 1266 supeé
2157 1203 2276 1260 t‘ur;
2321 1194 2410 1266 qui
2456 1193 2572 1249 vero
2613 1203 2909 1266 exspectant
2961 1193 3262 1261 Dominum,
3309 1195 3412 1266 ipsi
3457 1191 3774 1254 hwreditate

465 1303 578 1361 rius
621 1302 774 1367 dixit;
823 1307 868 1354 et
897 1299 1008 1368 ipse
1047 1291 1222 1369 faciet.
1254 1294 1447 1350 Lumen
1493 1293 1622 1349 solis
1661 1291 1872 1347 colores
1903 1287 2056 1346 nobis
2157 1287 2483 1361 possidebunt
2511 1296 2722 1342 terram.
2752 1285 2959 1358 Duplex
2981 1295 3143 1344 causa
3176 1290 3492 1359 proponitur
3513 1297 3568 1346 et
3599 1292 3774 1358 tirno—

463 1394 774 1466 corpnrales
818 1375 1054 1446 ostendit
1084 1407 1096 1442 :
1125 1387 1298 1458 fulgor
1345 1385 1436 1441 Dei
1478 1393 1703 1454 operum
1749 1385 2055 1438 nostrorum
2158 1385 2234 1440 ris
2261 1391 2315 1437 et
2344 1379 2608 1448 muneris,
2638 1383 2698 1435 ut
2727 1379 2967 1435 minulari
3015 1382 3276 1449 pessimos
3318 1380 3534 1437 minime
3562 1383 3770 1454 cupia-

469 1489 749 1560 qualitates
798 1483 1040 1552 exaperit
1071 1499 1084 1537 :
1110 1483 1169 1537 ιιι
1210 1479 1418 1553 justitia
1472 1485 1676 1544 nostra,
1720 1477 1773 1532 id
1815 1484 1900 1532 est
1928 1473 2059 1529 ﬁdes
2160 1495 2299 1534 mus.
2324 1478 2367 1534 0
2393 1473 2575 1541 homo,
2618 1475 2745 1548 quid
2790 1475 2913 1532 illos
2941 1476 3138 1531 imitari
3175 1475 3452 1532 desideras
3494 1492 3635 1548 quos
3673 1494 3775 1548 pe-

465 1591 624 1651 quam
655 1578 916 1632 habemus
943 1578 994 1630 in
1025 1571 1240 1629 Christo
1269 1577 1348 1628 sic
1373 1570 1627 1634 inluceat,
1661 1577 1924 1639 quatenus
1946 1567 2057 1635 spi-
2160 1570 2271 1626 rire
2304 1563 2654 1639 prospectas?
2683 1567 2850 1622 Audis
2883 1579 2912 1622 a
2947 1571 3118 1623 matre
3144 1582 3262 1636 quae
3289 1573 3342 1623 te
3367 1565 3560 1638 diligit,
3588 1584 3774 1639 quare

465 1670 750 1730 ritualibus
780 1668 951 1740 possit
980 1675 1238 1737 apparere
1278 1661 1677 1732 conspectibus.
1708 1653 1941 1712 Educere
1977 1654 2062 1710 est
2099 1683 2114 1690 ~
2162 1675 2286 1717 cum
2319 1661 2473 1716 bonis
2504 1667 2611 1714 non
2651 1653 2906 1731 gaudeas,
2954 1669 3022 1716 ne
3055 1667 3107 1714 te
3151 1675 3272 1716 cum
3303 1659 3551 1730 pessimis
3577 1661 3771 1730 perire

467 1763 608 1820 enim
635 1760 833 1832 aliquid
865 1757 932 1815 de
969 1758 1209 1814 tenebris
1237 1758 1304 1811 ad
1349 1756 1524 1808 lumen
1559 1749 1802 1812 trahere;
1853 1745 1956 1801 hoc
1979 1749 2045 1800 e'S1

2188 1755 2470 1826 :ontingat?
2516 1750 2882 1820 Exterminari,
2931 1762 3016 1809 est
3053 1753 3202 1810 foras
3232 1753 3493 1811 terminos
3541 1755 3766 1826 projici,

470 1852 539 1911 de
580 1851 760 1908 830"“
795 1853 945 1907 ίειῖυε
975 1850 1207 1920 caligine
1251 1847 1316 1902 ad
1352 1846 1495 1900 illam
1527 1843 1690 1898 Γυίυτί
1716 1837 1900 1912 indic“
1945 1849 2061 1930 Pe"
2092 1865 2140 1930 Β
2171 1847 2223 1904 id
2255 1847 2338 1904 est
2367 1849 2434 1902 ab
2458 1847 2549 1903 illa
2580 1845 2673 1902 Dei
2701 1847 2918 1902 civitate
2943 1846 3203 1901 fraudari.
3230 1841 3336 1902 Sed
3369 1861 3437 1903 ne
3470 1847 3621 1903 solus
3649 1863 3774 1907 me-

468 1943 665 2001 dullel'e
706 1943 1024 2008 Civitatem.
1053 1940 1142 1995 “hi
1171 1938 1352 1994 omnia
1382 1937 1554 2006 Palam
1600 1933 1759 2020 ᾙυηιν
1791 1937 1889 1986 nec
1918 1929 2055 1985 υιῐε·
2112 1929 2127 1930 ί
2167 1949 2252 1996 tus
2311 1939 2576 1995 imbecilla
2627 1938 2900 1992 hominum
2947 1931 3112 1993 corda
3157 1936 3426 2007 turbaret,
3480 1938 3775 2016 subiungi,

468 2038 579 2094 rius
605 2035 908 2094 tenebrosis
944 2031 1180 2088 latibulis
1210 2027 1549 2086 occuluntur.
1593 2023 1932 2094 ρηαριυρῑδτ
1962 2021 2058 2094 ἰαί·
2164 2032 2327 2088 ctiam
2373 2043 2522 2101 spem
2576 2029 2867 2098 bonorum,
2903 2029 3126 2085 dicens:
3162 2029 3265 2095 Qui
3302 2045 3420 2085 vero
3467 2040 3773 2102 exspectant

473 2128 612 2184 stitio
638 2127 842 2195 nostra,
875 2131 1054 2194 quam,
1090 2123 1200 2177 Deo
1227 2123 1482 2187 donante,
1534 2131 1672 2173 nunc
1703 2116 1963 2171 habemus
2004 2114 2058 2170 in
2163 2125 2462 2189 Dominum,
2483 2125 2584 2194 ipsi
2603 2121 2901 2178 hwreditate‘
2931 2122 3261 2196 possidebunt
3299 2133 3525 2192 terram;
3551 2115 3775 2183 scilicet

471 2221 597 2288 ilde,
627 2233 752 2277 tunc
801 2201 1050 2272 humtlnib
1095 2211 1470 2284 conSpec'ibus
1514 2205 1814 2281 apparebit,
1847 2203 1903 2262 et
1942 2214 2049 2261 tan-

2194 2220 2256 2288 [ιιί
2287 2219 2589 2288 despiciunt
2626 2217 2932 2274 felicitatem
2977 2217 3289 2290 impiorum,
3317 2235 3419 2276 nec
3448 2209 3550 2276 sibi
3575 2221 3772 2278 volunt

471 2329 629 2386 quam
671 2314 850 2367 lumen
896 2309 1214 2378 proferetur,
1261 2307 1382 2361 cuni
1426 2317 1550 2373 spes
1589 2311 1772 2357 nostra
1813 2299 2049 2386 Christus

2183 2323 2390 2366 nunera
2419 2311 2704 2380 praesentia
2728 2307 3044 2376 condenari,
3073 2311 3170 2368 sed
3189 2319 3506 2382 exspectant
3536 2301 3761 2368 Domini

471 2382 818 2468 ostendetur;
851 2401 989 2456 Sicut
1021 2399 1147 2454 dicit
1180 2393 1665 2467 Apostolusthum
1697 2382 1932 2446 Christus
1961 2406 2058 2459 ap.
2165 2400 2468 2458 Salvator“
2511 2400 2824 2456 adventum,
2875 2401 2980 2471 [psi
3030 2403 3148 2472 ejus
3195 2402 3510 2460 ιιεετθάίωιε
3555 2404 3766 2476 gaude.

474 2500 700 2570 paruerit
727 2497 831 2550 'uitu
876 2503 1062 2558 vestra,
1101 2489 1222 2546 tunc
1249 2491 1294 2545 et
1333 2493 1420 2543 vos
1459 2491 1572 2542 cum
1604 2487 1719 2556 ipso
1750 2481 2052 2555 apparebitit

2192 2503 2321 2562 iunt,
2352 2493 2407 2549 id
2437 2503 2520 2550 est
2541 2509 2658 2564 qua:
2686 2493 2892 2564 legibus
2923 2495 3090 2563 venit,
3115 2511 3233 2566 qua:
3256 2510 3446 2552 secura
3473 2503 3528 2551 et
3555 2479 3770 2553 aeterna

471 2595 527 2648 in
555 2575 717 2664 gloria
751 2589 976 2659 (Caioss.
1005 2603 1086 2654 ιιι,
1111 2587 1188 2657 4).
1229 2583 1498 2666 Tanquam
1527 2580 1814 2646 meridiem,
1846 2592 1942 2646 per
1967 2575 2049 2648 hy-

2193 2597 2265 2645 εει.
2300 2586 2646 2644 Passidebuut
2683 2597 2892 2655 terram,
2926 2587 3030 2643 hoc
3077 2595 3162 2644 est
3189 2587 3405 2643 civitate
3432 2585 3647 2644 Domini
3687 2586 3771 2644 fu-

473 2681 734 2757 Ρθτδδιειι
761 2679 964 2738 diem!“
991 2691 1106 2746 θείς
1143 2669 1414 2749 Signiﬁcat
1440 2666 1585 2732 δηίηῖ
1626 2671 1978 2728 cmi-"5mm"
2009 2678 2064 2726 ει
2165 2689 2284 2742 tura
2314 2682 2607 2755 potientur,
2637 2697 2796 2752 quam
2819 2681 2978 2751 justis
3017 2677 3150 2737 viris
3177 2679 3360 2737 divina
3403 2683 3576 2752 pietas
3607 2681 3767 2753 polli-

476 2777 818 2850 Plﬂ'issimam
862 2773 1058 2831 luet-imo
1106 2771 1258 2830 Τιὶήο
1285 2773 1518 2842 “itmflue
1565 2769 1644 2825 30l
1677 2767 1861 2824 orbem
1891 2773 2058 2822 ῑθτνῖιί
2166 2785 2343 2834 cetur.
2373 2776 2712 2846 Quapropter
2737 2774 2980 2830 Ordinem
3014 2775 3231 2846 superni
3253 2761 3600 2846 cbirOgrapbi
3635 2790 3766 2831 cono

473 2868 592 2929 eum
620 2865 781 2926 multa
813 2865 1055 2925 claritate
1084 2865 1377 2938 perfundit,
1411 2871 1466 2920 et
1486 2867 1705 2920 cunetas
1733 2857 1920 2917 mundi
1944 2875 2064 2931 par-
2167 2869 2494 2935 Sidet-emus,
2546 2857 2780 2937 pollicita
2827 2867 2939 2926 suis
2969 2865 3301 2936 temporibus
3339 2872 3723 2935 exspectemus
3751 2880 3770 2923 ε

475 2961 556 3024 res
579 2961 863 3036 perspicuo
894 2955 1098 3034 fulgore
1126 2955 1421 3042 collustrat.
2053 3037 2058 3042 ι
2169 2967 2238 3018 ne
2267 2961 2393 3016 dum
2417 2957 2666 3042 volumus
2697 2957 2965 3029 promissa
3007 2957 3329 3013 festinanter
3357 2958 3595 3030 exigere,
3638 2971 3771 3014 cau-

547 3059 704 3116 Vers.
729 3060 782 3114 7.
813 3055 1058 3114 Dabam.
1093 3037 1340 3113 subditus
1367 3063 1476 3110 ‘esto
1503 3051 1748 3119 Domino,
1790 3051 1838 3106 et
1860 3037 2064 3104 obsecra

2192 3057 2248 3111 ne
2277 3069 2378 3112 nos
2403 3039 2682 3110 videamur
2712 3052 3003 3116 amissione
3028 3052 3310 3109 mulctare.
3342 3049 3547 3108 Pendet
3584 3064 3770 3110 autem

476 3172 626 3223 eum;
658 3169 720 3210 ne
747 3143 1014 3209 temulatus
1053 3153 1212 3224 fueris
1255 3167 1370 3205 eum
1405 3149 1488 3221 qui
1531 3153 1863 3220 prosperatur
1905 3137 1959 3198 in
1982 3143 2065 3196 tn'a
2173 3143 2364 3204 versus
2393 3148 2496 3203 iste
2528 3148 2593 3202 de
2630 3146 2996 3218 superioribus
3021 3163 3036 3213 ;
3061 3146 3204 3208 unde
3230 3146 3380 3214 dicit,
3419 3131 3499 3200 Ne
3537 3147 3766 3202 εωκια-

474 3265 590 3312 sua.
615 3239 862 3304 Subditus
889 3255 962 3302 εει
987 3243 1206 3299 Domino
1231 3244 1390 3299 etiam
1417 3245 1506 3311 qui
1539 3241 1606 3296 ab
1634 3239 1752 3308 ejus
1779 3237 1884 3292 fide
1911 3225 2060 3290 vide-
2085 3243 2130 3307 ο
2164 3253 2244 3297 tus
2275 3240 2435 3314 fueris
2465 3255 2578 3305 eum
2605 3240 2692 3308 qui
2721 3247 3051 3310 prosperatur
3087 3237 3141 3292 in
3168 3235 3248 3292 via
3277 3254 3394 3292 sua.
3429 3231 3561 3312 Quae
3591 3235 3772 3308 ﬁgura

475 3348 562 3395 tur
607 3331 835 3404 alienus,
883 3339 1153 3408 potestate
1194 3333 1594 3400 dominationis,
1643 3345 1750 3386 non
1801 3327 2063 3384 electione
2167 3336 2365 3392 dicitur
2408 3335 2766 3408 hyperbaton,
2797 3348 2919 3390 cum
2961 3347 3258 3404 suspensus
3303 3317 3445 3399 ordo?
3477 3319 3772 3394 ycrborun

469 3431 678 3504 iudicii.
737 3431 840 3489 Sed
892 3431 950 3485 ut
995 3417 1097 3486 boc
1149 3429 1216 3485 de
1279 3423 1477 3483 sanctis
1531 3425 1732 3479 dictum
1786 3409 2062 3478 debuisses
2167 3427 2395 3484 inferius
2427 3415 2748 3504 explicatur.

474 3501 789 3594 agnoscere,
817 3522 1078 3592 sequitur,
1109 3515 1157 3574 et
1180 3517 1384 3573 obsecra
1412 3532 1556 3582 eum;
1589 3506 1730 3584 quod
1763 3513 1946 3580 utique
1975 3509 2052 3565 ia-

2237 3517 2391 3574 Vers.
2426 3501 2513 3572 ll.
2551 3516 2686 3572 Vw.
2717 3516 2788 3572 Et
2813 3507 3060 3588 pusillum
3098 3515 3266 3574 adhuc
3297 3525 3346 3571 et
3375 3533 3476 3571 non
3520 3516 3613 3572 erit
3647 3533 3772 3586 pec-

473 3632 598 3676 ccre
623 3605 889 3680 iiesci'unt,
926 3613 1026 3670 nisi
1055 3613 1143 3684 qui
1186 3611 1274 3682 pia
1309 3611 1534 3666 Domino
1577 3607 1865 3664 devotione
1897 3601 2062 3658 lamu-
2167 3618 2342 3674 calor;
2387 3617 2434 3664 et
2473 3624 2670 3679 quaeres
2709 3609 2876 3662 locum
2905 3610 3019 3680 ejus
3061 3623 3153 3661 nec
3204 3606 3445 3662 invenies.
3478 3604 3768 3672 Pusillum,

474 3697 670 3765 l'antui":
709 3707 989 3762 Obsecrare
1027 3706 1224 3778 quippe
1271 3703 1537 3774 signiﬁcat
1583 3698 1945 3772 obsequenter
1975 3711 2063 3753 ro-
2165 3707 2415 3777 exiguum
2449 3705 2647 3776 aliquid
2693 3721 3024 3776 parvumque
3050 3706 3336 3776 signiﬁcat,
3363 3705 3504 3777 quod
3532 3706 3772 3763 constri-

474 3797 624 3872 εει-ε.
649 3791 716 3856 Ei
745 3799 868 3857 nota
897 3799 1037 3870 quod
1073 3798 1190 3854 haec
1219 3795 1326 3854 duo
1354 3797 1671 3868 regulariter
1699 3794 1870 3865 posita
1914 3801 2056 3857 sunt,
2167 3800 2268 3854 ctis
2294 3799 2472 3866 digitis
2501 3814 2659 3854 manu
2693 3800 2861 3874 possit
2891 3799 3109 3854 includi.
3147 3783 3406 3866 Pusillum
3428 3800 3569 3854 enim
3597 3813 3630 3853 ιι
3665 3817 3770 3867 pu-

475 3903 536 3950 ut
563 3905 616 3949 et
642 3895 777 3951 bene
818 3909 1058 3964 agamus,
1106 3902 1160 3949 et
1205 3907 1420 3972 semper
1453 3905 1726 3961 rogemus,
1758 3888 1897 3945 sicut
1934 3887 2063 3942 dicit
2173 3906 2280 3963 gno
2315 3890 2531 3945 dicitur.
2573 3887 2721 3945 Hanc
2752 3889 2967 3948 brevem
3010 3902 3172 3960 atque
3201 3891 3443 3945 ultimam
3469 3898 3687 3944 atatem
3717 3889 3771 3944 in

478 3983 803 4056 ApoStolus:
835 3983 1068 4041 Orationi
1115 3986 1382 4052 instantes,
1427 3981 1812 4040 necessitatibus
1843 3991 2062 4036 sancto-
2164 3985 2404 4040 remedio
2447 3983 2803 4040 laborantium
2847 3984 3090 4054 Ecclesia
3132 3984 3452 4054 pollicetur:
3480 3999 3550 4040 ne
3599 3985 3764 4054 longa

477 4097 588 4134 rum
611 4065 1039 4134 communicantes
1078 4077 1256 4152 (Rom.
1298 4094 1392 4146 xu,
1429 4079 1538 4149 l2).
1588 4076 1748 4132 Redit
1795 4075 1956 4131 etiam
1995 4074 2061 4129 ad
2165 4076 2434 4146 credatur,
2468 4078 2556 4132 ubi
2589 4077 2763 4132 litielis
2803 4077 3009 4148 fatigari
3052 4091 3206 4146 posse
3251 4076 3611 4148 cognoscitur.
3653 4073 3766 4131 Pu-

479 4173 623 4228 illam
652 4173 1121 4228 commonitionem
1155 4171 1297 4227 unde
1326 4171 1563 4242 psalmus
1591 4169 1713 4224 fecit
1736 4167 1972 4233 initium;
2007 4173 2064 4220 ut
2166 4173 2338 4226 silium
2358 4188 2488 4228 vero
2516 4172 2647 4228 dicit
2690 4181 2903 4242 tempus
2921 4155 3077 4242 iquod
3120 4181 3288 4227 restat
3315 4188 3482 4242 usque
3520 4170 3586 4226 ad
3619 4172 3769 4229 diem

480 4274 816 4335 peccatorem
867 4263 1144 4318 ﬂorentem
1205 4263 1376 4318 fidelis
1430 4277 1536 4316 non
1589 4262 1781 4316 debeat
1837 4257 2058 4314 imitari.
2161 4261 2372 4334 judicii,
2403 4263 2543 4334 quod
2567 4262 2964 4333 comparatione
2990 4262 3384 4331 praeteritorum
3410 4261 3618 4316 dierum
3652 4279 3772 4317 on.-

477 4354 610 4410 Nam
643 4351 763 4410 ῖάιέο
801 4349 1037 4408 additum
1070 4363 1176 4418 εει,
1207 4347 1274 4406 In
1305 4356 1388 4407 υἷα
1427 4371 1544 4419 ενα,
1601 4363 1658 4407 Ill
1690 4366 1792 4406 ηοη
1825 4359 2058 4417 sanctos.
2167 4361 2294 4414 nino
2324 4358 2697 4430 parvissimum
2728 4365 2830 4412 est.
2861 4355 2929 4410 Et
2957 4373 3058 4411 non
3078 4359 3172 4410 erit
3198 4364 3469 4427 peccator;
3501 4371 3608 4411 non
3639 4356 3777 4426 quis

480 4449 574 4504 sed
603 4439 920 4504 criminasos
945 4447 1243 4516 intelligere
1263 4445 1561 4502 debuisses.
1589 4441 1787 4498 Christi
1815 4443 1953 4497 enim
1978 4442 2060 4497 via
2167 4452 2283 4522 ipse
2309 4453 2394 4521 qui
2423 4449 2667 4521 peccavit
2707 4465 2810 4503 non
2839 4450 2970 4514 erit;
3014 4448 3106 4503 sed
3139 4463 3361 4518 peccare
3385 4447 3496 4519 jam
3526 4447 3764 4505 desinet.

480 4539 590 4594 sola
641 4539 779 4593 bona
821 4547 922 4606 est,
969 4537 1152 4592 nostra
1197 4551 1326 4591 vero
1379 4533 1614 4607 peccatis
1643 4533 1897 4588 obnoxia.
1927 4532 2059 4588 Nam
2167 4542 2359 4597 Locum
2396 4541 2538 4597 enim
2568 4541 2678 4611 ejus
2710 4540 2868 4594 istum
2911 4538 3167 4594 mundum
3203 4540 3486 4610 signiﬁcat,
3517 4538 3607 4606 qui
3639 4554 3769 4608 pec-

481 4630 584 4684 hoc
635 4630 776 4699 quod
829 4629 1092 4696 dicimus,
1149 4627 1204 4684 et
1259 4641 1492 4698 sequens
1548 4639 1736 4683 versus
1785 4626 2062 4683 evidenter
2092 4633 2443 4700 Dcatoribus
2492 4633 2656 4700 favet,
2701 4633 3026 4702 proprieque
3065 4633 3166 4702 ipsi
3205 4635 3410 4688 amicus
3456 4636 3767 4706 est:123

479 4724 735 4778 ostendit.
2170 4726 2262 4781 ubi
2293 4737 2540 4795 tanquam
2570 4724 2622 4779 in
2667 4723 2940 4780 domicilio
2975 4739 3074 4780 suo
3101 4725 3295 4781 delicta
3321 4741 3548 4781 vernare
3589 4731 3742 4784 mani

556 4811 703 4870 Vers.
741 4815 793 4870 8.
820 4813 884 4868 In
906 4813 1108 4868 homine
1139 4812 1357 4882 faciente
1383 4812 1718 4881 iniquitatem.
1763 4813 1856 4869 Hic
1883 4811 2063 4868 decla-
2172 4817 2371 4874 festum
2399 4827 2501 4872 est.

481 4908 618 4962 ravi‘t
639 4907 779 4974 quod
810 4905 1056 4976 superius
1086 4905 1220 4959 dixit
1247 4921 1262 4961 :
1295 4905 1395 4972 Qui
1417 4917 1745 4978 prosperam
1765 4907 1817 4960 in
1841 4907 1920 4960 via
1940 4921 2056 4975 sua,
2237 4911 2388 4967 Vers.
2443 4908 2528 4964 12.
2577 4903 2836 4963 Mansueti
2871 4916 3039 4964 autem
3079 4911 3410 4977 possidebunt
3449 4920 3642 4966 terram
3664 4953 3680 4978 ,
3713 4922 3766 4968 et

483 4991 585 5055 lioc
611 5008 712 5065 εει,
741 5000 795 5052 in
815 4995 1017 5080 nomine
1041 4999 1614 5080 facienteiniquitatem,
1641 4999 1724 5054 vel
1747 5001 2059 5070 nequitiam,
2168 5002 2551 5059 delectabantur
2577 5000 2632 5054 in
2671 5000 3004 5070 multitudine
3030 5003 3195 5074 pacis.
3237 5000 3534 5066 Mansuetus
3570 5004 3765 5072 appel-

481 5094 634 5165 cujus
660 5100 814 5168 actus
837 5074 1004 5176 tuipis
1033 5084 1113 5148 est
1146 5100 1198 5146 ct
1223 5075 1482 5148 lucilénta
1515 5093 1747 5165 negmia.
1813 5171 1820 5176 _
2168 5096 2340 5151 lamus
2371 5109 2531 5176 manu
2560 5103 2866 5170 consuetos,
2902 5095 2953 5152 id
2984 5105 3065 5152 est
3089 5095 3354 5168 patientes
3385 5104 3440 5152 et
3466 5098 3646 5166 mites,
3673 5096 3770 5167 qui

554 5186 708 5242 γει-ς.
742 5185 794 5240 9.
829 5185 929 5240 Ile.
971 5171 1156 5240 Desine
1193 5185 1256 5239 ab
1293 5185 1372 5241 ira
1401 5197 1447 5241 et
1485 5187 1777 5257 derelinquc
1799 5171 2061 5256 furorem;
2169 5188 2376 5244 alienas
2413 5171 2720 5257 iniquitates
2751 5188 3002 5255 tolerant,
3031 5203 3138 5244 non
3169 5196 3227 5244 ut
3253 5189 3354 5260 ipsi
3383 5189 3617 5261 aliquem
3641 5206 3768 5260 gra-

479 5299 544 5338 ne
577 5279 832 5336 a'mulert't
875 5288 930 5334 ut
977 5273 1204 5349 nequiter
1244 5281 1425 5351 facias.
1469 5263 1658 5334 Desine
1707 5279 1780 5332 illi
1812 5275 1939 5334 dict
1968 5261 2058 5347 qui
2175 5297 2303 5338 vare
2334 5292 2680 5350 praesumant.
2723 5279 2828 5337 Sed
2867 5281 2987 5339 vide
3029 5292 3228 5353 quanta
3270 5284 3349 5340 vis
3377 5283 3446 5338 sit
3470 5283 3632 5339 istius
3661 5300 3764 5338 no-

479 5369 656 5430 adhuc
685 5361 872 5428 insano
897 5375 1058 5428 animi
1084 5383 1290 5429 tumore
1313 5368 1693 5439 remurmurat,
1724 5373 1810 5441 qui
1845 5369 2056 5452 inllam-
2168 5375 2348 5440 minis,
2377 5384 2432 5427 ut
2455 5389 2574 5430 cum
2621 5375 2905 5452 multarum
2939 5374 3193 5436 virtutum
3224 5389 3476 5444 capacem
3515 5389 3638 5431 esse
3663 5376 3764 5430 de-

481 5476 656 5523 matus
685 5467 760 5521 ira
801 5461 854 5522 et
882 5465 1242 5538 indignatione
1287 5465 1596 5537 blasphema
1639 5457 1796 5518 verba
1839 5464 2060 5534 profun-
2165 5477 2286 5526 ceat
2310 5468 2669 5526 Christianum
2695 5508 2710 5532 ,
2742 5469 2808 5521 ad
2855 5469 3242 5536 perfectionem
3287 5470 3450 5524 totis
3497 5468 3620 5524 boni
3664 5483 3766 5523 cx-

479 5559 592 5627 dit;
625 5569 682 5614 ut
710 5559 809 5615 sibi
838 5557 1146 5615 felicitatem
1190 5569 1434 5629 negatam
1463 5557 1644 5614 saeculi
1672 5565 2054 5625 conqueratur,
2163 5563 2463 5634 plicandam
2527 5571 2739 5620 emisre:
2787 5563 3044 5620 edictum,
3095 5564 3201 5620 Hos
3265 5564 3398 5619 dicit
3445 5580 3764 5635 ροιεειςινοε

480 5665 641 5722 quam
689 5647 886 5707 habere
917 5653 1179 5722 pessimos
1221 5660 1525 5705 contuetur.
1572 5645 1664 5702 Ira
1693 5655 1794 5712 est,
1841 5649 1978 5702 sicut
2007 5654 2062 5701 et
2165 5654 2465 5712 Jerusalem
2513 5654 2745 5712 futuram
2771 5695 2786 5726 ,
2821 5654 2888 5708 de
2931 5671 3036 5726 qua
3076 5671 3220 5727 saepe
3253 5655 3365 5726 jam
3406 5656 3606 5712 dictum
3657 5665 3760 5711 est.

480 5745 606 5802 alibi
633 5745 888 5815 diximus,
921 5763 1040 5818 quae
1076 5746 1240 5801 celeri
1288 5756 1434 5800 motu
1481 5731 1715 5800 animum
1745 5743 2059 5812 succendit;
2166 5745 2371 5804 Civitas
2395 5763 2511 5820 quae
2541 5762 2753 5818 semper
2785 5747 3046 5804 bonorum
3075 5749 3336 5810 suavitate
3357 5749 3622 5820 completa
3656 5757 3759 5815 est,

483 5827 627 5915 (uror
647 5840 738 5912 qui
765 5840 966 5896 diutius
992 5827 1321 5910 perseverat.
1361 5839 1500 5910 Ergo
1540 5848 1765 5909 utraque
1792 5854 1890 5896 nos
1912 5837 2067 5909 jubet
2168 5839 2258 5896 ubi
2287 5841 2404 5912 ejus
2433 5837 2762 5895 habitatores
2807 5854 2912 5896 non
2943 5841 3212 5900 mercibus
3254 5841 3496 5914 degunt,
3543 5843 3635 5898 sed
3677 5842 3760 5898 di-
