3996 6346
183 350 287 409 ΞΒΙ

1090 359 1455 426 nxrosmo
1494 358 1562 426 tu
1600 356 2059 431 PSALTERIUM.
2102 363 2299 433 esse.
2340 366 2583 434 xxxvr.

3372 370 3484 441 982?

182 467 312 522 vina
347 466 702 551 delectatione
732 474 1045 544 pascuntur.
1076 477 1191 536 Non
1224 482 1295 538 ibi
1328 484 1607 556 quisquam
1635 485 1786 543 labo-
1815 488 1869 549 A
1893 488 2089 560 quitur,
2120 500 2175 545 ut
2202 493 2447 565 dejiciant
2473 494 2676 565 inapent
2703 501 2749 549 et
2778 504 3077 566 pauperem.
3106 496 3243 569 Quid
3273 500 3486 560 intersit

182 570 272 615 rat
302 564 363 618 ut
393 564 560 630 vivat,
586 560 679 620 sed
712 582 776 622 ex
825 564 935 625 tdto
971 573 1181 645 quietus
1212 578 1403 647 accipit
1427 579 1567 649 quod
1596 580 1781 639 beatus

180 655 403 712 animus
434 658 805 730 concupiscit:
850 662 919 719 ibi
959 668 1131 723 oculis
1164 670 1342 726 cordis
1382 671 1535 729 beata
1578 677 1781 733 esuries

180 749 492 819 saginatur;
526 752 599 808 ibi
624 756 801 810 anima
823 759 939 813 solo
966 761 1083 817 visu
1112 756 1369 832 reﬁcitur,
1393 770 1606 838 quando
1630 771 1783 840 quid-

183 840 314 912 quid
352 844 418 899 ad
462 846 577 916 ejus
619 851 853 918 pertinet
890 844 1215 912 desiderium
1241 898 1256 926 ,
1303 859 1564 916 Dominici
1603 864 1780 919 vultus

183 939 645 1008 contemplatione
695 953 999 1013 praestatur.
1051 950 1343 1022 Sequitur,
1392 954 1781 1012 delectabantur

184 1026 239 1081 iu
264 1030 593 1089 multitudine
639 1038 801 1101 pacis.
859 1039 957 1096 Hic
990 1042 1100 1112 jam
1139 1047 1336 1101 veritas
1372 1046 1486 1117 ipsa
1529 1049 1779 1120 perfectae

182 1120 531 1209 beatitudinis
571 1128 871 1199 indicatur;
926 1144 983 1191 ut
1031 1152 1244 1209 semper
1294 1143 1534 1199 suaviter
1580 1148 1778 1205 sentia-

187 1217 277 1269 tur
316 1208 473 1303 omne
501 1225 643 1289 quod
684 1234 807 1292 est,
853 1243 953 1283 nec
990 1208 1278 1300 aliquando
1318 1238 1486 1305 possit
1525 1238 1778 1296 desinere

184 1307 331 1375 quod
358 1298 609 1369 delectat.
642 1315 772 1372 Nam
808 1328 863 1374 ut
892 1298 1201 1382 ostenderet
1245 1298 1412 1398 ipsam
1453 1330 1772 1388 delectatio-

184 1412 307 1453 nem
358 1405 505 1483 n_ulla
560 1411 945 1469 contrarietate
1002 1416 1265 1483 dissolvi,
1308 1421 1515 1477 addidit
1561 1425 1615 1477 in
1642 1426 1778 1480 mul-

184 1478 405 1551 titudini
443 1502 608 1585 pacis.
645 1503 759 1559 Pax
794 1507 939 1563 enitn
971 1510 1134 1567 futuri
1164 1515 1347 1571 saeculi
1387 1527 1490 1586 est,
1524 1520 1610 1573 ubi
1644 1520 1776 1576 nihil

183 1584 476 1645 adversum
502 1633 518 1655 ,
560 1594 691 1651 nihil
731 1609 904 1668 potest
944 1617 1081 1663 esse.
1102 1609 1431 1664 contrarium
1458 1650 1474 1676 ,
1525 1611 1621 1668 sed
1671 1629 1777 1669 uno

180 1678 355 1734 modo
383 1692 617 1754 coeptum
653 1690 900 1759 gaudium
939 1698 1255 1756 suavissime
1294 1714 1622 1771 perseverat.

256 1773 414 1832 Vers.
450 1779 532 1835 l3.
565 1781 711 1840 ZAIN.
748 1786 1041 1846 Observabit
1068 1808 1301 1864 peccator
1332 1797 1555 1869 justum,
1586 1810 1634 1855 et
1667 1802 1773 1872 [νε-
1826 1872 1829 1873 ν

1887 581 2026 637 inter
2065 584 2268 655 inopem
2304 594 2351 640 et
2389 604 2663 658 pauperem
2691 629 2706 655 ,
2758 598 2863 643 nun
2908 589 3067 663 longe
3113 588 3483 662 praediximus.

1886 674 2116 730 Pulchre
2141 684 2321 731 autem
2358 677 2558 733 dictum
2596 688 2707 744 est,
2741 689 2793 733 ut
2830 674 3111 752 deficiant,
3150 686 3300 751 quasi
3338 695 3485 742 stan-

1885 775 1991 821 tem
2032 776 2085 821 et
2126 764 2249 821 ﬁdei
2279 767 2474 822 robore
2500 772 2905 838 perdurantem.
2951 762 3279 844 Deﬁciuntur
3313 779 3481 846 enim,

1884 859 2010 913 dum
2042 862 2120 916 eis
2152 861 2470 915 tenebrosus
2501 870 2555 916 et
2582 865 2737 917 morti
2762 863 2956 919 similis
2983 878 3133 921 error
3162 864 3480 926 infunditur.

1884 952 2138 1022 Additur,
2171 958 2225 1007 ut
2253 953 2507 1008 trucident
2534 961 2697 1009 rectos
2723 955 2893 1010 corde.
2927 942 3037 1013 lluc
3064 960 3130 1015 de
3156 954 3482 1032 martyribus

1883 1052 2059 1116 potest
2086 1045 2337 1118 intelligi,
2370 1048 2463 1118 qui
2502 1048 2635 1105 recti
2665 1060 2792 1105 sunt
2820 1053 3017 1121 corde,
3049 1054 3143 1110 sed
3170 1061 3334 1115 carne
3365 1062 3482 1116 nu;

1885 1139 2157 1196 cidautur.

1956 1232 2108 1289 Vere.
2159 1232 2249 1289 16.
2289 1232 2503 1289 Tnn'rn.
2549 1232 2769 1291 Gladius
2816 1240 2991 1293 eorum
3034 1241 3188 1297 intret
3221 1244 3276 1298 in
3314 1245 3477 1301 corda

1880 1325 2140 1396 ipsorum,
2184 1333 2229 1380 et
2258 1340 2409 1380 arcus
2459 1343 2633 1381 eorum
2682 1330 3057 1403 confringatur.
3098 1333 3239 1389 Bene
3285 1336 3484 1395 dicitur

1881 1417 2088 1490 gladius
2117 1418 2378 1488 quidquid
2409 1428 2635 1474 conatur
2666 1423 3015 1493 exstinguere
3035 1468 3048 1490 ,
3082 1428 3296 1496 quando
3334 1432 3482 1488 ensis

1881 1511 2208 1580 expletivam
2239 1527 2408 1583 genus
2449 1527 2721 1568 armorum
2762 1520 2846 1570 est
2874 1515 2941 1570 ad
2979 1521 3170 1576 mortis
3209 1522 3481 1586 eﬁ'ectum.

1884 1602 2101 1660 Gladius
2131 1608 2274 1662 enim
2306 1607 2503 1663 dicitur
2527 1650 2541 1674 ,
2584 1610 2674 1679 qui
2707 1610 2763 1664 lit
2790 1610 2855 1665 ad
2888 1602 3119 1668 hostium
3169 1614 3370 1671 clades.
3415 1617 3481 1673 Et

1879 1705 1934 1751 ut
1967 1698 2104 1752 scias
2138 1698 2371 1768 gladium
2403 1699 2564 1755 istum
2605 1700 2673 1755 de
2701 1702 3027 1774 cogitatione
3060 1707 3306 1774 venisse,
3337 1710 3481 1764 reci-

1882 1803 2044 1857 proca
2074 1792 2338 1847 sententia
2373 1791 2539 1861 dixit,
2572 1796 2726 1850 intret
2766 1798 2818 1851 in
2846 1799 3003 1853 corda
3041 1802 3267 1873 ipsorum
3290 1844 3306 1870 ,
3339 1804 3482 1861 unde

182 1877 282 1923 met
310 1886 467 1943 super
490 1892 603 1928 eum
630 1878 863 1935 dentibus
885 1884 1011 1938 suis.
1039 1886 1294 1953 Quamvis
1315 1889 1384 1945 de
1407 1892 1777 1960 peccatoribus

1884 1881 2088 1936 scilicet
2131 1892 2390 1952 venerat,
2438 1895 2491 1941 et
2538 1890 2806 1957 perversis
2851 1892 3197 1958 grassabatur
3247 1897 3478 1955 insidiis.

182 1972 239 2018 et
258 1962 418 2032 justis
448 1968 641 2036 psalmi
671 1972 829 2043 hujus
858 1987 1107 2034 contexta
1137 1982 1384 2038 videatur
1410 2000 1532 2041 esse
1566 1987 1775 2055 relatio,

184 2060 363 2115 tamen
395 2060 518 2118 huic
548 2066 667 2123 loco
696 2084 801 2125 non
838 2072 1144 2141 importune
1164 2075 1413 2133 dabimus
1433 2078 1776 2150 divisionem,

183 2152 397 2224 quando
436 2158 577 2216 inter
612 2161 757 2230 ipsas
795 2165 1173 2225 similitudines
1214 2186 1410 2228 novum
1455 2174 1655 2246 aliquid
1694 2178 1776 2233 in-

187 2246 491 2304 troductum
520 2267 642 2308 esse
670 2257 921 2313 sentitur.
947 2261 1284 2331 Quapropter
1310 2265 1381 2320 sit
1408 2268 1564 2322 nobis
1586 2267 1671 2324 hic
1699 2284 1780 2324 se-

188 2345 370 2401 cunda
414 2349 647 2417 partitio.
696 2350 956 2421 Superius
1003 2357 1148 2412 enim
1200 2358 1413 2414 dixerat
1451 2359 1636 2417 ﬁdeles
1669 2376 1776 2419 non

185 2434 391 2492 debere
420 2438 609 2509 impios
655 2445 924 2511 aemulari,
975 2462 1119 2505 nunc
1156 2450 1288 2506 dicit
1338 2463 1650 2522 peccatores
1680 2471 1775 2511 su-

184 2540 279 2595 pra
314 2527 491 2603 jusms
526 2533 716 2590 invidia
751 2536 982 2594 faciente
1021 2543 1279 2612 torqueri.
1323 2544 1540 2601 Diversa
1580 2551 1777 2620 quippe

180 2616 432 2673 voluntas
473 2621 620 2693 justo
658 2626 838 2699 odium
879 2640 1054 2699 parat.
1093 2632 1224 2689 Nam
1256 2639 1470 2706 quando
1508 2616 1777 2696 illumvi-

178 2704 278 2763 det
304 2711 617 2793 sceleratus
656 2716 805 2775 bonis
843 2722 1085 2780 moribus
1125 2704 1345 2796 operam
1385 2730 1546 2797 dare,
1586 2732 1678 2788 ille
1715 2749 1776 2791 se

180 2800 364 2856 credit
395 2807 703 2885 specialiter
728 2816 993 2870 accusari:
1032 2818 1229 2875 stridet
1252 2820 1507 2881 dentibus
1532 2864 1547 2892 ,
1596 2826 1775 2884 fremit

177 2894 396 2960 animo;
430 2905 483 2975 et
508 2898 658 2970 cujus
688 2918 794 2959 non
834 2916 1010 2977 potest
1039 2926 1219 2977 mores
1246 2914 1581 2983 subvertere,
1611 2919 1771 2976 vitam

179 2982 349 3054 ipsam
382 2990 623 3073 protinus
650 3006 875 3073 conatur
896 3000 1127 3059 auferre.
1158 2986 1480 3076 observabit,
1515 3012 1669 3081 quasi
1694 3013 1762 3069 de

178 3078 403 3134 occultis
432 3079 637 3139 insidiis
663 3101 783 3144 cum
815 3090 1003 3150 dolore
1038 3096 1313 3167 respiciet.
1346 3078 1598 3158 Dentibus
1626 3106 1773 3160 enim

180 3170 396 3237 fremere
424 3173 706 3245 furentium
733 3180 1034 3247 belluarutn
1079 3199 1192 3255 est,
1223 3207 1356 3263 quas
1389 3193 1629 3251 imitatur
1670 3199 1777 3254 ira-

1884 1973 2074 2027 Arcum
2119 1974 2352 2032 diximus
2404 1979 2669 2037 occultam
2723 1982 3006 2054 designare
3054 1986 3310 2045 malitiam
3360 1999 3481 2061 quae

1883 2080 2067 2125 contra
2098 2072 2573 2133 innocentissimos
2601 2081 2913 2149 parabatur.
2936 2081 3040 2137 Sed
3067 2082 3203 2140 hanc
3224 2086 3482 2159 confringi

1883 2159 2037 2227 dixit,
2067 2164 2189 2234 quia
2240 2180 2347 2220 non
2376 2176 2491 2221 erat
2524 2168 2772 2226 fidelibus
2804 2173 2859 2226 in
2902 2174 3093 2229 animm
3138 2186 3288 2246 parte
3332 2180 3481 2235 noci-

1882 2262 2018 2310 tura.
2057 2258 2122 2311 Et
2154 2260 2364 2330 respice
2399 2264 2652 2332 quoniam
2692 2266 2808 2334 ipsa
2841 2268 3000 2323 verba
3029 2272 3147 2338 quae
3176 2272 3230 2327 in
3270 2271 3479 2329 facino-

1881 2346 2029 2402 ribus
2053 2350 2251 2418 p0suit,
2284 2352 2472 2408 eadem
2502 2354 2635 2409 etin
2660 2356 2892 2413 vindicta
2920 2360 3226 2429 geminavit,
3258 2374 3479 2434 propter

1879 2437 2024 2494 illam
2057 2442 2261 2499 scilicet
2292 2444 2567 2518 Evangelii
2612 2453 2966 2506 sententiam:
3002 2450 3067 2507 In
3102 2458 3205 2524 qua
3234 2450 3475 2515 diensura

1879 2532 2044 2585 triensi
2064 2532 2284 2602 fueritis,
2310 2537 2361 2590 in
2387 2539 2562 2591 eadem
2581 2540 2866 2596 remetietur
2892 2544 3030 2598 vobis
3058 2545 3208 2616 (Luc.
3233 2563 3303 2611 vt,
3330 2548 3445 2622 38).

1952 2631 2104 2687 Vers.
2140 2635 2224 2689 17.
2269 2635 2457 2691 Helius
2484 2649 2557 2693 est
2594 2641 2848 2695 modicum
2886 2645 3029 2715 justo
3068 2650 3223 2714 super
3267 2648 3474 2707 divitias

1880 2733 2206 2792 peccatorum
2230 2722 2437 2784 multas.
2472 2729 2561 2786 Pia
2591 2728 2764 2787 mater
2785 2737 2933 2804 quasi
2962 2736 3132 2792 bonos
3159 2740 3295 2795 lilios
3318 2758 3476 2797 oscu-

1882 2817 1999 2873 lans
2027 2826 2188 2888 atque
2216 2823 2603 2890 complectens,
2645 2826 2821 2881 adhuc
2849 2828 2901 2881 in
2930 2840 3120 2884 eorum
3150 2834 3475 2890 consolatio-

1879 2910 2036 2966 nibus
2062 2922 2402 2981 perseverat,
2444 2916 2675 2972 suadens
2710 2919 2889 2973 metius
2916 2936 3023 2976 esse
3053 2924 3309 2978 modicum
3327 2927 3474 2997 justo

1877 3020 2029 3073 super
2068 3006 2271 3059 divitias
2308 3015 2655 3076 peccatorum.
2707 3010 2813 3067 Sed
2862 3012 3201 3070 intendamus
3239 3016 3365 3086 quid
3404 3020 3473 3076 sit

1880 3098 2135 3151 medicum
2159 3113 2180 3153 :
2219 3098 2338 3167 quia
2377 3098 2549 3168 ipsum
2584 3111 2663 3157 est
2695 3103 2837 3173 quod
2876 3104 3041 3160 efﬁcit
3078 3106 3320 3179 magnus.
3357 3110 3474 3166 Μο-

1879 3191 2047 3243 dicum
2074 3190 2158 3245 hic
2185 3193 2450 3247 sentiatur
2481 3192 2772 3261 humilitas,
2802 3196 2851 3250 in
2881 3213 2982 3268 qua
3016 3194 3139 3255 dum
3174 3204 3233 3257 se
3258 3205 3472 3262 animus

179 3259 425 3330 cundns,
472 3264 596 3324 dum
657 3274 901 3343 proximo
951 3278 1185 3336 minatur
1232 3259 1534 3343 interitum.
1591 3290 1766 3360 Atque
1797 3279 1842 3344 C
1874 3297 2056 3343 noster
2097 3288 2354 3355 cohibet,
2385 3290 2565 3345 mundi
2600 3290 2831 3362 pretiosa
2865 3297 3216 3353 transcendit.
3248 3297 3468 3373 Contra,

183 3345 298 3373 ζιελ..
358 3351 527 3373 ---.I__
577 3371 587 3373 Α
633 3367 645 3373 -
688 3361 739 3373 ..ι
994 3367 1007 3373 -
1079 3371 1088 3373 -

181 3345 301 3442 ideo
357 3351 529 3442 pudor
565 3367 651 3413 est
686 3361 808 3417 illos
852 3367 1133 3437 aemulari,
1185 3374 1275 3442 qui
1323 3374 1476 3432 bonis
1533 3345 1773 3437 invident

181 3436 388 3510 alienis,
404 3440 531 3502 dum
554 3459 856 3512 extremum
876 3472 934 3515 se
956 3462 1210 3530 testimat,
1239 3481 1398 3535 quem
1416 3469 1629 3527 invidiae
1655 3488 1773 3529 rea-

182 3538 270 3585 tus
295 3546 535 3594 accusat.

253 3610 408 3683 Vera.
444 3626 527 3687 14.
573 3636 823 3713 Dominus
862 3652 1031 3699 autem
1076 3647 1308 3707 irridebit
1344 3669 1491 3725 eum,
1533 3660 1774 3726 quoniam

178 3719 423 3790 prospicit
450 3725 589 3792 quod
620 3730 781 3785 veniet
813 3734 920 3788 dies
953 3738 1081 3808 ejus.
1119 3739 1374 3799 Mirabilis
1405 3719 1557 3803 nobis
1603 3747 1773 3807 forma

177 3808 567 3874 consolationis
606 3820 930 3882 ostenditur.
975 3830 1104 3898 Quis
1133 3833 1276 3889 enim
1314 3835 1475 3894 debet
1512 3840 1773 3898 delectari

175 3901 296 3972 eius
328 3921 541 3978 pompa,
579 3914 730 3984 cujus
761 3920 1051 3987 perituram
1081 3927 1228 3981 novit
1272 3929 1599 3988 audaciam?
1640 3936 1775 3992 Nam

175 3994 224 4051 si
255 3999 501 4057 nolumus
527 4002 704 4077 aliquo
727 4012 846 4067 zelo
871 4016 1149 4088 confundi,
1182 4014 1472 4093 sequamur
1502 4026 1604 4085 hoc
1626 4032 1771 4101 quod

174 4088 438 4181 Dominus
483 4090 626 4155 facit.
680 4094 1005 4188 Iriideamus
1052 4129 1167 4167 eum
1205 4118 1362 4187 cuju»
1411 4121 1775 4190 praevidemus

171 4178 461 4252 occasum;
496 4187 798 4279 indicemus
846 4184 1113 4271 infelicia,
1147 4178 1289 4277 quae.
1319 4178 1776 4279 deprehendimus

173 4285 299 4331 esse
326 4278 582 4347 peritura.
622 4276 956 4348 Finniss‘ime
996 4276 1278 4353 credamus
1312 4276 1437 4355 talia
1464 4342 1481 4369 ,
1521 4306 1773 4373 quoniam

173 4368 335 4472 pobis
362 4386 391 4428 a
421 4377 647 4435 veritate
684 4385 946 4453 pramissa
979 4402 1123 4447 sunt.
1156 4392 1247 4451 Sic
1292 4396 1402 4468 ﬁet,
1437 4368 1495 4456 ut
1523 4368 1775 4473 peccator

174 4459 371 4611 ini'isus
412 4466 705 4543 abscedat,
751 4478 840 4548 qui
888 4494 948 4538 se
996 4482 1214 4555 fugitiva
1265 4459 1540 4551 felicitate.
1577 4459 1774 4570 pratia;

174 4566 234 4611 et
260 4566 354 4611 tat.

173 4566 354 4615 etitat.

177 4749 500 4805 tetenderunt
540 4750 717 4811 arcum
742 4758 889 4816 suu'm
911 4807 927 4833 ,
971 4776 1025 4821 ut
1063 4771 1305 4840 dejiciant
1335 4777 1537 4850 inopem
1567 4792 1612 4836 et
1638 4800 1773 4855 pauc

174 4853 389 4909 perem,
432 4853 489 4897 ut
525 4851 773 4907 trucidcnt
810 4867 972 4912 rectas
999 4865 1181 4920 corde.
1219 4866 1437 4926 Gladius
1476 4851 1773 4943 peccaturis

171 4935 507 5029 est-quilibet
553 4942 707 5001 dolus
754 4949 973 5008 alterius
1003 4968 1264 5027 appetens
1295 4935 1594 5025 laesion-em.
1638 4935 1771 5029 Nam

171 5026 345 5126 eti-lle
375 5031 704 5126 quixinopem
744 5032 976 5110 spoliare
1010 5026 1323 5122 contendit,
1364 5072 1614 5126 perverse
1642 5078 1771 5120 cou-

172 5116 393 5215 siliis'ui
433 5104 668 5215 giadium
712 5131 927 5201 educit;
969 5146 1021 5192 et
1058 5138 1151 5195 ille
1190 5144 1278 5214 qui
1307 5104 1481 5215 ,piava
1523 5155 1774 5213 suasione

171 5205 448 5314 desiderat
482 5210 731 5289 decipere
769 5224 974 5283 animas
1001 5228 1351 5302 innocentes,
1390 5254 1573 5296 ensem
1604 5246 1771 5314 pessi-

90 5314 95 5319 ·
171 5315 284 5355 ma
312 5298 650 5379 cogitationis
681 5308 931 5375 Ostendit.
968 5319 1380 5394 Evaginaverunt
1406 5344 1582 5389 autem
1604 5298 1773 5408 signi-

173 5394 307 5452 ﬁcat
353 5394 723 5476 nudaverant;
774 5420 832 5466 ut
862 5416 1001 5482 quod
1045 5427 1169 5473 ante
1200 5430 1315 5474 erat
1363 5420 1414 5477 in
1451 5394 1772 5497 cogitatione

170 5499 430 5584 tanquam
464 5498 518 5554 in
550 5503 737 5573 vagina
768 5510 1100 5567 reconditum
1126 5554 1142 5580 ,
1180 5526 1299 5584 post
1328 5517 1574 5576 eductum
1618 5540 1775 5583 reve-

168 5576 301 5639 latis
342 5590 755 5657 cogitationibus
790 5613 1091 5668 appareret.
1132 5576 1320 5660 Arcum
1346 5610 1487 5664 enim
1529 5614 1733 5672 taedere
1757 5656 1772 5685 ,

170 5690 286 5765 non
313 5683 492 5737 statim
525 5688 779 5757 sagittare
807 5700 909 5759 est,
936 5694 1027 5749 sed
1061 5706 1301 5766 paratum
1334 5712 1491 5771 atque
1512 5683 1771 5765 intentum

168 5760 455 5842 designat,
504 5780 656 5847 aperi
707 5760 1470 5861 fraudulento-exspectantes
1520 5804 1775 5869 tempus,

166 5862 393 5938 quando
429 5866 640 5942 postiitit
685 5874 955 5950 simplices
1002 5876 1316 5943 innocentes
1354 5862 1645 5960 decipere.“
1671 5862 1773 5950 Se;

1877 3381 2067 3436 divitia:
2096 3392 2214 3436 sunt
2245 3386 2571 3450 peccatorum
2603 3387 2781 3441 multa,
2806 3430 2820 3453 ,
2864 3387 2915 3442 id
2946 3398 3027 3444 est
3064 3393 3340 3461 congestio
3370 3396 3475 3449 cri-

1876 3476 2101 3539 minum,
2134 3484 2189 3530 et
2216 3476 2539 3532 abundantia
2570 3477 2910 3536 delictorum.
2939 3480 3093 3537 Unde
3121 3494 3376 3551 quantum
3404 3478 3475 3542 s't

1876 3569 2090 3633 melius,
2122 3571 2450 3625 aestimemus
2475 3572 2733 3626 modicum
2764 3573 2890 3629 illud
2921 3573 3052 3644 justi
3087 3578 3386 3646 percipere,
3418 3588 3474 3636 et

1876 3662 2071 3718 molem
2104 3672 2371 3719 tantorum
2412 3665 2677 3721 scelerum
2718 3684 2824 3723 non
2862 3668 3091 3735 habere;
3133 3671 3261 3726 illud
3304 3674 3472 3742 siqui-

1875 3753 1996 3811 dem
2044 3754 2111 3810 ad
2150 3757 2412 3812 caelorum
2456 3774 2616 3829 regna
2671 3762 2931 3830 perducit,
2981 3762 3119 3819 istud
3168 3776 3343 3820 autem
3388 3768 3474 3822 de-

1878 3847 2071 3917 mergit
2116 3849 2166 3901 in
2211 3858 2494 3905 tartarum.
2543 3851 2655 3905 Hoc
2700 3864 3069 3923 argumentum
3115 3863 3340 3910 tractum
3387 3866 3471 3913 est

1877 3956 1941 3995 ex
1973 3942 2298 4009 contrariis;
2345 3946 2675 3999 contrarium
2722 3956 2803 4000 est
2831 3946 2974 4002 enim
3016 3948 3275 4013 modicum
3300 3949 3470 4020 justi,

1876 4048 2033 4104 quam
2062 4032 2240 4088 multa:
2267 4034 2462 4089 divitiw
2492 4036 2798 4104 peccatoris.

1954 4136 2102 4190 Vers.
2140 4136 2227 4193 18.
2282 4137 2533 4203 Quoniam
2580 4138 2793 4192 brachia
2838 4150 3166 4209 peccatorum
3204 4151 3467 4203 conteren-

1879 4228 2283 4298 tur:con/irmat
2312 4240 2481 4283 autem
2500 4233 2670 4301 justas
2706 4230 2974 4287 Dominus.
3005 4231 3231 4287 Brachia
3257 4234 3471 4305 iniquo-

1876 4336 1995 4376 rum
2040 4321 2299 4391 superbas
2342 4322 2647 4393 signiﬁcant
2682 4325 2954 4394 actiones,
2996 4326 3047 4382 in
3078 4328 3271 4398 quibus
3320 4330 3469 4399 impii

1877 4419 2241 4484 przesutnunt,
2284 4412 2410 4469 dum
2454 4414 2595 4468 nulla
2642 4418 2870 4473 rationis
2906 4419 3341 4477 consideratione
3377 4422 3470 4479 ﬁe-

1877 4514 2112 4561 cutntur.
2166 4507 2229 4561 Et
2277 4522 2385 4562 non
2434 4506 2604 4577 dixit,
2643 4508 2959 4579 franguntur
2986 4556 3000 4580 ,
3039 4515 3180 4585 quod
3217 4530 3326 4569 uno
3368 4517 3474 4573 ictu

1842 4609 2088 4667 poterat
2134 4599 2446 4670 provenire;
2487 4601 2581 4657 sed
2622 4614 2946 4660 conterentur
2971 4646 2985 4671 ,
3039 4605 3090 4660 id
3135 4615 3219 4661 est
3258 4607 3470 4664 assidua

250 4651 404 4709 Vers.
441 4659 527 4716 15.
556 4660 727 4755 lie‘rn.
760 4666 1008 4728 Gladium
1033 4679 1428 4748 euaginaverunt
1453 4697 1768 4762 peccatores,
1794 4662 1849 4724 D

1877 4695 2062 4751 tritura
2109 4696 2438 4764 minuentur,
2466 4697 2591 4752 dum
2633 4713 2845 4769 semper
2872 4700 3091 4769 gravius
3122 4701 3192 4755 sit
3218 4715 3313 4769 per
3348 4717 3473 4770 par-

1878 4797 1957 4841 tes
2010 4788 2251 4842 imminui
2298 4803 2456 4858 quam
2487 4788 2662 4843 subita
2702 4790 2855 4845 clade
2894 4792 3156 4846 consumi.
3187 4790 3293 4847 Sed
3332 4793 3471 4849 sicut

1878 4884 2070 4953 impios
2117 4884 2209 4938 tali
2248 4884 2681 4942 interminatione
2716 4888 2988 4954 debilitat,
3022 4887 3090 4941 ita
3124 4887 3303 4957 justos
3334 4888 3470 4944 bona

1876 4976 2239 5044 promissione
2268 4978 2570 5035 conﬁrmat.
2595 4978 2916 5049 Con/ﬁrmare
2941 4979 3084 5034 enim
3112 4991 3195 5036 est
3222 4981 3276 5036 in
3303 4981 3471 5038 animi

1878 5065 2168 5123 afﬂictione
2218 5068 2450 5138 positum
2490 5070 2850 5125 consolatorie
2898 5086 3151 5127 sermone
3185 5073 3468 5132 roborare.

1876 5159 2026 5228 Quod
2055 5161 2096 5214 si
2126 5161 2261 5218 bene
2290 5164 2572 5230 respicias,
2599 5164 2691 5219 tali
2719 5164 2865 5219 dicto
2889 5166 3053 5224 totius
3078 5168 3264 5238 psalmi
3292 5170 3465 5227 virtus

1875 5267 2128 5321 expressa
2161 5262 2261 5308 est.
2293 5255 2410 5310 Istis
2451 5256 2593 5311 enim
2641 5258 2891 5313 omnibus
2928 5262 3214 5317 sententiis
3255 5262 3467 5333 agitur,

1875 5356 2005 5403 utet
2030 5350 2376 5419 praisumptio
2414 5351 2713 5419 peccatoris
2739 5353 3057 5424 dejiciatur,
3090 5368 3143 5414 et
3179 5357 3311 5428 justi
3353 5359 3471 5414 ani-

1877 5454 1997 5494 mus
2034 5441 2359 5497 sublevetur.
2394 5444 2525 5509 Quae
2564 5442 2730 5515 ﬁgura
2775 5447 2971 5503 dicitur
3017 5452 3326 5521 paradigma
3349 5493 3366 5520 ,
3413 5455 3467 5513 id

1879 5540 1961 5586 est
1989 5533 2290 5603 exemplum
2337 5534 2599 5591 hortantis
2656 5539 2741 5593 vel
2783 5540 3131 5599 deterrentis.
3178 5545 3328 5612 Quod
3381 5546 3468 5603 hic

1877 5638 2089 5701 quoque
2119 5625 2314 5680 tactum
2345 5635 2461 5691 est,
2506 5644 2627 5684 cum
2654 5630 2830 5700 jnstos
2860 5633 3051 5689 invitat
3079 5639 3382 5708 prosperis,
3410 5649 3469 5698 et

1878 5696 2186 5785 peccatores
2217 5727 2383 5773 terret
2408 5696 2671 5778 adversis:

1949 5805 2101 5887 γει-ξ.
2139 5807 2224 5869 19.
2254 5807 2375 5865 Joo.
2406 5809 2561 5866 Novit
2584 5810 2836 5870 Dominus
2858 5816 2966 5872 vias
2991 5816 3462 5889 immaculatorum;

1876 5904 1922 5950 et
2140 5898 2412 5957 lueredt'tas
2445 5917 2620 5958 eorum
2646 5904 2699 5958 in
2726 5914 2973 5961 aternum
3005 5907 3117 5962 crit.
3150 5880 3463 5969 Immacuta:
