3996 6346
499 340 602 399 265

1724 326 1795 380 Μ.
1837 318 2113 380 annum
2150 291 2566 386 cassrooom

3666 308 3770 362 264

499 468 668 514 torum
701 456 814 511 vias
864 453 1096 509 humana
1143 445 1444 521 ignorantia
1484 457 1590 500 non
1626 449 1806 514 potest
1846 437 2080 494 intueri:
2111 440 2165 496 Α
2190 440 2246 488 et
2275 440 2391 486 orta
2437 431 2504 485 ab
2531 440 2637 521 uno
2668 424 2770 480 sibi
2795 437 3032 521 consona
3071 419 3422 478 similitudine
3442 419 3769 521 derivantur.

499 553 624 622 quia
653 547 804 605 carni
829 542 1272 614 imperspicabilis
1301 548 1382 595 est
1411 537 1492 590 via
1529 541 1751 604 angusta
1780 533 2032 586 virtutum
2063 545 2079 596 ;

503 642 762 698 Dominus
807 649 1008 704 autem,
1038 636 1128 707 qui
1157 648 1248 688 eas
1286 629 1546 692 condidit,
1581 626 1925 696 integerrima
1955 638 2080 697 qua.

504 735 652 790 litate
677 743 732 788 et
766 731 1061 802 quantitate
1109 723 1404 792 cognoscit.
1455 719 1560 776 Sed
1607 718 1690 771 his
1729 715 1920 770 talibus
1960 713 2084 784 quid

2261 523 2412 580 Vers.
2438 522 2529 576 22.
2563 520 2806 575 Lanam.
2839 515 3113 571 Mutantur
3136 525 3369 586 peccator
3389 523 3434 569 et
3457 530 3560 568 non
3581 513 3775 580 solvet;

2181 621 2355 690 justus
2369 623 2540 668 autem
2557 611 2826 666 miseretur
2845 619 2891 663 et
2907 607 3217 663 commodat.
3238 605 3505 661 Mutuatur
3527 615 3776 675 peccator,

2189 708 2401 780 quando
2423 705 2645 762 verbum
2667 701 2764 758 Dei
2805 700 2978 768 audit,
3013 710 3198 754 etnon
3229 697 3358 752 illud
3388 700 3500 753 suis
3531 698 3784 767 operibus

503 788 798 899 provenire.
831 822 994 893 possit
1035 788 1291 887 exponit:
1331 812 1620 868 ereditas
1649 824 1824 863 eorum
1858 807 1914 860 in
1942 814 2090 860 ceter-
2190 788 2582 899 repraesentat...
2609 795 2720 899 Hoc
2761 803 2848 899 est
2885 793 3029 899 enim
3061 808 3164 845 non
3189 790 3418 895 soluere,
3447 789 3603 899 jussa
3633 790 3788 899 milii-

503 883 627 976 itum
671 919 783 974 erit.
829 883 1121 969 hereditas
1165 924 1340 964 eorum
1377 913 1460 961 est
1503 901 1741 960 caelestis
1786 898 2089 954 Jerusalem
2192 907 2280 948 me
2312 889 2616 946 Divinitatis
2649 886 2893 955 implere.
2929 884 3204 939 Mutuatur
3233 885 3392 939 etiam
3425 883 3645 953 quando
3700 884 3790 940 Dei

509 1024 705 1069 aeterna
731 1023 858 1080 pace
887 1004 1174 1068 ditissima,
1194 1015 1315 1070 qute
1337 985 1540 1054 merito.
1558 996 1716 1050 toties
1738 991 2090 1062 promittitur,

507 1116 567 1163 ut
593 1119 733 1162 veras
757 1098 1157 1173 pollicitationis
1181 1093 1500 1166 ambiguitas
1521 1089 1818 1145 auferatur.
1854 1085 1919 1138 In
1943 1093 2104 1139 (eleb.

509 1224 632 1263 num
657 1207 785 1270 erit,
829 1210 1048 1274 propter
1090 1195 1386 1252 mundanas
1433 1189 1776 1246 haereditates
1823 1176 2095 1254 adjectum

509 1313 613 1368 eSt,
640 1313 760 1372 quae
790 1305 1007 1352 aeternae
1034 1305 1154 1347 esse
1180 1303 1288 1343 non
1329 1296 1580 1356 possunt:
1608 1284 1698 1338 illa
1729 1280 1872 1336 enim
1902 1290 2098 1348 perpe-

511 1408 599 1453 tua
629 1391 964 1457 conceditur,
996 1385 1247 1457 quoniam
1278 1383 1394 1436 sine
1417 1379 1526 1434 ﬁne
1555 1384 1859 1448 praestatur.

591 1489 739 1543 Vers.
771 1484 862 1539 20.
899 1481 1020 1536 Non
1050 1475 1432 1547 confundantur
1461 1475 1513 1526 in
1540 1482 1764 1542 tempore
1795 1467 1952 1532 malo,
1975 1473 2020 1520 et
2049 1464 2104 1518 in

513 1579 686 1636 diebus
728 1576 877 1648 {antis
920 1571 1308 1626 saturabuntur.
1359 1565 1561 1619 Malum
1598 1571 1794 1630 tempus
1835 1556 2106 1628 signiﬁcat

513 1673 656 1729 diem
677 1667 882 1739 judicii,
904 1661 1116 1734 quando
1140 1659 1316 1714 omnis
1338 1671 1464 1712 caro
1485 1654 1714 1710 sollicita
1739 1663 1952 1706 actuum
1977 1661 2124 1714 suos

516 1784 634 1825 rum
653 1741 1058 1820 retributionem
1081 1753 1673 1824 compensationemque
1696 1745 1966 1808 formidat,
2005 1744 2108 1796 sic—

791 1816 919 1908 dicit
961 1869 975 1906 :
1018 1849 1084 1902 In
1121 1816 1219 1903 die-
1247 1848 1384 1900 mala
1417 1816 1652 1898 liberabit
1692 1857 1806 1897 eum
1850 1838 2102 1892 Dominus
2137 1816 2186 1876 Β

517 1951 689 2026 (Psal.
722 1965 809 2015 XL,
838 1947 918 2018 2).
947 1944 1018 2012 In
1048 1945 1151 1999 isto
1176 1956 1305 2012 ergo
1335 1951 1559 2009 tempore
1589 1954 1694 2012 non,
1727 1934 2105 2006 confundantur

516 2041 864 2106 immaculati,
892 2038 1083 2108 quibus
1107 2050 1200 2104 per
1226 2037 1454 2105 gratiam
1479 2028 1866 2085 satisfactionis
1891 2032 2104 2092 peccata

516 2135 735 2192 dimissa
765 2142 912 2189 sunt.
944 2129 1214 2199 Sequitur,
1245 2136 1291 2180 et
1323 2127 1376 2180 in
1415 2124 1591 2179 diebus
1619 2122 1771 2192 famis
1793 2117 2106 2174 saturabitu-

518 2237 622 2283 tur.
666 2223 788 2279 Dies
829 2223 1001 2294 famis,
1045 2228 1256 2288 tempus
1317 2216 1476 2288 hujus
1520 2213 1702 2270 mundi
1759 2211 2104 2283 signiﬁcant,

517 2317 730 2388 quando
758 2315 899 2371 beati
925 2313 1169 2369 esuriunt
1194 2320 1249 2365 et
1290 2309 1477 2364 sitiunt
1499 2307 1765 2376 justitiam
1797 2301 2017 2376 (Matth.
2049 2306 2105 2363 v,

519 2410 595 2482 6).
625 2409 757 2464 Nam
789 2407 842 2462 in
871 2405 1264 2462 resurrectione
1288 2401 1454 2472 justis
1496 2415 1603 2454 non
1644 2407 1726 2451 est
1760 2405 1970 2464 tempus
2023 2393 2107 2446 l'a-

519 2504 641 2569 mis,
673 2502 768 2556 sed
796 2502 1056 2557 bonorum
1085 2497 1322 2551 omnium
1349 2503 1550 2549 aeterna
1599 2491 1844 2546 satietas.
1883 2488 2026 2556 Ergo
2055 2485 2123 2566 in,

522 2593 623 2648 hoc
660 2591 878 2654 mundo,
909 2591 1000 2645 ubi
1026 2588 1155 2659 justi
1208 2595 1431 2657 possunt
1460 2585 1669 2639 esurire
1692 2623 1707 2647 ,
1751 2581 1833 2636 vel
1866 2591 2111 2650 quaerere

515 2686 802 2759 justitiam,
834 2682 1224 2747 saturabantur,
1251 2665 1475 2746 scilicet,
1515 2693 1609 2748 per
1638 2675 1942 2742 Scripturas
1985 2687 2110 2726 san-

519 2790 653 2846 ctas,
683 2795 778 2848 per
802 2779 1045 2848 exempla
1071 2773 1364 2839 dominica,
1399 2785 1494 2839 per
1517 2767 1897 2825 retributiones
1925 2763 2112 2833 saepis-

517 2875 652 2928 sime
682 2869 1055 2942 repromissas,
1103 2865 1297 2938 quibus
1327 2863 1500 2933 epulis
1531 2861 1715 2916 ﬁdeles
1762 2857 1921 2913 satiat
1955 2854 2114 2911 Chri-

516 2961 742 3022 stianos.
803 2966 1141 3032 Quapropter
1206 2959 1410 3014 devotis
1471 2953 1800 3026 promittitur
1871 2948 2108 3019 perlecta

519 3059 799 3122 securitas,
835 3066 891 3110 ut
917 3056 970 3110 in
1001 3055 1178 3110 l'uturo
1213 3051 1417 3122 judicio
1448 3064 1553 3103 nou
1583 3048 1939 3111 erubescant,
1972 3053 2027 3100 et
2057 3043 2112 3098 in

521 3152 625 3209 hoc
656 3149 854 3207 mundo
883 3147 1240 3217 competentia
1267 3147 1408 3198 dona
1440 3144 1761 3211 percipiant.
2095 3144 2097 3146 ’

537 3235 540 3238 ’
592 3245 749 3300 Vers.
773 3244 864 3297 2i.
898 3242 1065 3296 Cara.
1102 3239 1361 3306 Quoniam
1387 3244 1677 3307 peccatores
1708 3232 1972 3303 peribunt,
2007 3229 2110 3283 ini-

521 3337 640 3392 mici
660 3345 827 3390 autem
855 3331 1062 3388 Domini
1087 3346 1206 3384 mox
1227 3327 1557 3395 honoriﬁcati
1582 3325 1770 3396 fuerint
1807 3330 1852 3376 et
1875 3320 2110 3386 exaltati,

523 3428 836 3497 deﬁcientes,
861 3431 916 3477 ut
934 3426 1104 3495 fumus
1123 3421 1385 3497 deficient.
1409 3415 1864 3474 Considerandum
1887 3422 1970 3469 est
1989 3413 2112 3482 quia

522 3517 576 3572 in
607 3518 708 3572 hoc
741 3530 899 3571 versu
929 3529 1032 3568 una
1068 3513 1386 3582 probitione
1419 3511 1610 3577 posita,
1643 3523 1767 3562 mox
1797 3507 1899 3560 alia
1926 3505 2115 3560 subse-

521 3611 720 3681 quitur.
747 3608 885 3663 Dicit
921 3607 1104 3663 enim:
1140 3605 1396 3671 Quoniam
1441 3611 1727 3674 peccatores
1761 3600 2035 3671 peribunt;
2061 3605 2114 3652 et

522 3700 744 3755 iterum:
770 3700 964 3753 inimici
986 3715 1101 3752 vero
1130 3697 1328 3750 Domini
1373 3711 1492 3748 mox
1524 3695 1846 3759 honoriﬁcati
1879 3693 2108 3762 fuerint,

524 3791 780 3860 deﬁcient.
808 3792 939 3859 Quae
969 3790 1137 3860 ﬁgura
1167 3789 1362 3842 dicitur
1388 3789 1755 3858 epexergasia,
1788 3786 1996 3855 quoties
2022 3785 2116 3840 uni

530 3898 706 3940 causae
733 3883 867 3939 duas
903 3881 1244 3951 probationes
1270 3880 1607 3950 apponimus.
1643 3878 1818 3955 lnillo
1851 3877 2116 3947 siquidem

519 3977 720 4051 judicio
742 3977 976 4048 peribunt
994 3983 1303 4048 peccatores,
1318 3988 1452 4043 quos
1474 3971 1596 4027 cibo
1616 3971 1876 4038 spirituali
1901 3970 2118 4026 minime

521 4079 731 4125 constat
763 4083 883 4124 es~e
913 4067 1231 4136 completos.
1270 4065 1398 4118 Nam
1430 4065 1515 4118 hic
1547 4079 1575 4118 a
1606 4064 1910 4134 semetipsis
1937 4065 2118 4119 satiati

522 4167 579 4216 et
605 4159 898 4228 locupletes
930 4159 1283 4224 aestimantur,
1325 4171 1548 4228 quorum
1579 4156 1796 4210 omnino
1836 4155 2019 4226 jejuna
2063 4164 2120 4212 et

520 4251 695 4306 inanis
722 4258 826 4314 est,
855 4251 1098 4318 quamvis
1146 4250 1361 4320 copiosa
1409 4252 1652 4318 satietas,
1699 4250 1949 4304 videlicet
1996 4263 2118 4319 quae

525 4357 698 4410 usque
727 4342 793 4395 ad
823 4343 923 4396 hoc
957 4343 1202 4411 perducit
1229 4354 1286 4396 ut
1313 4353 1554 4412 pereant.
1601 4344 1664 4398 Et
1694 4354 1816 4398 nota
1847 4346 1971 4413 quia
2003 4359 2120 4411 pec-

527 4444 724 4494 catores
766 4435 1016 4504 perituros
1043 4450 1164 4489 esse
1194 4437 1497 4502 conﬁrmat,
1529 4436 1580 4489 id
1617 4445 1695 4489 est
1722 4477 1736 4500 ,
1771 4437 1822 4488 in
1865 4435 1950 4488 illa
1977 4435 2122 4505 judi-

524 4530 737 4584 catione
765 4526 1121 4583 damnandos.
1154 4527 1286 4582 Nam
1319 4529 1562 4583 invenies
1593 4528 1788 4595 impios
1810 4569 1824 4594 ,
1857 4529 1948 4599 qui
1981 4525 2122 4598 pene

524 4629 637 4676 toto
668 4621 790 4675 vita:
815 4635 924 4674 suae
949 4627 1189 4688 tempore
1213 4619 1498 4674 mundanis
1519 4620 1970 4675 delectationibus
1995 4637 2115 4690 per-
2147 4601 2198 4659 D

519 4716 784 4771 fruuntur.
816 4713 926 4767 Cur
970 4728 1097 4783 ergo
1129 4713 1282 4778 dicit,
1323 4713 1491 4766 mox?
1519 4711 1781 4780 Quoniam
1815 4715 1902 4784 qui
1932 4715 2117 4771 ruino—

520 4820 634 4861 sam
664 4805 996 4860 altitudinem
1043 4805 1287 4860 ascendit
1317 4849 1329 4870 ,
1379 4807 1557 4860 statim
1590 4821 1619 4860 a
1653 4807 1876 4863 veritate
1930 4810 2112 4866 cadit:

521 4897 640 4966 quia
670 4905 793 4950 tunc
823 4897 1009 4963 incipit
1035 4897 1235 4966 perire,
1262 4910 1382 4951 cum
1407 4896 1592 4952 nititur
1615 4899 1820 4955 ruitura
1849 4915 2116 4959 conscen-

521 4986 670 5042 dere.
724 4985 1024 5056 Deﬁcientes
1065 4987 1207 5042 enim
1234 5028 1248 5054 ,
1282 4996 1528 5056 poterant
1555 4996 1611 5044 et
1658 4991 1814 5046 aliter
1858 4993 2110 5063 deﬁcere;

522 5085 584 5133 ut
611 5075 859 5132 indicium
890 5093 1078 5133 eorum
1126 5078 1340 5147 aliquod
1375 5079 1605 5136 fortasse
1638 5097 1962 5142 remaneret.
2005 5086 2116 5142 Ad-

523 5168 692 5234 didit,
735 5178 972 5239 tanquam
1003 5171 1208 5240 fumus;
1238 5178 1296 5224 ut
1326 5173 1472 5227 nulla
1518 5187 1641 5242 pars
1677 5185 1892 5231 actuum
1921 5191 2111 5233 eorum

525 5259 735 5315 residua
777 5274 897 5315 esse
937 5269 1210 5317 noscatur.
1261 5263 1390 5318 Nam
1439 5264 1578 5319 sicut
1643 5266 1742 5321 iste
1786 5268 1852 5322 de
1882 5268 2113 5325 ﬂammis

523 5349 804 5418 egrediens
832 5365 927 5420 per
954 5366 1078 5406 aera
1109 5353 1380 5408 extollitur
1414 5355 1622 5412 sinibus
1651 5359 2016 5429 conglobatis,
2060 5371 2115 5418 et

521 5449 722 5510 quanto
751 5443 922 5511 magis
948 5441 1108 5497 altius
1136 5445 1312 5500 evolat
1342 5486 1356 5510 ,
1409 5455 1558 5502 tanto
1609 5449 1768 5503 citius
1814 5453 2112 5522 evanescit,

520 5531 600 5586 sic
635 5542 848 5599 peccata
890 5533 1173 5589 tenebrosa
1216 5547 1271 5590 et
1298 5538 1458 5604 levia,
1516 5548 1826 5608 quanto‘se
1881 5543 2111 5604 amplius

521 5626 751 5694 erigunt.
783 5637 928 5682 tanto
955 5629 1191 5684 velocius
1215 5629 1564 5700 dissipantur.
1607 5633 1758 5700 Quod
1792 5643 1968 5689 autem
2003 5637 2110 5706 ait,

522 5717 809 5787 deficientes
837 5721 1089 5790 deﬁcient,
1129 5733 1506 5793 argumentum
1544 5733 1629 5779 est
1669 5726 1808 5794 quod
1839 5726 2035 5783 dicitur
2078 5743 2108 5786 a

524 5809 838 5882 eoujugatis.
884 5814 1007 5870 lisec
1041 5814 1186 5871 enim
1225 5818 1388 5873 verba
1425 5829 1492 5872 ex
1531 5817 1724 5888 seipsis
1762 5829 2060 5879 nascuntur
2090 5863 2109 5894 ,

2193 981 2454 1038 beneﬁcia
2487 979 2698 1033 diversa
2726 976 2969 1045 suscipit,
3002 983 3057 1029 et
3083 975 3284 1030 nullam
3313 975 3612 1045 gratiarum
3641 977 3792 1030 resti-

2196 1070 2300 1127 tuit
2328 1070 2637 1134 actionem;
2677 1067 2773 1123 sed
2826 1075 3015 1122 contra
3066 1077 3388 1135 pretervus,
3441 1079 3497 1121 et
3543 1075 3794 1136 tanquam

2201 1161 2332 1217 nihil
2357 1161 2646 1230 acceperit,
2673 1173 2888 1228 semper
2919 1159 3162 1228 ingratus
3184 1165 3286 1214 est.
3311 1157 3342 1211 J
3351 1159 3450 1212 usti
3475 1174 3607 1214 vero
3637 1174 3796 1216 causa

2209 1251 2420 1308 diversa
2452 1261 2572 1316 est;
2621 1265 2742 1304 nam
2774 1248 3018 1318 quamvis
3050 1249 3134 1302 hic
3171 1263 3338 1318 pauca
3380 1248 3686 1316 suscipiat,
3718 1251 3796 1320 pia

2203 1343 2491 1399 devotione
2524 1343 2672 1411 plura
2717 1341 2991 1396 restituit:
3039 1340 3282 1408 Iargienti
3312 1341 3368 1395 in
3394 1343 3645 1396 omnibus
3683 1359 3798 1412 gra-

2203 1435 2306 1488 tias
2348 1447 2532 1503 agens,
2571 1441 2951 1504 paupertatem
2987 1431 3090 1486 sibi
3121 1432 3300 1486 datam
3343 1433 3563 1487 divitias
3607 1443 3797 1504 putat,

2205 1525 2420 1582 dolores
2444 1513 2830 1595 quoqueipsos
2859 1531 2914 1578 et
2942 1523 3282 1579 calamitates
3311 1525 3685 1594 amplectitur,
3716 1527 3800 1597 qui

2209 1636 2305 1691 spe
2333 1620 2496 1676 futuri
2527 1620 2729 1688 praemii
2752 1627 2937 1674 contra
2963 1620 3106 1689 ipsas
3129 1635 3342 1690 quoque
3370 1630 3573 1676 mortes
3598 1622 3801 1690 patien-

2211 1713 2281 1768 tia
2313 1711 2710 1768 interveniente
2761 1713 3020 1782 conlligit.
3057 1715 3122 1766 Et
3168 1711 3390 1768 intende
3434 1714 3578 1782 quod
3626 1715 3798 1782 dicit,

2210 1797 2475 1859 miseretur
2501 1812 2549 1859 et
2573 1805 2893 1872 commodat,
2926 1804 3027 1859 hoc
3053 1805 3118 1860 ad
3161 1807 3531 1876 eleemosynas
3574 1808 3803 1878 pertinet

2214 1897 2539 1968 largiendas,
2566 1896 2655 1950 ubi
2681 1897 2830 1966 prius
2876 1897 3245 1952 misericordia
3279 1900 3531 1967 pratcedit
3551 1939 3570 1964 ,
3603 1912 3659 1956 et
3691 1911 3803 1971 post

2215 1993 2517 2047 humanitas
2557 1991 2784 2062 benigna
2826 1990 3197 2062 subsequitur.
3235 1990 3302 2046 Et
3347 1992 3635 2048 considera
3667 2009 3802 2063 quo-

2214 2084 2355 2138 niam
2391 2099 2484 2154 per
2527 2083 2753 2154 ﬁguram
2802 2081 3177 2151 diaphoresis,
3218 2097 3314 2154 per
3352 2099 3512 2152 quam
3563 2085 3624 2138 ﬁt
3647 2085 3802 2140 dific-

2213 2175 2388 2232 rentia
2429 2191 2802 2244 personarum,
2844 2176 2985 2230 inter
3011 2175 3219 2246 justum
3249 2185 3304 2232 et
3331 2178 3553 2246 impium
3583 2189 3802 2235 contra-

2213 2268 2351 2321 riam
2382 2265 2487 2322 sibi
2517 2266 2830 2322 distantiam
2863 2266 3008 2323 l‘acit.

2289 2360 2438 2416 Vers.
2476 2359 2567 2416 25.
2614 2361 2868 2426 Quoniam
2922 2361 3273 2418 benedicentes
3312 2379 3429 2418 eum
3476 2367 3805 2434 possidebunt

2216 2463 2439 2534 terram;
2497 2455 2857 2510 maledicentes
2903 2463 3074 2510 autem
3120 2456 3266 2510 illum
3311 2457 3612 2529 disperient.
3661 2460 3806 2516 Sicut

2214 2548 2459 2617 superius
2485 2561 2581 2617 per
2606 2547 2827 2618 figuram
2853 2547 3239 2618 diaphoresim,
3277 2560 3619 2620 peccatorum
3649 2560 3708 2607 et
3726 2554 3796 2620 ju-

2215 2651 2421 2698 storum
2462 2644 2795 2698 voluntatem
2837 2641 3037 2708 divisit,
3071 2643 3146 2698 ita
3175 2653 3231 2698 et
3276 2658 3419 2699 nunc
3443 2659 3536 2713 per
3561 2646 3804 2701 eamdem

2216 2726 2460 2806 ﬁguram,
2490 2725 2678 2789 eorum
2715 2734 3096 2790 retributiones
3125 2743 3181 2790 et
3208 2735 3431 2806 praemia
3462 2739 3803 2806 segregavit:

2217 2844 2286 2884 ne
2315 2829 2597 2884 contusum
2641 2827 2973 2897 relinqueret
3018 2827 3162 2898 quod
3208 2829 3355 2883 nulla
3392 2828 3494 2884 sibi
3531 2829 3806 2886 vicinitate

2216 2921 2555 2993 congrueret.
2595 2919 2730 2975 Nam
2766 2919 2860 2990 qui
2906 2921 3232 2980 benedicunt
3277 2921 3595 2986 Dominum.
3637 2921 3691 2978 id
3732 2930 3806 2977 est

2216 3016 2306 3084 qui
2333 3015 2384 3068 in
2417 3013 2670 3068 omnibus
2694 3013 2896 3084 gratias
2926 3013 3187 3081 referunt,
3211 3021 3264 3068 et
3289 3014 3406 3084 ejus
3429 3014 3688 3070 mandata
3717 3029 3807 3071 cu-

2215 3104 2480 3170 stodiunt,
2507 3113 2714 3159 terram
2740 3104 2883 3158 illam
2920 3105 3210 3159 viventium
3232 3103 3500 3175 accipient
3529 3105 3808 3174 ροεειάθιιο

2135 3214 2184 3280 c
2216 3198 2370 3264 dum,
2425 3198 2492 3253 de
2530 3211 2634 3267 qua
2678 3204 2734 3253 et
2759 3197 2898 3252 alius
2926 3197 3161 3266 psalmus
3191 3197 3352 3252 dicit:
3383 3195 3567 3251 Portio
3605 3213 3720 3251 mea
3760 3199 3810 3250 in

2213 3299 2352 3345 terra
2373 3290 2646 3344 viventium
2689 3287 2864 3360 (Psal.
2904 3303 3058 3356 cm,
3090 3289 3170 3358 6).
3210 3288 3587 3345 Maledicentes
3630 3299 3810 3344 autem

2215 3394 2270 3436 et
2303 3382 2632 3452 blasphemi,
2681 3382 2763 3436 vel
2804 3381 2901 3436 Dei
2941 3381 3148 3452 legibus
3189 3381 3582 3449 inobedientes,
3615 3383 3687 3439 ab
3724 3383 3810 3438 illa

2217 3477 2389 3546 patria
2425 3477 2850 3539 submoventur;
2882 3489 2990 3528 non
3035 3474 3162 3544 quia
3191 3473 3292 3543 ipsi
3321 3489 3428 3528 non
3457 3482 3639 3540 erunt,
3674 3489 3811 3545 quos

2216 3570 2444 3640 poenalis
2487 3572 2698 3623 ﬂamma
2731 3567 3030 3638 torquebit,
3071 3567 3164 3622 sed
3201 3568 3453 3638 quoniam
3482 3582 3514 3622 a
3540 3569 3812 3638 iustorum

2219 3665 2480 3734 promissa
2509 3661 2845 3718 beatitudine
2878 3661 3234 3732 disperibunt.

2293 3772 2444 3828 Vers.
2469 3772 2560 3826 24.
2589 3771 2732 3826 Μειι.
2766 3769 2807 3822 Α
2844 3769 3062 3825 Domino
3091 3787 3290 3842 gressus
3322 3771 3543 3826 hominis
3573 3772 3814 3842 dirigen-

2219 3877 2323 3932 tur,
2355 3876 2402 3920 et
2431 3867 2562 3920 aiant
2589 3867 2706 3938 ejus
2745 3865 2913 3935 cupiet
2945 3866 3119 3920 nimis.
3153 3865 3516 3938 lntelligamus
3561 3868 3816 3937 proposi-

2219 3970 2328 4016 tam
2359 3975 2600 4016 cansam.
2636 3959 2918 4014 Hominum
2951 3977 3154 4031 gressus
3193 3976 3289 4032 per
3318 3976 3377 4016 se
3407 3961 3636 4016 tortuosi
3675 3977 3812 4016 sem-

2222 4066 2318 4123 per
2337 4059 2392 4106 et
2412 4053 2560 4120 pravi
2581 4060 2730 4117 sunt,
2745 4053 2942 4121 quippe
2964 4053 3131 4122 quiin
3153 4052 3522 4123 iniquitatibus
3542 4055 3816 4124 concepti.

2224 4161 2277 4207 et
2305 4152 2357 4206 in
2388 4151 2599 4208 delictis
2633 4152 2899 4223 progeniti
2935 4167 3156 4218 sumus;
3185 4153 3281 4208 sed
3319 4161 3448 4209 tunc
3477 4169 3504 4207 a
3540 4153 3703 4210 Patre
3748 4157 3800 4210 lu

2224 4245 2433 4300 minum
2465 4245 2736 4317 dirigimur
2762 4285 2777 4312 ,
2806 4245 3020 4313 quando
3059 4245 3180 4301 ﬁdei
3213 4250 3450 4318 regulam
3481 4249 3531 4302 in
3565 4263 3672 4315 qua
3696 4261 3812 4318 gra-

2223 4337 2434 4391 diantur
2461 4337 2776 4403 accipimus.
2808 4335 3096 4406 Dirigimur
3135 4337 3310 4405 plane,
3351 4354 3472 4390 eum
3503 4337 3625 4392 sine
3664 4352 3818 4392 erro-

2225 4427 2374 4482 riius
2400 4428 2760 4484 ambulamus.
2793 4426 2896 4482 Sed
2930 4443 3038 4494 quo
3086 4443 3184 4484 nos
3227 4429 3378 4485 ducit
3413 4427 3516 4486 ista
3545 4431 3819 4486 directio?

2227 4518 2488 4575 Videlicet
2519 4528 2579 4574 ut
2625 4519 2689 4574 ad
2735 4519 3024 4588 perfectam
3074 4519 3232 4578 ﬁdem
3261 4530 3316 4578 et
3351 4534 3554 4580 aeterna
3597 4527 3819 4594 praemia

2225 4613 2523 4670 veniamus.
2558 4615 2757 4670 Verum
2792 4615 2896 4670 iste
2918 4613 3260 4672 Christianus
3287 4619 3375 4689 qui
3399 4617 3511 4689 jam
3543 4621 3709 4675 corde
3733 4621 3816 4675 di-

2223 4713 2402 4760 rectus
2428 4705 2623 4771 fuerat,
2652 4707 2785 4761 viam
2819 4708 3024 4763 Domini
3053 4712 3220 4782 cupiet
3251 4713 3421 4778 nimis,
3448 4713 3498 4767 id
3530 4725 3613 4768 est
3641 4715 3821 4784 ipsum

2221 4795 2505 4853 Dominum
2533 4797 2869 4855 Salvatorem
2897 4817 3059 4870 supra
3089 4807 3269 4859 omnia
3304 4807 3422 4873 plus
3466 4805 3697 4875 amabit,
3723 4807 3822 4877 qui

2223 4904 2346 4944 vere
2376 4898 2559 4945 nostra
2585 4898 2672 4963 est
2699 4893 2801 4958 uia,
2833 4895 3015 4949 ueritas
3041 4905 3089 4950 et
3117 4898 3218 4950 vita
3243 4895 3422 4967 (Joan.
3453 4913 3565 4966 xxv,
3593 4896 3674 4968 6).

2291 4991 2448 5047 Vers.
2461 4992 2550 5048 25.
2571 4992 2698 5047 Cum
2714 4995 2950 5050 ceciderit
2964 4999 3138 5068 justus
3161 5016 3262 5054 non
3283 5001 3682 5067 canturbabitur,
3701 5001 3823 5071 quia

2223 5082 2475 5138 Dominus
2511 5084 2686 5154 firmat
2728 5103 2936 5142 manum
2969 5079 3111 5157 eius.
3144 5090 3272 5146 Cum
3309 5091 3578 5160 ceciderit,
3611 5107 3722 5148 non
3767 5095 3823 5148 in

2223 5186 2501 5246 peccatum
2527 5177 2823 5250 intelligas,
2867 5183 2991 5251 quia
3016 5184 3210 5252 justum
3238 5182 3394 5250 dixit,
3423 5183 3518 5240 sed
3557 5183 3613 5238 in
3643 5183 3822 5239 mani-

2219 5269 2322 5327 bus
2346 5281 2718 5342 pcccaturum,
2755 5277 2804 5330 in
2835 5290 2962 5331 casu
2992 5292 3210 5346 aspero,
3235 5278 3323 5349 qui
3355 5279 3664 5349 frequenter
3695 5293 3823 5334 san-
3908 5308 3918 5316 -

2219 5363 2322 5418 ctis
2351 5363 2589 5435 (diabolo
2621 5367 2944 5440 insidiante)
2977 5371 3259 5440 contingit.
3297 5371 3403 5427 Sed
3435 5379 3494 5426 ut
3533 5371 3628 5427 tibi
3660 5373 3823 5428 satis-

2221 5455 2399 5513 facere
2427 5458 2684 5528 videaris,
2716 5461 2998 5516 considera
3026 5461 3148 5532 quia
3190 5477 3309 5516 eum
3349 5463 3404 5518 in
3434 5463 3624 5520 eodem
3657 5478 3822 5519 versu

2222 5547 2393 5613 dicat,
2427 5550 2695 5618 ceciderit,
2737 5550 2878 5620 quod
2918 5553 2984 5604 ad
3046 5550 3206 5620 pedes
3253 5552 3495 5622 respicit,
3541 5552 3822 5624 subiungit

2221 5638 2541 5696 ﬁrmandam
2572 5657 2786 5695 manum
2811 5641 3071 5705 cadentis,
3105 5641 3257 5712 enjus
3282 5643 3449 5713 magis
3486 5643 3667 5698 debuit
3691 5657 3820 5698 con-

2219 5732 2420 5790 fortare
2454 5735 2760 5804 vestigium,
2790 5743 2849 5789 ut
2885 5745 3006 5804 post
3033 5736 3239 5807 lapsum
3271 5753 3496 5808 surgere
3533 5737 3818 5793 valuisset.

2219 5825 2372 5885 Unde
2399 5829 2674 5886 evidenter
2700 5840 2922 5900 apparet
2948 5832 3134 5889 cadere
3161 5832 3304 5892 istud
3324 5873 3340 5903 ,
3372 5846 3494 5890 esse
3520 5831 3574 5890 in
3619 5830 3814 5901 impio-

3985 3731 3987 3748 l

3986 3791 3987 3808 l
