4004 6342
193 572 293 614 rum
341 551 572 610 incidere
623 550 904 607 ditionem.
957 550 1169 606 Manum
1207 553 1403 623 quippe
1447 550 1638 622 hujus,
1688 551 1743 607 id

192 661 260 707 est
296 648 567 706 consilium
617 646 1090 717 operationcmque
1126 648 1444 711 conﬁrmat;
1492 660 1591 701 nec
1630 654 1734 701 tur-

193 743 289 801 bari
319 748 485 812 potest
508 748 719 811 captus,
756 740 846 811 qui
877 739 1099 796 adversa
1141 740 1325 797 saeculi
1352 738 1510 809 hujus
1549 738 1734 796 subire

192 836 403 893 decrevit
427 834 740 905 intrepidus.

250 926 392 981 Vers.
421 926 511 980 26.
560 926 697 982 an.
740 925 987 982 Iuvenior
1026 926 1103 999 fui
1131 933 1177 981 et
1202 925 1376 990 senui,
1407 932 1456 981 et
1490 940 1593 979 non
1630 925 1735 980 vidi

192 1019 356 1087 justum
381 1017 696 1087 derelictum,
722 1030 813 1074 nec
832 1036 999 1074 semen
1027 1021 1140 1090 ejus
1163 1034 1311 1090 egens
1334 1034 1481 1090 pane.
1511 1018 1738 1073 Perven-

193 1120 286 1166 tum
313 1111 484 1168 estad
531 1111 742 1167 tertiam
789 1112 1119 1168 sectionem:
1160 1112 1250 1168 ubi
1289 1112 1335 1167 si
1372 1126 1536 1167 unum
1566 1110 1739 1166 homi-

191 1220 296 1261 nem
326 1205 462 1275 loqui
499 1212 668 1274 putes,
711 1205 872 1262 breve
902 1215 956 1261 et
985 1216 1269 1277 angustum
1309 1214 1519 1276 tempus
1557 1213 1739 1260 osten-

190 1296 333 1361 ditur,
360 1310 455 1351 nec
485 1296 581 1351 Dei
605 1296 849 1353 laudibus
868 1298 1087 1352 omnino
1106 1297 1414 1362 sufﬁciens;
1459 1296 1554 1353 sed
1582 1296 1738 1368 125

189 1387 339 1457 magis
385 1384 706 1441 introducta:
748 1401 853 1442 vox
892 1387 1146 1443 credatur
1176 1387 1432 1443 Ecclesia:
1456 1428 1471 1454 ,
1515 1401 1635 1456 qua:
1672 1387 1740 1441 ab

188 1476 323 1531 initio
349 1476 535 1533 seaculi
576 1492 743 1548 usque
788 1476 853 1532 ad
888 1479 1047 1533 ﬁnem
1071 1517 1087 1543 ,
1120 1492 1304 1534 veram
1352 1477 1508 1533 nobis
1550 1476 1742 1548 probat

189 1584 293 1626 esse
315 1568 663 1626 sententiam.
692 1568 939 1625 Iuvenior
964 1570 1081 1637 fuit,
1108 1571 1321 1642 quando
1344 1570 1496 1626 initia
1523 1570 1661 1639 legis
1685 1569 1741 1624 in

188 1662 293 1730 ipso
321 1660 646 1730 protoplasto
676 1662 927 1730 primaeva
952 1661 1206 1731 suscepit.
1241 1661 1441 1729 Senuit,
1474 1658 1528 1715 id
1553 1668 1636 1715 est
1675 1660 1742 1715 ad

191 1746 627 1805 honorabiliorem
692 1750 839 1806 venit
893 1758 1131 1819 aetatem,
1171 1751 1383 1820 quando
1439 1750 1743 1819 novissimis

190 1843 505 1912 temporibus
552 1841 820 1912 suscipere
858 1844 1053 1905 meruit
1098 1843 1379 1899 Dominum
1423 1820 1744 1913 ltedenipto-

189 1948 307 1990 rom.
338 1934 467 1989 Nam
504 1944 562 1991 et
583 1935 902 2005 evangelista
926 1934 1159 1992 Joannes
1187 1937 1239 1990 in
1267 1935 1505 2006 Epistola
1533 1950 1628 1991 sua
1667 1935 1745 1991 sic

188 2025 286 2080 ait:
313 2023 518 2095 Filioli,
554 2027 827 2082 novissima
860 2027 990 2082 hora
1027 2036 1099 2082 est
1137 2027 1189 2100 (Ι
1217 2025 1370 2082 Joan.
1399 2043 1459 2095 tl,
1490 2027 1600 2098 18).
1644 2026 1749 2082 Sed

191 2132 272 2185 per
295 2117 402 2173 haec
427 2126 672 2188 tempora
696 2133 812 2188 quae
839 2120 1001 2175 totius
1023 2119 1207 2174 mundi
1229 2118 1463 2175 ambitus
1489 2118 1745 2186 excurrit,

189 2210 361 2279 justum
390 2224 451 2265 se
480 2225 589 2264 non
624 2209 751 2265 dicit
790 2209 976 2265 vidisse
1002 2210 1321 2265 derelictum.
1355 2209 1429 2264 Ita
1458 2209 1520 2267 ﬁt
1552 2216 1613 2269 ut
1634 2210 1754 2268 lon-

189 2315 294 2370 gum
343 2310 557 2370 tempus
602 2316 699 2372 per
744 2302 1000 2359 Ecclesia:
1040 2302 1201 2358 verba
1249 2302 1582 2373 designatum
1630 2318 1752 2360 esse

190 2391 438 2450 videatur.
478 2394 621 2462 Quid
650 2394 812 2465 igitur
855 2394 1084 2452 dicimus
1126 2395 1194 2450 de
1230 2394 1341 2450 illis
1375 2394 1536 2466 justis
1568 2395 1659 2465 qui
1695 2396 1751 2451 in

190 2486 433 2543 latronum
478 2488 727 2544 manibus
767 2487 1090 2555 inciderunt,
1119 2488 1187 2544 de
1214 2488 1328 2557 ipso
1356 2502 1564 2559 quoque
1604 2489 1751 2559 justo

189 2579 434 2650 iustorum
457 2583 547 2653 qui
562 2582 807 2637 clamavit
829 2583 883 2637 in
897 2598 1055 2639 cruce
1082 2600 1093 2634 :
1118 2582 1251 2636 Deus
1263 2599 1420 2652 meus,
1438 2582 1577 2637 Deus
1590 2600 1751 2650 meus,

190 2689 327 2741 quare
344 2692 425 2730 me
438 2676 756 2747 dereliquisti
770 2676 984 2748 (Matth.
1002 2692 1172 2743 xxvtt,
1189 2678 1314 2748 46)?
1333 2656 1435 2735 Séil
1468 2688 1523 2733 ut
1538 2692 1752 2733 omnem

190 2765 371 2821 nodum
393 2768 795 2823 contrarietatis
832 2769 1139 2835 evadamus,
1158 2771 1328 2841 justus
1351 2770 1619 2825 derelictus
1647 2786 1755 2826 nun

191 2865 278 2925 est,
302 2859 395 2914 sed
410 2859 786 2927 spiritualibus
804 2861 982 2925 bonis,
1000 2876 1104 2915 non
1120 2860 1525 2932 temporalibus,
1541 2871 1599 2917 ut
1612 2873 1758 2934 puta-

191 2956 284 3019 tur,
304 2950 550 3006 auxiliis:
576 2951 769 3021 quibus
791 2961 917 3009 tunc
940 2954 1159 3023 praemia
1184 2968 1371 3011 revera
1391 2955 1583 3010 collata
1607 2966 1753 3026 sunt,

192 3042 390 3109 quando
436 3051 705 3100 tormenta
751 3046 933 3101 saeculi
972 3061 1230 3116 superare
1276 3056 1603 3119 potuerunt,
1638 3051 1755 3121 ipso

194 3122 447 3189 testante:
497 3131 645 3189 Beati
682 3136 769 3203 qui
815 3138 1212 3205 persecutionem
1247 3144 1512 3211 patiuntur
1554 3154 1758 3216 praptcr

196 3222 451 3293 iustitiam,
464 3226 707 3297 quoniam
725 3227 950 3299 ipsorum
970 3239 1044 3284 est
1055 3246 1266 3303 regnum
1287 3234 1526 3289 ctrlorum
1541 3233 1752 3307 (Matth.

195 3328 240 3381 v,
271 3315 381 3388 10).
420 3317 599 3373 Simili
634 3318 792 3375 modo
819 3320 952 3375 dicit
985 3337 1093 3377 non
1121 3337 1181 3379 se
1204 3323 1407 3380 vidisse
1433 3342 1603 3381 semen
1625 3326 1757 3398 justi

196 3425 328 3480 egens
354 3429 510 3483 pane.
541 3411 694 3479 Quod
725 3413 772 3470 si
796 3414 863 3469 ad
885 3413 1115 3471 litteram
1142 3418 1396 3487 accipias,
1418 3433 1519 3475 nec
1541 3419 1644 3475 hoc
1668 3436 1760 3491 po-

198 3501 312 3557 terit
328 3514 582 3561 constare
600 3506 741 3577 quod
765 3507 991 3563 dicitur:
1020 3508 1244 3580 legimus
1264 3514 1407 3567 enim
1428 3512 1473 3567 fa
1483 3512 1583 3568 mis
1601 3527 1761 3571 causa

198 3596 476 3666 Abraham,
506 3599 677 3667 Isaac,
701 3609 757 3657 et
784 3600 949 3658 Iacob
974 3613 1211 3659 mutasse
1250 3588 1587 3675 provincias;
1620 3608 1763 3664 unde

198 3687 399 3744 dubium
428 3706 540 3747 non
563 3699 647 3747 est
673 3694 868 3765 eguisse
891 3710 1046 3767 pane,
1076 3711 1211 3767 quos
1238 3708 1456 3769 propter
1482 3701 1761 3770 penuriam

198 3780 291 3837 loci
319 3794 534 3841 constat
559 3797 771 3843 exteras
808 3789 1104 3858 expetiisse
1144 3792 1411 3863 regiones.
1444 3793 1551 3849 Sed
1579 3795 1764 3851 redea-

199 3885 308 3930 mus
331 3876 398 3931 ad
428 3876 746 3934 interiorem
778 3878 1075 3949 hominem,
1117 3892 1174 3939 et
1205 3899 1329 3940 vera
1359 3885 1516 3941 nobis
1540 3896 1763 3945 senten-

199 3964 269 4020 tia
307 3969 619 4027 salutariter
657 3974 958 4043 apparebit.
990 3974 1175 4031 Semen
1216 3966 1632 4049 uniuscujusque
1667 3978 1767 4035 ho-

199 4060 352 4118 minis
378 4078 600 4133 operam
626 4080 745 4122 esse
767 4067 1027 4134 diximus,
1055 4083 1213 4139 quam
1247 4072 1478 4126 seminat
1496 4080 1552 4127 et
1572 4072 1725 4128 metit
1747 4115 1767 4145 ,

198 4147 312 4206 sive
334 4151 555 4222 bonam,
584 4155 699 4213 sive
728 4157 946 4214 malam.
979 4158 1123 4231 Ergo
1149 4174 1310 4230 Opera
1331 4160 1464 4230 justi
1493 4177 1630 4231 pane
1661 4178 1771 4221 non

200 4238 428 4313 indiget,
478 4246 579 4302 hoc
620 4257 702 4304 est
747 4250 912 4306 verbo
940 4250 1036 4306 Dei
1061 4266 1169 4320 quo
1206 4252 1465 4321 satiatur,
1504 4268 1611 4324 quo
1648 4254 1773 4311 reﬁ-

201 4334 364 4401 citur,
417 4350 528 4408 quo
563 4338 707 4395 intus
754 4356 941 4397 revera
981 4341 1114 4399 vivit
1149 4351 1206 4398 et
1244 4344 1501 4413 pascitur.
1550 4345 1641 4402 Sic
1679 4348 1775 4404 ﬁet

203 4434 255 4478 ut
284 4431 665 4487 concordantia
690 4433 1004 4501 reddantur,
1035 4450 1156 4506 qua
1182 4436 1285 4493 sibi
1313 4438 1630 4497 videbantur
1648 4455 1773 4499 esse

203 4521 486 4574 Contraria.

272 4610 420 4668 Vers.
445 4614 538 4670 27.
570 4615 698 4671 Tota
725 4617 809 4672 die
840 4620 1111 4675 miseretur
1134 4629 1184 4677 et
1205 4623 1513 4692 commodat,
1541 4633 1586 4681 et
1606 4641 1774 4681 semen

203 4704 308 4774 ejus
330 4706 387 4762 in
418 4708 766 4765 benedictione
789 4712 904 4767 erit.
928 4711 1061 4767 Tota
1086 4714 1173 4768 die
1200 4714 1361 4782 dicit,
1397 4726 1507 4771 toto
1534 4727 1775 4788 tempore

204 4797 319 4854 vitae
345 4815 479 4858 suae.
508 4801 631 4858 Dies
652 4803 796 4859 enim
819 4803 1075 4875 singulari
1101 4821 1325 4863 numero
1347 4807 1653 4878 frequenter
1676 4824 1773 4879 ap-

204 4893 433 4963 ponitur,
465 4905 527 4950 ut
573 4897 740 4953 totius
778 4896 901 4952 vitae
929 4907 1171 4970 tempora
1212 4900 1586 4957 declarentur:
1616 4903 1775 4973 quale

206 4991 282 5037 est
305 4982 435 5041 illud
468 4987 629 5056 primi
670 4988 886 5058 psalmi,
913 4999 961 5044 et
985 4992 1040 5044 in
1081 4991 1191 5062 lege
1213 4994 1323 5063 ejus
1348 4993 1674 5049 meditabitur
1693 4996 1776 5050 die

206 5089 263 5128 ac
284 5085 435 5133 nocte
463 5077 642 5149 (Psal.
672 5094 712 5146 1,
746 5081 828 5150 2).
866 5080 941 5135 Ita
968 5082 1029 5136 lit
1049 5091 1129 5150 ut,
1156 5099 1276 5139 cum
1311 5099 1478 5155 pauca
1502 5086 1738 5145 dicimus
1758 5127 1775 5155 ,

206 5167 427 5236 plurima
456 5173 771 5230 sentiamus.
797 5172 1069 5230 Hiscretur
1095 5186 1142 5230 et
1168 5179 1485 5235 commodat:
1506 5180 1618 5236 sive
1638 5182 1783 5237 elec-

208 5273 453 5334 mosynas
476 5265 624 5332 dicit,
658 5264 747 5320 ubi
775 5274 899 5322 ante
928 5266 1290 5323 misericordia
1326 5269 1493 5340 tangit
1520 5270 1781 5341 animum,

209 5359 262 5406 et
284 5355 362 5410 sic
387 5355 563 5427 aperit
590 5371 826 5414 manum.
852 5357 969 5428 Ipsa
999 5367 1085 5414 est
1108 5360 1252 5414 enim
1281 5360 1514 5429 perfecta
1541 5364 1783 5420 eleemo-

210 5458 359 5518 qua,
389 5465 511 5521 quae
533 5452 680 5522 prius
704 5466 736 5507 a
760 5467 819 5508 se
842 5453 1079 5521 inchoat,
1109 5460 1164 5509 et
1185 5452 1263 5508 sic
1289 5454 1355 5508 ad
1384 5454 1604 5511 alterius
1628 5455 1783 5526 juva-

213 5541 354 5599 mina
398 5547 586 5603 venire
629 5545 862 5603 festinat.
907 5546 1033 5604 Sive
1068 5547 1237 5617 magis
1266 5546 1414 5603 illum
1455 5551 1781 5607 commodare

212 5630 447 5693 dicamus
473 5638 761 5707 spiritualia
791 5639 950 5709 bona,
975 5654 1093 5709 quce
1123 5639 1405 5695 afﬂuenter
1425 5639 1522 5696 Dei
1542 5642 1782 5710 possidet

213 5737 430 5798 psuper.
446 5727 741 5785 Commodat
753 5731 1108 5802 planejustus,
1122 5732 1263 5788 unde
1279 5733 1497 5788 omnino
1509 5733 1661 5790 dives
1677 5745 1778 5803 est,

216 5815 280 5879 de
304 5821 563 5893 doctrina,
586 5823 653 5879 de
670 5825 885 5895 pietate,
910 5824 975 5879 de
990 5824 1215 5896 justitia,
1231 5826 1298 5881 de
1328 5825 1601 5897 patientia,
1624 5835 1783 5883 caete-

214 5912 394 5989 risque
413 5914 587 5984 bonis,
615 5915 808 5987 quibus
829 5916 1114 5986 perfruitur
1138 5932 1292 5977 mens
1315 5918 1403 5978 illa
1425 5919 1779 5981 sanctissima.

488 6009 761 6089 Perses.
807 6009 1006 6079 LXX.

1552 6078 1591 6088 ρο

1440 6092 1513 6113 σαν
1620 6108 1671 6119 ,α

1040 434 1399 495 EXPOSITIO
1435 435 1503 495 IN
1538 434 1999 495 PSALTERIUM.
2037 433 2229 494 PSAL.
2274 435 2515 494 XXXVI.

1770 554 1820 615 Α
1847 548 1950 605 Sed
1964 563 2031 604 ne
2049 549 2298 606 crederes
2314 550 2513 619 justum
2534 547 2801 606 interdum
2817 549 2956 610 velle
2974 551 3226 623 mutuari,
3241 568 3422 626 posuit

1839 648 1945 695 tota
1970 641 2071 693 die.
2100 641 2144 697 Ο
2166 641 2361 696 divitiae
2388 641 2789 700 inaestimabiles
2805 684 2821 710 ,
2843 660 2963 715 qua:
2987 647 3039 701 in
3068 656 3176 704 tota
3204 650 3311 705 vita
3330 666 3421 707 co-

1835 733 1977 803 piam
1990 747 2140 789 suam
2157 733 2567 792 aﬂluentissime
2580 736 2894 807 largiuntur!
2910 740 3096 797 Merito
3113 759 3218 798 non
3239 743 3424 800 deﬁcit

1837 824 1988 893 dare,
2020 826 2111 899 qui
2141 842 2172 881 a
2206 826 2422 885 Christo
2447 844 2661 900 semper
2698 834 2976 889 consuevit
3018 835 3284 906 accipere.
3318 836 3419 894 Se-

1837 917 2037 987 quitur,
2067 927 2118 973 et
2152 935 2321 975 semen
2357 923 2469 993 ejus
2491 922 2547 975 in
2585 922 2929 980 benedictione
2958 928 3076 983 erit.
3109 926 3311 984 Similis
3338 938 3425 988 est

1838 1018 1893 1065 et
1920 1010 2025 1067 iste
2061 1011 2213 1068 locus
2257 1013 2644 1083 superioribus.
2690 1015 2822 1072 Nam
2854 1019 2899 1072 si
2924 1034 3094 1075 semen
3117 1021 3256 1076 velis
3284 1021 3425 1078 ﬁlios

1839 1098 2157 1173 intelligere,
2206 1104 2359 1160 multi
2405 1106 2578 1161 sancti
2617 1106 2758 1162 ﬁlios
2782 1120 3082 1178 genuerunt
3118 1112 3425 1170 lttxurioSus

1840 1200 1893 1245 et
1920 1191 2133 1264 impios.
2165 1193 2273 1251 Sed
2314 1212 2480 1251 semen
2519 1197 2646 1252 dicit
2674 1213 2890 1269 operam
2910 1242 2926 1268 ,
2964 1217 3083 1271 quae
3111 1203 3180 1257 ab
3212 1204 3425 1261 homine

1839 1281 1983 1339 dono
2037 1301 2273 1356 superno
2324 1289 2469 1343 velut
2523 1287 2845 1347 frumentale
2888 1308 3054 1347 semen
3105 1297 3425 1368 aspergituj.

1842 1374 1969 1432 Haec
2003 1377 2257 1447 recipitur
2296 1380 2350 1433 in
2393 1380 2736 1436 benedictione
2760 1421 2777 1448 ,
2807 1382 2928 1452 quia
2965 1385 3225 1442 seminata
3263 1398 3344 1442 est
3374 1387 3428 1443 in

1841 1468 1982 1525 bona
2010 1471 2301 1526 voluntate.
2332 1469 2465 1526 Nam
2493 1488 2660 1526 semen
2689 1487 2851 1540 Opera
2892 1484 3073 1529 nostra
3113 1491 3234 1532 esse
3265 1478 3423 1533 intel-

1842 1560 1979 1616 lexit
2003 1561 2292 1630 Apostolus
2320 1578 2440 1617 cum
2481 1562 2609 1619 dicit
2634 1580 2646 1616 :
2684 1563 2784 1631 Qui
2813 1565 3030 1619 seminat
3060 1568 3113 1621 in
3142 1584 3292 1622 carne
3311 1609 3328 1635 ,
3366 1570 3431 1624 dc

1842 1638 1993 1711 carne
2020 1666 2166 1710 metet
2190 1656 2599 1725 corruptionem;
2622 1665 2669 1713 et
2697 1659 2784 1727 qui
2807 1660 3021 1715 seminat
3059 1662 3112 1716 in
3136 1662 3341 1733 spiritu,
3368 1664 3431 1718 de

1843 1747 2027 1818 spiritu
2065 1756 2209 1802 metet
2238 1750 2392 1802 vitam
2432 1759 2672 1805 cateruam
2704 1749 2846 1823 (Gal.
2873 1769 2944 1821 vr,
2971 1755 3051 1825 8).

1916 1835 2069 1892 Vers.
2102 1837 2191 1894 28.
2222 1837 2457 1894 Seneca.
2490 1838 2704 1896 Declina
2733 1858 2763 1895 a
2792 1842 2927 1898 malo
2953 1852 2999 1898 et
3023 1848 3110 1916 [ac
3147 1847 3356 1919 bonum,
3384 1856 3433 1903 et

1778 1964 1823 2024 Β
1849 1929 2076 1985 inhabita
2101 1930 2154 1984 in
2183 1933 2424 1984 sreculum
2447 1932 2641 1986 saeculi.
2674 1932 2891 1990 Duobus
2931 1936 3102 1991 modis
3134 1938 3297 1994 vitam
3329 1953 3431 1994 no-

1853 2030 2021 2077 stram
2051 2022 2135 2092 pia
2162 2032 2332 2080 mater
2372 2026 2622 2083 instituit.
2669 2029 2878 2085 Primus
2904 2040 2987 2087 est
3012 2073 3029 2102 ,
3060 2041 3120 2087 ut
3160 2035 3295 2089 mala
3337 2034 3435 2091 de-
3472 2104 3475 2105 ν

1855 2114 2152 2183 clinemus,
2201 2116 2324 2188 quia
2373 2121 2639 2189 peccatori
2692 2122 2952 2179 bonarum
2995 2140 3175 2181 rerum
3206 2134 3430 2198 repente

1854 2224 1975 2267 esse
2013 2227 2119 2268 non
2149 2223 2323 2282 potest
2358 2217 2644 2286 appetitus.
2688 2217 2969 2276 Secundus
3000 2229 3062 2276 ut
3087 2221 3227 2278 bona
3265 2222 3434 2278 facia-

1856 2319 1974 2360 mus
2001 2314 2218 2377 propter
2246 2308 2386 2378 quod
2415 2324 2445 2364 a
2476 2310 2809 2381 vituperabili
2841 2314 3051 2369 actione
3080 2315 3433 2373 cessavimus.

1858 2397 2194 2455 Declinemus
2224 2414 2351 2470 ergo
2380 2401 2538 2470 mala,
2566 2418 2684 2473 qure
2714 2413 2891 2459 nostra
2922 2413 3066 2473 sunt,
3096 2417 3150 2459 ct
3181 2406 3433 2462 faciamus

1855 2487 2017 2557 bona,
2048 2505 2167 2561 qua:
2195 2490 2396 2548 Christi
2426 2504 2569 2562 sunt,
2612 2496 2734 2565 quia
2764 2496 3019 2553 Dominus
3048 2498 3102 2552 in
3123 2496 3325 2567 judicio
3349 2498 3436 2567 ju-

1855 2588 1970 2636 stos
1996 2596 2122 2638 suos
2141 2593 2415 2640 nonvocat
2435 2587 2501 2640 ad
2526 2589 2822 2658 praemium,
2846 2590 3095 2659 quoniam
3119 2590 3440 2661 pauperibus

1856 2671 1992 2727 nihil
2022 2674 2287 2729 tulerunt:
2319 2676 2414 2730 sed
2444 2677 2567 2731 ideo
2594 2688 2837 2746 coronat,
2869 2681 2992 2749 quia
3025 2680 3197 2735 nudos
3228 2682 3435 2737 vestie-

1859 2772 2006 2830 runt,
2032 2765 2381 2821 visituverttnt
2402 2767 2664 2836 inﬁrmos,
2690 2781 2744 2824 et
2765 2770 3068 2825 esurientes
3091 2771 3442 2841 sitientesque

1859 2869 2080 2924 pascere
2108 2856 2437 2927 delegerunt.
2467 2857 2627 2914 Vides
2652 2874 2779 2930 ergo
2802 2861 2923 2929 quia
2946 2877 3050 2916 non
3072 2860 3271 2917 sufﬁcit
3289 2860 3443 2916 Citri-

1858 2943 2032 3000 stiano
2056 2961 2085 3000 a
2117 2947 2269 3001 malis
2305 2947 2613 3017 abstinere,
2662 2951 2763 3005 nisi
2802 2951 2961 3005 etiam
3004 2952 3200 3008 bonum
3242 2955 3444 3009 nitatur
3528 3018 3531 3021 ς

1858 3037 2086 3107 quadam
2114 3041 2424 3108 operatione
2467 3043 2744 3111 perlicere.
2785 3042 2984 3098 Verum
3021 3043 3137 3099 haec
3180 3054 3445 3116 praecepta

1858 3129 1984 3199 quid
2015 3132 2290 3201 sequitur?
2325 3131 2389 3185 Et
2414 3132 2645 3188 inhabita
2674 3136 2728 3187 in
2756 3135 3001 3189 sarculum
3029 3134 3233 3201 seaculi;
3263 3147 3320 3193 ut
3345 3138 3441 3194 tali

1860 3222 2218 3292 promissione
2255 3224 2511 3289 conﬁsus,
2543 3225 2717 3281 futura
2753 3227 2971 3297 praemia
3009 3244 3105 3298 spe
3141 3229 3446 3288 certissima

1786 3340 1833 3402 Ο
1858 3314 1967 3384 jam
1997 3317 2273 3385 possidere
2300 3317 2567 3375 videatur.
2608 3317 2870 3373 Steculum
2910 3334 3037 3374 vero
3074 3321 3252 3375 swculi
3278 3321 3447 3392 signi-

1866 3409 1989 3463 ﬁcat
2015 3418 2277 3465 aeternum
2313 3426 2569 3483 regnum,
2604 3412 2746 3482 quod
2776 3411 2920 3468 nulla
2945 3414 3289 3472 successione
3329 3432 3447 3472 ωας

1867 3500 2083 3556 labitur.

1940 3592 2093 3648 Vers.
2128 3591 2218 3649 29.
2251 3594 2507 3662 Quoniam
2534 3593 2786 3651 Dominus
2812 3606 2951 3652 amat
2970 3598 3250 3670 judicium,
3279 3608 3325 3655 et
3349 3618 3449 3657 non

1866 3684 2177 3755 derelinquat
2214 3696 2417 3742 sanctos
2445 3704 2599 3744 suos:
2628 3691 2681 3743 in
2716 3699 2963 3745 aeternum
3001 3694 3449 3753 conservabuntur.

1865 3774 2105 3832 Audiens
2132 3777 2234 3833 hoc
2274 3780 2515 3849 verbum,
2554 3798 2672 3834 ama
2698 3792 2750 3837 et
2774 3791 2828 3837 tu
2848 3785 3105 3854 judicium
3126 3829 3140 3854 ,
3180 3787 3263 3843 fac
3287 3788 3450 3858 juStin

1866 3870 2019 3937 tiam,
2052 3879 2128 3940 ut,
2152 3872 2374 3942 juvante
2415 3874 2661 3942 Domino,
2695 3888 2841 3931 recta
2876 3890 2929 3934 te
2970 3880 3243 3937 voluntate
3280 3884 3451 3938 conti~

1869 3978 2019 4030 neas,
2047 3973 2107 4018 ut
2130 3966 2284 4020 bouis
2310 3967 2413 4021 tuis
2440 3967 2556 4036 ipse
2584 3969 2939 4039 congaudens.
2974 3971 3067 4028 llle
3093 3975 3238 4028 enim
3266 3986 3452 4032 auctor

1864 4054 2085 4125 justitia:
2113 4072 2220 4111 non
2259 4066 2436 4126 potest
2462 4059 2581 4112 illos
2606 4060 2955 4128 derelinquere
2981 4064 3068 4130 qui
3108 4064 3223 4133 ejus
3250 4066 3453 4137 eligunt

1874 4153 2139 4213 praecepta
2176 4146 2468 4215 complere.
2497 4148 2565 4202 Et
2605 4148 2823 4203 intende
2861 4151 3299 4219 promissionem:
3333 4157 3453 4226 quia

1873 4248 1980 4289 non
2026 4235 2156 4290 dicit
2184 4235 2361 4307 justos
2400 4237 2457 4293 in
2499 4240 2880 4311 temporalibus
2920 4244 3080 4301 rebus
3122 4261 3455 4319 nequaquam

1875 4325 2204 4383 deserendos
2227 4369 2242 4395 ,
2288 4327 2385 4383 sed
2422 4343 2515 4386 eos
2551 4331 2607 4385 in
2644 4338 2892 4387 cateruam
2928 4339 3301 4395 conservandos
3338 4325 3455 4398 esse

1877 4423 2210 4489 pronuntiat.
2238 4421 2336 4477 Hic
2357 4423 2500 4479 enim
2523 4425 2798 4482 visualiter
2829 4432 3132 4487 conservari
3162 4444 3454 4506 nequeunt,

1876 4509 1966 4579 qui
2000 4510 2433 4569 tribulationibus
2461 4515 2841 4588 suppliciisque
2871 4520 3191 4577 lacerantur.
3223 4525 3455 4581 Audiam

1878 4605 2059 4674 cupidi
2081 4609 2204 4662 vita:
2230 4607 2408 4678 hujus,
2442 4609 2533 4678 qui
2562 4609 2661 4664 sibi
2694 4610 2964 4682 longaevos
2992 4628 3162 4668 annos
3189 4617 3455 4684 postulare

1802 4729 1856 4792 Β
1881 4706 2196 4767 noscuntur,
2234 4713 2341 4755 non
2382 4701 2435 4754 in
2467 4702 2568 4757 hoc
2597 4703 2815 4768 sreculo,
2848 4704 2941 4759 sed
2970 4706 3025 4759 in
3062 4715 3308 4763 teternum
3336 4724 3455 4764 con-

1879 4792 2121 4846 servandi
2149 4802 2297 4859 sunt,
2328 4793 2420 4864 qui
2451 4793 2678 4851 Domino
2707 4796 2918 4866 placere
2946 4800 3293 4857 contendunt.

1956 4886 2106 4942 Vers.
2136 4887 2226 4942 30.
2258 4886 2455 4960 Injusti
2480 4899 2650 4944 autem
2678 4892 2974 4961 punientur,
3005 4902 3052 4946 et
3078 4908 3247 4949 semen
3274 4895 3456 4968 impia-

1880 4992 1995 5031 rum
2023 4977 2223 5049 peribit.
2246 4977 2578 5048 Frequenter
2605 4994 2795 5036 sensus
2826 4980 2928 5036 iste
2956 4985 3228 5052 repetitur,
3258 4998 3315 5042 ut
3343 5002 3456 5045 am-

1882 5072 2022 5141 plius
2050 5087 2169 5143 qua:
2194 5084 2320 5130 sunt
2355 5084 2582 5130 ventura
2614 5075 2921 5131 credantur.
2963 5075 3148 5132 Divina
3190 5081 3455 5151 siquidem

1886 5162 2179 5230 miseratio,
2202 5164 2325 5219 dum
2347 5179 2446 5221 nos
2466 5165 2670 5221 mavult
2698 5166 2957 5238 gehennae
2990 5183 3175 5238 pinnas
3204 5163 3456 5245 evadere,

1885 5253 2132 5325 dignatur
2159 5257 2355 5327 saepius
2395 5258 2704 5313 admonere.
2745 5258 2812 5313 Et
2843 5260 2983 5316 sicut
3010 5265 3256 5334 superius
3280 5266 3458 5337 justo-

1883 5362 2002 5403 rum
2040 5362 2249 5417 semen,
2277 5348 2333 5405 id
2362 5358 2446 5405 est
2480 5363 2642 5420 opera
2679 5350 2731 5406 in
2762 5351 3135 5413 benedictione
3171 5356 3307 5414 dixit
3331 5374 3459 5419 esse

1885 5455 2158 5509 mansura,
2203 5442 2277 5497 ita
2318 5440 2406 5498 hic
2434 5441 2717 5513 impiorum
2749 5454 2900 5501 actus
2936 5448 3112 5515 perire
3149 5452 3458 5513 conﬁrmat.

1887 5533 2138 5590 Peribunt
2165 5549 2315 5600 sane,
2353 5535 2565 5606 quando
2600 5544 2655 5593 et
2684 5537 2859 5607 ipsum
2901 5538 3151 5596 delictum
3177 5585 3194 5613 ,
3227 5553 3283 5600 et
3308 5544 3457 5602 locus

1887 5629 2130 5685 noscitur
2151 5629 2373 5686 interire
2404 5630 2758 5700 peccantium.
2787 5631 2916 5687 Nam
2943 5634 3119 5703 perire
3139 5649 3300 5707 opera
3330 5638 3453 5694 inﬁ-

1888 5722 2105 5791 delium,
2139 5739 2245 5779 non
2274 5731 2381 5779 tam
2423 5724 2620 5780 nostris
2647 5724 2826 5780 verbis
2861 5740 3021 5796 quam
3061 5726 3348 5783 Salomone
3379 5729 3459 5784 di-

1889 5829 2045 5876 cente
2065 5819 2435 5889 probabimus;
2463 5820 2652 5878 dicturi
2678 5830 2803 5876 sunt
2820 5824 2963 5877 enim
2988 5823 3038 5877 in
3058 5821 3290 5893 judicio:
3324 5824 3467 5889 Quid

1890 5915 2034 5975 nobis
2064 5915 2256 5991 profuit
2288 5915 2563 5993 superbia,
2605 5924 2694 5972 aut
2730 5916 2854 5991 quid
2888 5917 3181 5973 divitiarum
3204 5918 3461 5992 jactentur

2990 6010 3029 6082 9

3476 6079 3505 6091 Α
