3996 6346
501 445 607 506 261

1711 435 1782 499 Μ.
1822 435 2112 500 Αυιιειιῑ
2142 435 2539 501 οΑεειοῡοηι

3678 439 3784 502 268

502 562 722 619 contulit
748 563 930 619 nobis?
951 561 1285 619 Transierunt
1313 561 1484 616 omnia
1512 560 1606 616 illa
1644 571 1883 631 tanquam
1913 558 2091 614 umbra
2120 559 2172 622 Λ
2193 559 2345 614 corde
2373 559 2556 629 ipsius,
2597 569 2814 615 sensum
2845 557 2987 617 beati
3029 550 3340 616 universum
3388 557 3479 615 tali
3527 553 3671 616 bono
3706 558 3788 615 si.

504 655 662 727 (Sap.
694 670 748 723 v,
782 656 838 722 8,
862 653 940 726 9).
972 651 1136 709 Vides
1162 654 1335 724 perire
1358 651 1615 724 quidquid
1650 653 1922 709 hominem
1963 667 2087 723 per-

503 745 604 814 dit,
633 753 688 804 et
714 745 830 801 sola
868 745 1166 803 consistere
1206 759 1326 816 quae
1355 746 1409 802 in
1452 760 1620 817 regno
1644 744 1858 802 Domini
1885 744 2090 802 faciunt

505 853 842 911 permanere.

576 943 730 1000 νει-ε.
757 943 848 1000 51.
893 941 1032 998 Justi
1070 942 1368 998 haereditate
1403 943 1733 1014 possidebunt
1771 951 1994 1011 terram,
2041 947 2091 998 et

503 1034 862 1091 inhabitabant
886 1039 939 1091 in
976 1035 1220 1092 saeculum
1257 1035 1434 1092 saeculi
1461 1053 1614 1109 super
1642 1054 1776 1094 eam.
1818 1039 1970 1096 Sicut
1997 1053 2092 1096 as-

502 1130 656 1186 sidue
679 1130 922 1202 increpat
946 1137 1005 1186 ut
1024 1131 1278 1200 corrigat,
1302 1131 1376 1186 ita
1404 1129 1711 1202 frequenter
1732 1145 1952 1189 munera
1978 1133 2094 1203 pol-

503 1226 698 1281 licetur
727 1234 786 1282 ut
809 1225 1002 1295 erigat.
1059 1224 1293 1296 Utraque
1315 1226 1482 1293 enim,
1513 1227 1651 1282 sicut
1688 1225 1942 1293 diximus,
1975 1225 2094 1283 el'li-

504 1315 783 1374 cacissima
809 1326 934 1373 sunt
971 1318 1322 1372 instrumenta
1362 1315 1652 1385 doctrinae,
1692 1325 1748 1373 ut
1772 1317 1942 1374 malos
1971 1321 2091 1374 vin-

503 1411 670 1477 dicta,
706 1409 879 1466 bonos
920 1407 1182 1479 promissa
1227 1410 1443 1478 praemia
1481 1407 1891 1480 subsequantur.
1932 1405 2094 1463 Terra

503 1517 634 1573 ergo
654 1502 756 1558 ista
773 1501 1037 1572 appellata
1058 1511 1160 1570 est,
1187 1515 1254 1558 eo
1274 1501 1415 1572 quod
1438 1501 1846 1556 commeantium
1870 1499 2093 1570 pedibus

503 1603 786 1653 atteratur.
814 1595 896 1651 Ad
918 1595 1073 1665 cujus
1100 1594 1504 1650 similitudinem
1533 1602 1587 1650 ct
1613 1592 1705 1647 illa
1736 1591 1914 1647 lutura
1951 1601 2093 1646 terra

506 1689 770 1747 vocitatur
795 1707 813 1758 ;
861 1704 968 1745 non
997 1690 1120 1760 quia
1159 1697 1364 1745 teratur
1394 1703 1514 1758 qua:
1539 1687 1736 1758 jugiter
1765 1689 2000 1743 manebit
2031 1687 2096 1742 il-

503 1785 655 1852 laesa,
687 1784 784 1841 sed
808 1782 1130 1840 vocabulum
1162 1795 1270 1839 non
1310 1780 1514 1852 perdit,
1542 1781 1791 1850 quoniam
1832 1779 1944 1850 ipsa
1972 1794 2095 1851 per-

504 1876 744 1934 manebit
785 1875 1132 1948 qualitatibus
1173 1875 1504 1941 immutatis,
1549 1874 1691 1930 sicut
1725 1881 1779 1930 et
1817 1873 2014 1929 coelum
2041 1879 2095 1926 et

2191 653 2409 725 gniﬁcat
2442 665 2564 710 esse
2595 651 2940 723 completum.
2984 651 3153 723 Hujus
3194 655 3369 724 itaque
3407 667 3614 726 gressus
3662 665 3784 723 sup-

2191 746 2428 818 plantare
2462 760 2623 802 nemo
2668 747 2998 817 praevalebit,
3041 746 3255 819 quando
3278 745 3392 818 jam
3422 756 3479 802 et
3522 746 3784 819 originale

2193 849 2472 911 peccatum
2513 840 2758 907 desinet,
2800 848 2856 898 et
2883 841 3126 896 diabolus
3155 840 3462 910 decipiendi
3507 839 3784 895 licentiam

2194 945 2302 989 non
2334 931 2568 990 habebit.
2617 931 2974 1004 Supplantare
3015 933 3158 988 enim
3201 932 3430 988 dicimus
3475 931 3676 1004 plantis
3708 933 3785 986 io-

2192 1041 2319 1086 vcas
2348 1026 2700 1100 praetendere,
2727 1043 2795 1084 nc
2820 1029 2991 1098 possit
3015 1011 3516 1093 incedenstirmum
3543 1027 3786 1095 reperire

2195 1121 2504 1193 vestigium.
2532 1121 2644 1178 lloc
2664 1121 2734 1177 ibi
2755 1121 3060 1178 nullatenus
3082 1127 3431 1176 constetesse
3454 1117 3783 1182 iaciendum,

2194 1215 2286 1272 ubi
2315 1227 2504 1271 secura
2533 1223 2588 1269 et
2617 1221 2820 1269 aeterna
2847 1222 2973 1269 sunt
2997 1211 3177 1267 omnia
3202 1227 3217 1278 ;
3255 1211 3396 1266 sicut
3437 1211 3490 1264 in
3519 1209 3787 1279 quinqua-

2197 1307 2400 1377 gesimo
2427 1306 2614 1377 quinto
2637 1305 2842 1375 psalmo
2866 1303 3110 1360 dicturus
3134 1312 3244 1358 est:
3269 1301 3525 1368 Quoniam
3551 1298 3786 1370 eripuisti

2194 1401 2420 1454 animam
2441 1413 2603 1454 meum
2627 1399 2690 1453 de
2715 1407 2896 1464 morte,
2920 1397 3096 1452 oculos
3121 1410 3258 1450 meos
3285 1409 3319 1447 a
3344 1391 3609 1462 lacrgmis,
3634 1391 3786 1462 pedes

2196 1509 2330 1548 meos
2360 1511 2391 1548 a
2417 1492 2566 1566 lapsu
2597 1491 2769 1564 (Psal.
2803 1507 2890 1557 ιν,
2924 1490 3016 1562 15)

2265 1605 2422 1661 Vers.
2474 1605 2561 1661 δι.
2609 1603 2773 1662 Snus.
2824 1601 3125 1659 Considerat
3180 1606 3413 1671 peccator
3441 1599 3684 1670 justum,
3743 1603 3786 1650 et

2195 1699 2373 1768 quierit
2405 1697 2612 1766 perdere
2643 1713 2782 1751 eum.
2819 1693 3009 1751 Adhuc
3057 1695 3155 1748 ista
3201 1691 3450 1746 dicuntur
3497 1687 3562 1744 de
3607 1691 3788 1742 futuro

2191 1789 2412 1861 judicio.
2457 1787 2794 1844 Considerare
2822 1795 2905 1842 est
2948 1785 3090 1842 enim
3127 1781 3328 1850 aliquid
3367 1781 3473 1835 alta
3516 1779 3786 1834 delibera-

2197 1886 2346 1940 tione
2370 1884 2708 1954 conspicere,
2740 1891 2796 1936 et
2827 1895 2994 1951 usque
3023 1877 3090 1932 ad
3129 1889 3310 1933 rerum
3352 1873 3558 1930 viscera
3593 1885 3786 1943 perve-

503 1983 731 2041 corpora
757 1976 939 2025 nostra
977 1967 1245 2025 credimus
1285 1965 1612 2034 innovanda,
1635 1980 1757 2036 quae
1803 1963 1930 2020 licet
1958 1979 2094 2019 nova

2201 1977 2336 2032 nire.
2369 1975 2502 2030 Nam
2531 1975 2582 2028 in
2611 1972 2700 2028 die
2748 1969 3157 2028 resurrectionis
3203 1975 3456 2036 peccator
3489 1957 3790 2036 perpende}

504 2069 682 2130 erunt,
712 2061 904 2119 iisdem
935 2071 1113 2118 tamen
1138 2062 1443 2118 nominibus
1467 2059 1900 2130 appellabuntur.
1928 2055 2093 2128 Adje-

504 2164 652 2212 ctum
697 2157 812 2221 est,
850 2163 900 2210 et
938 2153 1298 2209 inhabitabant
1331 2155 1387 2208 in
1433 2153 1675 2207 steculum
1720 2149 1894 2206 seaculi
1937 2166 2092 2218 super

504 2259 734 2302 eamme
747 2245 901 2301 istam
922 2243 1173 2301 crederes
1193 2257 1311 2315 quae
1327 2242 1614 2314 aliquando
1632 2243 1788 2314 126
1798 2240 2092 2298 deserenda

504 2348 608 2396 est.
635 2338 744 2397 Nec
773 2345 928 2396 vacat
951 2339 1074 2410 quia
1100 2353 1206 2394 non
1233 2335 1396 2405 dixit,
1439 2339 1494 2393 in
1521 2350 1612 2404 ea,
1643 2337 1737 2392 sed
1765 2351 1921 2407 super
1956 2351 2090 2391 eam.

506 2433 786 2492 Secretum
831 2434 974 2490 enim
1020 2431 1252 2502 videtur,
1280 2439 1337 2488 ut
1368 2438 1635 2502 putamus,
1663 2431 1832 2500 ipsius
1878 2427 2090 2485 habita-

508 2529 674 2585 tionis
703 2541 1014 2598 exponere;
1044 2535 1099 2582 et
1125 2525 1244 2582 ideo
1273 2524 1477 2582 dictum
1500 2534 1603 2594 est,
1633 2540 1786 2595 super
1807 2539 1941 2592 eam,
1971 2522 2094 2593 quia

506 2621 773 2695 spirituali
801 2621 1018 2694 corpori
1046 2637 1152 2678 non
1179 2621 1284 2678 erit
1329 2634 1548 2678 necesse
1577 2628 1772 2676 terram
1801 2617 1949 2690 gravi
1991 2613 2096 2672 cal-

506 2730 634 2773 care
656 2715 882 2789 vestigio
905 2758 922 2785 ,
961 2717 1101 2772 sicut
1137 2714 1424 2788 Apostolus
1471 2715 1634 2770 dicit:
1667 2713 1864 2770 Deinde
1891 2730 1982 2768 nos
2007 2714 2096 2786 qui
2137 2717 2140 2719 λ

506 2809 718 2864 uiuimus
742 2850 758 2876 ,
787 2809 873 2876 qui
900 2807 1082 2880 reliqui
1107 2825 1302 2874 sumus,
1335 2808 1491 2863 simul
1535 2807 1797 2878 rapiemur
1844 2821 1960 2860 cum
1990 2805 2096 2860 illis

506 2901 560 2956 in
590 2900 808 2956 nubibus
835 2900 1032 2956 obviam
1075 2899 1279 2956 Christo
1307 2900 1362 2956 in
1399 2916 1540 2971 aera,
1569 2909 1620 2957 et
1642 2902 1718 2955 sic
1755 2891 1956 2970 semper
1981 2915 2097 2954 cum

509 2993 730 3049 Domino
758 2995 941 3049 erimus
966 2992 1024 3067 (ι
1048 2993 1220 3052 Thess.
1246 3010 1319 3064 tv,
1345 2991 1459 3063 14).

583 3083 737 3140 Vers.
766 3084 855 3141 32.
887 3085 1020 3140 Pns.
1054 3085 1124 3140 0s
1156 3087 1288 3156 justi
1326 3085 1652 3140 meditabitur
1691 3086 2020 3156 sapientiam,
2051 3094 2099 3141 et

510 3179 686 3250 lingua
711 3181 822 3253 ejus
855 3178 1087 3251 loquetur
1106 3181 1380 3251 judicium.
1415 3179 1660 3237 Narratio
1691 3181 1804 3236 h:rc
1842 3198 1940 3252 per
1967 3181 2094 3253 ligus

510 3287 626 3329 ram
652 3271 1131 3341 characterismon,
1156 3289 1275 3345 quae
1309 3274 1500 3331 Latine
1537 3274 1841 3331 informatio
1871 3276 1952 3330 vel
2000 3275 2097 3332 de—

2192 2067 2393 2137 justum
2419 2105 2434 2131 ,
2471 2075 2526 2120 et
2554 2063 2697 2120 dicet
2734 2061 2789 2118 in
2832 2062 2995 2117 corde
3034 2076 3167 2116 suo:
3210 2057 3398 2114 Nonne
3432 2057 3536 2114 iste
3581 2066 3668 2113 est
3699 2055 3789 2128 qui

2197 2159 2407 2229 egebat,
2440 2172 2599 2226 quem
2632 2157 2686 2212 in
2717 2161 3028 2224 contemptu
3062 2151 3346 2208 habuimus
3385 2159 3441 2206 et
3477 2147 3710 2215 derisu;
3740 2155 3790 2203 et

2197 2253 2358 2309 modo
2404 2252 2675 2308 cernimus
2713 2264 2876 2322 supra
2917 2263 3016 2304 nos
3059 2247 3321 2312 electum,
3363 2253 3420 2300 et
3465 2243 3524 2298 in
3572 2255 3785 2298 summa

2196 2349 2364 2420 gloria
2393 2344 2786 2403 constitutum?
2827 2341 2937 2399 lloc
2971 2350 3052 2398 est
3083 2349 3406 2412 peccatorem
3429 2339 3635 2411 justum
3660 2351 3790 2390 con-

2195 2439 2444 2494 siderare.
2478 2438 2670 2505 Quwrit
2699 2443 2879 2492 autem
2915 2435 3127 2505 perdere
3156 2449 3294 2501 eum,
3333 2446 3364 2486 a
3391 2425 3789 2487 consuetudine

2195 2532 2392 2589 dicitur
2417 2530 2858 2601 delinquentium,
2889 2528 3140 2600 quoniam
3172 2535 3230 2582 et
3266 2527 3321 2580 in
3351 2523 3445 2580 illo
3478 2523 3678 2578 sarculo
3712 2520 3789 2577 l'e-

2197 2625 2398 2683 stinant
2437 2625 2641 2696 justum
2693 2622 2950 2694 perdere,
2982 2620 3073 2676 ubi
3105 2619 3215 2691 jam
3250 2623 3649 2690 cognoscuntur
3696 2627 3788 2670 no-

2198 2717 2354 2776 cendi
2382 2717 2651 2774 licentiam
2679 2730 2784 2770 non
2811 2714 3032 2771 habere.

2271 2833 2424 2889 Vcrs.
2459 2833 2547 2888 55.
2595 2830 2845 2885 Dominus
2891 2835 3059 2882 autem
3088 2841 3187 2881 non
3217 2824 3534 2891 derelinquet
3571 2836 3690 2876 eum
3729 2820 3782 2874 in

2196 2925 2430 2978 manibus
2461 2925 2596 2995 ejus,
2626 2938 2716 2976 nec
2754 2919 3012 2976 damnabit
3038 2933 3156 2973 eum
3179 2931 3297 2971 cum
3327 2913 3652 2988 judicabitur
3682 2911 3781 2966 illi.

2197 3019 2487 3075 Considera
2518 3015 2967 3089 quemadmodum
2998 3014 3242 3070 ordinem
3277 3014 3439 3068 istum
3467 3011 3655 3065 futuro
3681 3021 3786 3062 sat-

2197 3115 2320 3170 culo
2351 3111 2656 3183 deputavit,
2687 3121 2750 3170 ut
2783 3111 2926 3167 dicat
2965 3109 3019 3164 in
3050 3116 3313 3180 potestate
3353 3102 3556 3160 inimici
3583 3102 3790 3172 justum

2201 3205 2429 3262 ulterius
2458 3221 2566 3260 non
2615 3219 2736 3260 esse
2784 3201 3144 3268 tradendum;
3186 3198 3330 3270 quod
3360 3197 3415 3254 in
3445 3195 3554 3253 isto
3581 3191 3789 3250 sarculo

2199 3301 2502 3370 frequenter
2531 3297 2730 3365 evenit,
2777 3304 2835 3352 ut
2865 3302 3130 3364 martyres
3169 3289 3500 3360 relinqueret
3532 3297 3785 3355 persecu~

511 3366 733 3437 scriptio
752 3367 965 3434 dicitur,
991 3378 1200 3438 tempus
1220 3368 1391 3425 beatae
1416 3370 2092 3452 resurrectionisostendit.
2121 3367 2168 3430 C
2204 3366 2378 3448 ιοτάω
2427 3390 2675 3447 manibus
2718 3389 3008 3445 carnaliter
3059 3384 3403 3442 occidendos.
3435 3382 3589 3436 Tunc
3641 3379 3788 3434 enim

510 3460 626 3517 Non
657 3465 802 3518 enim
833 3461 982 3528 dicit,
1011 3461 1320 3529 meditatur,
1341 3462 1436 3519 sed
1463 3464 1783 3519 meditabitur
1803 3465 1872 3520 de
1895 3467 2092 3520 futuro.

515 3551 586 3608 0s
609 3553 694 3610 hic
710 3555 1089 3625 cogitationem
1115 3553 1375 3610 debemus
1397 3555 1660 3626 accipere,
1685 3557 1810 3627 quia
1829 3556 1898 3612 de
1915 3556 2094 3627 lingua

511 3645 756 3714 sequitur
783 3643 908 3718 quid
938 3645 1205 3716 loquatur.
1239 3643 1572 3702 Meditabitur
1607 3662 1738 3718 ergo
1765 3649 2092 3719 sapientiam,

511 3751 621 3793 non
648 3736 1046 3810 Scripturarum
1074 3736 1326 3806 lectione,
1357 3739 1453 3797 sed
1482 3741 1663 3796 cordis
1694 3741 1978 3811 purissima
2016 3739 2097 3796 vi-

513 3830 687 3886 sione.
731 3830 809 3887 lbi
841 3832 983 3888 enim
1017 3848 1122 3889 non
1152 3833 1350 3890 litteris
1380 3832 1644 3905 sapientia
1678 3833 1968 3904 colligitur,
2000 3832 2095 3890 sed

513 3926 720 3984 caelesti
782 3927 1027 3999 largitate
1071 3927 1401 3984 inelaborata
1450 3937 1754 3999 prtestatur.
1811 3925 1881 3980 Et
1919 3928 2098 3999 lingua

511 4022 624 4092 ejus
660 4018 896 4093 loquetur
917 4022 1198 4093 judicium,
1235 4021 1361 4092 quia
1391 4035 1570 4076 sermo
1598 4021 1670 4076 ibi
1691 4034 2025 4091 nequaquam
2064 4034 2096 4074 a

511 4123 831 4196 cogitatione
874 4121 1186 4184 dissentiet;
1221 4117 1317 4175 sed
1345 4115 1484 4173 sicut
1511 4130 1606 4172 cor
1640 4109 1968 4170 meditabitur
2005 4130 2096 4170 sa-

512 4222 777 4291 pientiam,
814 4218 886 4272 ita
924 4218 1102 4288 lingua
1147 4214 1385 4282 loquetur
1435 4225 1528 4280 per
1573 4221 1766 4266 cuncta
1807 4207 2093 4279 justitiam.

513 4316 611 4371 ilic
636 4323 721 4371 est
748 4311 838 4368 ille
858 4309 1095 4366 ccelestis
1117 4316 1172 4366 et
1201 4307 1477 4362 beatorum
1498 4302 1710 4367 modus,
1744 4310 1802 4356 ut
1825 4301 2018 4355 merito
2041 4299 2094 4353 in

513 4409 842 4466 consortium
868 4405 1179 4474 angelorum
1203 4399 1527 4470 recipiantur
1547 4397 1634 4466 qui
1658 4410 1716 4451 se
1741 4393 1892 4448 nullo
1911 4407 2098 4448 errore

513 4501 861 4559 confundunt.
896 4497 1144 4568 Loquitur
1168 4509 1297 4564 ergo
1325 4493 1500 4562 lingua
1520 4489 1650 4560 justi
1672 4487 1951 4560 judicium,
1973 4499 2094 4540 cum

507 4598 628 4656 .veri
647 4592 864 4652 luminis
884 4591 1044 4648 fuerit
1060 4585 1488 4644 manilestatione
1503 4581 1817 4652 completus.
1835 4579 1865 4634 .l
1875 4580 2094 4633 udicium

513 4689 658 4744 cutim
683 4686 886 4742 dictum
909 4691 1014 4748 est,
1044 4678 1196 4752 quasi
1219 4677 1360 4749 juris
1390 4675 1609 4742 dicium,
1653 4673 1792 4744 quod
1815 4673 1867 4729 in
1909 4687 1975 4728 eo
2007 4672 2095 4742 jus

2197 3483 2429 3539 famulos
2451 3497 2577 3538 suos
2597 3479 2711 3553 jam
2743 3496 2846 3536 non
2876 3478 3188 3548 dere-linquet
3213 3474 3450 3532 arbitriis
3475 3471 3792 3543 impiorum,

2197 3575 2290 3631 sed
2322 3576 2374 3630 in
2401 3582 2602 3630 aeterna
2633 3587 2768 3644 pace
2801 3571 3005 3642 positos
3043 3567 3343 3640 possidebit
3371 3565 3437 3622 ab
3467 3564 3615 3619 omni
3662 3561 3779 3634 peri

2195 3668 2318 3722 culo
2355 3665 2632 3722 liberatos.
2678 3663 2792 3720 Nec
2841 3661 3109 3717 damnabit
3137 3676 3276 3728 eum,
3317 3673 3434 3712 cum
3469 3654 3793 3730 judicabitur

2197 3762 2298 3816 illi.
2333 3760 2450 3816 Non
2481 3758 2954 3830 damnatjustum,
2982 3771 3102 3813 cum
3133 3755 3336 3827 judicat
3378 3751 3648 3834 impium;
3693 3747 3793 3807 sed

2196 3855 2524 3910 discretione
2572 3852 2887 3909 meritorum
2935 3851 3140 3920 justum
3185 3845 3458 3904 beatitudo”
3501 3843 3794 3918 suscipiet,

2197 3946 2352 4004 illum
2380 3946 2559 4002 debita
2590 3961 2748 4017 paena
2780 3944 3075 4015 torquebit.

2270 4061 2424 4118 Vere.
2452 4061 2541 4118 56.
2571 4059 2736 4116 Cors.
2761 4058 3019 4130 Exspecta
3051 4058 3351 4126 Dominum,
3382 4065 3429 4112 et
3457 4056 3660 4112 custodi
3681 4054 3796 4111 vias

2199 4155 2347 4223 ejus;
2374 4161 2424 4210 et
2454 4153 2695 4209 exaltabit
2717 4162 2787 4220 te,
2817 4162 2875 4207 ut
2896 4151 3144 4206 inhabites
3169 4159 3380 4215 tenam;
3407 4163 3521 4204 cum
3542 4145 3798 4216 perierint

2202 4255 2492 4317 peccatores
2529 4246 2738 4302 videbis.
2783 4244 3156 4315 Superioribus
3188 4242 3352 4300 rebus
3379 4241 3672 4310 diligenter
3695 4252 3792 4294 ex-

2202 4337 2415 4408 positis,
2443 4353 2564 4407 quaa
2588 4337 2656 4392 ad
2684 4346 2938 4392 aeternam
2969 4343 3219 4406 poterant
3255 4327 3645 4390 beatitudinem
3675 4344 3794 4402 pcr-

2201 4431 2394 4498 tinere,
2440 4430 2582 4486 redit
2608 4429 2676 4484 ad
2699 4429 2930 4500 justum,
2957 4427 3245 4484 consolans
3270 4439 3416 4490 eum,
3454 4432 3512 4482 et
3553 4424 3744 4480 dicens
3773 4437 3794 4479 :

2199 4526 2278 4580 Tu
2306 4527 2394 4595 qui
2414 4524 2525 4594 jam
2548 4523 2825 4580 credidisti
2854 4521 2922 4578 ad
2947 4537 3068 4594 quae
3103 4521 3242 4576 bona
3266 4517 3423 4574 evehi
3442 4514 3640 4586 possis,
3670 4528 3796 4572 con-

2201 4615 2430 4673 ﬁdenter
2466 4625 2704 4683 exspecta
2736 4614 3036 4680 Dominum,
3063 4612 3116 4668 id
3142 4619 3227 4667 est
3253 4611 3517 4682 patienter
3549 4621 3691 4678 age:
3731 4614 3794 4664 et

2203 4709 2378 4780 qualis
2403 4709 2474 4764 sit
2495 4709 2608 4778 ipsa
2639 4709 2890 4780 patientia
2915 4723 3020 4763 non
3045 4715 3272 4762 tacetur.
3297 4704 3415 4760 Non
3443 4702 3590 4758 enim
3610 4701 3798 4759 otioso

513 4782 740 4838 δίωυτο
769 4777 888 4834 Ν⁰¹¹
923 4776 1077 4870 “nim-
1109 4773 1282 4829 sm“
1315 4785 1540 4870 ,⁸⁸9³9⁸⁸
1574 4768 1890 4870 ³¹¹Ῑ¹ίίΞ³Ρ¹¹¹¹ί
1913 4807 1931 4835 ’
1972 4767 2098 4822 dm“
2125 4775 2180 4838 Ι)
2204 4767 2399 4856 dicitur
2424 4767 2682 4870 επεᾷκοιιὶ,
2707 4799 2802 4855 sed
2830 4797 3120 4861 laboranti,
3171 4798 3264 4868 qui
3297 4797 3406 4852 vias
3429 4794 3662 4859 Domini,
3689 4796 3795 4852 hoc

513 4881 723 4930 constet
743 4887 906 4927 unum
930 4867 1139 4925 Domini
1167 4881 1287 4923 esse
1306 4863 1587 4937 judicium.
1616 4862 1724 4920 Sed
1754 4862 1808 4918 in
1835 4873 2097 4918 aeternum

509 4968 653 5040 juste
683 4965 913 5022 locuturi
939 4971 1107 5029 sunt,
1152 4976 1289 5032 quos
1337 4974 1522 5018 revera
1551 4957 1734 5015 divina
1775 4957 1944 5014 virtus
1985 4969 2100 5011 am-

513 5059 784 5132 plectitur.
859 5062 862 5066 '
1023 5119 1026 5122 ,

587 5151 739 5206 Vers.
771 5151 861 5206 55.
892 5149 1000 5205 Lex
1031 5148 1126 5204 Dei
1153 5152 1263 5222 ejus
1289 5150 1342 5204 in
1367 5147 1520 5204 corde
1545 5146 1729 5218 ipsius,
1751 5153 1800 5200 et
1831 5160 1932 5199 non
1972 5159 2099 5213 sup‘

513 5245 874 5316 plantabuntur
897 5259 1102 5314 gressus
1126 5244 1260 5314 ejus.
1284 5242 1442 5300 Vides
1463 5238 1916 5312 quemadmodum
1942 5235 2098 5291 nobis

516 5337 771 5408 perfectio
801 5337 996 5392 futura:
1018 5337 1363 5394 beatitudinis
1385 5335 1680 5399 indicatur;
1708 5343 1767 5388 ut
1792 5331 1926 5386 nihil
1951 5329 2096 5384 aliud

516 5432 680 5486 homo
727 5431 780 5487 in
825 5431 986 5488 corde
1027 5430 1251 5501 recipiat
1295 5430 1396 5486 nisi
1427 5430 1755 5486 voluntatem
1811 5425 1942 5492 Dei,
1990 5437 2097 5494 qua

513 5526 701 5582 beatus
725 5525 977 5595 efﬁcitur,
1008 5540 1104 5596 per
1129 5541 1288 5597 quam
1319 5524 1388 5582 ad
1427 5533 1634 5580 tantum
1666 5521 1876 5576 culmen
1907 5532 2098 5574 ascen-

513 5616 630 5686 dit,
669 5618 754 5674 cui
795 5617 996 5689 gratias
1034 5617 1403 5675 indesinenter
1442 5625 1659 5672 acturus
1689 5623 1790 5669 est.
1837 5613 1937 5667 Dei
1981 5615 2095 5684 ejus

511 5707 780 5778 signiﬁcat
819 5709 912 5781 qui
949 5725 1069 5766 eum
1104 5710 1174 5766 de
1219 5707 1405 5764 mundi
1444 5709 1598 5763 istius
1630 5707 1783 5764 clade
1824 5706 2091 5763 liberavit.

514 5799 628 5857 Hoc
672 5803 816 5858 enim
851 5817 1148 5872 pronomen
1204 5805 1314 5874 ejus
1359 5802 1585 5869 gratiam
1635 5802 1835 5857 indicat
1879 5802 2093 5858 Domini

513 5895 834 5952 Salvatoris.
864 5896 996 5952 Nam
1024 5911 1147 5951 cum
1176 5897 1250 5952 sit
1276 5896 1516 5950 omnium
1557 5893 1720 5962 Deus,
1753 5897 1920 5964 ipsius
1965 5913 2094 5968 pro-

517 5984 634 6057 prie
664 5983 861 6044 dicitur
886 6003 1047 6060 quem
1086 5988 1315 6047 liberare
1360 5986 1628 6058 dignatur.
1667 5986 1800 6046 Cum
1829 5989 2002 6062 dicit,
2041 5995 2098 6050 in

2203 4900 2289 4946 est
2316 4891 2679 4946 sacratissima
2709 4899 2976 4960 praecepta
3003 4888 3258 4946 custodit.
3291 4889 3429 4955 Apte
3456 4900 3674 4957 quoque
3691 4899 3796 4944 sua

2201 4982 2432 5044 reddidit
2461 4982 2596 5038 suis.
2633 4981 2840 5038 Terram
2873 4983 3018 5038 illam
3048 4982 3149 5038 nisi
3180 4980 3448 5038 exaltatus
3476 4993 3584 5034 non
3609 4985 3798 5048 potest

2201 5074 2518 5144 possidere:
2558 5073 2681 5143 quis
2711 5073 2790 5128 sic
2829 5087 3039 5143 magna,
3077 5073 3158 5129 sic
3185 5081 3389 5138 sancta,
3427 5070 3507 5126 sic
3547 5068 3799 5126 celestis

2201 5177 2305 5233 est,
2337 5179 2495 5232 quam
2525 5180 2682 5222 nemo
2709 5166 2990 5234 praevalet,
3025 5167 3127 5222 nisi
3159 5167 3299 5220 bene
3321 5163 3565 5230 meritus,
3608 5160 3792 5230 adipi.

2197 5259 2295 5314 sci.
2339 5258 2593 5326 Sequitur
2615 5297 2630 5322 ,
2675 5273 2791 5312 cum
2834 5258 3076 5330 perierint
3115 5266 3405 5327 peccatores
3432 5253 3643 5310 videbis.
3680 5251 3768 5308 Du

2201 5348 2320 5419 plici
2371 5349 2580 5406 ratione
2604 5349 2872 5420 iustorum
2908 5350 3098 5420 gaudia
3140 5349 3500 5404 cumulantur.
3545 5345 3798 5404 Primus.

2197 5455 2319 5495 cum
2368 5444 2636 5497 senserint
2682 5442 2735 5496 in
2775 5441 2990 5512 quantis
3037 5439 3144 5494 sint
3163 5438 3589 5510 jucunditatibus
3617 5437 3794 5500 collo,

2196 5531 2390 5600 candi;
2430 5532 2626 5590 deinde
2651 5548 2771 5589 cum
2801 5531 3032 5587 viderint
3071 5545 3256 5601 pinnas
3283 5539 3649 5600 peccatorum,
3681 5543 3755 5588 ex
3775 5551 3796 5578 ο

2194 5621 2471 5678 sultabunt
2506 5623 2734 5694 amplius
2777 5622 2846 5676 ah
2874 5630 3076 5678 aeterno
3100 5635 3162 5676 se
3206 5619 3469 5690 supplicio
3501 5620 3790 5678 liberatos

2199 5715 2352 5772 Tunc
2371 5718 2515 5774 enim
2537 5717 2742 5788 gratior
2761 5715 2816 5770 lit
2829 5716 3058 5786 qualitas
3075 5715 3315 5771 muneris
3335 5713 3599 5779 attributi,
3613 5726 3792 5783 quan-

2199 5809 2270 5863 do
2314 5817 2600 5878 conspecta
2648 5809 2810 5863 luerit
2851 5807 3080 5877 poenalis
3121 5806 3440 5862 adversitas.
3493 5805 3634 5876 Ergo
3679 5802 3788 5858 hoc

2200 5901 2349 5970 dicit,
2380 5902 2599 5966 videbis,
2633 5900 2735 5956 hoc
2761 5909 2842 5956 est
2869 5899 3010 5969 quod
3040 5915 3180 5956 nunc
3207 5898 3403 5964 credis,
3452 5907 3584 5954 tunc
3619 5896 3787 5952 abso-

2201 5995 2314 6052 lute
2342 6006 2658 6063 cognosces,
2688 6003 2744 6051 ct
2769 5993 3057 6062 laetaberis,
3087 5993 3195 6052 iiiis
3223 5992 3379 6066 digne
3408 5993 3777 6065 pereuntibus
