3996 6346
187 474 293 547 269

1089 477 1446 539 EXPOS‘ITIO
1483 472 1551 532 1N
1591 464 2054 534 PSALTERlUM.
2095 472 2289 532 PSAL.
2331 474 2572 532 XXXVI.

3362 432 3468 529 avo

190 614 248 661 te
278 606 573 657 insumunt
603 595 935 655 Dealltlldine
973 610 1070 668 per
1105 595 1329 668 gratiam
1372 592 1581 651 Domini
1619 591 1787 649 collo-
1815 596 1866 655 Α
1896 597 2003 646 tem
2034 586 2252 655 dicitur,
2282 590 2374 659 qui
2424 589 2474 645 in
2507 589 2610 645 hoc
2650 584 2853 645 mundo
2903 587 3044 643 inter
3097 584 3477 644 discordantes

191 703 399 749 catum.

269 788 424 844 Vers.
451 787 542 843 57.
586 782 703 839 Vidi
731 784 946 856 impium
969 781 1423 855 superexaltatum,
1452 788 1500 836 et
1530 781 1782 837 eleuatum

193 899 350 954 super
376 880 556 936 cedrus
584 878 790 935 Libani.
814 876 915 934 llic
934 886 1119 933 contra
1144 870 1517 947 gravissimum
1541 872 1787 929 morbum

193 972 464 1030 medicina
495 971 805 1041 plenissima
830 980 1134 1041 praestatur.
1164 970 1359 1025 Dicunt
1384 968 1527 1025 enim
1550 967 1788 1040 quidam:

195 1066 254 1124 Si
284 1067 393 1124 Deo
420 1064 543 1121 talia
586 1064 951 1134 displicerent,
980 1065 1351 1135 peccatoribus
1382 1071 1526 1119 tanta
1560 1061 1790 1118 felicitas

196 1150 421 1216 minime
437 1157 767 1229 proveniret.
792 1154 1023 1226 Ideoque
1044 1171 1140 1227 per
1159 1153 1453 1225 energiam,
1472 1166 1592 1224 quas
1613 1160 1791 1207 actum

199 1253 287 1309 rei
317 1252 643 1318 incorporea
681 1247 1061 1317 imaginatione
1099 1253 1491 1317 repraesentat,
1525 1245 1711 1299 vidisse
1737 1259 1796 1299 se

201 1344 335 1399 dicit
360 1341 575 1413 impium
609 1340 847 1396 crevisse
885 1353 991 1394 non
1033 1338 1100 1393 ad
1146 1339 1443 1405 honorem,
1489 1335 1582 1391 sed
1616 1334 1795 1404 potius

199 1435 269 1489 ad
314 1433 550 1488 ruinam.
598 1430 877 1486 Elevantur
919 1430 1064 1485 enim
1108 1430 1194 1484 hic
1230 1429 1363 1484 tales
1393 1443 1556 1497 supra
1601 1427 1798 1498 justas,

200 1528 326 1599 quia
355 1528 433 1583 illi
453 1534 579 1582 sunt
604 1527 851 1593 humiles,
879 1526 969 1581 isti
991 1526 1208 1596 superbi
1234 1541 1249 1591 ;
1282 1525 1377 1580 sed
1407 1523 1491 1578 isti
1516 1521 1570 1576 in
1598 1521 1801 1591 judicio

202 1619 430 1683 cadent,
454 1618 531 1673 illi
555 1617 778 1673 feliciter
797 1618 1096 1687 erigentur.
1126 1617 1192 1671 Et
1210 1616 1334 1686 quia
1362 1614 1596 1677 dixerat,
1622 1628 1804 1683 super-

202 1709 534 1775 exaltatum,
569 1724 635 1765 ne
683 1716 899 1779 putares
945 1724 1067 1764 eum
1117 1717 1323 1764 tantum
1373 1722 1532 1778 supra
1575 1705 1803 1761 humiles

202 1811 479 1867 evectum,
511 1801 731 1868 addidit,
766 1810 812 1855 et
837 1801 1084 1857 eleuatum
1114 1816 1266 1873 super
1294 1801 1470 1855 cedrus
1498 1799 1701 1865 Libani,
1736 1804 1799 1852 ut

204 1892 341 1962 ipsis
369 1906 582 1960 quoque
610 1892 848 1961 proceris
876 1892 1242 1948 cacuminibus
1268 1893 1465 1949 celsior
1484 1898 1795 1963 appareret.

205 1950 677 2055 éujus'pro-fectus
706 1983 827 2041 ideo
856 1991 1062 2040 tantum
1101 1986 1402 2051 extollitur,
1430 1993 1489 2041 ut
1517 1950 1635 2055 ejus
1664 1984 1800 2040 irre-
1826 1950 1877 2013 Β

207 2077 514 2134 mediabilis
540 2078 694 2133 ruina
717 2086 1061 2134 monstretur.
1079 2079 1191 2135 Hoc
1211 2080 1371 2135 etiam
1385 2079 1453 2135 de
1479 2078 1693 2135 diabolo
1718 2078 1801 2134 in-

212 2169 377 2241 telligi
392 2170 468 2225 las
483 2178 585 2238 est,
607 2170 675 2225 de
698 2185 802 2240 quo
817 2172 930 2228 Joel
956 2171 1217 2243 propheta
1248 2178 1474 2227 testatur
1487 2171 1675 2228 dicens
1700 2190 1713 2226 :
1739 2171 1807 2227 Et

212 2276 328 2315 eum
353 2261 790 2333 quiabAquilane
818 2264 1163 2337 est,e/fugabo
1196 2281 1229 2319 a
1257 2265 1419 2337 vobis,
1452 2276 1498 2320 et
1527 2267 1729 2337 eiiciam
1754 2266 1810 2321 in

217 2363 358 2409 terra
382 2355 567 2410 sitienti
607 2365 656 2410 et
684 2356 911 2421 deserta;
939 2365 986 2412 et
1014 2357 1360 2413 exterminabo
1389 2358 1573 2427 faciem
1618 2358 1729 2429 ejus
1755 2357 1809 2411 in

219 2462 365 2503 mare
388 2449 514 2503 illud
542 2451 770 2521 primum
790 2490 807 2519 ,
849 2462 893 2506 et
922 2452 1206 2522 posteriora
1232 2453 1347 2523 ejus
1382 2451 1437 2509 in
1467 2467 1609 2505 mare
1638 2451 1812 2505 navis-

216 2542 402 2596 dmum
433 2540 589 2613 (Joel.
614 2555 677 2610 tt,
708 2542 823 2613 20).
855 2540 1064 2599 Gratias
1096 2544 1322 2614 agimus,
1352 2542 1597 2613 Domine,
1627 2542 1811 2612 dispo-

216 2634 502 2690 sitionibus
525 2636 654 2691 tuis.
681 2636 815 2690 Nam
848 2635 974 2705 quid
999 2635 1099 2693 iste
1127 2636 1264 2693 liber
1286 2634 1511 2706 faceret,
1537 2634 1626 2707 qui
1660 2649 1814 2691 mun-

220 2724 355 2779 dum
386 2724 636 2795 religatus
664 2726 895 2798 afﬂigit?
932 2790 935 2791 ν

299 2814 458 2871 Vers.
497 2817 588 2872 38.
628 2816 755 2872 Res.
785 2815 849 2871 Et
886 2820 1134 2885 transivi,
1175 2828 1223 2874 et
1267 2834 1380 2873 ecce
1427 2834 1530 2874 non
1573 2827 1727 2885 erat;
1769 2826 1817 2875 et

221 2909 441 2980 gemini
466 2925 610 2975 eum,
642 2919 689 2963 et
726 2926 824 2965 nan
852 2918 928 2965 est
956 2912 1190 2966 inventus
1247 2910 1391 2967 locus
1421 2915 1555 2982 ejus.
1588 2908 1817 2966 Mundus

220 3004 327 3060 iste
356 3003 566 3060 duobus
597 3004 771 3060 modis
802 3007 1082 3073 transitur,
1110 3007 1224 3062 sive
1255 3020 1377 3062 cum
1408 3005 1679 3060 deseritur
1706 3018 1819 3061 me-

222 3097 345 3155 liori
373 3099 807 3168 conversatione,
841 3100 957 3156 sive
982 3114 1105 3156 cum
1137 3115 1167 3154 a
1196 3099 1421 3155 mortuis
1446 3098 1495 3155 in
1521 3097 1625 3153 ﬁne
1654 3096 1820 3153 relin-

225 3192 428 3261 quitur.
486 3181 647 3264 Ergo'
676 3194 765 3262 qui
815 3192 1089 3248 transierit
1137 3192 1205 3247 ad
1255 3192 1424 3247 Deum
1482 3189 1821 3245 sanctissima

232 3284 390 3354 127
410 3283 842 3349 conversatione,
875 3290 1148 3354 potentem
1175 3282 1287 3352 jam
1317 3297 1423 3337 non
1454 3280 1603 3337 videt
1630 3294 1823 3351 pecca-

228 3387 425 3445 torem,
455 3378 671 3449 quando
698 3377 909 3433 inﬁrma
933 3378 1080 3434 videt
1103 3377 1281 3433 omnia
1310 3375 1377 3431 de
1402 3376 1598 3447 quibus
1624 3375 1823 3446 gloria-

228 3478 319 3525 tur
348 3469 675 3525 humanitas.
721 3470 945 3535 Quasivi
983 3470 1125 3526 enim
1166 3469 1336 3536 dicit,
1380 3468 1483 3524 hoc
1512 3476 1594 3524 est
1622 3469 1676 3523 in
1706 3482 1822 3524 me-

229 3561 462 3617 moriam
492 3561 718 3617 reduxi:
761 3562 883 3632 quia
913 3571 1042 3618 tunc
1066 3561 1199 3631 justi
1227 3560 1576 3616 recordamur
1596 3561 1828 3616 maxime

231 3661 619 3725 peccatorum,
661 3653 875 3725 quando
915 3656 1259 3710 miseratione
1285 3654 1499 3710 Domini
1540 3655 1591 3709 in
1636 3653 1829 3710 melius

232 3748 624 3803 immutantur:
657 3747 900 3802 dolentes
924 3748 1045 3817 quia
1076 3748 1259 3802 miseri
1291 3746 1359 3801 ab
1387 3747 1466 3802 eis
1502 3746 1658 3801 malis
1685 3746 1821 3801 acti-

234 3837 343 3897 bus
383 3850 757 3911 segregautur.
806 3839 976 3895 Locus
1023 3839 1166 3895 enim
1214 3847 1551 3910 peccatorum
1601 3837 1831 3894 mundus

235 3932 343 3988 iste
370 3932 721 4003 dignoscitur,
757 3931 810 3986 in
850 3947 957 4003 quo
996 3940 1052 3987 et
1074 3931 1278 3987 scelera
1307 3931 1618 4002 perﬁciunt,
1663 3938 1718 3986 et
1747 3931 1832 3985 fu-

236 4022 405 4096 gitiva
426 4023 683 4079 felicitate
703 4023 1066 4079 cumulantur.
1089 4023 1198 4079 Sed
1221 4023 1406 4093 utique
1427 4026 1568 4079 locus
1589 4023 1690 4078 iste
1710 4034 1831 4078 cum

239 4130 434 4172 eorum
470 4117 826 4186 prosperitate
861 4114 1206 4184 dissolvitur,
1244 4115 1461 4187 quando
1489 4113 1651 4171 totius
1686 4112 1835 4170 orbis

237 4207 617 4278 eorruptibilis
641 4208 814 4277 gloria
843 4204 1181 4263 terminatur.

318 4302 480 4359 Vere.
512 4301 603 4357 39.
631 4302 743 4359 δια.
774 4300 987 4356 Custodi
1010 4303 1271 4356 veritatem
1300 4309 1347 4356 et
1366 4300 1480 4354 vide
1515 4299 1831 4369 (equitatem,

241 4396 496 4465 quoniam
515 4404 633 4448 sunt
652 4394 885 4463 reliquias
907 4393 1105 4447 homini
1130 4391 1367 4462 paciﬁca.
1416 4391 1551 4448 Dum
1578 4406 1677 4448 nos
1698 4404 1838 4463 pra:-

241 4486 379 4555 cipit
407 4487 669 4541 custodire
714 4487 996 4554 veritatem,
1029 4485 1282 4542 admonet
1318 4500 1386 4542 ne
1440 4487 1497 4542 in
1554 4487 1840 4544 mundanis

246 4581 416 4637 rebus
438 4594 628 4637 curam
659 4579 857 4634 habere
877 4578 1191 4634 debeamus.
1217 4576 1485 4633 Custodire
1509 4578 1653 4634 enim
1674 4578 1833 4646 solet,

249 4675 469 4731 nonnisi
496 4676 590 4744 qui
621 4688 837 4743 semper
861 4672 1109 4727 assiduus
1135 4683 1238 4741 est,
1264 4673 1355 4744 qui
1373 4672 1475 4727 hoc
1491 4674 1707 4743 cogitat,
1736 4670 1838 4727 hoc

250 4766 521 4836 loquitur,
554 4766 657 4821 hoc
683 4774 963 4831 retractat,
998 4763 1251 4833 nulloque
1271 4772 1545 4819 momento
1571 4764 1638 4819 ab
1652 4777 1713 4817 ea
1735 4762 1840 4818 sol-

247 4859 539 4915 licitudine
565 4871 896 4929 segregatnr.
933 4857 1040 4914 Sed
1087 4873 1205 4929 quae
1233 4867 1317 4913 est
1345 4858 1443 4913 ista
1475 4858 1659 4912 veritas
1687 4858 1711 4911 ?
1740 4857 1843 4911 uti-

248 4967 357 5023 que
386 4948 555 5017 Deus,
586 4952 675 5020 qui
705 4949 856 5016 dixit,
892 4948 1005 5020 Ego
1030 4965 1140 5003 sum
1167 4949 1350 5003 veritas
1378 4947 1556 5019 (Jaan.
1604 4961 1712 5013 xtv,
1760 4945 1839 5017 6).

210 5044 400 5114 .Ergo
455 5044 502 5098 si
549 5042 718 5096 Deum
767 5041 1071 5110 custodias,
1114 5041 1204 5096 ille
1254 5049 1307 5097 te
1350 5039 1844 5137 sine.dubitatione

249 5138 516 5192 custodit.
569 5136 710 5192 Dicit
758 5136 941 5201 etiam,
990 5147 1037 5191 et
1081 5137 1193 5191 vide
1230 5131 1539 5206 wquitatem,
1571 5132 1667 5188 Dei
1698 5131 1845 5187 vide-

250 5227 399 5284 licet.
424 5228 563 5283 Nam
604 5240 725 5297 qua:
754 5228 825 5283 sit
867 5227 1093 5297 aequitas
1141 5236 1535 5297 consequenter
1581 5224 1840 5294 exponit;

250 5321 327 5376 ait
356 5320 529 5387 enim,
570 5321 812 5390 quoniam
850 5328 968 5373 sunt
1012 5319 1245 5391 reliquie:
1270 5320 1461 5375 homini
1491 5321 1728 5390 paciﬁca.
1760 5318 1845 5373 ln-

252 5412 546 5468 teudamus
571 5410 1025 5481 quemadmodum
1049 5411 1192 5465 hunc
1216 5425 1519 5466 sermonem
1543 5411 1847 5480 intelligere

251 5503 840 5571 debeamusneliquia:
866 5513 985 5557 sunt
1010 5502 1204 5556 homini
1228 5501 1463 5574 paciﬁca,
1494 5501 1707 5570 quando
1723 5516 1847 5571 spes

253 5595 380 5667 ejus
413 5596 633 5651 Domini
668 5594 1111 5650 remuneratione
1139 5593 1433 5664 peragitur.
1462 5592 1744 5661 Reliquum
1767 5600 1850 5647 est

252 5688 429 5758 enim,
455 5699 516 5743 ut
538 5697 662 5759 post
682 5688 823 5743 hanc
846 5687 1007 5742 vitam
1030 5695 1245 5742 aeternae
1261 5684 1609 5742 beatitudinis
1633 5684 1851 5752 pranuia

253 5794 651 5855 wusequatur.
686 5783 820 5841 Sunt
848 5797 976 5853 ergo
1002 5783 1230 5851 reliquie:
1257 5782 1611 5852 paciﬁcorum,
1641 5779 1855 5849 quando

261 5890 423 5945 spem
467 5875 831 5931 certissimam
882 5884 1013 5929 tunc
1056 5873 1254 5928 habere
1303 5874 1584 5943 incipiunt,
1638 5884 1759 5926 cum
1789 5872 1859 5928 ad

258 5967 619 6038 percipienda
652 5966 862 6023 Domini
911 5965 1049 6023 dona
1101 5965 1443 6035 perveniunt.
1482 5962 1865 6033 Paciﬁcusau-

1887 686 2083 755 pacem
2112 681 2260 748 facit,
2290 681 2574 752 studioque
2604 679 3028 736 mansuetudinis
3056 694 3156 736 nec
3177 680 3291 749 ipse
3323 679 3478 737 inde-

1890 776 2037 833 coris
2056 772 2438 832 certaminibus
2459 774 2782 844 implicatur.
2812 774 2879 830 Et
2900 783 3025 829 nota
3048 772 3177 844 quia
3199 773 3253 829 in
3284 772 3476 831 beato-

1892 886 2017 927 rum
2038 869 2159 927 loco
2190 870 2427 941 ponitur,
2458 870 2539 941 cui
2560 868 2679 928 hac
2699 869 2869 927 virtus
2897 866 3108 927 Domini
3129 869 3323 941 pietate
3343 885 3480 942 prae-

1895 968 2087 1019 statur.

1974 1055 2128 1111 Vers.
2162 1054 2253 1109 to.
2307 1053 2503 1124 Iniusti
2543 1063 2716 1109 autem
2768 1053 3084 1124 disperibunt
3127 1055 3281 1111 simul
3313 1054 3482 1111 :reli-

1896 1149 2030 1219 quiat
2081 1149 2359 1221 impiorum
2413 1148 2673 1219 peribunt.
2737 1146 3028 1204 Sententia:
3089 1148 3284 1205 dantur
3340 1160 3484 1220 apta:

1900 1240 2229 1310 disparibus.
2294 1241 2428 1297 Nam
2484 1242 2622 1298 sicut
2670 1241 2803 1313 justi
2850 1251 2971 1311 post
3020 1242 3158 1298 hanc
3185 1243 3345 1299 vitam
3384 1258 3482 1313 spe

1901 1336 2134 1390 maxima
2161 1335 2524 1405 gratulantur,
2551 1337 2623 1391 ita
2651 1336 2831 1408 injusti
2853 1336 3001 1392 ﬁnita
3024 1335 3143 1391 luce
3167 1336 3485 1407 dispereunt.

1905 1426 2032 1483 Sive
2077 1426 2163 1498 (ut
2195 1428 2414 1497 quidam
2442 1428 2652 1498 volunt)
2683 1428 2912 1499 reliquid!
2956 1428 3255 1498 significant
3284 1445 3489 1485 memo-

1905 1516 2039 1571 riam
2068 1516 2351 1585 bouorum,
2401 1533 2560 1590 quam
2605 1519 2782 1589 justus
2814 1520 2898 1574 vir
2927 1520 2980 1574 in
3012 1519 3113 1576 hoc
3137 1520 3336 1577 mundo
3369 1531 3491 1593 post

1907 1608 2108 1664 obitqu
2162 1610 2512 1681 derelinquit,
2565 1613 2693 1669 dum
2722 1613 2791 1670 de
2820 1623 3035 1670 actuum
3064 1628 3282 1671 suorum
3313 1617 3494 1687 probi-

1910 1709 2018 1756 tate
2046 1702 2315 1759 laudatur.
2342 1703 2495 1772 Quod
2535 1703 2723 1775 utique
2752 1706 3083 1776 martyribus
3125 1708 3370 1778 contigit,
3401 1705 3496 1779 qui

1912 1808 2008 1863 pro
2032 1795 2278 1852 veritatis
2312 1798 2624 1853 testimonio
2651 1798 2834 1855 felices
2882 1800 3090 1856 animas
3120 1800 3492 1858 reddiderunt.

1913 1888 2023 1944 Hoc
2052 1891 2251 1947 mereri
2298 1891 2449 1961 impii
2499 1892 2808 1948 nullatenus
2849 1907 3095 1965 possunt,
3148 1897 3238 1967 qui
3286 1880 3495 1952 nullum

1906 1982 2194 2053 vestigium
2219 1982 2441 2054 dignum
2466 1986 2741 2041 memoriae
2772 2000 2882 2041 suae
2910 1987 3329 2059 derelinquunt:
3362 2006 3495 2062 quo-

1908 2073 2053 2130 niam
2086 2077 2505 2146 superveniente
2527 2077 2751 2135 interitu
2778 2092 2967 2135 eorum
2992 2079 3130 2137 falsa
3158 2081 3275 2139 laus
3312 2091 3366 2139 et
3391 2083 3499 2140 fra-

1907 2170 2028 2241 gilis
2053 2171 2161 2226 vita
2184 2171 2523 2227 dissolvitur.

1983 2264 2137 2320 Vers.
2170 2266 2260 2322 bi.
2291 2264 2426 2322 Tw.
2465 2266 2627 2324 Salus
2654 2278 2821 2323 autem
2844 2272 3107 2343 justarum
3128 2289 3161 2327 a
3186 2270 3428 2339 Domina,
3450 2278 3502 2328 et

1909 2366 2162 2429 protector
2205 2374 2382 2413 eorum
2428 2368 2504 2415 est
2550 2360 2606 2415 in
2650 2370 2875 2432 tempore
2900 2362 3266 2421 tribulationis.
3298 2363 3499 2419 Sancta

1913 2450 2151 2509 Ecclesia
2179 2452 2321 2509 redit
2352 2451 2417 2508 ad
2445 2452 2633 2509 solitas
2662 2455 3086 2522 consolationes,
3120 2472 3187 2513 ne
3215 2466 3501 2527 putaretur

1914 2552 2153 2607 austera,
2186 2543 2233 2599 si
2272 2552 2328 2599 et
2377 2543 2534 2599 bona:
2574 2546 2956 2614 promissionis
2982 2546 3173 2617 gaudia
3199 2563 3306 2605 non
3337 2548 3521 2623 habe:

1914 2646 2017 2690 ret.
2053 2634 2376 2691 Pollicitatio
2405 2633 2582 2702 ﬁrma,
2615 2636 2860 2693 custodia
2908 2637 3084 2705 fortis,
3120 2640 3386 2713 justarum
3416 2656 3503 2695 sa-

1916 2726 2073 2782 lutem
2100 2743 2133 2781 a
2162 2726 2405 2794 Domina,
2449 2742 2557 2783 non
2589 2727 2657 2783 ab
2685 2728 2789 2784 alia
2817 2736 3084 2798 potestate
3131 2731 3318 2788 venire
3357 2745 3508 2785 com-

1917 2829 2202 2877 memorat.
2230 2821 2346 2887 Quo
2370 2820 2492 2875 loco
2522 2820 2748 2875 alterius
2794 2821 2987 2890 psalmi
3025 2838 3216 2879 sensus
3247 2823 3511 2879 dicendus

1920 2920 2005 2969 est
2033 2929 2048 2967 :
2085 2911 2147 2968 Si
2178 2912 2435 2966 ambulem
2463 2913 2517 2965 in
2546 2912 2715 2966 media
2740 2913 2934 2968 umbris
2961 2916 3160 2983 mortis,
3194 2932 3298 2970 non
3328 2916 3513 2972 timeba

1922 3005 2081 3070 mala,
2115 3004 2356 3074 quoniam
2386 3012 2441 3057 tu
2468 3020 2669 3058 mecum
2714 3020 2790 3060 es.
2823 3006 3099 3076 Sequitur,
3151 3017 3197 3063 et
3253 3018 3515 3081 protector

1923 3108 2188 3152 earumest
2212 3097 2264 3151 in
2288 3107 2514 3169 tempore
2538 3097 2883 3152 tribulationis
2899 3097 3075 3170 (Psal.
3106 3117 3239 3168 xxn,
3263 3101 3341 3173 ι).
3366 3101 3517 3157 Tem-

1925 3207 2020 3263 pus
2042 3190 2261 3261 quidem
2287 3188 2633 3244 tribulationis
2663 3190 2862 3260 duplex
2914 3203 3017 3259 est,
3047 3190 3141 3249 sed
3175 3194 3332 3265 longe
3360 3194 3516 3251 dissi-

1929 3284 2077 3339 mile.
2111 3282 2243 3337 Nam
2277 3289 2332 3338 et
2357 3282 2445 3338 hic
2473 3280 2844 3337 tribulationes
2872 3285 3197 3354 temporales
3220 3296 3363 3352 sunt,
3383 3301 3520 3358 quas

1931 3385 2113 3430 tamen
2146 3372 2406 3429 Dominus
2433 3387 2461 3427 a
2494 3373 2747 3429 fidelibus
2768 3375 2881 3431 suis
2908 3391 2971 3432 ex
2996 3385 3109 3431 toto
3137 3393 3244 3433 non
3266 3387 3512 3448 amovet;

1930 3480 2049 3538 quas
2078 3465 2327 3522 mordent
2380 3465 2559 3535 potius
2618 3480 2775 3536 quam
2818 3468 3104 3535 devorant,
3150 3478 3521 3542 compungunt

1930 3574 2092 3631 quam
2126 3560 2456 3631 percutiunt,
2512 3560 2759 3631 affligunt
2805 3577 2963 3632 quam
3019 3564 3364 3622 imminuunt.
3423 3558 3521 3620 llla

1930 3668 2062 3712 vero
2090 3654 2354 3710 tribulatio
2380 3668 2502 3723 quae
2542 3654 2594 3709 in
2623 3655 2710 3709 die
2733 3654 2920 3725 judicii
2955 3658 3131 3728 impiis
3159 3660 3325 3724 venit,
3356 3659 3520 3726 mala,

1933 3749 2058 3820 quia
2102 3755 2336 3812 aeterna;
2370 3746 2567 3817 tristis,
2602 3746 2725 3818 quia
2768 3748 2999 3815 cruciat;
3046 3748 3356 3819 vehentem,
3399 3751 3524 3822 quia

1936 3840 2181 3896 districta
2207 3847 2316 3896 est.
2365 3839 2433 3893 In
2477 3838 2580 3894 hoc
2629 3855 2759 3909 ergo
2784 3848 3009 3911 tempore
3038 3843 3374 3898 tribulationis
3405 3862 3525 3916 pro-

1937 3941 2096 3987 tector
2121 3942 2194 3986 est
2219 3931 2477 3986 Dominus
2504 3946 2525 3987 :
2545 3932 2668 4001 quia
2700 3947 2766 3987 ex
2796 3934 2907 4001 ipsa
2931 3934 3093 4003 eripit
3118 3933 3313 4003 justas.

2008 4025 2166 4081 Vers.
2213 4024 2308 4080 42.
2359 4023 2428 4079 Et
2475 4026 2736 4097 adjttoabit
2778 4042 2863 4081 eos
2893 4026 3165 4097 Dominus,
3197 4038 3245 4083 et
3292 4029 3527 4084 liberabit

1937 4133 2045 4185 eos,
2080 4123 2127 4170 et
2147 4116 2325 4186 eripiet
2371 4129 2455 4169 eas
2483 4132 2517 4168 α
2546 4116 2917 4187 peccatoribus,
2942 4127 2996 4171 et
3033 4118 3202 4172 salvas
3240 4120 3394 4187 faciet
3415 4134 3519 4187 eos,

1938 4208 2181 4279 quattiam
2221 4215 2554 4276 speraverant
2602 4207 2656 4260 in
2698 4221 2835 4261 eum.
2889 4206 2967 4262 De
3013 4208 3260 4265 ﬁdelibus
3304 4207 3526 4264 famulis

1939 4300 2089 4368 dicit,
2111 4313 2244 4371 quos
2263 4297 2318 4355 in
2363 4297 2465 4354 hoc
2493 4298 2692 4353 mundo
2715 4297 3004 4355 efﬁcaciter
3026 4302 3265 4370 adjuvat,
3300 4302 3516 4373 quando

1940 4389 2318 4449 colluctatione
2338 4389 2606 4446 contraria
2629 4388 2938 4461 fatigantur.
2968 4393 3182 4451 Liberet
3206 4393 3374 4463 enim,
3394 4395 3523 4451 dum

1943 4482 2101 4539 ﬁdem
2134 4482 2370 4551 ipsorum
2394 4495 2503 4536 non
2524 4479 2653 4536 sinit
2673 4495 2835 4551 prava
2855 4482 3105 4539 suasione
3124 4484 3380 4554 perverti.
3408 4483 3530 4540 Eri-

1943 4574 2043 4645 piet
2070 4589 2103 4627 a
2130 4571 2500 4644 peccatoribus,
2534 4571 2718 4642 utique
2756 4586 2787 4627 a
2822 4572 3006 4628 mundi
3034 4573 3187 4630 istius
3235 4575 3533 4631 contrarie-

1948 4672 2054 4719 tate
2081 4669 2261 4718 servat
2288 4662 2513 4717 illaesos.
2559 4660 2782 4717 Addidit
2823 4678 3036 4734 quoque
3073 4678 3286 4719 causam
3329 4664 3533 4720 libera-

1954 4756 2114 4813 tionis
2166 4772 2180 4811 :
2230 4755 2474 4826 quoniam
2525 4764 2851 4823 speraverant
2879 4756 2933 4810 in
2970 4772 3104 4823 eum,
3137 4770 3243 4811 non
3273 4756 3396 4826 quia
3428 4772 3533 4812 non

1953 4854 2330 4918 peccaverunt,
2356 4844 2450 4902 sed
2472 4846 2724 4915 quoniam
2751 4860 2899 4916 spem
2930 4860 3078 4900 suam
3100 4846 3153 4901 iu
3182 4844 3392 4902 Domini
3423 4848 3535 4918 pic-

1951 4951 2059 4997 tate
2089 4948 2398 5011 posuerunt.
2436 4936 2589 5006 Quod
2633 4945 2809 5007 potest
2846 4937 3006 4993 etiam
3037 4948 3092 4993 et
3138 4938 3204 4994 ad
3234 4938 3361 4994 illud
3389 4939 3532 5009 judi-

1952 5033 2092 5088 cium
2116 5030 2275 5099 trahi,
2306 5031 2520 5102 quando
2540 5029 2743 5086 sanctis
2769 5028 2883 5084 suis
2908 5038 3108 5085 acterna
3138 5032 3362 5102 pratmia
3391 5046 3533 5103 prte-

1952 5134 2093 5180 stare
2122 5122 2442 5195 dignabitur.

2486 5210 2755 5267 Conclusio
2794 5211 2999 5282 psalmi.

2023 5308 2191 5377 Quam
2232 5305 2467 5378 proﬁcua
2512 5305 2674 5360 verba
2732 5305 2964 5376 Spiritus
3016 5308 3187 5364 sancti
3227 5310 3538 5380 dignatione

1955 5403 2159 5474 prolata
2189 5400 2345 5455 suntl
2379 5412 2535 5469 quam
2569 5398 2799 5454 mirabili
2843 5400 3039 5458 virtute
3079 5402 3170 5458 illa
3216 5404 3390 5458 tunica
3434 5403 3544 5458 Do-

1955 5497 2082 5551 mini
2110 5491 2308 5550 Christi
2340 5506 2569 5562 superna
2600 5491 3000 5562 dispensatione
3025 5505 3277 5552 contexta
3297 5506 3400 5568 est,
3433 5513 3541 5553 non

1960 5590 2084 5656 lilis,
2116 5587 2211 5643 sed
2241 5586 2517 5652 versibus;
2546 5600 2650 5640 non
2680 5588 2935 5658 stamine,
2967 5590 3062 5645 sed
3090 5594 3538 5664 compunctione;

1963 5699 2067 5738 non
2098 5682 2242 5749 lana,
2271 5678 2363 5735 sed
2387 5678 2590 5749 gratia;
2622 5680 2823 5736 scilicet
2866 5697 2983 5749 qua:
3007 5691 3173 5738 totum
3197 5699 3392 5753 corpus
3427 5698 3544 5737 am-

1966 5778 2096 5843 biat,
2128 5785 2183 5832 et
2204 5771 2442 5829 membra
2471 5772 2637 5841 ipsius
2666 5772 2718 5825 in
2772 5771 2989 5827 modum
3034 5788 3202 5829 sacrae
3226 5776 3390 5830 vestis
3415 5787 3545 5843 ope.

1968 5871 2098 5935 riat;
2130 5883 2289 5938 quant
2332 5882 2435 5921 non
2467 5865 2632 5920 valuit
2680 5863 2916 5920 dividere
2947 5866 3172 5921 militum
3204 5867 3390 5922 insana
3416 5880 3543 5934 pro-

1970 5962 2176 6030 tervia;
2209 5976 2368 6031 quam
2410 5974 2515 6018 non
2544 5967 2720 6028 potest
2762 5957 3132 6018 haereticorum
3184 5968 3262 6018 tot
3309 5958 3543 6027 sacculis,
