3996 6346
471 435 568 502 271
1058 454 1120 486 ἰο
1223 455 1232 463 κ

1673 426 1742 484 M.
1781 420 2062 485 AURELII
2098 412 2489 479 CASSIODORI

3623 402 3735 464 211

470 558 598 616 dum
625 568 840 629 semper
858 558 1100 625 carpent,
1125 548 1373 608 scindere
1402 545 1688 603 multitudo
1721 563 1738 600 :
1761 544 1854 602 sed
1881 543 1934 598 in
1958 555 2054 597 sua
2080 542 2131 600 A
2157 537 2289 593 muli
2311 542 2551 629 paratum
2577 545 2636 588 se
2660 544 2869 629 quoque
2886 527 2954 586 ad
2969 525 3174 600 ﬂagella
3193 531 3421 629 testatur
3439 539 3454 578 :
3475 523 3733 595 quoniam

472 651 725 708 ﬁrmitate
753 648 1077 714 consistens,
1106 646 1228 701 illos
1274 653 1477 700 tantum
1521 643 1750 714 protegit
1788 654 1922 711 quos
1947 637 2052 692 Do-

471 745 619 803 mino
641 747 852 818 placere
865 741 1166 815 cognoscit!
1195 739 1465 811 Rogemus
1489 753 1617 810 ergo
1639 731 2052 805 inseparabilem

472 837 814 907 Trinitatem,
828 846 887 894 ut
913 835 1031 892 haec
1057 831 1222 891 vestis
1243 842 1299 890 et
1327 846 1427 888 nos
1449 838 1718 902 protegat,
1733 836 1894 898 atque
1915 825 2056 881 intra

473 944 601 988 suos
619 931 773 988 sinus
805 929 1034 1001 gratuita
1063 927 1374 994 dignatione
1420 923 1727 982 concludat.
1773 921 1890 990 Quo
1930 918 2052 975 loco

474 1021 676 1106 Sedulii
702 1007 862 1077 verba
883 1023 1180 1105 mutuanda
1202 1026 1327 1107 sunt
1360 1033 1378 1072 :
1453 1091 1481 1105 ‘

567 1103 773 1165 Grandia
795 1103 1180 1177 posco,quidem,
1205 1103 1298 1160 sed
1307 1105 1372 1158 tu
1393 1103 1512 1158 dare
1538 1104 1741 1170 grandia
1757 1103 1904 1156 nosti.

691 1244 1054 1305 EXPOSITIO
1087 1242 1156 1300 ΙΝ
1195 1240 1525 1300 PSALMUM
1562 1238 1831 1296 XXXVII.

751 1358 994 1416 Psalmus
1015 1357 1182 1414 David
1207 1359 1262 1412 in
1282 1352 1778 1412 commemoratione.

443 1479 451 1488 ’
544 1503 784 1562 Dicendo
815 1503 868 1558 in
891 1499 1390 1567 commemoratione,
1421 1497 1524 1554 hoc
1543 1495 1698 1553 nobis
1744 1490 1928 1548 titulus
1955 1487 2056 1544 iste

475 1601 806 1670 pronuntiat,
856 1605 912 1652 ut
959 1597 1083 1665 quia
1127 1600 1406 1666 peccatum
1450 1587 1776 1648 omnimodis
1818 1584 2057 1655 eﬁ‘ugere

473 1705 581 1746 non
613 1688 874 1752 valemus,
903 1695 1049 1742 certe
1083 1685 1260 1755 ipsum
1292 1683 1545 1738 delictum
1587 1681 1643 1734 in
1689 1690 2056 1732 commemora-

473 1783 610 1837 tione
631 1794 844 1850 semper
865 1777 1065 1833 habere
1094 1775 1412 1842 debeamus;
1443 1781 1712 1844 quatenus
1733 1771 1858 1824 dum
1881 1767 2057 1835 culpae

449 1885 744 1929 'memores
770 1885 976 1936 sumus,
1015 1883 1049 1924 a
1074 1868 1395 1924 delictorum
1443 1863 1746 1933 frequentia
1787 1871 2055 1930 tempere-

2157 629 2274 700 plus
2305 602 2365 683 se
2393 625 2568 681 adhuc
2591 602 2787 679 mereri
2821 630 2992 693 putat,
3021 635 3181 691 quam
3209 617 3453 673 videatur
3478 631 3598 672 esse
3619 630 3736 686 per:

2155 733 2366 790 pessus.
2391 717 2521 774 Post
2549 717 2661 772 haec
2689 717 2939 786 provenit
2960 729 3081 786 qua:
3109 727 3321 782 semper
3348 709 3734 781 paenitentibus

2155 812 2314 869 datur
2365 809 2684 866 exsultativa
2736 807 3011 863 conclusio
3052 822 3067 859 :
3119 803 3210 860 ubi
3257 803 3370 872 jam
3412 816 3444 857 a
3493 800 3743 856 cladibus

2161 901 2413 960 omnibus
2441 899 2720 966 liberatus,
2751 899 2938 954 salutis
2983 910 3097 952 suae
3139 895 3304 950 Deum
3333 891 3613 964 proﬁtetur
3641 906 3745 946 au-

2155 999 2393 1059 ctorem;
2420 987 2786 1046 ut'manifeste
2814 986 3071 1042 doceatur
3100 986 3154 1040 in
3175 998 3273 1054 spe
3302 982 3604 1041 certissima
3632 979 3742 1036 col-

2155 1085 2391 1155 locatus,
2415 1083 2506 1158 qui
2549 1092 2710 1140 tantae
2735 1080 2936 1137 laetitiae
2961 1079 3372 1152 participatione
3396 1076 3602 1134 ditatus
3623 1083 3740 1134 est.

2694 1197 2967 1269 Expositio
2994 1195 3204 1267 psalmi.

2229 1297 2384 1355 Vere.
2418 1297 2470 1353 ι.
2517 1294 2759 1360 Domine,
2805 1309 2871 1349 ne
2921 1293 2974 1346 in
3003 1293 3083 1346 ira
3120 1300 3210 1345 tua
3225 1305 3423 1362 arguas
3450 1303 3555 1356 me,
3583 1302 3752 1358 neque

2157 1389 2212 1444 in
2235 1393 2414 1461 furore
2460 1394 2551 1442 tuo
2597 1384 2846 1456 corripias
2890 1399 2990 1438 me.
3040 1380 3136 1438 Vir
3189 1382 3293 1438 iste
3343 1379 3750 1444 sanctissimus;

2158 1479 2303 1535 sicut
2330 1477 2398 1533 de
2441 1477 2557 1546 ipso
2586 1473 2845 1530 Dominus
2872 1471 3013 1528 dixit
3043 1489 3057 1525 :
3089 1469 3340 1540 Simplex,
3382 1477 3573 1534 rectus,
3603 1479 3656 1523 et
3688 1470 3752 1522 ti-

2158 1587 2301 1626 mens
2324 1570 2510 1636 Deum,
2539 1585 2600 1623 ac
2627 1567 2867 1622 recedens
2908 1583 2941 1623 a
2965 1563 3104 1619 malo
3136 1563 3260 1636 (Job
3296 1579 3336 1632 ι,
3369 1562 3446 1630 1),
3479 1577 3603 1619 cum
3629 1572 3752 1618 ten-

2158 1664 2454 1721 tationibus
2481 1661 2681 1719 diaboli
2709 1660 2896 1717 fuisset
2937 1659 3162 1715 traditus
3190 1659 3256 1714 ad
3287 1657 3642 1730 probandum,
3671 1657 3754 1711 in-

2161 1772 2242 1818 ter
2285 1760 2502 1816 dolores
2551 1758 2763 1827 anxius,
2818 1771 2924 1812 non
2975 1766 3092 1812 erat
3130 1761 3341 1810 tantum
3367 1753 3434 1808 de
3465 1767 3557 1808 sua
3591 1768 3756 1822 paena

2160 1853 2440 1922 sollicitus,
2473 1859 2732 1922 quantum
2761 1850 2828 1904 de
2873 1847 3080 1902 Domini
3110 1845 3410 1902 offensione
3437 1855 3753 1914 suspectos,

475 1979 615 2020 mus.
644 1963 793 2019 Sicut
814 1972 865 2018 et
890 1963 947 2016 in
975 1959 1246 2017 tricesimo
1262 1959 1436 2030 primo
1467 1956 1673 2027 psalmo
1697 1953 1925 2022 positum
1947 1959 2050 2017 est,

2171 1951 2312 2015 rogat
2345 1957 2414 1998 ne
2450 1949 2716 1997 tormenta
2745 1954 2863 2010 qua:
2893 1937 3192 2006 patiebatur
3217 1937 3354 1992 irato
3378 1934 3558 2004 judice
3583 1933 3757 1990 susti-

475 2057 646 2112 David
670 2054 956 2111 intellectus
968 2072 987 2122 ;
1017 2053 1154 2110 sicut
1179 2063 1235 2109 et
1287 2052 1342 2106 in
1373 2047 1818 2121 quinquagesimo
1845 2044 2056 2116 psalmo

475 2151 592 2220 ipse
623 2149 920 2220 proﬁtetur,
949 2155 997 2202 et
1038 2155 1299 2218 peccatum
1325 2159 1493 2198 meum
1517 2150 1700 2213 contra
1726 2155 1804 2194 me
1830 2147 1905 2193 est
1927 2152 2059 2192 sem-

476 2257 565 2312 per
590 2240 763 2314 (Psal.
787 2257 839 2308 ι,
869 2240 946 2312 5).
973 2239 1080 2296 Sed
1104 2239 1227 2294 licet
1249 2235 1512 2308 propheta
1541 2233 1774 2290 nominis
1799 2231 1883 2288 sui
1908 2229 2061 2286 testi-

476 2334 713 2391 monium
744 2335 886 2390 dicat
913 2349 1074 2404 quam
1123 2335 1356 2388 maxime
1395 2330 1463 2385 de
1505 2328 1721 2396 futuris,
1754 2334 1934 2380 tamen
1959 2337 2062 2380 nec

477 2427 750 2496 prmterita
778 2425 1123 2498 derelinquit,
1157 2440 1278 2495 quae
1308 2422 1376 2478 ad
1419 2422 1647 2478 salutem
1679 2418 1854 2475 ﬁdelis
1879 2414 2062 2487 populi

477 2519 749 2590 pertinere
776 2519 1078 2590 cognoscit.
1126 2517 1222 2571 llic
1279 2516 1422 2572 enim
1472 2514 1712 2584 psalmus
1743 2511 1824 2573 (ut
1845 2508 2063 2580 quidam

478 2610 787 2682 voluerunt)
823 2621 966 2667 tctus
995 2609 1062 2665 ad
1089 2609 1231 2665 beati
1259 2607 1362 2666 Job
1391 2605 1786 2663 vivacissimam
1831 2602 2066 2674 pertinet

478 2701 811 2772 passionem,
835 2701 925 2772 qui
952 2709 1232 2772 superator
1276 2698 1376 2754 fuit
1400 2698 1523 2752 vitae
1576 2695 1841 2759 mortalis,
1883 2692 2066 2748 carnis

477 2809 593 2852 suae
638 2793 961 2861 debellator,
1019 2794 1377 2862 triumphator
1427 2789 1724 2860 ingentium
1772 2785 2068 2858 supplicio-

478 2904 628 2956 rum;
659 2888 866 2946 scilicet
907 2895 967 2944 ut
1004 2886 1385 2958 paenitentibus
1436 2898 1605 2942 onera
1631 2897 1727 2937 sua
1768 2879 2066 2938 reddantur

478 2980 639 3046 levia,
661 2979 788 3035 dum
805 2978 1139 3050 gravissima:
1169 2977 1484 3034 tentationis
1529 2975 1841 3031 referuntur
1877 2986 2066 3028 exem-

478 3070 589 3140 pla.
623 3069 963 3126 Consuetudo
991 3079 1076 3125 est
1103 3069 1248 3124 enim
1282 3067 1576 3138 Scriptura:
1612 3065 1829 3132 divinae,
1857 3072 1917 3118 ut
1943 3077 2068 3118 cum

481 3161 966 3216 exercitatissimus
990 3159 1147 3215 miles
1171 3157 1369 3213 Christi
1394 3157 1622 3211 afllictus
1640 3156 1854 3223 dicitur,
1879 3154 2068 3211 tironis

481 3251 608 3322 inde
634 3249 844 3306 animus
876 3249 1148 3306 efﬁcacius
1174 3249 1462 3304 imbuatur.
1487 3247 1825 3318 Quapropter
1853 3247 1906 3303 in
1930 3245 2068 3302 alﬁi-

2163 2043 2337 2093 neret.
2384 2033 2702 2090 Verberatio
2745 2031 2892 2088 enim
2921 2044 3042 2102 quae
3082 2028 3230 2084 venit
3270 2042 3301 2083 a
3342 2027 3520 2098 quieta
3569 2035 3759 2082 mente

2161 2127 2424 2182 correctio
2451 2133 2556 2191 est,
2585 2123 2722 2180 sicut
2750 2122 2981 2192 legitur:
3008 2121 3177 2192 Argue
3196 2119 3499 2193 sapientem,
3540 2125 3590 2171 et
3611 2133 3760 2171 ama-

2163 2218 2234 2272 bit
2260 2228 2307 2272 te
2336 2215 2516 2287 (Prov.
2541 2232 2616 2283 ts,
2647 2213 2738 2286 8);
2771 2229 2892 2284 quae
2920 2223 3095 2270 autem
3127 2214 3278 2268 venit
3323 2211 3393 2265 ab
3419 2209 3637 2266 infenso
3661 2213 3756 2280 jn-

2165 2310 2284 2368 dice
2324 2309 2724 2367 rationabiliter
2745 2307 3084 2364 formidatur.
3108 2305 3202 2362 llla
3234 2305 3380 2361 enim
3422 2303 3764 2362 emendatio-

2166 2417 2288 2458 nem
2322 2410 2564 2471 przcstat,
2607 2400 2705 2455 ista
2756 2398 2922 2470 exigit
2963 2398 3244 2454 ultionem.
3295 2397 3431 2452 Hinc
3473 2405 3557 2454 est
3613 2395 3760 2467 quod

2166 2502 2324 2564 rogat
2353 2501 2534 2548 utnon
2561 2502 2815 2563 arguatur
2842 2491 2897 2545 in
2925 2493 3022 2558 ira,
3053 2505 3152 2546 nec
3179 2491 3231 2545 in
3255 2503 3379 2546 eum
3410 2488 3762 2549 damnatione

2169 2595 2424 2660 perpetua
2453 2586 2780 2642 vindicetur.
2797 2583 2887 2642 Sic
2906 2583 3051 2640 enim
3074 2591 3319 2640 metuens
3344 2591 3400 2638 et
3420 2583 3475 2638 in
3497 2583 3638 2640 libro
3654 2598 3762 2641 suo

2167 2679 2330 2736 dicit:
2365 2676 2540 2732 Iratus
2568 2685 2641 2732 est
2664 2686 2842 2732 contra
2869 2693 2947 2731 mc
2973 2676 3120 2746 furor
3141 2677 3277 2748 ejus,
3300 2683 3348 2729 et
3367 2676 3442 2729 sic
3465 2691 3547 2729 me
3573 2675 3763 2730 habuit

2169 2777 2318 2848 quasi
2348 2776 2545 2830 hostem
2571 2789 2724 2828 suum
2754 2771 2872 2842 (Job
2895 2787 3009 2839 xtx,
3035 2770 3149 2840 11).
3179 2771 3255 2827 De
3284 2770 3362 2826 ira
3385 2784 3516 2826 vero
3543 2768 3761 2826 Domini

2169 2867 2330 2924 Pater
2351 2866 2685 2937 Augustinus
2713 2865 2768 2919 in
2801 2863 2936 2920 libro
2966 2861 3313 2919 Enchiridion
3344 2863 3498 2936 (Cap.
3525 2863 3622 2932 i5)
3646 2864 3763 2933 pul-

2170 2960 2300 3017 chra
2357 2958 2618 3014 brevitate
2657 2955 2910 3012 disseruit
2955 2953 3181 3011 dicens:
3215 2955 3348 3010 Cum
3398 2964 3585 3010 autem
3623 2955 3764 3011 Deus

2174 3052 2336 3108 irasci
2367 3051 2578 3117 dicitur,
2610 3065 2716 3106 non
2745 3049 2862 3120 ejus
2893 3048 3227 3120 signiﬁcatur
3255 3048 3612 3119 perturbatio,
3635 3063 3766 3120 φης

2172 3144 2238 3200 lis
2265 3153 2346 3200 est
2375 3144 2428 3199 in
2472 3142 2652 3198 animo
2684 3141 2966 3197 irascentis
2997 3140 3258 3207 hominis;
3291 3140 3386 3196 sed
3415 3155 3481 3196 ex
3509 3140 3766 3197 humanis

2174 3236 2410 3292 motibus
2441 3233 2702 3290 translato
2731 3232 3015 3300 vocabulo,
3045 3231 3278 3288 vindicta
3326 3233 3464 3302 ejus,
3505 3247 3636 3302 quae
3662 3247 3766 3286 non

483 3342 748 3400 etionibus
773 3343 979 3412 asperis
1019 3341 1367 3414 gaudeamus,
1411 3341 1465 3396 in
1491 3341 1670 3398 carnis
1699 3349 1900 3397 nostrae
1943 3355 2067 3396 cru—

2173 3329 2274 3384 nisi
2299 3327 2442 3397 justa
2465 3334 2564 3392 est,
2586 3325 2680 3381 irm
2709 3340 2905 3381 nomen
2933 3324 3164 3390 accepit.
3195 3325 3271 3381 De
3301 3325 3376 3379 ira
3409 3323 3656 3395 denique
3686 3326 3768 3382 vel

485 3439 715 3495 ciatione
739 3437 983 3494 laetemur
1013 3455 1027 3492 :
1058 3436 1311 3508 quoniam
1336 3436 1438 3492 hoc
1467 3451 1568 3493 nos
1587 3435 1654 3490 ab
1676 3444 1876 3492 aeterna
1907 3450 2068 3506 pmna

484 3530 697 3598 liberat,
725 3530 866 3603 quod
895 3531 981 3588 hic
1012 3539 1232 3604 propter
1263 3533 1422 3604 128
1449 3531 1736 3587 Dominum
1767 3539 2069 3586 momenta-

485 3636 586 3680 nea
613 3623 890 3681 celeritate
915 3623 1222 3680 discruciat.
1279 3623 1739 3680 Considerandum
1789 3631 1873 3680 est
1901 3623 2068 3678 etiam

485 3715 626 3786 quod
649 3715 702 3772 in
725 3715 812 3772 bis
842 3716 1062 3788 psalmis
1093 3717 1464 3788 poenitentium
1490 3717 1672 3773 nullus
1689 3725 1832 3772 tanta
1861 3715 2070 3786 legatur

484 3824 606 3868 esse
650 3826 956 3884 perpessus,
991 3820 1050 3868 ut
1077 3815 1270 3870 merito
1325 3813 1393 3868 ad
1443 3827 1754 3872 mensuram
1801 3811 2068 3870 malorum

485 3906 654 3977 recipi
683 3905 932 3964 credatur
960 3907 1193 3980 qualitas
1221 3908 1564 3978 gaudiorum.

1055 4019 1252 4078 Divisio
1293 4022 1497 4092 psalmi.

556 4135 660 4194 Per
689 4137 914 4210 ﬁguram
963 4136 1292 4208 etbopoeiam
1323 4151 1554 4208 persona
1606 4133 1965 4191 introducitur
1989 4132 2073 4207 (ut

485 4225 688 4282 dictum
715 4229 820 4298 est)
851 4227 1033 4283 invicti
1079 4228 1267 4284 militis
1318 4227 1539 4295 Christi,
1570 4229 1852 4284 vulnerum
1881 4225 2073 4282 dolore

486 4320 718 4389 conﬁxa,
742 4321 1016 4376 vermibus
1037 4322 1364 4388 scaturiens,
1396 4321 1621 4388 insuper
1641 4319 2074 4389 exprobrationi-

485 4411 589 4468 bus
608 4412 871 4478 sauciata,
913 4421 971 4468 et
1011 4413 1154 4468 inter
1192 4421 1269 4468 tot
1315 4413 1650 4467 calamitates
1676 4411 1920 4477 obsessa,
1955 4409 2073 4464 sola

489 4507 614 4563 fidei
639 4506 925 4564 vivacitate
945 4506 1250 4562 sanissima.
1283 4505 1450 4573 Quam
1480 4505 1673 4560 merito
1704 4505 1860 4560 beato
1891 4501 1992 4558 Job
2021 4509 2077 4556 et

487 4615 588 4656 nos
609 4602 881 4657 credimus
909 4599 1302 4670 applicandam,
1336 4597 1551 4667 quando
1580 4597 1704 4651 huic
1733 4606 1788 4652 et
1820 4610 2075 4650 aerumnae

2171 3424 2350 3479 furore
2379 3423 2467 3478 illa
2497 3420 2769 3477 sufﬁciant
2791 3437 2912 3493 quae
2938 3420 3007 3478 de
3029 3420 3226 3477 talibus
3260 3419 3440 3478 verbis
3468 3420 3523 3474 in
3549 3419 3765 3490 psalmo

2168 3525 2321 3572 sexto
2345 3515 2454 3585 jam
2477 3513 2620 3570 dicta
2645 3522 2792 3569 sunt.

2293 3623 2397 3664 crs.
2426 3609 2482 3663 2.
2527 3607 2783 3675 Quoniam
2805 3606 3004 3676 sagitta
3048 3616 3148 3662 tute
3174 3606 3351 3676 infixa:
3396 3614 3516 3661 sunt
3543 3606 3702 3672 milii,
3724 3612 3772 3661 et

2171 3702 2486 3772 conﬁrmasti
2517 3715 2668 3772 super
2689 3718 2769 3757 me
2796 3717 3006 3756 manum
3029 3710 3190 3756 tuam.
3237 3699 3430 3758 Secuta
3479 3711 3565 3758 est
3591 3715 3764 3756 causa

2172 3795 2497 3866 probabilis;
2521 3805 2579 3851 ttt
2607 3796 2660 3851 in
2685 3795 2774 3850 illo
2804 3795 3007 3866 judicio
3028 3795 3140 3866 jam
3172 3809 3280 3851 non
3318 3795 3514 3851 debeat
3559 3795 3771 3867 puniri,

2172 3891 2264 3961 qui
2289 3890 2445 3945 malis
2476 3890 2829 3960 praesentibus
2858 3889 3210 3946 vehementer
3239 3889 3470 3944 afﬂictus
3495 3874 3602 3944 est.
3653 3887 3765 3942 Do-

2173 3982 2352 4038 minus
2380 3983 2520 4038 enim
2551 3998 2674 4039 eum
2717 3981 2803 4038 hic
2843 3981 3106 4046 vindicat,
3149 3981 3221 4038 ibi
3256 3984 3445 4052 parcit,
3509 3981 3776 4050 quoniam

2175 4077 2458 4134 clementia
2483 4076 2720 4145 ipsiusin
2742 4076 2974 4146 idipsum
2991 4076 3125 4132 duas
3153 4090 3258 4132 non
3289 4072 3460 4143 exigit
3489 4072 3767 4137 ultiones;

2173 4157 2314 4228 sicut
2344 4169 2601 4240 scriptum
2645 4177 2725 4226 est
2761 4187 2773 4224 :
2809 4168 2931 4225 Non
2973 4168 3233 4242 judicabit
3281 4165 3535 4221 Dominus
3590 4167 3676 4222 bis
3719 4167 3775 4221 in

2177 4259 2404 4332 idipsum
2433 4258 2623 4330 (Num.
2649 4275 2687 4328 ι,
2721 4260 2800 4330 9).
2847 4259 2957 4316 Sed
2985 4275 3108 4316 cum
3155 4257 3503 4314 ﬁdelissimus
3528 4255 3775 4314 famulus

2179 4368 2239 4411 se
2264 4360 2614 4424 cognosceret
2653 4352 2915 4409 diabolica
2972 4351 3162 4408 fraude
3202 4351 3410 4418 vexari,
3442 4350 3658 4406 sciebat
3688 4360 3772 4406 ta-

2131 4483 2139 4492 .
2180 4460 2302 4502 men
2333 4461 2456 4501 eum
2488 4446 2538 4499 in
2571 4459 2630 4500 se
2657 4460 2763 4500 non
2809 4445 3048 4515 potuisse
3089 4445 3403 4515 praevalere,
3447 4444 3554 4513 nisi
3591 4444 3773 4501 licen-

2182 4536 2311 4593 tiam
2338 4537 2536 4592 divinis
2560 4533 2887 4606 jussionibus'
2910 4537 3239 4606 accepisset;
3273 4537 3501 4606 ideoque
3525 4535 3598 4592 ad
3618 4537 3776 4596 illum

2182 4627 2416 4699 loquitur
2445 4629 2500 4683 in
2525 4629 2677 4698 cujus
2708 4635 2975 4698 potestate
3005 4627 3254 4683 universa
3295 4635 3419 4682 sunt
3441 4627 3642 4696 posita.
3675 4627 3776 4683 Sa-

487 4696 708 4794 similes
719 4696 1060 4794 exstiterunt,
1094 4701 1148 4748 et
1171 4696 1314 4794 pene
1347 4691 1478 4794 ipse.
1499 4687 1921 4794 sertno.vi‘ti'elut
1949 4703 2072 4792 εξεθ
2100 4722 2154 4785 ι)
2186 4687 2326 4794 θὶιὶω
2351 4729 2406 4776 et
2434 4721 2486 4775 in
2508 4687 2648 4776 bono
2677 4687 2733 4776 ei
2773 4721 2827 4775 in
2868 4721 3010 4775 malo
3041 4719 3395 4788 accipiuntur.
3425 4687 3480 4770 hi
3515 4717 3688 4782 bono,
3723 4727 3780 4772 ut

485 4789 804 4843 consimilis.
827 4788 1167 4856 Quapropter
1183 4799 1279 4855 per
1302 4783 1417 4838 loca
1436 4783 1644 4853 singula
1662 4781 1727 4836 de
1749 4780 1887 4836 libro
1907 4781 2076 4850 ipsius

498 4883 807 4937 testimonia
839 4881 1116 4946 dabimus;
1149 4887 1207 4933 ut
1243 4876 1468 4932 omnino
1495 4875 1771 4946 passiones
1816 4875 1946 4944 ipsae
1973 4874 2076 4931 sibi

487 4977 779 5029 convenire
810 4989 872 5030 ac
893 4987 1192 5042 congruere
1221 4969 1524 5026 videantur.
1552 4969 1796 5024 Psalmus
1818 4984 1946 5040 ergo
1971 4971 2076 5025 iste

489 5065 800 5136 paenitentis
828 5065 1154 5136 quadrifaria
1177 5063 1522 5117 distinctione
1543 5060 1748 5117 divisus
1769 5070 1874 5116 est.
1893 5061 2074 5116 Primo

488 5159 730 5213 continet
754 5157 1057 5223 exordium,
1093 5156 1149 5209 in
1176 5170 1282 5224 quo
1313 5154 1741 5209 misericordiam
1782 5162 1961 5209 movet
1982 5153 2075 5209 be-

491 5251 638 5320 nigni
662 5250 862 5319 judicis
905 5248 1013 5304 vita
1042 5248 1296 5318 poenalis.
1327 5247 1581 5317 Sequitur
1610 5247 1856 5317 bipartita
1889 5260 2078 5301 narra-

489 5346 592 5416 tio,
617 5345 705 5401 ubi
727 5355 779 5400 et
807 5358 1001 5413 corpus
1026 5357 1182 5397 suum
1205 5341 1429 5397 diversis
1449 5342 1620 5412 poenis
1644 5341 1902 5396 afflictum
1925 5355 2076 5395 com-

489 5449 777 5506 memorat,
795 5449 848 5495 et
871 5438 1106 5493 animum
1125 5434 1295 5491 refert
1317 5435 1610 5491 amicorum
1634 5434 2074 5504 imputationibus

487 5533 728 5605 graviter
757 5534 1088 5598 sauciatum;
1119 5543 1178 5588 ut
1199 5547 1317 5587 cum
1344 5531 1489 5585 nulla
1512 5531 1808 5586 consolatio
1843 5530 1896 5584 in
1929 5539 2076 5584 utra-

489 5642 597 5698 que
645 5637 793 5696 parte
828 5625 1173 5696 relinquitur,
1206 5623 1331 5678 totis
1363 5623 1570 5678 viribus
1599 5621 1857 5676 Dominus
1884 5636 2075 5677 exore-

490 5729 600 5776 tur.
616 5721 800 5777 Tertio
823 5719 1162 5791 subiungitur
1183 5716 1484 5774 consolatio
1501 5715 1782 5770 medicinte
1804 5714 2074 5785 salutaris,

489 5828 652 5884 quam
683 5813 824 5871 inter
847 5814 1174 5884 multiplices
1212 5811 1547 5868 calamitates
1577 5824 1728 5879 spem
1764 5800 2078 5876 suam‘dicit

489 5919 553 5971 te
577 5906 633 5966 in
667 5908 894 5967 Domino
927 5907 1193 5981 posuisse.
1227 5903 1376 5961 More
1407 5909 1586 5959 autem
1632 5899 1970 5959 devotissimi
2009 5902 2083 5958 fa-

2185 4821 2269 4870 est
2299 4812 2449 4882 illud,
2485 4812 2717 4883 Sagitta:
2769 4827 2890 4865 snas
2931 4810 3223 4865 ardentibus
3270 4807 3436 4877 effecit
3467 4805 3645 4876 (Psal.
3682 4823 3774 4871 vn,

2185 4904 2300 4973 14).
2324 4903 2455 4960 Nam
2486 4904 2573 4958 hic
2597 4904 2799 4972 sagith
2827 4900 3420 4973 designantdiabolicas
3447 4905 3774 4968 potestates,

2183 5011 2302 5066 qua:
2328 5005 2576 5066 tanquam
2602 4996 2708 5050 tela
2730 4995 3030 5060 vulnerant,
3057 4993 3270 5066 quando
3302 4992 3513 5049 Domini
3535 4993 3773 5060 permisa

2185 5089 2338 5144 sione
2365 5069 2684 5158 diriguﬁtur.
2715 5087 2782 5143 Et
2811 5088 2951 5143 bene
2976 5087 3132 5153 dixit,
3182 5085 3382 5154 inﬂatae,
3417 5083 3541 5154 quia
3566 5081 3778 5138 dolori-

2184 5179 2285 5235 bus
2311 5181 2428 5249 ejus
2471 5179 2683 5248 requies
2731 5193 2853 5234 esse
2898 5193 3005 5232 non
3033 5185 3262 5248 poterat.
3295 5176 3386 5232 Sic
3409 5176 3552 5230 enim
3574 5180 3632 5229 et
3653 5173 3778 5242 ipse

2183 5269 2526 5325 beatissimus
2553 5265 2676 5336 (Job
2699 5283 2776 5338 vr,
2807 5267 2863 5337 4)
2895 5267 3062 5322 dicit:
3099 5266 3234 5334 Quia
3253 5267 3454 5336 sagitta:
3479 5260 3699 5316 Domini
3721 5264 3777 5315 iis

2183 5379 2261 5417 me
2292 5369 2432 5431 sunt,
2469 5377 2688 5432 quarum
2714 5361 3005 5431 indignatio
3047 5359 3198 5414 ebibit
3244 5360 3481 5430 spiritum
3508 5372 3701 5425 meum,
3727 5364 3778 5410 et

2181 5462 2398 5510 terrores
2425 5452 2634 5507 Domini
2675 5453 2898 5507 militant
2927 5459 3104 5506 contra
3135 5467 3232 5505 me.
3265 5449 3538 5520 Sequitur,
3567 5457 3618 5502 et
3640 5463 3779 5502 con-

2185 5547 2400 5616 ﬁrmasti
2429 5563 2581 5617 super
2607 5561 2686 5600 me
2721 5559 2930 5598 manum
2978 5553 3138 5598 tuam.
3184 5541 3317 5598 Cum
3365 5541 3545 5597 divina
3597 5541 3778 5594 virtus

2187 5641 2420 5698 ﬁdelium
2472 5641 2695 5695 salutem
2744 5639 3013 5709 vitamque
3059 5652 3273 5708 semper
3321 5643 3575 5706 operetur
3605 5673 3621 5700 ,
3681 5633 3778 5687 hic

2185 5735 2337 5805 quasi
2369 5733 2614 5788 manibus
2640 5732 2758 5802 ejus
2791 5732 3086 5802 imputatur
3113 5729 3256 5800 quod
3278 5729 3370 5784 diu
3401 5726 3642 5784 cladibus
3665 5740 3778 5778 nu-

2190 5831 2415 5888 merosis
2443 5827 2728 5898 afﬂigitur;
2761 5827 3013 5896 nonquia
3039 5827 3153 5896 ipse
3179 5823 3314 5880 filios
3345 5821 3462 5893 ejus
3489 5819 3778 5876 exstinxe-

2189 5937 2290 5994 rat,
2315 5925 2622 5985 facultatem
2643 5920 2995 5992 laceraverat,
3024 5919 3304 5994 ipsumque
3321 5916 3562 5976 ulcerum
3577 5911 3780 5980 dolore
