3996 6346
442 320 552 390 275

1673 323 1742 387 u.
1785 321 2066 390 AURBLH
2103 277 2503 382 caesionum

3615 327 3727 386 276

443 433 698 508 adventu,
739 430 956 510 quando
981 444 1038 500 ct
1061 437 1241 496 carnis
1263 435 1406 496 vitiis
1431 448 1702 506 caremus,
1725 444 1782 494 et
1823 435 2031 494 immis-
2059 437 2106 500 Α
2135 434 2373 490 animum
2397 433 2730 490 sauciabant.
2761 433 2918 492 Nunc
2941 443 3114 492 autem
3135 437 3271 492 venit
3295 454 3447 511 super
3470 447 3518 496 te
3543 441 3728 516 plaga,
3799 479 3810 491 .

444 529 630 600 siones
656 529 952 588 diabolicas
979 533 1117 588 ultra
1143 547 1246 586 non
1276 530 1528 601 patimur.

522 621 673 679 Vers.
713 624 767 680 8.
802 623 1106 680 Insui-vatus
1144 639 1256 680 sum
1296 633 1343 677 et
1369 623 1670 680 humiliatus
1700 638 1814 679 sum
1840 637 2026 693 usque-

443 730 680 788 quaque:
707 717 966 791 rugiebam
994 733 1025 771 a
1054 717 1245 788 gemitu
1291 717 1463 772 cordis
1507 716 1625 772 mei.
1665 715 1781 786 Ipsa
1812 714 2026 786 quidem

445 809 610 865 verba
639 811 853 881 repetit,
882 810 976 866 sed
1017 810 1416 867 vehementiora
1461 810 1600 865 facta
1637 817 1786 876 sunt,
1816 811 1944 864 dum
1975 810 2028 880 in

447 916 558 978 uno
602 902 867 958 versiculo
911 901 1255 972 colliguntur.
1302 903 1594 959 Possumus
1625 901 1768 957 enim
1801 915 2028 971 corpore

449 993 682 1062 curvari,
711 1003 764 1050 et
785 994 968 1049 animo
994 1011 1100 1050 non
1127 995 1428 1051 humiliari:
1452 995 1545 1050 sed
1572 995 1656 1050 hic
1678 994 1798 1050 ideo
1824 1001 2030 1048 utrum-

445 1099 552 1156 que
574 1086 916 1156 conjunctum
934 1097 1037 1157 cst,
1053 1090 1175 1160 quia
1203 1088 1476 1158 multiplex
1500 1088 1772 1144 calamitas
1803 1087 2028 1144 liberum

447 1178 523 1233 nil
554 1177 829 1250 relinquit.
867 1179 958 1233 llis
1005 1179 1166 1234 etiam
1215 1180 1412 1249 aliquid
1455 1179 1626 1248 majus
1655 1178 1849 1249 adjecit
1880 1197 1892 1232 :
1929 1178 2031 1234 Us-

444 1287 756 1344 qttequttque,
787 1272 840 1325 id
872 1281 956 1328 est
985 1287 1052 1327 ex
1082 1273 1224 1327 omni
1256 1281 1427 1343 parte,
1452 1288 1520 1329 ex
1545 1273 1687 1328 omni
1723 1271 2032 1328 coiisidcra-

446 1362 622 1428 tione;
653 1372 710 1416 ut
751 1379 872 1418 eum
905 1363 1120 1436 copiosa
1152 1364 1429 1420 calamitas
1457 1363 1688 1434 undique
1719 1363 2033 1434 probaretur

445 1453 720 1510 ambiisse.
768 1454 1024 1530 Sequitur
1045 1497 1063 1524 ,
1105 1456 1390 1527 Rugiebam
1418 1473 1448 1510 a
1476 1457 1671 1530 gemitu
1711 1455 1880 1510 cordis
1910 1456 2028 1518 mei,

446 1545 641 1618 Rugire
673 1547 889 1618 proprie
914 1547 1207 1603 belluarum
1236 1557 1337 1608 est.
1365 1547 1460 1604 Hic
1486 1558 1664 1605 autem
1692 1556 1750 1603 ut
1774 1546 2032 1618 gemitum

447 1639 755 1694 ostenderet
786 1638 1084 1712 fortiorem,
1103 1640 1234 1712 ipsis
1255 1655 1315 1699 se
1335 1648 1632 1711 comparat,
1657 1653 1774 1712 qua)
1809 1638 2032 1694 validis-

447 1733 586 1788 simo
613 1732 825 1788 fremitu
853 1747 1009 1790 suum
1040 1733 1179 1790 velle
1204 1734 1503 1790 declarant.
1535 1733 1604 1790 Et
1624 1733 1749 1788 vide
1775 1732 1916 1803 quod
1945 1747 2034 1790 se-

2132 536 2177 581 et
2209 527 2540 599 defecistint
2565 529 2725 600 tetigit
2760 538 2842 596 te,
2868 540 2914 585 et
2940 532 3264 586 conturbatus
3304 549 3360 587 es
3402 533 3528 604 (Job
3554 534 3727 608 ωδ),

2133 629 2237 674 etc.
2265 618 2372 674 Sed
2398 619 2804 676 consideremus
2825 637 2986 692 quam
3012 621 3305 678 vehemens
3331 635 3447 680 erat
3479 627 3726 698 afﬂictio,

2131 709 2345 779 quando
2369 710 2436 765 ab
2456 709 2644 766 amicis
2665 718 2720 766 et
2750 712 3010 781 proximis
3041 712 3166 768 talia
3197 715 3519 782 sustinebat,
3548 729 3604 771 ut
3632 721 3732 787 qui

2131 799 2306 854 solent
2327 814 2446 856 esse
2469 801 2770 858 remedium
2791 803 3150 861 calamitatum
3199 807 3504 877 multarum,
3529 808 3737 867 fuerint

2133 893 2383 948 cumulus
2434 895 2768 965 passionum.
2800 881 2992 952 Merito
3039 913 3167 968 ergo
3217 914 3339 956 cum
3385 902 3504 971 ipso
3553 904 3732 959 (union

2138 985 2410 1040 oculorum
2429 1000 2648 1046 suorum
2673 1002 2776 1044 non
2798 997 2934 1057 erat,
2953 990 3038 1045 cui
3063 991 3187 1046 inde
3211 993 3460 1049 veniebat
3479 993 3730 1063 afﬂictio,

2135 1080 2276 1136 unde
2303 1081 2442 1136 solet
2481 1080 2787 1144 hominibus
2811 1083 3002 1140 adesse
3033 1085 3349 1142 remedium.

2211 1171 2361 1228 Vers.
2399 1172 2485 1236 12.
2516 1173 2584 1226 Ει
2611 1176 2832 1245 proximi
2858 1176 2955 1230 mei
2981 1193 3012 1232 a
3049 1177 3197 1249 longe
3225 1186 3504 1246 steterunt;
3535 1189 3584 1232 et
3626 1181 3733 1234 vim

2134 1263 2385 1337 faciebant
2406 1268 2494 1335 qui
2515 1268 2810 1337 quazrebant
2839 1270 3074 1325 animam
3099 1265 3288 1329 mem.

2213 1356 2363 1420 Vers.
2397 1358 2482 1412 15.
2517 1356 2586 1411 Et
2615 1359 2704 1425 qui
2732 1361 3055 1431 inquirebant
3081 1363 3222 1418 mala
3253 1365 3578 1430 mihi,tocuti
3603 1377 3733 1422 sunt

2135 1447 2428 1514 vanitatem,
2446 1459 2491 1502 et
2520 1448 2667 1504 dolos
2696 1459 2804 1506 tota
2825 1452 2908 1506 die
2928 1453 3326 1511 meditabantur.
3344 1455 3581 1510 Proximi
3605 1459 3735 1528 qni-

2137 1539 2258 1596 dem
2298 1550 2454 1598 erant
2483 1544 2764 1612 sanguine,
2798 1545 2892 1600 sed
2937 1547 3233 1618 longissimi
3264 1549 3624 1606 reddebantur
3663 1553 3733 1608 fe-

2139 1631 2273 1696 toris
2305 1633 2562 1700 horrore;
2592 1633 2719 1689 dum
2757 1635 2905 1704 quod
2953 1637 3044 1693 ille
3081 1639 3346 1694 tolerabat
3375 1641 3428 1696 in
3471 1642 3722 1708 vulnere,

2138 1722 2216 1780 illi
2243 1724 2510 1780 sustinere
2540 1741 2648 1784 non
2675 1737 2923 1797 paterent
2963 1729 3016 1786 in
3057 1731 3246 1788 odoro.
3279 1733 3409 1788 Nam
3439 1744 3495 1790 et
3520 1736 3638 1805 ipse
3667 1736 3736 1792 de

448 1823 647 1896 quitur,
689 1841 723 1878 a
748 1826 937 1896 gemitu
979 1825 1151 1880 cordis
1187 1826 1321 1894 mei;
1369 1833 1427 1880 ut
1458 1825 1711 1881 virtutem
1762 1824 2034 1900 patientia:

2145 1829 2306 1872 uxore
2329 1831 2423 1880 sua
2459 1816 2628 1882 dicit:
2665 1817 2904 1876 Halitum
2944 1838 3108 1876 meum
3145 1824 3409 1879 exhorruit
3439 1842 3572 1881 uxor
3615 1845 3736 1882 mea

448 1930 657 1989 magna:
703 1927 1048 1988 monstraret,
1094 1919 1148 1973 in
1196 1919 1456 1990 gemitum
1493 1930 1553 1974 se
1575 1915 1793 1986 asserit,
1823 1930 1930 1973 non
1978 1917 2033 1984 in

449 2011 611 2072 verba
643 2014 974 2084 prorupisse.

519 2103 674 2162 Vers.
706 2106 760 2162 9.
790 2105 860 2160 Et
882 2115 1001 2160 ante
1031 2114 1078 2160 te
1101 2121 1250 2160 omne
1281 2104 1593 2162 desiderium
1619 2120 1788 2160 meum
1811 2119 1830 2158 :
1867 2113 1914 2160 et
1941 2121 2033 2176 ge-

449 2199 602 2271 mitus
630 2215 769 2254 meus
796 2217 829 2254 a
858 2211 904 2256 te
929 2216 1030 2254 non
1057 2208 1132 2255 est
1155 2199 1507 2256 absconditus.
1538 2197 1670 2254 Tale
1698 2198 1802 2256 fuit
1823 2197 2035 2253 deside-

449 2295 584 2350 rium
626 2295 765 2365 ejus,
798 2304 857 2352 ut
886 2304 1009 2349 ante
1041 2294 1206 2350 Deum
1238 2309 1362 2350 esse
1411 2301 1732 2356 mereretur.
1763 2291 1895 2348 Nam
1942 2291 2033 2364 qui

450 2375 683 2460 peccatis
723 2388 837 2444 suis
867 2389 1080 2444 veniam
1125 2388 1278 2458 petit,
1310 2386 1402 2458 Qui
1430 2384 1609 2442 omnia
1641 2385 1732 2442 illa
1759 2384 1886 2441 facit
1913 2400 2034 2458 qua:

450 2461 695 2550 superius
724 2488 850 2546 sunt
873 2480 1122 2544 decursa,
1154 2492 1277 2536 ante
1306 2479 1475 2534 Deum
1521 2479 1675 2550 ponit
1721 2479 2033 2536 desiderium

450 2585 628 2627 suum.
663 2571 781 2627 Jam
820 2572 963 2642 quod
998 2582 1124 2628 ante
1153 2572 1326 2644 ipsum
1357 2580 1463 2638 est,
1503 2573 1784 2629 consuevit
1821 2571 2029 2627 audire.

451 2663 710 2720 Dominus
731 2665 871 2730 enim
894 2667 1152 2738 quidquid
1181 2681 1287 2724 non
1311 2675 1654 2738 aspernatur,
1671 2666 2031 2738 amplectitur.

450 2757 542 2816 Ille
580 2760 722 2816 enim
749 2763 967 2833 gemitus
1008 2778 1109 2818 non
1143 2761 1472 2818 absconditur
1503 2761 1613 2817 Deo
1657 2759 1748 2832 qui
1781 2759 1898 2833 pius
1926 2768 2030 2828 est,

451 2851 538 2923 qui
574 2867 670 2924 pro
717 2855 911 2910 animai
963 2853 1278 2914 liberatione
1327 2853 1668 2926 persolvitur.
1701 2853 1836 2910 Nam
1879 2853 2032 2908 multi

451 2935 678 3016 gemunt
711 2945 1001 3016 perdentes
1029 2947 1246 3002 divitias
1267 2987 1282 3012 ,
1316 2945 1586 3002 desideria
1609 2946 1785 3017 turpia
1817 2945 2033 3016 perqui-

456 3017 643 3092 rentes
677 3053 692 3090 :
721 3037 816 3094 sed
844 3039 936 3094 ille
961 3041 1178 3110 gemitus
1205 3047 1261 3094 et
1285 3039 1377 3094 ille
1402 3038 1560 3094 ﬂetus
1587 3037 1857 3094 Divinitati
1909 3051 2034 3108 pro-

453 3128 610 3196 batur
655 3125 1020 3188 absconditus.
1053 3129 1286 3186 Gemitus
1323 3129 1466 3186 enim
1497 3129 1674 3186 dictus
1703 3138 1786 3186 est
1815 3144 1912 3200 pro
1939 3145 2034 3186 ex-

453 3221 732 3291 primendo
762 3236 956 3292 magno
983 3221 1190 3288 dolore,
1221 3222 1373 3292 quasi
1403 3223 1705 3292 geminatus
1731 3222 1928 3282 luctus.

523 3315 679 3372 Vers.
716 3315 803 3372 10.
826 3315 926 3370 Cor
947 3332 1114 3371 meum
1136 3315 1495 3372 conturbatum
1523 3324 1596 3371 est
1624 3318 1678 3378 in
1697 3333 1796 3386 nte,
1827 3325 1873 3378 et
1895 3317 2038 3372 dese-

456 3407 554 3480 ruit
588 3423 670 3463 me
695 3409 946 3480 fortitudo
989 3425 1102 3466 mea
1130 3424 1152 3466 :
1189 3420 1236 3464 et
1274 3411 1444 3468 lumen
1492 3411 1758 3466 oculorum
1809 3428 2040 3472 meorum

455 3515 558 3555 non
585 3509 658 3555 est
683 3518 899 3560 mecum.
929 3503 1216 3575 Corporeis
1241 3504 1497 3560 aerumnis
1523 3504 1692 3562 ﬂebili
1718 3505 2040 3576 allegatione

455 3592 716 3662 decursis,
747 3609 889 3650 nunc
931 3594 999 3651 ad
1034 3595 1199 3651 animi
1230 3597 1379 3654 venit
1417 3596 1763 3666 gravissimos
1789 3597 2034 3663 dolores;

455 3692 517 3740 ut
564 3694 846 3758 postquam
894 3701 1024 3743 caro
1076 3688 1243 3746 multa
1274 3688 1594 3760 pertulerat,
1625 3703 1777 3748 mens
1825 3704 2038 3760 quoque

456 3777 596 3834 beati
626 3779 724 3848 viri
752 3777 1125 3846 vehementius
1153 3782 1472 3851 probaretur
1497 3781 1718 3837 afﬂicta.
1737 3781 1803 3840 Et
1833 3783 2041 3852 respice

458 3884 566 3940 quo
588 3869 784 3928 decore
803 3870 1085 3928 distributa
1111 3871 1274 3928 verba
1302 3872 1619 3936 colluceant.
1636 3874 1811 3932 Unum
1844 3875 2044 3945 pendet

457 3957 525 4015 rx
571 3959 740 4032 altero
768 3979 781 4015 :
813 3963 936 4046 quia
990 3963 1212 4018 deseruit
1251 3963 1521 4034 fortitudo,
1565 3964 1920 4028 conturbatum
1968 3973 2042 4024 est

457 4068 566 4109 cor.
600 4051 980 4124 Fortitudinem
1004 4070 1156 4112 suam
1184 4055 1318 4112 dicit
1365 4057 1636 4127 patientiae
1680 4057 1866 4127 robur,
1896 4071 2036 4128 quae,

457 4145 690 4229 quandiu
719 4150 1096 4218 permanserit,
1121 4149 1452 4210 voluntatem
1480 4158 1718 4207 nostram
1750 4151 1806 4208 in
1832 4165 1928 4206 sua
1953 4151 2042 4207 ﬁr—

457 4239 645 4296 mitate
670 4242 934 4297 custodit:
959 4243 1008 4298 si
1028 4258 1156 4298 vero
1179 4244 1482 4309 recesserit,
1499 4257 1655 4298 mens
1683 4244 1893 4299 turbata
1914 4258 2040 4300 suc-

460 4330 683 4386 cumbit.
727 4331 985 4396 Malorum
1016 4333 1196 4404 itaque
1223 4333 1547 4390 abundantia
1582 4319 1846 4400 mollitani
1901 4336 1953 4392 in
1983 4339 2042 4392 se

464 4420 600 4478 dicit
626 4420 894 4490 patientiae
917 4422 1248 4478 ﬁrmitatem.
1279 4425 1553 4496 Sequitur,
1589 4434 1638 4479 et
1667 4425 1837 4480 lumen
1867 4425 2046 4482 oculo-

459 4529 575 4567 rum
599 4529 828 4568 meorum
849 4531 950 4570 non
970 4523 1044 4570 est
1066 4530 1280 4570 mecum.
1295 4514 1490 4572 Lumen
1517 4515 1779 4572 oculorum
1801 4524 1886 4574 est
1907 4519 2044 4575 ratio

2137 1904 2261 1977 (Job
2290 1923 2404 1973 xix,
2429 1907 2538 1978 17).
2559 1908 2719 1976 Quid,
2745 1925 2898 1980 rogo,
2929 1923 3304 1970 extraneorum
3336 1915 3572 1986 fastidia,
3595 1919 3731 1975 dum

2137 1999 2438 2059 balatioues
2469 2001 2588 2072 ejus
2613 2003 2798 2060 uxoris
2821 2005 3060 2062 cliaritas
3086 2008 3351 2064 sustinere
3371 2024 3478 2065 non
3512 2012 3735 2080 posset?

2136 2095 2268 2154 Nam
2291 2105 2346 2153 et
2369 2096 2436 2154 de
2458 2084 2718 2169 proximis
2747 2102 2856 2156 suis
2879 2102 2952 2158 ita
2979 2103 3108 2158 dicit
3134 2121 3144 2156 :
3176 2101 3385 2161 Fratres
3412 2123 3551 2163 meos
3572 2109 3730 2180 longe

2138 2191 2258 2261 fecit
2284 2208 2315 2246 a
2339 2207 2438 2262 me,
2467 2203 2516 2249 et
2555 2194 2663 2248 noti
2711 2196 2810 2250 mei
2836 2197 2982 2259 quasi
3022 2197 3176 2252 alieni
3226 2212 3542 2270 recesserunt
3581 2220 3612 2258 α
3645 2219 3731 2259 me

2149 2282 2392 2353 (Ibidem,
2443 2284 2556 2354 15).
2588 2285 2722 2342 Cum
2754 2291 2898 2343 enim
2926 2288 3057 2343 dicit
3086 2307 3098 2342 :
3135 2289 3203 2344 Et
3230 2294 3328 2346 vim
3355 2294 3608 2362 faciebant
3649 2313 3738 2367 qui

2135 2376 2421 2445 querebant
2467 2379 2696 2433 animant
2739 2396 2925 2445 meam,
2957 2381 3232 2438 diabolum
3277 2398 3400 2439 cum
3455 2387 3726 2442 ministris

2138 2469 2250 2524 suis
2279 2467 2542 2538 designat,
2557 2471 2647 2539 qui
2669 2480 2866 2540 quanto
2889 2472 3034 2527 illum
3060 2472 3309 2529 videbant
3339 2475 3389 2530 in
3421 2477 3512 2531 Dei
3536 2493 3729 2534 amore

2137 2557 2452 2626 persistere,
2469 2567 2616 2618 tanto
2633 2561 2682 2616 ei
2703 2570 2932 2618 mortem
2955 2565 3146 2620 animae
3169 2565 3474 2622 nitebantur
3493 2568 3728 2626 inferre.

2135 2652 2459 2723 Subjuuxit:
2491 2653 2558 2708 Et
2593 2655 2682 2715 qui
2712 2655 3033 2726 inquirebant
3078 2660 3216 2714 mata
3253 2661 3397 2726 mihi,
3434 2662 3588 2717 locuti
3614 2674 3738 2719 sunt

2136 2748 2427 2804 vanitatem.
2461 2747 2690 2806 Uxorem
2721 2750 2963 2820 designat
2984 2791 2998 2815 ,
3043 2767 3160 2823 qua:
3193 2752 3481 2809 immundis
3527 2737 3738 2826 8⁸ρίτίιὶ-

2135 2838 2236 2896 bus
2282 2838 2498 2908 adacta,
2545 2839 2670 2896 dum
2700 2855 2821 2898 eum
2863 2842 3010 2911 cupit
3047 2843 3258 2899 liberari
3291 2844 3358 2900 de
3389 2859 3568 2916 poena,
3613 2848 3735 2904 viro

2136 2931 2472 2986 sanctissimo
2498 2931 2848 3000 suadebal,ut
2879 2932 3088 2990 Domini
3115 2936 3422 3008 loqueretur
3446 2939 3731 3010 iniuriam,

2137 3020 2354 3076 dicens:
2389 3021 2482 3078 Dic
2523 3022 2727 3078 uerbum
2753 3023 2806 3078 in
2829 3022 3070 3087 Domino.
3093 3035 3140 3082 et
3175 3031 3373 3084 morere
3397 3031 3520 3100 (Job
3548 3046 3612 3100 ll,
3647 3034 3734 3103 9).

2137 3110 2530 3170 Meditabantur
2591 3131 2804 3186 quoque
2849 3119 3138 3188 supradicti
3187 3121 3374 3192 dolos,
3425 3125 3546 3194 quia
3609 3126 3736 3181 dum

2061 3218 2110 3286 ο
2141 3217 2201 3259 se
2227 3205 2510 3262 consulere
2535 3207 2747 3278 corpori
2778 3209 3052 3277 putabant,
3081 3211 3278 3268 animai
3307 3217 3572 3274 contraria
3610 3232 3738 3290 sug-

2139 3298 2418 3372 gerebant.

2215 3399 2369 3456 Vers.
2393 3400 2482 3456 M.
2509 3399 2623 3473 Ego
2649 3409 2817 3458 autem
2843 3406 2978 3460 velut
3001 3407 3192 3462 surdus
3216 3425 3320 3464 non
3361 3411 3662 3480 audiebam,
3696 3423 3742 3468 et

2139 3493 2270 3550 sicut
2291 3501 2458 3550 mutus
2477 3496 2566 3566 qui
2591 3512 2694 3552 non
2717 3500 2920 3568 aperuit
2943 3516 3002 3554 os
3026 3517 3196 3557 suum.
3225 3502 3364 3558 Nihil
3393 3513 3568 3572 potest
3611 3521 3739 3563 esse

2140 3586 2354 3656 fortius,
2387 3587 2522 3643 nihil
2573 3591 2839 3662 egregius,
2891 3608 3050 3663 quam
3095 3594 3279 3652 audire
3324 3597 3502 3666 noxia,
3537 3607 3735 3657 etnon

2141 3681 2466 3752 respondere
2521 3685 2811 3740 contraria.
2841 3684 2972 3741 Nam
2995 3687 3094 3743 etsi
3125 3687 3332 3745 locutus
3352 3700 3435 3746 est
3460 3692 3627 3761 justa,
3662 3695 3733 3752 ad

2142 3774 2230 3832 illa
2262 3784 2436 3831 tamen
2474 3777 2663 3832 surdus
2700 3787 2840 3845 erat,
2880 3793 3000 3849 qua:
3027 3783 3178 3852 quasi
3205 3785 3599 3841 consolantium
3633 3788 3736 3844 ini-

2142 3864 2318 3935 quitas
2359 3869 2697 3937 suggerebat.
2749 3869 2986 3940 Addidit,
3011 3883 3058 3928 et
3097 3875 3230 3930 sicut
3274 3886 3445 3932 mutus
3492 3886 3582 3949 qui
3636 3898 3741 3936 non

2143 3964 2344 4034 aperuit
2387 3981 2444 4020 oo
2494 3982 2663 4023 suum.
2706 3967 2886 4024 Mutus
2917 3971 3018 4027 etsi
3067 3985 3191 4029 cum
3240 3974 3476 4032 clamore
3529 3977 3741 4050 aliquid

2146 4072 2254 4114 non
2281 4058 2428 4127 dicit,
2455 4059 2722 4118 interdum
2769 4064 3120 4123 balbutiendo
3164 4079 3546 4126 remurmurat.
3579 4071 3740 4128 Sicut

2145 4155 2316 4204 mutuo
2339 4153 2639 4224 autem,qui
2664 4169 2767 4210 non
2798 4158 2998 4228 aperuit
3028 4175 3083 4213 os
3105 4177 3274 4226 suum,
3308 4160 3428 4232 fuit,
3463 4163 3554 4234 qui
3585 4164 3733 4221 labia

2145 4255 2240 4297 sua
2283 4242 2430 4298 nullo
2473 4258 2722 4303 sermone
2766 4262 2978 4320 aspero.
3011 4251 3156 4306 nulla
3199 4265 3385 4309 contra
3430 4255 3602 4310 Deum
3642 4272 3740 4314 re-

2145 4337 2570 4401 murmuratione
2583 4342 2895 4396 commovit.
2911 4342 2956 4397 0
2975 4344 3329 4415 tranquillitas
3347 4355 3548 4402 sanctae
3575 4364 3739 4404 men-

2145 4424 2242 4482 tis!
2276 4425 2430 4482 Foris
2449 4430 2725 4486 vermibus
2744 4435 3178 4502 consumebatur,
3211 4437 3350 4492 intus
3383 4439 3740 4509 impassibilis

2145 4526 2290 4584 erat;
2309 4526 2364 4575 et
2383 4527 2632 4592 tanquam
2661 4524 2938 4581 assisteret
2965 4526 3116 4583 altari
3138 4526 3305 4600 [mss.,
3340 4529 3493 4586 ﬂeret
3524 4529 3738 4605 alteri],

461 4605 848 4678 imperturbata
881 4604 1094 4680 judicii,
1120 4621 1278 4678 quam
1317 4620 1500 4666 secum
1531 4605 1731 4664 habere
1756 4621 1862 4666 non
1889 4618 2040 4681 pote-
2069 4601 2126 4666 D
2148 4609 2228 4668 sic
2252 4613 2673 4683 cognoscebatur
2709 4614 2905 4674 divinis
2936 4619 3176 4676 laudibus
3206 4623 3454 4692 occupari

459 4706 566 4767 rat,
597 4698 687 4768 qui
719 4698 961 4769 ingentes
982 4697 1256 4754 molestias
1289 4698 1612 4757 sustinebat.

531 4788 686 4844 Vers.
723 4790 812 4845 11.
867 4790 1030 4846 Amici
1072 4791 1169 4844 mei
1195 4798 1241 4845 et
1272 4791 1498 4858 proximi
1528 4792 1628 4846 mei
1667 4794 1939 4856 adversum
1966 4812 2048 4854 me

465 4880 622 4960 130
649 4882 1192 4954 apprbpinquaverunt
1234 4890 1282 4936 et
1331 4890 1593 4939 steterunt.
1630 4885 1793 4942 Amici
1845 4895 1972 4944 sunt
2013 4903 2044 4942 a

463 4986 647 5032 nosuo
674 4975 892 5054 quidem
917 4977 1176 5047 sanguine
1211 4976 1473 5044 extranei,
1503 4977 1597 5033 sed
1628 4978 1888 5036 cliaritate
1917 4995 2047 5038 con-

456 5065 652 5138 juncti.
688 5065 899 5132 Amicus
936 5067 1080 5124 enim
1123 5067 1297 5126 dictus
1326 5076 1410 5124 est
1446 5069 1597 5141 quasi
1627 5071 1790 5140 animi
1835 5085 2040 5142 mquus,

457 5157 583 5230 quia
615 5157 807 5229 aequali
828 5156 984 5214 nobis
1013 5159 1286 5220 voluntate
1310 5161 1666 5234 coniungitur.
1686 5163 1931 5226 Amicitia
1959 5173 2043 5226 est

457 5252 602 5310 enim
650 5250 896 5326 voluntas
923 5267 1050 5324 erga
1078 5253 1311 5326 aliquem
1346 5273 1527 5324 rerum
1570 5258 1833 5316 bonarum
1875 5260 2043 5330 ipsius

459 5359 620 5400 causa
648 5360 806 5418 quem
834 5343 1006 5417 diligit
1029 5349 1261 5418 compari
1290 5350 1581 5416 voluntate.
1597 5349 1831 5408 Proximi
1857 5360 2039 5408 autem

459 5446 608 5508 sunt,
641 5421 730 5508 qui
763 5437 921 5500 nobis
949 5441 1220 5510 parentela
1265 5443 1562 5508 sociantur.
1591 5441 1717 5498 Haec
1761 5444 1906 5500 enim
1935 5443 2042 5500 duo

459 5538 609 5598 sunt,
631 5546 862 5602 quorum
893 5531 1195 5602 humanitas
1220 5536 1503 5594 consuevit
1543 5536 1778 5606 gaudere
1809 5537 2040 5596 solatiis.

460 5619 613 5684 Nunc
639 5632 818 5682 autem
850 5624 920 5684 de
938 5625 1043 5684 illis
1072 5627 1198 5690 dicit
1227 5627 1320 5700 qui
1346 5627 1413 5681 ad
1441 5637 1686 5686 sanctum
1711 5629 1882 5684 virum
1914 5644 2048 5686 eon-

461 5715 674 5780 solandi
721 5718 891 5788 gratia
936 5717 1244 5782 veniebant,
1303 5718 1439 5776 sicut
1493 5717 1614 5776 libri
1663 5719 1830 5789 ipsius
1863 5727 2044 5776 textus

463 5809 754 5894 eloquitur,
787 5817 844 5878 et
890 5811 1060 5884 magis
1107 5810 1311 5876 crebris
1367 5811 1873 5884 exprobrationibus
1924 5815 2044 5885 eius

2153 4704 2191 4713 ”’
2221 4711 2379 4768 Vera.
2397 4712 2484 4769 15.
2509 4714 2579 4768 Et
2598 4717 2765 4788 factus
2786 4733 2899 4773 sum
2920 4727 2977 4773 ut
2998 4719 3149 4776 homo
3171 4739 3273 4778 non
3303 4724 3538 4796 audiens,
3565 4733 3611 4780 et
3637 4743 3744 4782 non

2153 4805 2340 4860 habent
2362 4805 2416 4860 in
2437 4822 2524 4861 ore
2547 4823 2642 4862 suo
2667 4808 3062 4878 increpationes.
3079 4811 3282 4869 Sensus
3307 4813 3422 4884 ipse
3447 4819 3740 4884 repetitur,

2153 4907 2212 4952 ut
2240 4897 2396 4956 nobis
2418 4913 2624 4968 magna)
2669 4901 2942 4968 patientiae
2971 4903 3199 4960 validius
3229 4904 3526 4962 inculcetur
3555 4921 3744 4962 exeni-

2151 4987 2570 5059 plumJiabebat
2589 4990 2774 5060 utique
2792 4993 3077 5049 veritatem
3109 5009 3284 5050 causa:
3305 5011 3545 5066 suac,per
3576 5012 3741 5068 quam

2153 5081 2291 5136 mala
2333 5081 2619 5137 suadentes
2649 5084 2913 5152 potuisset
2961 5095 3228 5159 arguere:
3263 5089 3358 5146 sed
3401 5091 3481 5147 vir
3524 5095 3742 5158 patien-

2149 5174 2386 5230 tissimus
2405 5174 2507 5229 sibi
2535 5184 2790 5246 reputans
2813 5179 3014 5246 omnia,
3035 5181 3104 5236 ab
3132 5183 3343 5238 illorum
3366 5183 3741 5254 increpatione

2147 5265 2414 5332 cessabat,
2437 5264 2573 5320 sicut
2602 5265 2718 5335 ipse
2747 5267 2876 5324 dicit
2903 5287 2914 5323 :
2950 5269 3140 5326 Nonne
3164 5269 3532 5329 dissimulavi?
3561 5291 3741 5330 nonne

2146 5355 2316 5425 quievi
2348 5355 2492 5426 (Job
2521 5372 2608 5425 ni,
2641 5357 2774 5430 26)?
2802 5357 2932 5415 Nam
2974 5375 3093 5417 cum
3139 5377 3233 5418 eos
3283 5373 3464 5435 posset
3510 5380 3740 5434 arguere

2149 5449 2242 5519 qui
2270 5447 2418 5505 falsis
2447 5466 2566 5507 eum
2599 5453 3062 5509 criminationibus
3084 5455 3436 5528 impetebant,
3468 5459 3545 5514 sic
3571 5458 3734 5525 elegit

2155 5549 2354 5609 tacere,
2384 5543 2828 5612 quemadmodum
2858 5545 2996 5601 solet
3025 5545 3119 5602 ille
3165 5546 3344 5602 facere
3390 5548 3479 5618 qui
3526 5551 3732 5603 verita-

2149 5639 2257 5688 tem
2299 5637 2662 5704 responsionis
2709 5639 3050 5706 cognoscitur
3089 5655 3194 5695 non
3246 5641 3466 5697 habere.
3504 5641 3733 5709 Respice

2151 5741 2292 5782 nunc
2314 5729 2534 5797 singulis
2563 5729 2737 5783 causis
2766 5729 3000 5784 remedia
3035 5732 3356 5787 contributa.
3388 5734 3583 5789 Contra
3609 5747 3734 5788 cor-

2154 5833 2343 5887 poreus
2388 5819 2600 5882 dolores
2643 5833 2803 5891 supra
2858 5821 3102 5876 dixerat:
3141 5822 3417 5896 Rngiebam
3465 5841 3498 5878 a
3539 5827 3732 5895 gemitu
