4004 6342
254 350 348 412 επ

1132 337 1481 405 EXPOSITIO
1517 341 1585 400 lN
1621 338 2086 402 PSAL’I‘ERIUM.
2129 334 2317 395 PSAL.
2358 331 2625 391 XXXVII.

3394 328 3500 393 278

253 468 415 525 cordis
440 480 537 523 etes
561 478 581 521 :
606 475 751 531 nunc
791 462 1048 519 adversus
1090 462 1299 535 iniquas
1330 460 1696 531 suggestiones
1728 471 1824 528 po-
1855 459 1913 521 Α
1933 454 2182 511 fessionis
2211 454 2418 525 put-itas
2438 455 2740 522 appareret.
2771 446 2989 504 Duobus
3014 445 3158 509 enim
3187 443 3362 507 modis
3385 458 3510 515 per—

258 565 395 620 suit:
431 561 542 632 Ego
570 568 736 616 autem
764 559 900 616 velut
929 558 1121 614 surdus
1150 574 1253 612 non
1281 556 1569 621 audiebam,
1598 562 1706 610 etc.
1732 550 1825 607 Sic

256 652 569 711 narrationis
615 653 779 710 istius
837 659 1019 710 textus
1066 651 1277 724 gemina
1323 647 1661 721 expositione
1706 643 1827 701 fini-

255 755 336 803 tus
360 752 459 801 εει.

323 836 466 890 Vera.
501 833 588 891 16.
618 833 871 901 Quoniam
892 837 947 887 in
965 842 1034 901 te,
1055 831 1293 897 Domine,
1320 829 1544 902 speravi,
1581 836 1638 885 tu
1664 842 1826 885 mu-

253 929 354 983 dies
374 943 469 992 me,
493 926 713 981 Domine
740 925 880 981 Deus
905 941 1067 985 meus.
1092 924 1407 991 Passionum
1440 934 1656 978 suarum
1696 934 1823 973 nar-

252 1020 447 1079 ratione
472 1019 763 1089 completa,
807 1033 950 1073 nunc
974 1018 1123 1074 venit
1148 1016 1216 1071 ad
1246 1014 1528 1071 medicinae
1568 1009 1824 1068 salutaris

251 1113 533 1170 auxilium:
568 1111 819 1183 quoniam
871 1111 1010 1166 inter
1054 1109 1390 1164 calamitates
1441 1118 1660 1176 asperas
1712 1102 1827 1173 ejus

251 1202 568 1269 confidentia
600 1218 703 1257 non
735 1200 952 1268 defecit,
993 1200 1087 1255 sed
1116 1214 1327 1270 semper
1356 1196 1575 1269 speravit
1623 1196 1675 1249 in
1717 1191 1828 1246 Do-

252 1297 398 1358 mino,
431 1295 519 1365 qui
557 1303 732 1365 putcst
762 1293 1035 1348 tristitiam
1077 1292 1131 1347 in
1173 1289 1423 1361 gaudium
1468 1294 1827 1343 commutare.

252 1388 309 1444 Et
338 1388 453 1444 ideo
483 1388 799 1459 petitionem
844 1401 996 1455 suam
1051 1382 1443 1440 exaudiendam
1491 1389 1677 1452 putat:
1707 1379 1829 1449 quia

251 1497 304 1537 se
329 1483 376 1535 in
407 1481 637 1534 Domino
686 1495 921 1550 sperasse
964 1476 1206 1533 confidit.
1238 1475 1367 1530 Nam
1400 1482 1455 1530 et
1501 1473 1615 1542 ipse
1659 1470 1826 1525 dicit:

252 1571 456 1626 Etiamsi
500 1571 705 1626 occidat
749 1588 849 1638 me,
892 1571 946 1625 in
991 1570 1104 1641 ipso
1142 1567 1356 1636 sperabo
1396 1563 1517 1637 (Job
1548 1580 1665 1631 xm,
1711 1562 1825 1635 15).

258 1667 344 1721 Sic
376 1674 427 1720 et
456 1674 572 1721 tres
596 1663 746 1736 pueri
772 1664 1120 1734 profitentur:
1147 1660 1334 1716 Potens
1360 1669 1433 1716 est
1461 1659 1597 1713 Deus
1638 1658 1699 1713 de
1745 1673 1833 1711 ca-

253 1761 379 1825 mino
408 1759 541 1831 ignis
573 1758 791 1813 liberare
838 1772 952 1812 nos.
987 1754 1138 1823 Quod
1175 1755 1219 1809 si
1247 1755 1487 1819 noluerit,
1517 1760 1691 1806 notum
1741 1750 1832 1804 tibi

1927 548 2084 604 facta
2113 548 2442 618 poenitentia:
2469 544 2637 601 virtus
2678 542 2995 599 ostenditur.
3036 539 3275 611 Primum
3314 546 3420 604 est,
3450 543 3512 592 ut

1927 649 2242 712 peccatores
2273 654 2373 695 nos
2400 638 2629 695 Domino
2659 636 3088 704 pronuntiemus,
3116 633 3257 692 sicut
3282 632 3414 689 dicit
3450 631 3509 687 in

1926 731 2066 788 libro
2085 745 2186 787 suo
2208 748 2222 785 :
2251 729 2490 796 Peccavi,
2507 727 2632 799 quid
2659 727 2848 799 faciam
2868 725 3030 793 tibi,o
3051 733 3220 785 custos
3245 722 3510 781 hominum

1928 826 2052 900 (Job
2085 842 2188 891 vn,
2230 824 2358 896 20)?
2389 823 2527 879 Ecce
2577 821 2934 891 pronuntiatio
2977 820 3147 876 sancti
3182 818 3326 887 viri,
3374 831 3507 874 ecce

1928 932 2057 974 vera
2087 916 2376 983 confessio,
2405 929 2527 985 quae
2550 915 2713 970 vitam
2746 926 2855 970 non
2902 913 3145 977 abstulit,
3183 912 3278 968 sed
3318 911 3509 967 salutis

1929 1014 2121 1086 gaudia
2143 1012 2455 1082 geminavit.
2484 1010 2681 1066 Verum
2710 1026 2778 1066 ne
2803 1010 3054 1067 crederes
3080 1011 3133 1066 in
3157 1009 3515 1066 confessioni-

1929 1104 2030 1160 bus
2076 1105 2216 1161 bonc
2247 1105 2414 1160 solam
2458 1102 2953 1174 pronuntiationem
3000 1116 3215 1172 semper
3261 1100 3510 1158 sufﬁcere

1931 1197 2191 1266 potuisse,
2232 1196 2451 1262 addidit,
2483 1205 2532 1251 et
2572 1195 2802 1266 cogitabo
2832 1211 2923 1267 pro
2952 1205 3156 1264 peccato
3183 1211 3325 1258 meo;
3355 1194 3406 1248 id
3431 1204 3516 1248 est

1930 1288 2079 1353 talia,
2107 1296 2163 1342 te
2188 1287 2439 1353 donante,
2469 1288 2681 1356 faciam,
2705 1303 2825 1357 qua:
2853 1302 3031 1343 meum
3063 1289 3268 1358 possint
3296 1287 3515 1341 abolere

1934 1386 2240 1449 peccatum;
2273 1380 2481 1435 scilicet
2516 1379 2675 1435 fletus
2700 1379 3007 1443 adhibeam,
3037 1380 3405 1449 eleemosynas
3439 1380 3514 1430 ta-

1931 1471 2092 1535 ciam,
2119 1478 2176 1526 et
2221 1470 2291 1526 ab
2325 1470 2429 1526 hoc
2455 1470 2595 1541 quod
2623 1471 2846 1542 deliqui,
2889 1470 3258 1525 mandatorum
3301 1478 3511 1525 tuorum

1931 1579 2020 1621 me
2048 1564 2427 1621 observatione
2459 1564 2730 1635 purgabis.

2001 1677 2160 1734 Vers.
2190 1677 2281 1732 20.
2312 1676 2518 1731 Inimici
2550 1685 2719 1731 autem
2767 1675 2866 1730 mei
2909 1674 3100 1741 vivunt,
3145 1680 3193 1728 et
3225 1671 3499 1741 confortati

1933 1776 2051 1822 sunt
2078 1784 2230 1840 super
2264 1784 2343 1823 me
2371 1782 2392 1823 :
2422 1776 2468 1822 et
2517 1766 2845 1835 multiplicati
2870 1775 2990 1821 sunt
3037 1766 3124 1834 qui
3168 1766 3383 1819 oderunt
3430 1780 3508 1819 mc

251 1856 328 1917 sit,
364 1869 469 1920 rex,
506 1852 631 1922 quia
659 1851 756 1905 diis
787 1851 888 1915 tuis
929 1866 1031 1925 non
1074 1848 1345 1903 serviemus
1378 1845 1542 1917 (Dan.
1598 1860 1679 1912 ιιι,
1740 1843 1827 1909 l7,

1943 1858 2127 1928 inique.
2158 1857 2406 1913 Inimicos
2431 1873 2557 1915 suos
2592 1859 2899 1927 spirituales
2924 1858 3188 1927 nequitias
3213 1855 3361 1921 dicit,
3384 1870 3515 1926 quas

257 1948 358 2014 l8).
408 1946 557 2001 Talis
608 1955 689 2001 est
736 1946 877 2001 enim
920 1953 1229 1999 sanctorum
1268 1941 1532 2007 voluntas,
1580 1940 1687 1994 tale
1729 1937 1834 1993 ﬁxa

256 2049 426 2095 mente
476 2038 787 2105 consilium,
822 2048 880 2094 ut
922 2052 1027 2093 non
1073 2037 1440 2093 emolumento
1489 2035 1669 2106 aliquo
1700 2048 1837 2103 prsc-

254 2134 417 2188 sentis
468 2133 750 2203 temporis,
786 2130 881 2188 sed
927 2138 1131 2186 tantum
1182 2129 1349 2201 ipsius
1386 2126 1601 2184 Domini
1652 2138 1837 2183 amore

260 2229 558 2296 capiantur.

327 2319 475 2376 Vers.
506 2320 594 2376 l7.
649 2319 783 2387 Quia
804 2319 940 2374 dixi:
967 2315 1254 2386 Nequando
1282 2315 1522 2370 insultent
1544 2312 1600 2368 in
1629 2328 1709 2367 me
1735 2313 1837 2367 ini-

257 2411 367 2464 mici
393 2412 525 2466 mei:
542 2421 589 2464 et
619 2412 741 2465 dum
762 2418 1133 2464 commoventur
1158 2405 1309 2477 pedes
1334 2407 1454 2473 mei,
1483 2406 1537 2460 in
1556 2421 1635 2459 me
1655 2420 1839 2475 magna

258 2501 408 2557 locuti
429 2502 737 2559 sunt.Nunc
766 2516 956 2558 causas
986 2509 1398 2568 enumerat,cur
1426 2514 1548 2555 eum
1578 2496 1836 2554 Dominus

256 2591 501 2665 dignetur
527 2593 730 2649 audire.
758 2593 889 2648 Nam
918 2594 1056 2649 inter
1078 2592 1427 2663 gravissimos
1455 2598 1620 2648 aestus
1665 2590 1839 2647 malo-

255 2701 389 2752 rum,
423 2686 570 2740 illam
597 2694 800 2756 partem
831 2685 913 2739 vir
939 2686 1187 2756 egregius
1218 2698 1542 2754 magnopere
1566 2683 1839 2739 custodie-

255 2776 360 2843 bat,
400 2792 468 2832 ue
499 2776 565 2832 de
592 2776 740 2846 lapsu
766 2776 931 2847 ipsius
961 2777 1241 2833 insultarat
1269 2776 1533 2831 inimicus.
1564 2774 1832 2831 Insultant

258 2870 394 2922 enim
427 2867 508 2921 illi
534 2868 747 2937 quando
770 2869 1039 2925 hominem
1068 2868 1131 2922 ad
1160 2866 1414 2939 nequitia:
1433 2884 1543 2923 sua:
1563 2878 1681 2924 vota
1712 2884 1841 2924 con-

260 2960 553 3026 verterint;
583 2958 709 3014 dum
742 2960 977 3016 fidelium
1021 2961 1251 3030 ruinam,
1282 2968 1469 3031 putant
1509 2975 1631 3016 esse
1674 2961 1843 3017 victo-

263 3053 412 3111 riam.
441 3051 606 3107 Pedes
641 3053 783 3110 enim
806 3053 893 3107 hic
931 3052 1237 3123 signiﬁcant
1280 3061 1587 3109 nostrorum
1618 3063 1835 3108 actuum

266 3143 587 3214 qualitatem,
612 3158 704 3213 per
729 3158 888 3214 quam
914 3144 965 3197 in
985 3142 1084 3198 hac
1101 3143 1205 3197 vita
1225 3142 1541 3214 quibusdam
1567 3145 1841 3213 gressibus

1936 1950 2003 2004 ad
2048 1950 2415 2020 probationem
2453 1952 2535 2007 sui
2585 1952 2846 2021 permissu
2880 1951 3088 2005 Domini
3126 1951 3202 2005 vir
3236 1951 3514 2005 sancti.~si-

1936 2058 2054 2099 mus
2082 2042 2399 2099 sustinebat.
2438 2041 2657 2110 Vivent,
2681 2058 2802 2097 cum
2832 2040 3019 2096 dolore
3055 2040 3508 2111 pronuntiandum

1934 2144 2039 2203 est,
2072 2134 2123 2189 id
2156 2144 2272 2203 est,
2306 2134 2595 2191 voluntatis
2625 2148 2737 2189 sua:
2781 2133 3031 2188 libertate
3078 2132 3381 2203 potiuntur;
3416 2146 3515 2188 nec

1936 2235 2165 2283 mortem
2188 2236 2453 2301 metuunt,
2477 2242 2634 2297 quam
2666 2240 2762 2281 nos
2801 2225 2855 2280 in
2892 2238 3118 2296 corpore
3163 2225 3514 2279 sustinemus.

1934 2314 2034 2373 Cui
2059 2332 2165 2374 non
2193 2320 2367 2375 solum
2410 2317 2609 2374 sufficit
2632 2316 2834 2381 dicere,
2866 2317 3066 2380 vivunt,
3096 2316 3201 2369 nisi
3230 2315 3390 2370 etiam
3414 2314 3514 2368 atl-

1936 2408 2197 2477 didisset,
2236 2418 2286 2464 et
2323 2409 2597 2481 confortati
2624 2416 2743 2461 sunt
2781 2422 2931 2477 super
2968 2422 3066 2460 me.
3117 2405 3318 2461 Deinde
3366 2404 3510 2475 quod

1937 2500 2151 2570 gravius
2169 2500 2387 2568 horret,
2411 2499 2623 2571 adjecit,
2642 2500 2967 2571 multiplicati
2993 2507 3131 2554 sunt.
3164 2499 3275 2554 Hoc
3298 2500 3513 2554 schema

1939 2594 2133 2650 dicitur
2159 2594 2456 2664 emphasis,
2479 2594 2622 2664 quod
2650 2593 2911 2664 gradatim
2954 2594 3159 2650 crescit
3192 2593 3260 2649 ad
3303 2602 3506 2649 motum

1939 2681 2106 2738 animi
2133 2683 2528 2740 concitandum.
2576 2680 2914 2752 lfuitiplicati
2939 2691 3056 2737 sunt
3099 2696 3229 2739 vero
3259 2683 3345 2753 qui
3385 2696 3510 2737 eum

1943 2774 2157 2828 oderant
2181 2775 2377 2843 inique,
2427 2773 2640 2843 quando
2685 2787 2845 2843 supra
2890 2775 3065 2842 ipsum
3104 2772 3389 2841 spirituum
3418 2773 3514 2827 im-

1943 2866 2264 2923 tnundorum
2298 2881 2552 2922 numerus
2576 2865 2886 2935 augebatur.
2915 2864 3068 2923 Unus
3090 2865 3232 2920 enim
3252 2864 3515 2935 peculium

1946 2960 2213 3024 vastabat,
2261 2960 2396 3015 alter
2432 2959 2754 3031 patrimonia
2802 2958 3101 3026 lacerabat,
3131 2959 3270 3015 ﬁlios
3309 2973 3519 3029 quoque

1945 3052 2117 3121 ipsius
2138 3051 2228 3107 alii
2275 3050 2644 3119 trucidabant;
2674 3061 2729 3108 et
2778 3065 2999 3109 necesse
3046 3058 3163 3107 erat
3206 3058 3264 3106 ut
3299 3049 3350 3107 ei
3380 3050 3520 3107 inter

1953 3153 2030 3199 tot
2056 3142 2387 3201 calamitates
2409 3144 2589 3199 hostes
2618 3151 2953 3208 crescerent,
2982 3144 3071 3213 qui
3097 3152 3204 3198 tam
3233 3156 3518 3201 numerosa

267 3232 611 3289 ambulamus.
640 3232 746 3289 Sed
777 3232 865 3288 isti
895 3233 1018 3288 dum
1060 3233 1260 3289 fuerint
1306 3233 1652 3290 humanitatis
1681 3234 1842 3305 fragi-
1876 3246 1921 3310 α
1952 3238 2210 3309 probatus
2237 3245 2321 3293 est
2350 3236 2585 3307 pericula
2611 3236 2892 3292 tolerasse.
2919 3233 3103 3306 Inique
3128 3250 3255 3292 vero
3282 3235 3519 3291 additum

267 3324 406 3383 litate
446 3329 726 3391 commoti,
768 3329 947 3384 statim
994 3328 1188 3399 impios
1240 3330 1519 3384 inveniunt
1567 3328 1835 3399 irrisores,

268 3420 348 3489 qui
371 3435 559 3492 magna
587 3422 639 3475 in
665 3435 758 3477 eos
798 3421 1102 3478 invectione
1138 3434 1502 3495 consurgunt:
1545 3438 1573 3480 s
1594 3432 1683 3481 cut
1712 3420 1840 3482 alibi

268 3511 419 3567 dicit:
465 3513 569 3580 Qui
614 3514 857 3568 tribulant
907 3530 1003 3582 me,
1046 3515 1372 3570 exsultabant
1408 3518 1453 3570 si
1480 3526 1646 3571 motus
1695 3518 1841 3589 fuero

270 3600 432 3673 (Psal.
478 3619 583 3670 ιιι,
616 3603 697 3675 5).
728 3605 806 3661 Pii
855 3620 985 3661 vero
1036 3614 1222 3662 contra
1274 3606 1499 3673 faciunt,
1532 3606 1842 3681 afﬂiguntur

271 3699 468 3754 casibus
508 3699 723 3767 alienis,
763 3700 1183 3757 consolationem
1216 3702 1396 3771 lapsis,
1440 3701 1688 3758 solatium
1741 3717 1839 3757 cu-

273 3793 412 3859 piunt
458 3792 655 3849 allerre
697 3791 968 3862 deceptis;
1018 3794 1156 3849 sicut
1182 3794 1469 3864 Apostolus
1496 3793 1665 3849 dicit:
1699 3792 1832 3849 Fra-

273 3886 445 3952 tres,si
469 3892 859 3955 prwoccupatus
885 3886 1037 3956 fuerit
1059 3888 1208 3941 homo
1234 3888 1286 3940 in
1310 3884 1482 3959 aliquo
1512 3885 1719 3955 delicto,
1746 3902 1833 3943 vos

272 3976 354 4042 qui
404 3977 694 4047 spirituales
742 3978 881 4045 estis,
920 3979 1154 4035 instruite
1202 3978 1498 4053 Itujusmodi
1549 3978 1603 4033 in
1651 3980 1840 4049 spiritu

273 4070 670 4124 mansuetudinis
696 4068 890 4140 (Galat.
910 4087 952 4139 1,
982 4072 1057 4141 6).
1778 4082 1779 4085 “

341 4155 490 4214 Vers.
522 4160 609 4215 i8.
644 4163 898 4229 Quoniam
937 4146 1028 4236 ego
1056 4165 1109 4218 in
1131 4163 1343 4237 ﬂagella
1384 4170 1597 4236 paratus
1630 4179 1765 4229 sum,
1794 4164 1844 4220 et

279 4245 419 4300 dolor
444 4268 582 4307 meus
607 4265 724 4310 ante
751 4271 829 4310 me
857 4264 928 4311 est
958 4272 1172 4327 semper.
1207 4257 1348 4312 Ecce
1388 4271 1556 4328 quare
1588 4257 1845 4314 Dominus

274 4342 557 4411 supplicem
586 4346 901 4417 dignabatur
928 4348 1140 4415 audire,
1176 4350 1298 4420 quia
1330 4350 1455 4404 dum
1502 4348 1842 4421 fragilitatem

274 4445 417 4491 suam
456 4449 651 4494 nosset
690 4440 1001 4512 deliquisse,
1032 4443 1224 4498 merito
1256 4456 1315 4499 se
1362 4443 1429 4498 ad
1460 4457 1674 4514 poenam
1705 4444 1846 4501 vide-

275 4525 421 4584 batur
463 4540 669 4601 aptare.
703 4530 792 4589 Sic
830 4535 1070 4590 sentiunt
1098 4535 1186 4606 qui
1226 4549 1286 4592 se
1312 4550 1525 4606 semper
1555 4536 1839 4604 addicunt;

1947 3342 2060 3396 est,
2084 3336 2339 3402 quoniam
2363 3332 2444 3386 vir
2472 3330 2843 3386 sanctissimus
2873 3344 2903 3384 a
2932 3331 3109 3400 pravis
3138 3328 3413 3399 spiritibus
3442 3331 3520 3384 itt-

1940 3422 2087 3494 juste
2115 3437 2328 3493 semper
2364 3424 2632 3479 horretur.
2663 3421 2815 3489 Quod
2838 3421 2902 3478 ad
2926 3424 3247 3478 voluntatem
3276 3422 3522 3480 videlicet

1944 3515 2267 3572 diabolicam
2297 3516 2531 3586 pertinet
2574 3514 3018 3585 exprimendam,
3064 3529 3170 3571 non
3206 3514 3273 3570 ad
3302 3516 3521 3571 merito-

1943 3624 2067 3666 rum
2098 3624 2318 3679 pravam
2347 3609 2674 3680 inanemque
2700 3608 3010 3679 iactantiam

2016 3702 2169 3759 Vera.
2199 3703 2289 3759 51.
2324 3701 2425 3771 Qui
2451 3701 2795 3758 retribuebant
2820 3702 2960 3757 mala
2996 3717 3090 3771 pro
3115 3701 3260 3757 bonis
3285 3698 3522 3757 detrahe-

1944 3796 2065 3851 bant
2089 3798 2237 3863 mihi,
2262 3797 2501 3864 quoniam
2525 3796 2824 3853 subsecutus
2848 3810 2962 3852 sum
2974 3796 3256 3868 justitiam.
3289 3795 3369 3851 Ad
3389 3797 3524 3850 anti~

1941 3905 2036 3946 cos
2073 3891 2401 3947 laceratores
2447 3890 2620 3957 redit,
2673 3890 2764 3958 qui
2812 3889 3148 3945 sanctissimo
3199 3890 3317 3943 viro
3364 3902 3523 3943 casus

1945 3997 2174 4052 asperos
2193 3982 2552 4053 imputabant,
2586 3989 2640 4036 et
2672 3979 3047 4046 detrahebant,
3079 3993 3201 4043 cum
3231 3976 3399 4048 magis
3418 3977 3518 4032 uti-

1945 4086 2053 4142 que
2083 4070 2394 4140 patientiam
2414 4070 2529 4140 ejus
2550 4068 2767 4124 laudare
2792 4068 3118 4127 debuissent.
3151 4066 3283 4122 Nam
3305 4076 3358 4122 et
3384 4080 3524 4122 uxor

1940 4163 2161 4234 iustitiae
2192 4163 2359 4232 ipsius
2388 4160 2731 4226 detrahebat,
2767 4158 2979 4228 quando
3008 4157 3219 4213 dicebat
3246 4176 3257 4211 :
3286 4157 3390 4230 Dic
3405 4174 3518 4212 ver-

1945 4253 2063 4309 bum
2087 4254 2141 4309 in
2168 4251 2356 4319 Deum,
2399 4262 2445 4307 et
2482 4254 2675 4306 merere
2711 4248 2831 4321 (Job
2873 4266 2932 4319 tt,
2960 4249 3037 4318 9).
3075 4248 3219 4306 Bene
3243 4259 3418 4305 autem
3462 4265 3523 4306 se

1945 4346 2078 4402 dixit
2094 4345 2355 4419 justitiam
2401 4343 2746 4407 subsecutum,
2769 4344 2890 4413 quia
2932 4341 3083 4397 illam
3129 4356 3236 4397 non
3265 4341 3523 4412 probatus

1946 4446 2031 4495 est
2058 4436 2347 4509 aliquando
2376 4435 2677 4508 reliquisse.
2703 4435 2795 4490 Sic
2819 4435 2963 4489 enim
2986 4433 3100 4505 ipsc
3126 4442 3352 4489 testatur
3368 4450 3381 4485 :
3398 4431 3521 4487 Non

1947 4533 2214 4589 invenietis
2243 4533 2298 4585 in
2324 4532 2501 4602 lingua
2529 4546 2641 4584 mea
2688 4528 3040 4600 iniquitatem,
3080 4541 3171 4580 nec
3201 4527 3254 4579 in
3294 4524 3526 4594 faucibus

275 4627 329 4672 ut
365 4622 415 4676 in
443 4623 531 4678 illa
557 4623 885 4694 judicatione
912 4628 1120 4697 possint
1141 4629 1367 4697 absolvi,
1396 4630 1485 4700 qui
1518 4630 1603 4687 hic
1633 4644 1845 4688 merue-
1870 4634 1923 4695 D
1946 4626 2070 4681 meis
2106 4623 2319 4680 stultitia
2350 4621 2638 4692 ρονεοηαὺὶι
2666 4620 2789 4690 (τιοὺ
2831 4634 2913 4684 νιν
2958 4615 3074 4686 50)-
3119 4616 3286 4682 Quam
3316 4613 3524 4682 ΡΓοΓεε·

276 4713 374 4768 rint
417 4718 651 4788 propriis
678 4720 1104 4776 confessionibus
1147 4722 1410 4778 accusari.
1440 4719 1680 4793 Flagella
1708 4725 1853 4779 enim
1955 4716 2159 4771 sionem
2204 4729 2268 4769 ex
2319 4717 2525 4783 integra
2569 4710 2747 4766 cordis
2770 4711 3000 4779 puritate
3029 4705 3242 4761 venisse
3272 4703 3424 4758 testis
3444 4710 3528 4759 est

280 4806 379 4873 hic,
415 4826 518 4866 non
551 4813 950 4871 verberationes
982 4815 1159 4871 loreas
1187 4815 1334 4881 dicit,
1365 4814 1460 4871 sed
1488 4814 1732 4871 dolorum
1763 4832 1852 4871 as-

279 4901 531 4965 perrimas
583 4904 877 4973 passiones.
919 4905 1175 4976 Sequitur
1219 4908 1387 4977 enim,
1428 4917 1474 4962 et
1519 4906 1670 4962 dolor
1709 4923 1850 4962 meus

277 4998 388 5072 ante
411 5009 488 5046 me
513 5004 587 5048 est
617 5010 833 5065 semper.
864 4995 1030 5052 Dolor
1069 5007 1257 5054 contra
1283 5014 1341 5055 se
1380 5007 1496 5055 erat
1524 4998 1640 5055 viro
1664 5000 1849 5069 justis-

281 5082 431 5151 simo,
473 5102 572 5141 cur
601 5102 629 5141 a
658 5089 924 5144 mandatis
961 5091 1173 5147 Domini
1212 5092 1511 5151 declinasse
1551 5094 1845 5163 videretur,

282 5182 334 5227 ut
352 5180 637 5237 salutarem
669 5181 1029 5240 innocentiam
1054 5186 1326 5257 perderet,
1356 5196 1408 5244 et
1432 5188 1738 5245 mortiferos
1759 5204 1849 5244 ac-

282 5268 522 5338 quisisset
550 5289 783 5331 errores.
810 5277 1104 5334 Imitandus
1133 5279 1308 5349 dolor,
1332 5288 1538 5337 rectum
1560 5280 1847 5353 judicium,

284 5369 458 5417 contra
487 5378 545 5420 se
569 5364 771 5435 justum
821 5367 1092 5423 hominem
1131 5368 1327 5425 irasci:
1360 5375 1480 5443 quia
1529 5375 1730 5445 impius
1755 5373 1850 5431 de-

286 5446 475 5522 fensor,
500 5455 677 5515 fautor
705 5458 832 5532 [ed.,
865 5458 1056 5532 factor]
1096 5462 1178 5517 sui
1214 5462 1471 5534 probatur
1498 5469 1673 5523 exitii.

351 5541 498 5603 νει-ε.
534 5548 621 5607 19.
666 5551 921 5617 Quoniam
948 5554 1266 5625 iniquitatem
1292 5572 1455 5611 meam
1479 5561 1843 5631 pronuntiabo,

288 5645 329 5687 et
360 5642 581 5711 cogitabo
608 5644 724 5714 pro'
749 5656 954 5715 ρεσεαιο
983 5664 1113 5703 meo.
1146 5650 1371 5720 Aperuit
1411 5652 1551 5707 unde
1582 5654 1671 5709 ille
1710 5669 1849 5724 pra:-

289 5731 472 5790 ntissus
494 5736 646 5794 dolor
676 5742 909 5797 existere
931 5744 1208 5813 potuisset.
1228 5742 1358 5799 Nam
1388 5744 1524 5803 side
1553 5748 1703 5820 131
1722 5764 1849 5820 pec-

291 5832 401 5880 cato
426 5840 524 5885 suo
567 5831 787 5892 minime
828 5833 1107 5903 doluisset,
1138 5851 1475 5910 nequaquam
1523 5836 1683 5897 tantae
1720 5854 1851 5898 con-

1955 4806 2167 4862 Domini
2195 4804 2401 4875 prolata
2429 4803 2691 4859 sententia
2709 4843 2725 4870 ,
2758 4800 2845 4857 ubi
2876 4799 2941 4854 ad
2963 4798 3163 4853 amicos
3185 4795 3300 4867 ejus
3324 4793 3378 4848 in
3403 4793 3525 4849 libri

1953 4898 2119 4968 ipsius
2148 4897 2254 4952 line
2278 4903 2661 4953 commemorat
2685 4894 2898 4949 dicens:
2916 4890 3091 4945 Iratus
3112 4898 3185 4944 est
3216 4891 3361 4960 {uror
3383 4902 3525 4941 meus

1953 5000 2129 5045 contra
2158 5006 2265 5057 vos,
2294 4990 2531 5060 quoniam
2561 5005 2662 5043 non
2675 4987 2792 5041 estis
2820 4984 2975 5039 locuti
3002 4998 3173 5038 coram
3201 4999 3279 5038 me
3298 4988 3525 5049 rectum,

1950 5088 2079 5141 sicut
2097 5102 2267 5141 servus
2293 5102 2430 5140 meus
2457 5083 2555 5139 Job
2585 5080 2703 5154 (Job
2746 5096 2871 5147 xm,
2904 5080 2984 5149 '5).
3018 5076 3189 5134 Finita
3218 5086 3330 5145 est,
3362 5092 3520 5147 quam

1952 5177 2182 5233 diximus
2239 5177 2293 5232 in
2344 5175 2497 5232 tertia
2542 5183 2717 5244 parte,
2775 5171 3013 5237 collatio,
3064 5170 3183 5242 quae
3218 5177 3301 5225 est
3340 5168 3528 5239 procul

1952 5269 2114 5326 dubio
2141 5267 2406 5325 medicina
2435 5266 2707 5322 salutaris.
2738 5264 2889 5320 Nunc
2915 5263 3313 5345 conclusionem
3342 5261 3529 5316 videa-

1952 5373 2073 5415 mus
2095 5360 2257 5415 totius
2284 5358 2569 5414 terminum
2600 5355 2867 5413 dictionis.

2015 5473 2169 5530 Vers.
2192 5472 2281 5528 ‘22.
2315 5470 2398 5528 Ne
2418 5472 2757 5545 derelinquas,
2794 5488 2896 5540 me,
2927 5471 3139 5526 Domine
3176 5466 3313 5533 Deus
3352 5481 3529 5532 meus;

1950 5583 2013 5622 ne
2049 5566 2337 5621 discesseris
2366 5582 2397 5619 a
2441 5582 2541 5621 me.
2573 5566 2849 5623 Poenitens
2895 5565 2996 5631 iste
3043 5562 3419 5617 sanctissimus
3448 5559 3530 5614 in-

1953 5656 2224 5728 dulgentia
2263 5656 2475 5713 Domini
2505 5658 2572 5713 de
2611 5656 2896 5727 praeteritis
2937 5655 3193 5726 periculis
3218 5650 3525 5715 absolutus,

1949 5749 2062 5824 jam
2094 5750 2249 5805 ltetus
2286 5751 2547 5821 exclamat
2575 5750 2641 5806 ad
2673 5749 2980 5816 Dominum,
3014 5764 3080 5804 ne
3118 5749 3186 5804 ab
3215 5747 3333 5817 ipso
3362 5743 3531 5805 relin-

1957 5850 2171 5917 quatur,
2200 5856 2306 5921 quo
2340 5842 2516 5901 fuerat
2545 5849 2837 5924 praestante
2866 5828 3142 5900 liberatus.
3186 5834 3422 5896 Gravior
3447 5842 3533 5901 est
