3996 6346
490 338 493 341 ⁷
521 338 622 398 279

1726 341 1793 400 Μ.
1832 342 2115 403 AURELII
2147 338 2547 405 CASSIODOlll

3660 346 3769 405 280

516 458 662 514 enim
698 456 852 515 bona
878 461 1223 518 conscientiae
1253 466 1428 516 metus
1455 472 1639 515 errare
1678 470 1802 529 post
1840 462 2081 527 veniam;
2114 462 2167 521 Α
2188 462 2398 517 ctiones
2440 473 2600 527 suas,
2631 474 2701 516 ne
2724 467 2943 531 putares
2958 457 3017 518 'e't
3043 460 3183 518 hunc
3208 470 3768 533 psatttnttn'pmmten-

519 558 578 603 ut
606 548 697 618 qui
741 549 902 606 debet
925 552 1169 623 gratiam,
1200 551 1391 606 iterum
1421 550 1659 606 incurrat
1699 550 1974 607 otl'ensam.
1999 551 2091 607 ille

521 639 667 695 enim
696 641 909 711 quando
935 657 965 696 a
998 642 1152 698 nobis
1179 641 1427 709 discedit,
1465 643 1614 697 avios
1643 650 1913 698 sectamur
1941 656 2091 698 erro-

518 748 611 789 res
641 750 656 785 :
682 733 802 804 quia
841 748 1065 792 necesse
1093 745 1176 791 est
1204 735 1425 792 absente
1453 736 1534 790 via
1561 734 1857 791 rectissima
1878 749 2091 805 semper

518 840 724 881 errare.

592 917 747 973 Vers.
777 917 866 974 23.
919 917 1141 975 Intende
1175 921 1232 975 in
1270 920 1590 993 adjutorium
1628 936 1818 989 meum,
1869 919 2091 977 Domine

517 1010 657 1064 Deus
681 1010 861 1065 salutis
891 1026 1034 1068 metr.
1064 1012 1220 1066 Prius
1261 1000 1412 1082 petiit
1466 1028 1532 1067 ne
1565 1013 2025 1083 derelinqueretur
2056 1027 2090 1068 a

523 1103 768 1171 Domino,
792 1117 935 1157 nunc
959 1103 1166 1158 enixius
1190 1104 1448 1173 supplicat
1475 1112 1532 1158 ut
1553 1105 1607 1158 in
1631 1105 1948 1177 adjutorium
1971 1103 2090 1174 ejus

518 1193 768 1263 dignetur
788 1196 1048 1250 intendere
1076 1212 1096 1251 :
1119 1198 1368 1266 quoniam
1397 1207 1585 1252 contra
1611 1198 1759 1253 illum
1783 1213 1841 1253 se
1861 1206 2092 1254 noverat

515 1295 790 1343 certamen
825 1288 1043 1354 habere,
1075 1289 1163 1359 qui
1210 1289 1417 1345 dixerat
1451 1308 1463 1343 :
1512 1290 1710 1345 Ponam
1732 1291 1902 1346 sedem
1928 1308 2091 1346 meam

515 1378 583 1430 ad
610 1378 933 1446 Aquilonem,
960 1388 1007 1433 et
1039 1396 1124 1434 ero
1151 1381 1331 1434 similis
1361 1382 1620 1437 Altissimo
1664 1380 1814 1454 (Isai.
1840 1397 1949 1450 xw,
1977 1380 2090 1453 13).

517 1468 719 1535 Quibus
752 1471 893 1525 enim
937 1470 1139 1525 viribus
1169 1470 1340 1527 hostis
1388 1472 1479 1527 ille
1524 1480 1635 1527 tam
1676 1471 2092 1528 immanissimus

515 1560 839 1624 vinceretur,
870 1561 971 1616 nisi
996 1561 1088 1617 ille
1126 1562 1426 1629 intenderet,
1446 1578 1551 1633 quo
1578 1563 1901 1632 respiciente
1934 1573 2089 1633 pote-

516 1664 600 1708 rat
625 1668 731 1710 non
763 1654 941 1723 perire
990 1652 1091 1727 [εᾶ.
1122 1662 1169 1708 et
1201 1671 1297 1709 ms.
1326 1654 1424 1723 G.,
1454 1655 1704 1727 parere)?
1731 1655 1799 1710 Et
1822 1664 1882 1710 ut
1907 1671 2093 1725 perso-

516 1740 683 1798 lutam
743 1748 1032 1813 gratiarum
1076 1758 1429 1814 cognosceres
1488 1746 1792 1812 actionem,
1846 1745 2087 1813 addidit,

2194 557 2334 611 tibus
2354 556 2724 626 applicandum
2739 596 2755 621 ,
2778 557 3053 627 subjunxit
3070 606 3082 629 ,
3114 558 3399 628 Cantiam,
3422 559 3565 630 quod
3587 560 3772 631 utique

2192 650 2389 707 talibus
2408 664 2517 706 non
2546 657 2725 721 potest
2742 651 3030 708 convenire
3059 652 3213 724 132
3244 652 3505 721 personis.
3532 651 3772 711 Cantaro

2191 744 2336 801 enim
2373 745 2601 801 laetantis
2630 754 2747 813 est,
2791 745 3059 802 interdum
3100 755 3154 802 et
3198 745 3448 816 dolentis,
3491 759 3770 817 nunquam

2164 852 2321 895 ⁴νει-ο
2347 838 2672 910 paenitentis.

2761 949 2955 1006 Divisio
2992 949 3192 1023 psalmi.

2262 1062 2488 1118 ldithum
2520 1062 2652 1129 iste,
2707 1076 2866 1135 quem
2903 1063 3137 1119 diximus
3178 1060 3427 1117 vitiorum
3456 1059 3774 1117 nocentium

2193 1156 2593 1225 transilitorem,
2618 1154 2839 1211 formam
2866 1154 3019 1211 nobis
3038 1154 3170 1225 justi
3198 1153 3431 1210 hominis
3453 1152 3678 1223 praebet.
3714 1152 3774 1208 ln

2193 1249 2367 1319 primo
2390 1248 2577 1303 ordine
2608 1247 2796 1318 psalmi
2835 1257 3021 1302 contra
3060 1245 3400 1301 insidiatores
3430 1244 3678 1299 inimicos
3721 1243 3778 1299 in

2193 1341 2479 1396 maximam
2525 1353 2583 1394 se
2624 1338 2871 1409 perhibet
2920 1337 3198 1393 utilitatem
3249 1335 3658 1405 remediumque
3692 1342 3777 1388 ta-

2193 1432 2369 1489 cuisse
2400 1450 2412 1486 :
2447 1440 2633 1503 petens
2665 1433 2787 1487 vitae
2836 1446 2945 1486 suae
2982 1430 3144 1485 ﬁnem
3186 1425 3384 1485 debere
3411 1442 3775 1499 cognoscere,

2194 1526 2240 1582 si
2269 1526 2406 1582 forte
2435 1526 2856 1581 incarnationem
2882 1524 3093 1579 Domini
3114 1523 3275 1579 etiam
3299 1522 3576 1592 corporeis
3603 1521 3779 1577 oculis

2193 1623 2374 1680 videre
2400 1633 2717 1679 mereretur.
2770 1620 3019 1678 Secundo
3062 1634 3160 1691 per
3204 1618 3573 1690 syllogismum
3612 1615 3777 1687 quin-

2192 1716 2556 1785 quepartitum
2590 1714 2837 1770 timorem
2856 1727 3048 1769 vanum
3076 1711 3266 1783 probat
3294 1724 3414 1766 esse
3437 1709 3775 1775 mortalium,

515 1834 657 1889 Deus
704 1800 887 1889 adlatis
914 1851 1069 1902 mete,-
1111 1800 1292 1906 uiique
1320 1837 1409 1907 qui
1434 1800 1556 1892 eum
1599 1800 1807 1893 salvum
2120 1842 2169 1902 B
2194 1807 2443 1907 91°F?”
2465 1815 2589 1907 sua?
2610 1805 2890 1907 o'fmiafﬂ
2913 1812 3175 1907 ιξθίθδίθξθ
3203 1801 3415 1907 Ιίθψηίξῆ
3449 1800 3775 1907 Ϋοηδιίῳξθ

515 1931 641 1997 post
667 1932 747 1980 tot
767 1924 987 1981 vulnera
1033 1925 1373 1994 passionum,
1414 1935 1469 1981 et
1513 1928 1823 1996 sospitatem
1862 1927 2091 1983 contulit

515 2016 735 2086 animm,
768 2030 925 2085 quam
961 2016 1210 2087 antiquus
1236 2017 1329 2072 ille
1374 2026 1633 2089 tyrannus
1658 2034 1762 2074 non
1787 2020 1955 2089 possit
1985 2020 2091 2076 eri-

516 2118 665 2178 pere.
703 2106 844 2164 Ecce
880 2109 1064 2178 regula
1092 2108 1396 2178 paenitentis
1437 2109 1653 2177 impleta
1696 2117 1809 2176 est,
1855 2112 2091 2167 salvatus

516 2198 769 2268 exsultat,
801 2198 890 2269 qui
918 2197 1123 2271 pridem
1147 2198 1383 2255 ulcerum
1412 2200 1534 2255 tabe
1564 2209 1858 2271 putrucrat.
1889 2202 1980 2258 Sic
2023 2203 2091 2259 ad

517 2292 793 2350 victoriam
840 2293 1190 2366 perveniunt,
1234 2307 1358 2350 cum
1414 2295 1627 2352 Domini
1666 2295 1867 2354 milites
1920 2298 2090 2370 impe-

517 2390 717 2442 tuntur.

1045 2476 1319 2535 Conclusio
1354 2478 1560 2551 psalmi.

586 2592 756 2661 Quam
800 2591 986 2660 fortis,
1029 2609 1187 2665 quam
1213 2594 1282 2650 de
1310 2609 1372 2651 se
1401 2593 1741 2664 triumphalis
1793 2593 1968 2652 factus
2009 2603 2094 2653 est

516 2681 619 2740 Job
650 2683 751 2740 iste
770 2683 1076 2755 Davidicus,
1098 2694 1157 2741 ιιι
1181 2687 1323 2743 inter
1338 2694 1415 2743 tot
1437 2688 1760 2744 acerbitates
1780 2689 2087 2757 vulnerum,

517 2777 836 2834 modestiam
868 2793 975 2834 non
1032 2779 1302 2835 destiterit
1350 2790 1597 2835 eructare
1635 2781 2093 2837 sermonumlla-

521 2872 677 2926 cebat
702 2885 928 2942 corpore
947 2873 1002 2928 in
1023 2872 1377 2944 sterquilinio,
1408 2874 1503 2930 sed
1531 2876 1711 2930 animo
1740 2875 2009 2931 habitabat
2036 2876 2093 2932 in

516 2963 677 3017 coelo.
708 2962 1136 3020 Consumebatur
1163 2966 1466 3034 vermibus,
1496 2966 1588 3035 qui
1622 2968 1842 3037 spiritus
1869 2982 2091 3039 supera-

515 3054 607 3109 bat
631 3054 967 3119 immundos.
993 3056 1160 3111 Parva
1208 3065 1334 3112 sunt
1359 3071 1478 3127 quae
1504 3059 1746 3129 pertulit,
1771 3060 1816 3115 si
1846 3061 2094 3118 conside-

515 3161 603 3201 res
644 3161 763 3216 qum
790 3149 1012 3217 recepit.
1065 3148 1158 3205 Sic
1187 3150 1279 3219 pio
1304 3150 1530 3205 Domino
1568 3152 1806 3221 proficue
1833 3154 2088 3223 servitur,

2194 1896 2377 1953 Tertio
2426 1905 2579 1967 rogat
2622 1903 2681 1950 ut
2708 1894 2758 1949 ei
2786 1894 2984 1950 delicta
3011 1892 3171 1949 noxia
3198 1892 3555 1960 dimittantur,
3583 1899 3777 1963 quate-

2195 2004 2296 2046 nus
2322 1989 2427 2045 vita
2457 1988 2572 2059 ejus
2603 2002 2859 2059 prospero
2884 1986 2991 2042 fine
3017 1985 3314 2042 claudatur.

2731 2097 2997 2170 Expositio
3026 2099 3235 2168 psalmi.

2267 2202 2421 2260 Vers.
2452 2202 2506 2258 i.
2537 2201 2661 2257 Dixi
2683 2216 2704 2257 :
2733 2200 3033 2257 Custodiam
3062 2201 3169 2255 vias
3196 2215 3357 2266 meas,
3384 2205 3441 2253 ut
3467 2214 3571 2253 non
3601 2199 3777 2255 delin-

2193 2313 2345 2369 quam
2367 2296 2435 2364 ,in
2470 2296 2647 2368 lingua
2683 2310 2816 2351 mea.
2845 2291 3186 2351 Consuetudo
3212 2298 3295 2349 est
3311 2292 3689 2360 humanitatis,
3723 2303 3777 2348 ut

2194 2404 2318 2446 cum
2358 2403 2418 2445 se
2464 2387 2655 2460 aliquis
2680 2384 2934 2443 laudabili
2976 2384 3386 2441 conversatione
3440 2384 3776 2451 tractaverit,

2193 2483 2631 2542 calumniantium
2662 2482 2870 2539 insidiis
2898 2481 3139 2553 protinus
3177 2489 3480 2551 appetatur.
3505 2479 3613 2536 lste
3636 2496 3774 2552 ergo

2195 2576 2451 2644 [dit/tum,
2483 2575 2577 2647 qui
2604 2575 2672 2631 de
2701 2574 2964 2646 probabili
2984 2572 3236 2645 opinione
3258 2573 3620 2643 pessimorum
3638 2588 3776 2629 con-

2195 2670 2355 2726 traxit
2377 2667 2631 2727 invidiam
2654 2707 2671 2735 ,
2693 2680 2875 2723 secum
2907 2667 3022 2737 ipse
3051 2666 3354 2722 deliberans
3386 2663 3537 2729 dicit,
3575 2663 3775 2719 melius

2194 2774 2316 2818 esse
2344 2759 2614 2816 silentium
2647 2767 2862 2824 tenere,
2893 2770 3050 2827 quam
3081 2754 3279 2825 aliquid
3328 2752 3608 2809 malitiosis
3649 2752 3776 2808 edi-

2194 2866 2318 2909 cere
2343 2850 2472 2925 [ed.,
2503 2850 2768 2907 malitiose
2795 2847 3016 2921 dicere].
3044 2848 3176 2917 Quis
3215 2845 3357 2903 enim
3388 2845 3663 2911 hominum
3702 2846 3776 2901 sic

2195 2955 2383 3002 cautus
2409 2945 2510 3012 sit,
2534 2953 2594 3000 ut
2621 2943 2669 3000 si
2698 2943 2837 2998 inter
2862 2941 3085 2997 aemulos
3128 2941 3395 3012 loquatur,
3421 2939 3627 2994 nullum
3649 2955 3774 2995 ver-

2193 3038 2323 3096 bum
2367 3038 2484 3109 ejus
2513 3037 2751 3093 incurrat
2779 3034 3010 3106 aliquam
3050 3033 3438 3104 quaestionem?
3461 3030 3623 3088 Nunc
3652 3047 3774 3103 par-

2197 3130 2457 3189 ticulatim
2500 3128 2708 3201 singula
2731 3128 3030 3183 videamus.
3069 3123 3210 3192 Dixi,
3236 3124 3341 3182 hoc
3368 3133 3481 3191 est,
3511 3126 3665 3197 apud
3694 3141 3776 3182 me

514 3239 595 3294 sic
623 3240 903 3294 clementia
938 3232 1239 3296 Diviuitatis
1275 3244 1612 3312 agnoscitur;
1646 3254 1705 3299 ut
1734 3259 1856 3300 cum
1885 3247 1937 3302 ei
1965 3221 2087 3304 suas

2197 3225 2255 3282 in
2281 3224 2442 3281 corde
2481 3238 2622 3289 meo,
2667 3224 2757 3279 ubi
2798 3224 3069 3295 sapientes
3098 3229 3223 3278 ante
3251 3221 3569 3290 deliberant,
3616 3238 3776 3295 quam

516 3328 790 3398 largilates
823 3329 1101 3387 oderimus
1121 3374 1136 3399 ,
1168 3333 1549 3390 retributiones
1570 3336 1762 3391 iterum
1785 3339 2094 3409 copiosissi-

519 3432 638 3474 mas
662 3419 961 3491 exigamus.
988 3422 1032 3477 0
1073 3421 1441 3489 pmnitentium
1466 3424 1620 3480 beata
1650 3428 1945 3484 securitas!
1974 3445 2007 3486 ο
2032 3445 2094 3488 se

515 3509 911 3569 humiliantium
940 3513 1202 3569 mirabilis
1229 3516 1556 3572 altitudoiut
1577 3518 1879 3576 confitendo
1906 3524 2094 3581 redeat

516 3601 584 3658 ad
600 3603 847 3673 gratiam,
862 3604 953 3675 qui
967 3607 1182 3675 propria
1195 3621 1254 3663 se
1266 3608 1618 3666 mstimatione
1628 3610 1921 3669 damnavit.
1936 3614 2093 3672 Certe

516 3692 880 3764 intelligamus
909 3711 1029 3766 quae
1070 3698 1141 3753 sit
1179 3698 1409 3770 dignitas
1453 3703 1847 3771 poenitentium,
1876 3707 2091 3776 quando

513 3798 616 3839 nec
643 3785 732 3842 ille
751 3788 820 3844 ab
858 3788 961 3845 hac
988 3790 1271 3862 excipitur,
1301 3793 1391 3863 qui
1426 3794 1558 3850 tanti
1587 3793 1785 3864 judicia
1825 3810 1958 3855 voce
1980 3799 2094 3855 tau-

512 3876 668 3937 datus
694 3888 798 3938 est.

718 3994 1085 4057 EXPOSITIO
1122 3999 1191 4057 IN
1227 4000 1555 4075 PSALMUM
1593 4003 1881 4063 XXXVIII.

716 4109 784 4167 In
817 4114 972 4185 ﬁnem
1008 4133 1101 4188 pro
1139 4115 1374 4175 Iditlmm
1409 4123 1663 4177 canticum
1692 4122 1883 4181 David.

578 4222 789 4283 Titulus
814 4230 903 4286 hic
931 4245 1123 4287 novum
1162 4233 1319 4290 nobis
1344 4234 1521 4292 intulit
1547 4251 1771 4306 nomen;
1803 4247 2087 4310 propterea

508 4333 630 4389 qua:
656 4334 820 4375 causa
848 4324 921 4377 sit
963 4324 1118 4380 istius
1168 4327 1472 4396 positionis,
1512 4339 1605 4385 aut
1652 4332 1778 4401 quid
1823 4335 2089 4403 signiticet

509 4410 815 4482 diligentius
868 4413 1223 4484 inquiramus.
1267 4419 1325 4473 ln
1376 4421 1686 4489 praefatione
1729 4423 1841 4493 jam
1879 4426 2083 4482 dictum

508 4509 596 4558 est
634 4501 734 4558 hos
783 4502 930 4559 viros
958 4514 1209 4562 auctores
1247 4522 1354 4563 non
1406 4510 1570 4565 fuisse
1596 4511 1957 4581 psalmorum;
1986 4515 2084 4571 sed

2199 3319 2502 3388 loquantur.
2524 3314 2819 3372 Custodiam
2865 3317 2973 3371 uias
3017 3331 3170 3371 meas.
3204 3313 3319 3370 Non
3346 3312 3498 3381 dicit,
3527 3328 3558 3369 a
3591 3314 3781 3370 crimi~

2198 3417 2354 3472 nibus
2375 3429 2461 3470 me
2487 3413 2819 3479 abstineam,
2850 3412 2971 3483 quia
3013 3411 3122 3481 jam
3166 3419 3382 3467 sanctus
3424 3417 3574 3477 erat;
3617 3410 3719 3467 sed
3748 3424 3776 3466 a

2198 3507 2480 3579 superﬂuis
2517 3506 2718 3572 verbis,
2766 3520 2886 3578 quae
2913 3520 3036 3561 raro
3075 3512 3252 3575 potest
3281 3504 3450 3559 vitare
3479 3504 3565 3558 vel
3602 3504 3776 3559 conti~

2197 3612 2366 3665 nens;
2409 3596 2547 3652 sicut
2573 3594 2805 3651 Jacobus
2842 3593 3116 3664 apostolus
3142 3593 3306 3648 dicit:
3335 3591 3589 3663 Linguam
3640 3593 3776 3647 enim

2195 3692 2368 3748 nullus
2389 3690 2650 3745 hominum
2674 3688 2882 3742 domare
2899 3693 3084 3756 potest.
3115 3683 3378 3740 Modicum
3390 3685 3593 3756 quidem
3624 3702 3779 3741 ment.

2194 3785 2339 3840 brum
2383 3790 2485 3849 est,
2535 3781 2623 3836 sed
2669 3796 2856 3850 magna
2888 3779 3078 3835 exultat
3132 3776 3267 3849 (Jac.
3300 3790 3380 3845 ιιι,
3407 3775 3485 3849 8).
3530 3776 3778 3834 Difficilis

2190 3875 2390 3947 quippe
2415 3886 2504 3930 res
2531 3870 2875 3942 estlinguam
2915 3869 2969 3924 in
3009 3869 3216 3925 lubrico
3245 3860 3478 3925 faucium
3503 3870 3778 3927 constitu-

2191 3974 2325 4032 tam,
2365 3963 2605 4021 veritatis
2648 3960 2833 4033 rigida:
2868 3968 3054 4016 tenere
3100 3972 3451 4016 mensuram:
3481 3960 3567 4016 cui
3612 3961 3664 4017 si
3697 3961 3777 4017 in-

2191 4063 2347 4113 caute
2373 4055 2521 4112 frena
2563 4052 2831 4118 laxentur,
2862 4049 3169 4122 frequenter
3194 4056 3381 4106 contra
3410 4063 3471 4106 se
3497 4048 3770 4122 loquitur.

2189 4147 2425 4206 Facilius
2476 4146 2620 4204 enim
2671 4143 2897 4203 tacendo
2950 4144 3105 4214 culpa
3156 4142 3439 4216 refugitur,
3470 4144 3655 4215 'quam
3697 4144 3777 4201 lo-

2189 4241 2422 4315 quendo.
3196 4310 3197 4313 η
3368 4234 3371 4237 Α

2261 4346 2413 4403 Vers.
2444 4344 2499 4399 2.
2532 4343 2695 4399 Posui
2738 4342 2818 4398 ari
2846 4357 2960 4398 meo
3010 4342 3334 4409 custodiant,
3364 4340 3489 4396 dum
3534 4341 3775 4398 consistit

2190 4445 2424 4508 peccator
2447 4435 2711 4490 adversum
2733 4450 2831 4491 me.
2855 4433 3051 4507 Figura
3090 4441 3176 4491 est
3200 4432 3533 4505 epexegesis,
3561 4432 3614 4488 id
3665 4442 3772 4503 est,

2187 4526 2492 4598 explanatio
2520 4523 2649 4581 dicti
2681 4524 2991 4594 superioris.
3025 4524 3163 4581 Dicit
3188 4525 3335 4581 enim
3380 4537 3597 4581 causam
3631 4539 3775 4596 quo.

504 4594 756 4664 quoniam
787 4596 1112 4653 excellentes
1138 4607 1387 4656 cantores
1430 4610 1618 4669 erant,
1666 4614 1884 4676 propter
1909 4608 2161 4682 nomi-D
2185 4594 2347 4673 modo
2387 4614 2662 4686 delinquat
2708 4613 2763 4669 in
2811 4613 2993 4687 lingua
3049 4628 3167 4671 sua.
3223 4614 3445 4687 Lingua:
3495 4594 3773 4686 siquidem

504 4702 639 4743 num
682 4689 1126 4759 significationem
1174 4701 1385 4749 constat
1434 4695 1734 4766 adhibitos;
1783 4708 1842 4755 ut
1871 4710 2080 4774 etpro-

502 4778 771 4835 batissimi
816 4778 978 4836 officii
1019 4782 1104 4838 sui
1158 4782 1420 4841 honorem
1467 4787 1533 4842 de
1571 4790 1663 4845 tali
1692 4805 2083 4851 commemora-

503 4872 654 4930 tione
669 4873 1026 4946 perciperent,
1050 4886 1104 4932 et
1132 4891 1325 4934 arcana
1351 4880 1675 4951 psalmorum
1703 4884 1771 4941 de
1801 4888 2077 4944 nominum

501 4965 743 5035 ipsorum
809 4968 1341 5039 interpretationibus
1406 4973 1785 5042 panderentur.
1846 4975 2077 5035 [dit/mm

504 5059 647 5115 enim
672 5058 953 5117 Hebraeum
975 5077 1172 5119 nomen
1197 5065 1454 5136 est,quod
1477 5065 1657 5135 lingua
1673 5066 1860 5124 Latina
1882 5070 2079 5127 dicitur

502 5152 830 5220 transilitor;
863 5169 970 5211 non
1013 5158 1104 5227 qui
1147 5159 1419 5228 gressibus
1465 5160 1667 5230 aliquid
1716 5162 1938 5232 transit,
1988 5172 2081 5219 aut

498 5248 639 5306 saltu
676 5249 919 5317 corporis
963 5248 1163 5305 hiantia
1209 5266 1431 5323 qumque
1462 5254 1798 5321 transmittit;
1846 5256 1942 5311 sed
1987 5256 2079 5327 qui

499 5352 663 5408 supra
689 5340 874 5397 mundi
917 5340 1071 5397 istius
1099 5342 1378 5413 varietates
1402 5343 1458 5399 in
1486 5359 1546 5400 ea
1564 5345 1672 5415 jam
1698 5348 1926 5417 puritate
1951 5361 2082 5404 con-

498 5429 675 5500 sistit,
716 5439 774 5487 ut
798 5430 990 5488 futurae
1022 5440 1225 5487 tantum
1266 5433 1607 5492 beatitudinis
1636 5438 1851 5508 praemia
1892 5454 2081 5496 conse-

498 5531 711 5592 quatur.
763 5523 906 5594 Ergo
951 5524 1004 5579 in
1054 5524 1156 5580 hoc
1204 5526 1408 5595 psalmo
1452 5542 1681 5596 persona
1724 5528 2080 5587 introducitur

498 5622 703 5670 sanctae
733 5616 1186 5685 conversationis,
1216 5632 1337 5688 quae
1369 5617 1625 5676 humanas
1652 5622 1869 5691 quidem
1900 5622 2079 5679 illece-

498 5704 625 5763 bras
670 5709 1023 5775 transilierat,
1048 5710 1141 5765 sed
1180 5709 1354 5766 adhuc
1378 5712 1568 5782 gaudia
1596 5712 1768 5768 futura
1801 5713 2072 5783 poscebat.

498 5798 568 5859 Et
591 5801 841 5871 quoniam
874 5801 956 5859 vir
979 5802 1347 5861 sanctissimus
1376 5814 1656 5863 enumerat
1692 5805 1899 5871 aliquas
1932 5805 2074 5864 afﬂi-

2183 4710 2381 4768 ostium
2416 4722 2478 4764 os
2509 4707 2764 4775 habetur;
2788 4716 2844 4764 et
2870 4707 3009 4764 bene
3036 4707 3127 4763 illa
3154 4707 3336 4764 clausa
3358 4706 3696 4776 servabitur,
3724 4708 3769 4764 si

2182 4803 2299 4873 ejus
2317 4802 2478 4874 janua
2500 4801 2817 4858 custoditur.
2850 4800 3104 4859 Salomon
3132 4804 3330 4874 quippe
3350 4802 3520 4858 dicit:
3557 4800 3658 4857 Ori
3683 4811 3773 4857 tuo

2180 4896 2339 4966 facito
2365 4894 2555 4950 ostium
2575 4900 2625 4948 et
2651 4909 2840 4962 seram,
2871 4902 2921 4948 et
2946 4894 3107 4948 verbis
3127 4895 3313 4966 jugum
3341 4902 3493 4963 atque
3517 4901 3775 4948 stateram

2182 4984 2373 5056 (Eccli.
2421 4999 2623 5049 xxvm,
2670 4983 2760 5051 28,
2802 4983 2918 5054 29).
2951 4984 3086 5042 Sera
3115 4985 3259 5041 enim
3295 4985 3439 5042 dicta
3467 4992 3586 5053 est,
3619 4987 3772 5058 quod

2180 5090 2305 5133 sero
2334 5075 2488 5131 ostiis
2504 5074 2838 5131 adhibeatur.
2872 5075 2977 5131 Sed
3008 5076 3105 5131 ista
3141 5083 3284 5132 tanta
3313 5076 3557 5133 custodia
3598 5092 3769 5150 quam

2183 5165 2442 5237 prtemisit
2462 5205 2479 5234 ,
2502 5166 2742 5236 sequitur
2764 5164 2976 5236 quando
3003 5166 3233 5223 maxime
3253 5165 3445 5223 debeat
3474 5165 3768 5234 adhiberi;

2182 5257 2389 5314 scilicet
2418 5255 2630 5327 quando
2653 5256 2864 5312 invidus
2908 5257 3156 5329 cuiquam
3196 5258 3446 5317 consistit
3465 5258 3762 5331 adversus,

2182 5362 2431 5420 quaerens
2457 5346 2663 5413 audire,
2692 5347 2833 5404 unde
2851 5347 3171 5403 calumniam
3195 5349 3365 5419 possit
3384 5348 3623 5407 efﬁcere.

2255 5440 2409 5497 Vers.
2428 5441 2480 5496 5.
2517 5439 2779 5507 Obmutui,
2817 5450 2865 5496 et
2891 5441 3188 5496 humiliatus
3210 5458 3347 5510 sum,
3379 5449 3427 5498 et
3453 5442 3575 5497 silui
3601 5460 3635 5499 a
3664 5443 3767 5499 bo-

2184 5534 2263 5589 nis
2288 5550 2307 5589 :
2334 5543 2383 5588 et
2423 5534 2572 5589 dolor
2601 5550 2740 5590 meus
2787 5544 3061 5590 renovatus
3089 5543 3182 5592 est.
3204 5534 3503 5592 Prudenter
3544 5535 3766 5607 decepti

2181 5634 2307 5681 sunt
2336 5625 2680 5693 insidiantes;
2723 5634 2780 5682 ut
2828 5626 2956 5683 dum
3000 5642 3305 5685 sermonem
3349 5628 3591 5700 captiose
3620 5642 3770 5699 qum-

2182 5725 2397 5782 rercnt,
2443 5716 2712 5773 silentium
2757 5720 3103 5789 reperissent.
3146 5719 3251 5775 Sed
3296 5708 3523 5791 possunt
3571 5728 3627 5775 et
3681 5718 3765 5774 illi

2180 5807 2516 5866 oimutcscere
2543 5852 2558 5878 ,
2617 5825 2842 5879 quorum
2899 5826 2961 5871 os
3012 5811 3320 5883 frequenter
3358 5814 3524 5872 nimio
3575 5813 3767 5870 furore
