3996 6346
231 347 329 402 281

1099 340 1455 402 ΕΧΡΟΞΙΤΙΟ
1493 343 1558 400 IN
1596 345 2055 405 PSALTERIUM.
2100 349 2291 409 PSAL.
2333 348 2618 407 XXXVIII.

3393 353 3499 408 282'!

231 463 588 522 concluditur.
625 456 860 526 Addidit,
912 469 958 516 et
983 462 1286 518 h‘tuniliatns
1314 480 1449 530 sum,
1491 472 1548 519 ιιι
1577 464 1705 519 illud
1735 463 1810 520 si-
1835 466 1891 530 Α
1912 481 2057 524 cere.
2097 469 2316 524 Addidit
2357 471 2552 539 etiam,
2583 477 2638 524 ut
2678 455 2862 525 sciam.
2885 471 3009 542 quid
3038 471 3166 527 desit
3204 473 3352 529 mihi.
3385 474 3496 530 Suo

231 557 456 612 lentiutn
485 571 589 610 non
621 555 898 622 dolosum,
945 557 1039 612 sed
1071 558 1396 628 intelligeres
1442 571 1562 613 esse
1591 558 1820 627 purissi-

231 665 401 705 mum.
457 647 776 702 Humiliatus
807 648 950 703 enim
1001 649 1266 718 signiﬁcat
1312 649 1456 703 humi
1503 658 1820 718 prostratus.

237 743 461 799 Siluisse
489 757 702 812 quoque
746 756 806 796 se
845 742 975 797 dicit
999 760 1030 796 a
1057 744 1197 797 bonis
1228 743 1717 814 prtedicattttnibus,
1748 759 1815 800 ne

230 834 454 890 doceret
491 840 947 889 contemnentem.
979 835 1085 890 Sed
1127 836 1248 905 quia
1289 836 1621 891 consuetudo
1650 836 1822 892 malo-

231 939 354 982 rum
401 933 518 989 est,
561 932 624 979 ut
650 925 894 994 quamvis
915 925 1052 980 bona
1079 926 1332 994 audiant,
1382 928 1683 982 nullatenus
1727 941 1819 982 ac-
1886 939 1889 942 '

230 1019 549 1088 quiescant,
608 1025 936 1087 quapropter
964 1034 996 1072 a
1042 1019 1184 1073 bonis
1233 1035 1290 1074 se
1333 1019 1462 1075 dicit
1504 1020 1822 1076 necessitate

233 1111 478 1174 siluisse;
503 1109 625 1180 quia
661 1110 926 1166 salubrem
949 1115 1420 1170 commonitionem
1445 1115 1688 1184 recipere
1714 1131 1821 1172 non

236 1213 520 1274 poterant,
570 1205 662 1273 qui
705 1207 1111 1262 contentionum
1159 1209 1364 1263 semina
1420 1210 1818 1280 perquirebant.

237 1297 493 1352 Dominus
523 1298 666 1351 enim
701 1297 753 1352 in
779 1297 1066 1369 Evangelio
1085 1299 1215 1354 dicit
1244 1315 1258 1356 :
1295 1300 1379 1354 Ne
1416 1301 1654 1356 miseritis
1685 1317 1822 1354 mar-

233 1387 427 1457 garitas
468 1396 662 1442 uestras
692 1396 812 1441 ante
840 1405 1021 1458 porcos
1051 1389 1262 1460 (Matth.
1300 1405 1404 1456 vn,
1437 1391 1513 1458 li).
1545 1391 1677 1446 Nam
1699 1405 1820 1446 cum

234 1477 405 1544 dicit,
438 1490 707 1533 renovatus
734 1488 807 1533 est
837 1481 986 1535 dolor
1012 1497 1174 1548 meus,
1199 1481 1464 1551 signiﬁcat
1493 1484 1593 1538 sibi
1623 1499 1744 1538 eum
1767 1493 1822 1539 et

232 1581 365 1627 ante
406 1571 606 1638 fuisse,
662 1572 874 1643 quando
922 1582 1046 1628 vota
1095 1574 1399 1644 iniquorum
1452 1576 1821 1646 intelligentiae

234 1661 441 1718 virtute
483 1665 748 1720 noscebat.
783 1665 940 1721 Modo
985 1677 1162 1720 autem
1204 1682 1324 1722 cum
1381 1667 1589 1724 videret
1628 1659 1823 1739 iniqui-

232 1767 376 1815 tates
405 1762 678 1814 hominum
700 1768 886 1816 contra
908 1774 968 1816 se
998 1761 1171 1831 potius
1199 1761 1511 1832 exercitari,
1545 1774 1819 1816 renovatus

1927 558 2071 613 enim
2109 558 2214 615 ﬁne
2259 561 2554 631 recognito,
2605 560 2747 616 scire
2787 571 2998 630 poterat
3035 571 3292 632 quantum
3327 579 3496 633 usque

1925 651 1993 707 ad
2015 652 2305 707 adventum
2327 653 2443 722 ejus
2463 662 2668 709 restare
2691 654 2970 723 potuisset.
3005 654 3070 708 Et
3110 655 3245 710 bene
3268 655 3501 710 additum

1924 756 2038 814 est,
2069 749 2193 819 quid
2221 748 2352 802 desit
2379 748 2536 812 mihi;
2561 749 2684 818 quia
2704 764 2890 804 revera
2914 748 3086 803 deesse
3105 749 3205 805 sibi
3231 751 3504 820 judicabat

1923 841 1990 897 ad
2013 843 2172 896 vitam
2190 881 2206 909 ,
2233 841 2279 897 si
2305 844 2423 910 ejus
2455 856 2558 896 non
2591 842 2872 897 meruisset
2911 842 3097 898 videre
3123 843 3491 912 praesentiam.

1923 933 2011 990 Sic
2036 933 2214 1003 magni
2242 932 2448 989 ardoris
2476 933 2617 988 illius
2661 933 3022 998 desiderium.
3055 935 3316 992 sermonis
3348 934 3502 991 istius

1926 1027 2180 1097 qualitate
2211 1033 2422 1081 constat
2462 1038 2800 1094 expressum.

1997 1119 2150 1174 Vers.
2177 1119 2232 1174 6.
2259 1118 2391 1172 Ecce
2415 1125 2602 1173 veteres
2626 1117 2843 1185 posuisti
2871 1117 2978 1170 dies
3008 1134 3163 1182 meos,
3195 1125 3244 1172 et
3268 1119 3505 1172 substan-

1923 1214 1993 1266 tia
2022 1229 2132 1267 mea
2163 1223 2405 1282 tanquam
2431 1211 2562 1265 nihil
2593 1219 2710 1265 ante
2729 1219 2776 1266 te
2802 1219 2895 1267 est.
2924 1210 3088 1265 Vides
3123 1197 3314 1267 merito
3343 1213 3499 1283 133

1924 1306 2117 1361 Christi
2169 1306 2380 1361 Domini
2432 1307 2776 1375 praesentiam
2827 1306 3170 1372 postulatam,
3222 1314 3506 1374 antequam

1922 1410 2109 1454 ueteres
2138 1400 2244 1454 dies
2280 1414 2406 1454 suos
2451 1413 2570 1456 estse
2620 1401 2926 1469 proﬁtetur.
2957 1399 3087 1454 Nam
3120 1402 3366 1466 quamvis
3396 1401 3506 1454 Deo

1923 1492 2117 1563 placita
2149 1508 2208 1548 se
2250 1493 2660 1549 conversatione
2706 1502 2994 1561 tractaret,
3045 1494 3098 1548 itt
3126 1494 3397 1550 veteribus
3430 1504 3511 1548 ta-

1922 1599 2047 1640 men
2073 1584 2258 1640 diebus
2279 1595 2424 1651 erat,
2457 1584 2669 1655 quando
2711 1586 2939 1641 necdum
2971 1585 3038 1640 ad
3083 1587 3308 1654 gratiam
3353 1599 3507 1640 novae

1921 1679 2344 1748 regenerationis
2391 1678 2700 1733 advenerat.
2742 1677 2947 1732 Veteres
2980 1678 3120 1732 enim
3149 1676 3242 1732 illo
3271 1686 3512 1741 tempore

1923 1769 2139 1825 fuerunt
2159 1770 2287 1837 dies,
2312 1770 2398 1840 qui
2427 1771 2718 1824 humanum
2744 1784 2910 1840 genus
2935 1769 3003 1823 ad
3026 1769 3289 1823 delectum
3322 1767 3513 1822 mortis

233 1863 308 1908 εει
347 1853 496 1907 ἀοῖον
542 1853 658 1922 eius
695 1854 907 1922 Ρῖθιθιίε
941 1855 1163 1919 intuitu;
1215 1854 1613 1911 tribulationem
1659 1870 1812 1911 suam
1845 1851 1894 1912 B
1919 1862 2161 1932 protinus
2192 1861 2559 1926 adducebant;
2585 1877 2684 1918 nec
2708 1870 2824 1916 erat
2852 1862 2906 1916 in
2931 1861 3034 1915 illis
3058 1859 3258 1929 aliquid
3285 1874 3504 1928 novum,

235 1945 438 2002 faciens
470 1946 727 2002 delictum
749 1945 998 2002 videlicet
1033 1946 1289 2001 alienum.

312 2037 460 2092 Vers.
489 2037 543 2090 4.
577 2036 843 2092 Concaluit
879 2054 966 2090 cor
1010 2046 1177 2092 meum
1200 2040 1337 2092 intra
1373 2055 1473 2106 me,
1499 2047 1546 2093 et
1576 2039 1630 2092 in
1657 2038 1823 2094 medi-

236 2131 425 2184 tatione
454 2147 566 2184 mea
615 2131 901 2185 exardescit
947 2131 1080 2202 ignis
1105 2147 1123 2183 :
1154 2131 1351 2184 locutus
1396 2147 1509 2184 sum
1555 2133 1608 2186 in
1649 2132 1825 2202 lingua

237 2237 370 2274 mea.
401 2221 528 2276 Post
551 2221 829 2276 silentium
854 2220 995 2290 quod
1017 2235 1076 2275 se
1102 2221 1387 2291 pertulisse
1419 2220 1549 2276 dicit
1575 2223 1826 2290 invitum,

241 2327 300 2370 ut
333 2315 629 2371 hominibus
654 2315 949 2386 praedicare
989 2315 1210 2371 minime
1253 2315 1488 2371 salubria
1532 2316 1822 2384 potuisset,

238 2423 532 2465 conversus
561 2419 642 2465 est
671 2423 866 2477 magno
913 2418 1044 2463 testu
1077 2409 1387 2473 charitatis',
1434 2409 1708 2465 locuturus
1735 2409 1825 2464 'ad

238 2502 546 2557 Dominum.
573 2502 679 2557 Sed
711 2489 991 2556 audiamus
1013 2515 1171 2571 quam
1205 2511 1452 2570 potenter
1473 2501 1815 2556 deliberatio—

236 2596 323 2650 nis
346 2596 515 2664 ipsius
537 2595 694 2650 ardor
714 2583 1328 2664 exponitur.‘Concaluit,
1357 2593 1512 2662 dixit,
1529 2610 1618 2649 cor
1633 2610 1820 2660 meum,

239 2688 294 2741 id
324 2696 428 2754 est,
456 2691 522 2743 ab
545 2690 686 2744 omni
729 2696 881 2758 parte
925 2700 1240 2741 succensum
1266 2694 1375 2749 est,
1411 2693 1468 2739 ut
1512 2695 1687 2740 motus
1723 2687 1825 2742 iste

239 2790 354 2836 tam
387 2796 611 2852 magnus
637 2782 700 2837 ad
743 2784 1118 2852 cogitationem
1150 2795 1330 2835 rerum
1371 2781 1672 2836 caelestium
1705 2795 1825 2849 per-

237 2875 472 2927 veniret.
522 2873 671 2926 Intra
696 2889 790 2940 me,
825 2875 880 2926 in
927 2873 1145 2927 homine
1175 2872 1383 2926 scilicet
1422 2872 1703 2935 interiore,
1733 2871 1823 2926 ubi

237 2967 378 3021 ratio
411 2965 566 3020 tacita
611 2965 863 3036 loquitur,
896 2974 950 3020 et
977 2979 1004 3018 a
1039 2963 1262 3019 Domino
1285 2963 1566 3032 dignanter
1590 2947 1822 3016 auditur.

237 3057 511 3126 Sequitur,
546 3066 592 3110 et
637 3057 691 3110 in
718 3056 1046 3110 meditatione
1086 3071 1195 3107 mea
1234 3053 1522 3108 exardescit
1562 3053 1719 3122 ignis.
1748 3050 1826 3107 Ne

241 3160 455 3220 putares
512 3150 688 3219 ignem
731 3148 933 3202 insanis
988 3145 1222 3201 motibus
1269 3153 1518 3211 aestuare,
1560 3144 1614 3196 in
1660 3143 1823 3197 medi-

1925 1955 2017 2009 ubi
2055 1953 2276 2009 minime
2308 1953 2606 2008 radiaverat
2654 1953 2863 2009 Domini
2897 1952 3193 2008 Salvatoris
3220 1951 3509 2007 adventus.

1922 2044 2080 2101 Unde
2108 2045 2392 2116 Apostolus
2420 2045 2543 2099 dicit
2570 2062 2584 2099 :
2619 2043 2797 2098 Vetera
2845 2043 3152 2096 transierunt
3185 2057 3336 2104 ;ecce
3367 2044 3508 2112 facta

1925 2138 2227 2192 sttntomnia
2256 2152 2386 2190 nova
2407 2134 2494 2206 (11
2517 2134 2638 2189 Cor.
2666 2150 2722 2204 ν,
2754 2135 2863 2206 17).
2886 2133 3162 2203 Sequitur:
3181 2132 3498 2187 Etsubstan-

1928 2230 2001 2283 tia
2050 2245 2163 2282 mea
2203 2238 2443 2296 tanquam
2493 2227 2621 2280 nihil
2665 2236 2784 2280 ante
2833 2237 2878 2280 te
2919 2233 3012 2280 est.
3056 2224 3171 2280 Non
3202 2224 3332 2280 dicit
3361 2233 3512 2278 actus

1926 2335 2056 2377 suos
2086 2320 2222 2374 nihil
2261 2335 2379 2375 esse
2433 2329 2557 2374 ante
2588 2319 2785 2386 Deum,
2835 2317 2929 2373 sed
2970 2318 3301 2371 substantiam
3343 2332 3514 2371 suam.

1926 2411 2058 2466 Nam
2089 2410 2360 2481 quomodo
2391 2417 2600 2479 poterat
2643 2409 2782 2474 ﬁeri,
2813 2416 2871 2463 ut
2911 2407 3003 2478 qui
3031 2407 3285 2462 mundum
3314 2406 3513 2461 transi-

1928 2504 2084 2560 lierat
2105 2545 2119 2569 ,
2143 2509 2492 2572 superaverat
2517 2502 2693 2558 carnis
2719 2516 2829 2556 sua:
2868 2500 2995 2555 vitia
3015 2542 3030 2568 ,
3062 2509 3184 2556 ante
3206 2500 3378 2556 Deum
3415 2500 3511 2554 ha-

1927 2596 2148 2652 beretur
2193 2603 2250 2649 ut
2301 2594 2562 2649 nihilum?
2589 2593 2697 2648 Sed
2747 2593 2939 2648 merito
2986 2592 3323 2646 substantiam
3364 2605 3512 2646 suam

1928 2696 2046 2742 ante
2108 2685 2269 2741 Deunt
2314 2687 2442 2742 dicit
2495 2686 2628 2738 nihil
2681 2701 2817 2752 esse,
2862 2698 2984 2754 qua:
3039 2683 3210 2738 Adam
3261 2689 3513 2751 peccante

1927 2783 2180 2838 damnata
2211 2787 2311 2834 est.
2345 2779 2442 2833 Cui
2488 2777 2591 2832 nisi
2639 2776 2836 2845 aliquid
2889 2777 3150 2830 Divinitas
3193 2775 3510 2842 contulerit,

1929 2877 1994 2932 de
2019 2875 2234 2946 proprio
2252 2888 2360 2928 non
2392 2873 2552 2927 habet
2577 2885 2741 2940 opere
2770 2870 2910 2940 quod
2942 2877 3250 2938 prtesumat.

2001 2969 2152 3024 Vers.
2180 2967 2236 3020 7.
2259 2965 2623 3020 Verumtamen
2649 2963 2887 3016 universa
2913 2961 3136 3025 vanitas,
3168 2959 3334 3014 omnis
3360 2960 3512 3013 homo

1928 3060 2117 3116 vivens.
2153 3055 2288 3112 Cum
2316 3055 2610 3111 trausilitor
2647 3054 2748 3108 iste
2773 3050 3180 3112 vitiorum.veri
3206 3064 3266 3106 se
3293 3048 3512 3104 luminis

1929 3153 2263 3226 inspectione
2301 3151 2644 3220 complesset,
2677 3155 2732 3204 et
2760 3146 2995 3201 futurum
3025 3144 3238 3200 Domini
3269 3143 3513 3200 Salvato—

240 3243 431 3294 talione
458 3257 569 3294 mea
610 3240 815 3308 posuit,
851 3238 901 3292 id
925 3247 1039 3305 est,
1073 3238 1126 3291 in
1174 3235 1434 3300 consilio,
1479 3235 1533 3289 in
1559 3233 1823 3290 delibera-

1933 3245 2002 3300 ris
2032 3245 2320 3299 adventum
2350 3240 2529 3298 cordis
2575 3239 2729 3294 oculo
2770 3237 3108 3309 pervidisset,
3140 3250 3207 3290 ne
3233 3235 3512 3306 quisquam

240 3337 417 3402 tione,
471 3334 563 3388 ubi
611 3334 770 3388 ardor
818 3333 1017 3387 mentis
1079 3331 1178 3385 sub
1225 3330 1484 3385 modestia
1535 3329 1829 3399 prudenter

239 3427 571 3491 accenditur,
637 3435 692 3480 et
741 3425 1092 3480 illuminatam
1142 3432 1377 3478 mentem
1420 3421 1828 3491 disciplinabilis

241 3520 456 3574 ﬂamma
493 3517 858 3573 circumvolat.
891 3515 1027 3582 Quid
1058 3515 1202 3569 enim
1232 3514 1468 3583 amplius
1507 3528 1663 3584 quam
1697 3513 1828 3568 cha-

239 3614 369 3668 ritas
394 3611 597 3666 fervet?
619 3611 723 3666 Sed
747 3609 926 3664 fervor
950 3609 1038 3662 ille
1062 3607 1380 3675 tranquillus
1400 3614 1515 3673 est,
1545 3614 1824 3660 mansueta

241 3705 613 3770 inﬂammatio,
647 3713 824 3758 motus
847 3702 1203 3771 inculpabilis,
1227 3699 1500 3756 festinatio
1531 3699 1824 3755 moderata.

242 3801 577 3870 Quapmpter
605 3798 686 3852 vir
713 3799 810 3852 iste
832 3797 1227 3860 sanctissimus,
1251 3795 1393 3855 quod
1419 3794 1828 3855 perfectissimis

241 3895 471 3963 accidit,
518 3901 572 3950 et
615 3900 982 3961 competenter
1013 3889 1198 3954 tacuit,
1245 3897 1299 3944 et
1327 3898 1452 3958 apte
1482 3887 1692 3942 loeutus
1723 3893 1826 3941 est.

242 3985 377 4040 Nam
420 3984 510 4053 qui
561 3983 782 4038 siluerat
825 3981 1030 4037 dolosis
1071 3980 1339 4046 inimicis,
1389 3979 1564 4034 veraci
1602 3978 1829 4032 Domino

243 4077 588 4135 conscientiae
610 4077 787 4146 lingua
809 4073 1180 4146 proclamavit.
1205 4071 1314 4127 Nec
1340 4080 1491 4126 vacat
1510 4069 1650 4139 quod
1679 4069 1825 4134 dicit,

245 4171 422 4240 lingua
451 4185 583 4235 mea,
615 4167 716 4223 hoc
743 4177 824 4221 est
849 4181 951 4236 qua
994 4179 1124 4235 pura
1156 4171 1334 4218 mente
1370 4162 1576 4217 solebat
1604 4161 1828 4215 Domino

245 4261 522 4327 conﬁteri,
579 4269 634 4316 et
685 4258 969 4314 adventum
1015 4255 1133 4327 ejus
1163 4254 1343 4310 studio
1381 4252 1485 4323 pias
1521 4250 1826 4306 dilectionis

249 4362 526 4408 CXDCICI'C.

357 4367 526 4406 etere.

316 4367 468 4496 giers.
495 4440 548 4496 5.
583 4437 776 4494 Notum
805 4441 886 4508 fac
915 4437 1061 4503 mihi,
1098 4434 1338 4501 Domine,
1373 4434 1528 4503 ﬁnem
1556 4449 1743 4497 meum,
1777 4441 1826 4486 et

247 4549 516 4588 numerum
543 4532 740 4586 dierum
769 4546 998 4583 meorum
1027 4529 1142 4598 quis
1174 4537 1268 4593 est,
1297 4535 1350 4580 ut
1372 4528 1528 4580 sciam
1547 4526 1672 4596 quid
1695 4524 1826 4578 desit

1930 3337 2174 3394 crederet
2203 3344 2415 3391 sanctos
2435 3335 2583 3389 viros
2615 3348 2645 3388 a
2681 3332 3069 3388 tentationibus
3108 3330 3336 3398 alienos,
3371 3329 3513 3385 redit

1930 3431 1997 3486 ad
2035 3431 2399 3486 infirmitatem
2437 3443 2589 3484 suam
2610 3469 2626 3495 ,
2657 3441 2817 3496 quam
2851 3426 2991 3480 inter
3015 3425 3240 3479 virtutes
3269 3423 3514 3494 egregias

1930 3525 2108 3578 carnis
2136 3523 2264 3578 vitio
2293 3521 2606 3587 sustinebat,
2649 3518 2836 3574 dicens
2869 3534 2883 3571 :
2911 3517 3096 3587 Magna
3139 3524 3266 3571 sunt
3298 3514 3512 3583 quidem

1929 3613 2030 3670 ista
2059 3629 2177 3684 quas
2225 3612 2455 3668 diximus
2475 3653 2490 3679 ,
2522 3625 2712 3680 magna
2759 3625 2879 3680 quae
2908 3609 3215 3664 credimus:
3242 3615 3512 3662 verumta-

1929 3721 2052 3761 men
2083 3706 2334 3775 quoniam
2357 3704 2410 3758 in
2437 3703 2536 3758 hac
2565 3701 2894 3757 mortalitate
2915 3712 3215 3765 versamur,
3243 3697 3330 3752 ubi
3362 3710 3514 3751 men-

1931 3806 2038 3854 tem
2059 3806 2296 3852 nostram
2321 3795 2579 3864 fragilitas
2611 3793 2788 3862 pulsat
2818 3790 3050 3844 humana
3072 3829 3087 3854 ,
3109 3802 3208 3843 nec
3235 3795 3318 3842 est
3337 3786 3510 3842 adhuc

1930 3904 2097 3945 unum
2126 3888 2253 3944 illud
2276 3896 2536 3943 aeternum
2559 3884 2704 3956 quod
2731 3898 2831 3938 nos
2863 3883 2915 3936 in
2946 3896 3042 3936 sua
3073 3880 3233 3934 faciat
3261 3878 3512 3932 ﬁrmitate

1931 3981 2248 4044 consistere,
2269 3979 2504 4031 universa
2540 3976 2738 4030 vanitas
2766 3973 2930 4027 omnis
2947 3971 3098 4024 homo
3128 3972 3314 4024 vivens.
3354 3967 3514 4023 Vani-

1932 4080 2010 4126 tas
2038 4071 2256 4137 etenim,
2287 4071 2426 4124 sicut
2443 4081 2586 4137 saepe
2611 4066 2869 4130 diximus,
2903 4061 3316 4117 mutabilitatem
3346 4059 3514 4130 signi-

1931 4147 2087 4228 ﬁcat,
2117 4175 2277 4232 quam
2319 4162 2495 4214 omnis
2518 4159 2680 4212 homo
2722 4161 2918 4226 prteter
2952 4153 3224 4207 Christum
3249 4151 3510 4216 sustinet,

1931 4254 2022 4326 qui
2047 4254 2144 4308 hac
2167 4265 2328 4307 carne
2356 4251 2582 4306 vestitus
2630 4257 2732 4304 est.
2760 4245 3062 4317 Exprobrat
3098 4244 3242 4300 enim
3283 4241 3364 4299 vir
3390 4257 3514 4300 san-

1931 4347 2200 4403 ctissimus
2232 4344 2514 4400 mundanae
2543 4341 2667 4398 vitae
2699 4340 3146 4399 consuetudinem
3176 4338 3406 4406 malam,
3440 4336 3508 4391 ad

1931 4439 2076 4496 illam
2117 4448 2370 4494 aeternam
2416 4435 2729 4491 desiderans
2759 4431 3042 4504 pervenire
3083 4429 3468 4486 beatitudinem
3495 4469 3511 4496 ,

1931 4531 2021 4586 ubi
2075 4545 2135 4586 se
2193 4526 2524 4598 intelligebat
2579 4524 2887 4581 habiturum
2941 4537 3063 4580 cum
3121 4519 3331 4590 angelis
3391 4532 3513 4588 por-

246 4629 391 4680 mihi.
419 4626 544 4679 I’ost
572 4623 714 4677 illam
743 4631 847 4676 tam
891 4635 1134 4689 magnam
1162 4618 1474 4688 patientiam
1495 4657 1511 4683 ,
1557 4627 1612 4672 et
1643 4615 1828 4672 invicti
1858 4630 1911 4690 1)
1935 4621 2159 4677 tionem.

247 4716 409 4771 animi
434 4715 596 4769 robur
617 4713 872 4768 eximium
889 4754 904 4781 ,
929 4711 1219 4766 absurdum
1247 4719 1328 4765 est
1348 4711 1567 4765 credere
1587 4719 1828 4763 sanetum

247 4808 419 4862 virum
452 4805 719 4861 desiderio
767 4804 921 4874 hujus
962 4803 1085 4858 vita:
1135 4817 1397 4857 annorum
1449 4802 1548 4856 sibi
1587 4801 1828 4854 notitiam

251 4899 590 4968 postulasse:
620 4898 711 4952 sed
745 4896 933 4966 plenus
980 4895 1253 4950 desiderio
1289 4894 1494 4950 nomini
1529 4891 1827 4948 Salvatoris

252 4993 430 5062 (quem
465 4998 575 5044 tota
625 4995 804 5044 mente
851 4988 1027 5042 decuit
1082 4985 1338 5056 perquiri)
1370 4985 1518 5041 scire'
1542 4984 1709 5040 voluit
1737 4989 1828 5055 qui

249 5086 295 5140 ei
327 5085 461 5139 lucis
500 5082 760 5139 terminus
809 5089 1086 5150 pararetur
1125 5082 1215 5135 :si
1266 5081 1528 5150 potuisset
1574 5080 1638 5133 ad
1684 5080 1827 5134 illam

250 5187 491 5233 sanctam
537 5176 994 5241 incarnationem,
1026 5190 1183 5245 quam
1210 5175 1451 5244 gestabat
1479 5184 1691 5241 mente,
1713 5173 1829 5244 ejus

251 5270 560 5340 longaevitas
587 5269 886 5339 pervenire.
913 5268 1050 5324 Petit
1071 5283 1200 5339 ergo
1229 5277 1288 5322 ut
1309 5284 1464 5323 suum
1487 5269 1642 5338 ﬁnem
1664 5283 1831 5324 nove-

254 5363 354 5426 rit,
383 5361 434 5416 id
464 5370 579 5427 est,
607 5360 892 5415 Dominum
940 5360 1292 5416 Salvatorem.
1320 5360 1437 5429 Ipse
1464 5362 1607 5415 enim
1645 5369 1829 5416 noster

252 5465 333 5510 est
357 5456 498 5524 ﬁnis,
518 5455 763 5525 adquem
788 5454 1095 5524 pervenisse
1121 5455 1229 5508 vita
1248 5461 1330 5508 est
1347 5453 1695 5510 nihilominus
1715 5456 1831 5510 sine

255 5550 382 5615 ﬁne;
414 5552 459 5604 si
501 5560 678 5604 tamen
726 5563 849 5604 eum
896 5549 1068 5618 culpis
1112 5547 1459 5618 sequentibus
1507 5563 1611 5601 non
1641 5548 1834 5602 redda-

256 5659 369 5697 tnus
401 5642 688 5698 infensum.
725 5639 924 5695 Deinde
943 5656 1213 5694 numerum
1249 5653 1468 5694 suorum
1491 5637 1692 5692 dierum
1734 5640 1830 5696 de-

253 5737 451 5792 siderat
496 5735 813 5802 advertere,
869 5743 929 5788 ut
967 5733 1267 5789 evidentius
1297 5739 1580 5801 appareret
1625 5732 1671 5786 si
1717 5732 1833 5802 ejus

257 5837 602 5901 conspectum
623 5829 787 5886 etiam
808 5827 1086 5901 corporeis
1125 5826 1295 5885 oculis
1346 5833 1644 5883 mereretur
1684 5827 1831 5898 aspi-

2007 4716 2162 4772 Vers.
2183 4714 2234 4769 8.
2263 4713 2566 4783 Quanquam
2593 4711 2645 4764 in
2667 4710 2887 4780 imagine
2933 4707 3032 4762 Dei
3078 4705 3303 4761 ambulet
3340 4705 3512 4771 homo,

1933 4821 2100 4865 tamen
2129 4824 2255 4862 vane
2275 4806 2660 4860 conturbabitur
2683 4821 2700 4863 :
2724 4802 3066 4867 thesaurizat,
3097 4809 3147 4855 et
3183 4801 3387 4870 ignorat
3429 4801 3513 4854 cui

1930 4909 2206 4974 congregat
2233 4915 2313 4955 ea.
2345 4899 2498 4967 Quod
2526 4913 2651 4954 vere
2678 4895 3009 4965 sapientibus
3035 4893 3192 4959 inest,
3226 4901 3511 4964 postquam

1934 4993 2285 5066 probabiliter
2315 4993 2500 5056 tacuit,
2545 4999 2597 5046 et
2627 4990 2874 5060 religiose
2901 4987 3109 5042 locutus
3130 4995 3232 5052 est,
3263 4986 3409 5040 venit
3449 4985 3515 5040 ad

1935 5087 2179 5144 ordinem
2208 5085 2540 5150 secundum,
2590 5082 2678 5137 ubi
2729 5078 3161 5150 quinquepartito
3202 5079 3516 5148 syllogismo

1933 5178 2126 5249 probat
2148 5187 2343 5248 praeter
2381 5175 2476 5230 Dei
2505 5186 2653 5242 spem
2684 5180 2844 5241 atque
2874 5171 3349 5242 exspectationem,
3387 5177 3504 5238 post

1935 5273 2096 5342 primi
2122 5270 2356 5326 hominis
2381 5264 2863 5336 transgressionem
2908 5264 3201 5320 humanum
3230 5277 3398 5333 genus
3421 5277 3504 5315 va-

1939 5366 2092 5421 nitati
2153 5379 2272 5420 esse
2329 5361 2651 5430 subjectum.
2711 5359 2819 5415 Sed
2867 5358 3124 5427 dicendo,
3179 5371 3510 5427 quanquam,

1939 5459 2118 5514 nescio
2148 5455 2274 5526 quid
2304 5452 2538 5522 amplum
2559 5496 2574 5522 ,
2607 5453 2791 5508 nescio
2819 5450 2947 5523 quid
2979 5451 3185 5519 insigne
3221 5448 3334 5502 vult
3363 5447 3517 5502 intel-

1941 5551 2061 5620 ligi;
2095 5549 2236 5618 quod
2265 5547 2390 5602 licet
2420 5547 2582 5602 homo
2607 5555 2799 5617 gestet,
2831 5555 3008 5600 tamen
3052 5543 3203 5597 vanis
3233 5541 3515 5598 desideriis

1939 5649 2250 5710 occupatur.
2273 5639 2378 5695 Sed
2407 5639 2532 5710 quid
2562 5639 2632 5694 sit
2661 5637 2800 5693 istud
2821 5636 3092 5693 excelsum
3120 5641 3512 5703 consequenter

1939 5735 2162 5806 exponit
2191 5752 2203 5787 :
2232 5733 2296 5786 In
2324 5733 2546 5803 imagine
2577 5730 2671 5785 Dei
2713 5730 2932 5784 ambulet
2979 5727 3152 5781 homo.
3193 5725 3372 5794 Imago
3421 5722 3514 5777 Des

1939 5834 2024 5884 est
2073 5825 2162 5883 illa
2197 5838 2356 5896 quam
2382 5824 2542 5882 homo
2580 5823 2635 5880 in
2685 5836 2865 5880 rerum
2911 5818 3217 5877 conditione
3257 5814 3496 5885 suscepit
