3996 6346
508 344 614 402 233

1755 334 1828 400 ω.
1867 333 1958 392 ΔΙ]
1967 330 2148 392 RELll
2194 328 2600 396 CASSIODORI

3663 335 3772 402 ΞΜ

510 461 726 535 quando
751 459 960 520 dictum
986 466 1072 516 est
1107 471 1122 510 :
1155 455 1431 512 Faciamus
1447 453 1706 512 hominem
1733 451 2098 523 adimagincm
2125 453 2176 524 Α
2204 461 2359 506 cesse
2407 454 2526 504 erat
2577 453 2636 502 ut
2680 443 2812 503 illud
2858 452 3072 518 tempus
3113 451 3428 516 exspectare
3474 444 3776 522 debuisset,

514 570 562 614 et
583 557 973 616 similitudinem
991 562 1219 610 nostram
1247 550 1450 624 (Cenes.
1477 565 1521 616 ι,
1546 545 1662 620 26).
1686 547 1809 606 Haec
1827 545 2097 604 sententia

512 653 591 710 sic
620 651 772 709 nobis
800 647 1034 707 breviter
1071 645 1240 702 divisa
1269 642 1560 712 constabit,
1588 639 1632 698 si
1664 640 1910 712 primitus
1939 637 2098 696 intel-

511 745 738 816 ligamus
773 741 918 800 aliud
966 752 1089 797 esse
1126 736 1430 821 imaginem,
1479 732 1619 790 aliud
1663 729 2095 821 similitudinem.

521 835 704 910 Imago
759 834 955 905 quippe
999 830 1164 888 habet
1205 820 1613 886 similitudinem
1649 823 1767 894 ejus
1809 823 1888 880 rei
1943 820 2096 892 cujus

511 929 690 998 imago
711 935 812 982 est.
838 921 1146 981 Similitudo
1173 930 1353 984 autem
1382 933 1490 976 non
1527 930 1742 988 semper
1787 914 1951 976 habet
1978 914 2096 986 ejus

511 1020 797 1092 imaginem
853 1018 940 1073 cui
990 1014 1184 1071 similis
1214 1022 1316 1072 est.
1360 1011 1429 1070 Et
1485 1009 1605 1068 ideo
1642 1009 1868 1072 interior
1909 1011 2096 1076 homo,

509 1115 598 1184 qui
616 1155 630 1179 ,
662 1113 803 1168 sicut
821 1108 955 1168 dicit
980 1105 1271 1179 Apostolus
1299 1119 1314 1158 :
1349 1102 1645 1158 Renovatur
1672 1101 1735 1156 de
1773 1099 1857 1154 die
1883 1098 1937 1153 in
1963 1097 2098 1152 diem

515 1203 600 1276 (ll
630 1204 749 1261 Cor.
777 1217 856 1267 tv,
891 1200 1003 1272 16),
1039 1200 1094 1254 in
1124 1213 1232 1269 quo
1260 1205 1344 1254 est
1370 1194 1724 1266 intelligentia
1753 1190 2013 1256 rationis,
2041 1196 2100 1248 et

508 1295 749 1354 veritatis
772 1292 996 1365 agnitio,
1028 1300 1087 1348 et
1111 1289 1486 1348 immortalitas
1505 1302 1536 1344 a
1567 1285 1858 1344 Divinitate
1875 1283 2093 1350 collata,

512 1387 708 1444 merito
749 1385 948 1442 dicitur
969 1383 1167 1441 habere
1210 1382 1488 1454 imaginem
1531 1380 1668 1435 Dei:
1695 1378 1949 1450 quoniam
2000 1389 2098 1444 pro

409 1493 414 1498 '
508 1476 772 1549 spirituali
825 1483 1042 1532 actuum
1087 1487 1308 1530 suorum
1353 1471 1706 1542 dispositione
1758 1466 2101 1540 praestantior

510 1576 616 1627 est.
647 1566 897 1624 Exterior
923 1577 1052 1620 vero
1081 1563 1267 1630 homo,
1298 1562 1367 1618 de
1395 1576 1502 1634 quo
1533 1563 1676 1617 idem
1709 1560 1842 1618 dicit
1867 1560 2102 1632 Aposto-

511 1663 630 1727 lus,
659 1659 752 1728 qui
782 1657 1129 1724 corrumpitur
1161 1654 1426 1727 (Ibidem),
1453 1664 1508 1712 et
1544 1655 1757 1714 diverso
1787 1653 2101 1722 passionum

509 1751 656 1808 iasce
683 1755 1067 1819 praegravatur,
1101 1745 1265 1802 habet
1301 1753 1482 1802 tamen
1526 1743 1757 1815 aliquam
1787 1740 2102 1798 similitudi-

2199 540 2412 613 quando
2434 553 2558 596 eum
2582 548 2784 596 aeterna
2811 539 3034 611 praemia
3054 547 3398 598 coronarent.
3423 538 3779 612 Substantians

2199 647 2328 690 vero
2381 647 2559 701 suam,
2619 631 2705 687 hic
2752 645 2860 688 non
2891 629 3038 688 illam
3085 627 3216 685 Adae
3240 669 3257 697 ,
3289 644 3447 700 quam
3479 643 3602 690 ante
3641 635 3778 702 duos

2198 739 2387 786 versus
2412 722 2612 798 posuit,
2642 721 2790 780 dicit.
2822 721 2918 777 illa
2945 721 3090 784 enim
3113 723 3166 780 in
3194 723 3368 792 malo,
3407 723 3509 780 ista
3549 724 3603 792 in
3636 725 3778 786 bono

2198 825 2492 874 memorata
2523 823 2654 874 est:
2690 815 2816 888 quia
2865 830 3064 876 nomen
3110 818 3442 892 acquivocum
3491 826 3592 874 est.
3639 819 3779 888 Qua-

2199 909 2526 982 propter-hic
2568 909 2910 976 substantiam
2957 909 3012 964 in
3038 908 3236 966 bonam
3271 917 3478 990 partem
3525 909 3784 978 debemus

2200 1006 2490 1076 accipere,
2535 1003 2742 1062 scilicet
2799 1002 3144 1062 conscientia
3194 1003 3626 1076 possessionem,
3681 1020 3784 1076 qua

2205 1095 2632 1166 sustentabatttr,
2663 1109 2767 1166 qua
2787 1093 3132 1168 pascebatur,
3157 1109 3262 1164 qua
3292 1093 3446 1152 dives
3470 1103 3522 1150 et
3552 1095 3784 1165 paterfa-

2202 1189 2380 1244 milias
2405 1197 2542 1246 erat.
2590 1188 2718 1242 Ante
2747 1199 2792 1244 te
2817 1194 2913 1255 est,
2935 1185 3106 1253 dixit,
3131 1201 3239 1242 non
3283 1187 3334 1244 in
3367 1187 3595 1244 sacculis
3619 1188 3782 1256 meis,

2201 1290 2260 1358 ut
2299 1296 2460 1354 supra
2506 1280 2574 1337 de
2609 1279 2788 1336 avaris
2827 1288 2912 1335 est
2953 1279 3225 1352 positum:
3258 1279 3312 1334 in
3341 1286 3633 1350 conspectu
3665 1287 3785 1348 tuo,

2202 1387 2312 1442 non
2360 1372 2414 1430 in
2437 1370 2658 1426 occultis
2697 1369 2862 1438 meis,
2911 1369 3006 1426 ubi
3050 1369 3452 1426 inextricabiles
3495 1371 3788 1440 probantur

2202 1483 2326 1528 esse
2366 1468 2592 1526 divitiae.
2646 1467 2724 1526 De
2766 1467 2858 1524 illa
2912 1469 3058 1526 enim
3107 1484 3230 1540 quae
3281 1467 3654 1540 vituperabilis
3697 1469 3788 1526 luit

2203 1561 2408 1622 dictum
2449 1570 2535 1618 est
2566 1560 2876 1633 :Tanquam
2916 1560 3137 1616 nihilum
3180 1570 3299 1618 ante
3351 1571 3398 1615 te
3441 1570 3512 1616 est
3536 1577 3558 1616 :
3589 1560 3660 1618 de
3696 1562 3788 1620 ista

2202 1668 2334 1716 vero
2363 1655 2598 1726 positum
2626 1661 2738 1722 est,
2767 1662 2885 1710 ante
2923 1661 2971 1709 te
2997 1661 3070 1710 est
3101 1669 3122 1711 :
3147 1654 3237 1712 ubi
3263 1669 3388 1710 esse
3413 1654 3548 1724 nihil
3583 1663 3788 1730 potest,

2203 1747 2308 1818 nisi
2333 1747 2477 1818 quod
2503 1747 2737 1819 gloriosa
2775 1744 2941 1801 fuerit
2977 1745 3190 1802 actione
3219 1745 3537 1818 perlectum.
3617 1779 3622 1784 -

511 1857 634 1900 nem
665 1840 958 1908 Creatoris,
981 1854 1048 1895 ex
1081 1853 1148 1895 eo
1177 1837 1319 1908 quod
1367 1835 1518 1905 vivit,
1571 1835 1714 1907 quod
1759 1835 1927 1903 videt,
1951 1833 2096 1904 quod
2127 1849 2178 1918 Β
2272 1839 2550 1917 Vers..-ll).
2573 1837 2648 1894 Ab
2669 1837 2901 1894 omnibus
2939 1836 3294 1910 iniquitatibus
3338 1841 3466 1902 meis
3489 1839 3629 1910 eripe
3673 1853 3788 1894 me:

512 1944 616 2004 est,
641 1934 784 2005 quod
814 1933 882 1990 ad
910 1942 1148 1992 mentem
1172 1933 1506 1990 convertitur
1532 1945 1592 1988 se
1618 1939 1921 2003 regentem,
1952 1929 2098 2000 quod

511 2030 657 2086 inter
678 2037 955 2084 creaturas
983 2026 1216 2096 reliquas
1245 2024 1397 2082 valde
1421 2025 1620 2080 dicitur
1639 2024 1870 2088 bonum;
1913 2039 2102 2096 quatu-

515 2123 596 2179 vis
624 2122 737 2178 haec
754 2122 807 2178 in
829 2121 940 2176 Deo
967 2120 1124 2190 longe
1149 2119 1305 2174 aliter
1334 2131 1657 2188 summeque
1676 2117 1808 2186 sint,
1841 2131 2001 2188 quam
2044 2118 2099 2174 in

513 2215 776 2272 creaturis
800 2228 923 2270 esse
967 2213 1239 2268 dicuntur.
1280 2209 1388 2267 Sed
1439 2209 1568 2282 quid
1596 2209 1777 2287 dicam
1823 2208 2100 2266 hominem

515 2307 873 2365 exteriorem?
921 2305 1274 2374 Comparatur
1302 2302 1382 2359 illi
1416 2310 1474 2358 et
1503 2302 1727 2370 vermis,
1757 2310 2103 2371 comparatur

513 2408 570 2456 et
593 2399 702 2469 leo,
723 2404 1067 2469 comparatur
1091 2404 1146 2450 et
1173 2394 1330 2466 lapis,
1350 2409 1458 2451 non
1475 2392 1737 2465 dignitate
1764 2393 2100 2462 substantiae,

514 2493 611 2550 sed
631 2508 696 2549 ex
723 2491 902 2563 aliqua
928 2489 1299 2548 similitudinis
1322 2498 1494 2561 parte.
1527 2488 1618 2544 Sic
1637 2486 1705 2542 ad
1735 2487 2021 2558 imaginem
2048 2493 2105 2556 et

514 2585 922 2643 similitudinem
969 2597 1121 2639 suam
1157 2582 1349 2640 iecisse
1399 2581 1674 2638 hominem
1714 2587 1862 2635 recte
1907 2579 2104 2640 intelli-

513 2680 660 2750 gitur
699 2679 861 2745 Deus,
907 2677 955 2734 si
985 2679 1096 2734 suis
1127 2675 1368 2748 partibus
1399 2675 1572 2732 divisa
1599 2674 1915 2730 reddantur.
1947 2672 2103 2742 Quod

514 2771 678 2828 Pater
699 2771 1026 2842 Augustinus
1041 2769 1096 2826 in
1129 2770 1268 2828 libro
1296 2769 1664 2838 Quaestionum
1683 2768 1837 2824 titulo
1865 2767 2104 2822 secundo

516 2861 658 2931 (Lib.
706 2877 908 2918 Lxxxnt
940 2862 1162 2930 θηρσί..
1193 2870 1375 2934 quaest.
1429 2862 1526 2929 5t)
1572 2859 1824 2916 subtilius
1879 2858 2106 2932 diligen-

514 2957 729 3026 tiusque
771 2955 1042 3012 tractavit.
1071 2955 1178 3014 Sed
1219 2956 1342 3014 licet
1374 2953 1550 3024 imago
1580 2954 1683 3009 ista
1713 2967 1905 3024 magna
1931 2951 2023 3017 sit,
2051 2960 2108 3008 et

515 3048 650 3101 tanti
692 3047 927 3104 auctoris
978 3047 1155 3116 aliqua
1206 3045 1561 3104 similitudine
1609 3044 1905 3116 glorietur,
1960 3042 2106 3114 quod

518 3140 668 3206 vivit,
714 3139 856 3210 quod
901 3139 1202 3206 rationalis,
1245 3138 1390 3210 quod
1429 3138 1752 3198 immortalis
1779 3145 1866 3195 est
1896 3155 1911 3192 :
1944 3137 2105 3194 homo

2205 1934 2543 2004 opprobrium
2571 1933 2834 2004 insipienti
2848 1931 3032 1987 dedisti
3045 1947 3143 1988 me.
3173 1931 3432 2002 Quamvis
3455 1932 3556 1990 istc
3578 1941 3791 1990 sanctus

2203 2024 2468 2098 probabili
2496 2039 2556 2082 se
2583 2023 2871 2080 devotione
2900 2031 3156 2082 tractaret
3188 2065 3204 2094 ,
3244 2032 3428 2088 tamen
3461 2023 3621 2098 134
3650 2031 3796 2096 rogat

2205 2127 2264 2176 ut
2293 2117 2358 2172 ab
2387 2113 2625 2180 omnibus
2653 2115 3004 2186 iniquitatibus
3034 2115 3148 2172 suis
3190 2114 3403 2172 Domini
3448 2101 3796 2180 miseratione

2208 2207 2500 2280 liberetur;
2545 2215 2605 2264 ut
2653 2220 3008 2280 agnoscamus
3052 2207 3322 2264 nemiuem
3367 2206 3456 2264 hic
3494 2221 3620 2264 esse
3648 2223 3796 2270 secu-

2206 2318 2326 2360 rum
2345 2343 2358 2369 ,
2380 2303 2628 2374 quamvis
2658 2301 2918 2358 beneﬁcia
2949 2301 3129 2358 divina
3157 2303 3485 2377 perceperit.
3517 2304 3650 2360 Nam
3681 2319 3794 2362 cum

2204 2396 2364 2464 dicit,
2388 2395 2449 2450 ab
2471 2394 2727 2463 omnibus,
2755 2394 3025 2466 signiticet
3049 2393 3388 2468 iniquitatum
3413 2384 3656 2454 diversas
3679 2412 3796 2456 esse

2207 2487 2486 2553 minutias;
2515 2487 2657 2544 sicut
2681 2487 2735 2544 in
2763 2487 2976 2544 decimo
2998 2498 3190 2550 octavo
3216 2490 3427 2562 psalmo
3445 2489 3653 2548 dictum
3676 2500 3794 2548 est:

2208 2578 2407 2636 Delicta
2433 2581 2546 2651 quis
2566 2581 2802 2652 intelligit
2818 2581 2843 2636 .7
2859 2581 2922 2635 ab
2953 2581 3164 2638 occultis
3193 2583 3317 2638 meis
3337 2585 3530 2644 munda
3561 2601 3666 2654 me,
3692 2585 3795 2642 Do-

2205 2674 2364 2740 mine,
2402 2673 2538 2728 etab
2579 2673 2760 2728 alienis
2809 2689 2963 2748 parce
3003 2690 3148 2730 servo
3185 2685 3273 2732 tuo
3303 2674 3476 2745 (Psal.
3505 2692 3658 2745 xvtu,
3693 2679 3795 2750 15).

2197 2763 2482 2835 Sequitur,
2513 2764 2845 2835 opprobrium
2875 2766 3133 2840 insipienti
3159 2768 3344 2822 dedisti
3374 2784 3473 2848 me:
3504 2771 3797 2831 Stultorum

2207 2855 2540 2914 consuetudo
2587 2857 2708 2914 talis
2755 2865 2856 2923 est,
2886 2867 2946 2914 ut
2975 2856 3094 2914 illos
3131 2860 3302 2931 magis
3332 2861 3622 2932 irrideant,
3667 2877 3798 2936 quos

2208 2949 2363 3008 bonis
2393 2949 2633 3008 moribus
2660 2949 2878 3012 studere
2915 2960 3267 3020 cognoscunt.
3299 2953 3529 3010 Sanctus
3556 2969 3686 3027 ergo
3721 2956 3796 3014 vir

2208 3041 2538 3112 opprobrium
2578 3052 2694 3100 erat
2723 3043 2899 3100 stultis
2919 3084 2935 3112 ,
2964 3045 3088 3114 quia
3110 3042 3212 3100 sibi
3235 3043 3554 3114 dissimilem
3585 3061 3803 3118 respue-

2209 3135 2356 3200 bant.
2388 3135 2510 3192 Sola
2539 3136 2682 3194 enim
2711 3137 2966 3196 scelerati
2993 3138 3214 3198 laudant
3262 3154 3384 3211 quae
3423 3141 3678 3202 videntur
3703 3143 3798 3214 ba-

517 3241 699 3292 tamen
726 3234 848 3305 quia
871 3233 982 3304 jam
1005 3233 1178 3288 factus
1199 3241 1284 3289 est
1309 3233 1542 3303 peccatis
1565 3231 1852 3300 obnoxius,
1877 3240 1932 3290 et
1950 3233 2108 3303 primi
2134 3237 2182 3302 ο
2215 3228 2343 3284 bere
2369 3230 2694 3288 communia.

520 3326 685 3396 patris
706 3334 828 3381 ante
853 3327 1334 3396 transgressionem
1357 3324 1575 3396 puritati
1596 3324 1898 3391 dissimilis,
1924 3332 2105 3381 tamen

517 3418 736 3478 caducis
764 3419 1046 3476 desideriis
1070 3421 1312 3476 turbatur
1333 3429 1496 3490 atque
1522 3419 1873 3480 confunditur
1902 3436 1916 3474 :
1948 3421 2108 3477 modo

515 3512 714 3566 victum
744 3512 1012 3584 cogitans,
1053 3511 1218 3568 modo
1263 3519 1468 3574 vestem
1499 3513 1744 3582 corporis
1783 3513 2108 3570 necessitate

517 3605 870 3674 perquirens,
895 3605 980 3660 vel
1006 3605 1108 3661 alia
1152 3604 1313 3660 nimis
1345 3605 1626 3662 innumera
1646 3648 1662 3673 ,
1695 3604 1891 3676 quibus
1918 3604 1975 3660 in
2005 3603 2109 3660 hoc

517 3694 718 3750 mundo
751 3694 966 3750 subdita
1013 3703 1226 3751 tenetur
1264 3693 1588 3754 humanitas.
1634 3694 1704 3752 Et
1749 3695 1886 3751 bene
1935 3693 2106 3762 dixit,

517 3785 941 3840 conturbabitur:
967 3786 1094 3856 quia
1134 3785 1420 3854 puritatem
1468 3786 1668 3846 mentis
1710 3786 1978 3856 perdunt,
2016 3788 2108 3858 qui

518 3878 799 3937 desideriis
828 3882 1216 3952 temporalibus
1246 3892 1596 3954 occupantur.
1630 3883 1869 3951 addidit,
1895 3885 2100 3942 thesau-

517 3973 646 4028 risat
673 3983 720 4028 et
741 3975 946 4046 ignorat
967 3974 1049 4029 cui
1077 3984 1357 4048 congregat
1381 3991 1462 4031 ea.
1496 3976 1632 4032 [line
1659 3976 1919 4048 probatur
1941 3977 2105 4034 stulta

515 4067 748 4134 vanitas,
772 4071 1027 4138 quoniam
1046 4070 1194 4140 cupit
1209 4069 1447 4140 peritura
1473 4085 1691 4127 servare
1719 4079 1773 4128 et
1795 4071 2107 4128 transitoria

515 4160 816 4227 custodire;
846 4163 1079 4221 maxime
1127 4177 1250 4220 cum
1299 4164 1574 4234 possessio
1610 4178 1798 4221 eorum
1850 4165 2108 4236 probetur

516 4249 738 4308 incerta.
767 4255 898 4310 Nam
947 4257 1036 4327 qui
1079 4272 1140 4313 se
1170 4264 1325 4328 putat
1366 4257 1546 4313 charis
1596 4257 1722 4314 tiliis
1773 4257 2103 4327 relinquere,

517 4343 730 4411 ignorat
759 4348 802 4400 si
834 4360 897 4401 ea
928 4363 1035 4403 non
1061 4349 1340 4419 contingat
1367 4347 1770 4406 inimicissimos
1803 4348 2104 4419 possidere.

517 4434 586 4490 Et
627 4437 838 4494 intuere
864 4440 988 4509 quia
1009 4481 1026 4507 ,
1065 4441 1191 4496 licet
1235 4442 1404 4496 multa
1445 4443 1553 4498 sint
1587 4441 1806 4508 similia,
1837 4441 1888 4496 in
1915 4442 2106 4512 quibus

518 4527 797 4585 hominum
869 4530 1198 4587 mutabilitas
1269 4543 1575 4601 accusetur,
1654 4531 1876 4588 avaritia
1923 4543 2102 4591 tamen

2282 3319 2435 3377 Vers.
2461 3322 2550 3377 11.
2576 3321 2843 3395 Obmutui,
2871 3333 2920 3380 et
2949 3326 3245 3397 non-aperui
3265 3341 3323 3381 os
3342 3330 3804 3400 meummuoniam

2209 3423 2266 3470 tu
2295 3415 2461 3484 fecisti
2490 3431 2588 3474 me.
2614 3416 2769 3474 Redit
2809 3418 2876 3473 ad
2905 3419 3182 3486 superiora
3228 3436 3350 3496 qua:
3374 3420 3618 3490 dixerat,
3663 3438 3808 3481 asse-

2210 3521 2337 3566 rens
2363 3521 2469 3564 non
2492 3509 2836 3578 respondisse
2855 3509 3084 3568 inimicis
3103 3511 3246 3582 suis;
3274 3512 3377 3570 hoc
3399 3513 3562 3570 etiam
3583 3514 3806 3583 addens,

2209 3602 2450 3672 quoniam
2500 3609 2556 3658 tu
2600 3603 2784 3674 fecisti.
2829 3603 2948 3673 Ipse
2991 3605 3174 3677 utique
3212 3605 3352 3678 fecit,
3397 3609 3490 3679 qui
3535 3609 3808 3681 patientia

2210 3692 2352 3754 dona
2379 3695 2670 3754 concessit.
2698 3695 2830 3756 Nam
2858 3695 2962 3753 hoc
2990 3707 3097 3760 tam
3141 3698 3358 3768 salubre
3387 3700 3663 3770 silentium
3701 3717 3807 3760 non

2211 3787 2518 3857 habuisset,
2553 3788 2654 3844 nisi
2684 3788 2925 3862 caelestis
2953 3789 3170 3862 largitas
3196 3791 3449 3854 dedisset.

2287 3879 2557 3938 Vers.12.
2585 3881 2774 3936 Amore
2821 3898 2855 3936 a
2899 3898 2979 3938 me
3015 3884 3197 3956 plagas
3249 3893 3398 3954 tuas,
3450 3902 3482 3944 a
3507 3887 3812 3957 fortitudine

2211 3971 2342 4027 enim
2372 3987 2556 4028 manus
2598 3981 2698 4028 tute
2729 3989 2823 4045 ego
2848 3973 3029 4047 defeci.
3061 3975 3342 4034 Pramissa
3372 3991 3534 4040 causa
3560 3978 3811 4038 devotio-

2210 4062 2316 4131 nis,
2363 4061 2598 4130 Iditlmm
2623 4073 2994 4136 competenter
3024 4069 3236 4126 veniam
3282 4068 3443 4144 petit;
3473 4078 3530 4126 ut
3553 4072 3645 4144 qui
3677 4086 3812 4144 pras-

2210 4162 2367 4225 cepta
2383 4162 2597 4212 secutus
2618 4155 2792 4214 fuerat
2813 4157 3054 4226 Domini,
3081 4170 3383 4218 mereretur
3407 4161 3600 4218 audiri.
3629 4161 3811 4236 Plagae

2210 4254 2337 4302 sunt
2389 4251 2761 4318 correptiones
2810 4245 2931 4321 qua:
2973 4250 3042 4308 de
3083 4252 3298 4324 ﬂagello
3326 4254 3579 4324 veniunt,
3614 4257 3807 4330 quibus

2210 4353 2309 4409 pro
2356 4341 2558 4397 nostris
2605 4343 2842 4414 peccatis
2881 4343 3182 4414 iustissime
3235 4347 3607 4406 verberantur.
3665 4349 3810 4422 lpsas

2211 4447 2340 4503 ergo
2388 4434 2762 4492 sanctissimus
2805 4435 2890 4492 vir
2931 4437 3202 4504 desiderat
3238 4441 3463 4498 amoveri
3488 4456 3608 4512 quas
3636 4443 3812 4515 culpis

2210 4523 2542 4586 debebantur
2568 4526 2844 4588 admissis.
2872 4529 3048 4588 Fortis
3069 4546 3261 4588 manus
3283 4535 3517 4604 graviter
3545 4534 3809 4608 ﬂagellat;

517 4619 688 4676 electa
729 4627 844 4688 est,
886 4621 971 4676 cui
1019 4621 1137 4676 haec
1192 4622 1368 4692 potius
1409 4621 1776 4692 itnputenttlr;
1810 4631 1868 4679 ut
1897 4623 2106 4696 insigne
2133 4629 2184 4692 Ι)
2211 4629 2264 4675 et
2295 4634 2520 4678 necesse
2547 4630 2668 4680 erat
2698 4622 2991 4692 quemlibet
3028 4623 3181 4682 illum
3210 4623 3476 4698 deﬁcere,
3507 4642 3669 4698 quem
3701 4643 3813 4686 ma-

518 4717 717 4772 malum
770 4716 982 4773 audiret
1018 4717 1161 4786 quod
1207 4717 1307 4773 sibi
1355 4717 1581 4784 dictum,
1623 4723 1678 4772 et
1724 4715 1854 4772 vitia
1895 4717 2103 4774 minora

517 4820 937 4880 cognoscerent;
977 4810 1238 4883 scriptum
1292 4818 1376 4865 est
1423 4811 1568 4865 enim
1603 4824 1618 4863 :
1654 4808 1832 4866 Radix
1877 4810 2105 4866 euntium

520 4900 780 4958 malarum
799 4903 1058 4971 cupiditas
1087 4899 1142 4974 (I
1167 4899 1306 4958 Tim.
1330 4916 1403 4970 vt,
1439 4900 1552 4971 10.)

590 4991 746 5048 Vera.
775 4993 829 5050 9.
860 4993 930 5048 Et
956 5011 1094 5048 nunc
1121 5009 1235 5062 quc
1285 5001 1358 5049 est
1403 4995 1712 5064 exspectatio
1740 5009 1854 5050 mea
1882 4995 1906 5050 ?
1933 5011 2104 5052 nonne

521 5084 809 5141 Dominus?
850 5097 899 5139 et
949 5087 1238 5142 substantia
1281 5101 1394 5141 mea
1435 5096 1550 5142 ante
1589 5096 1638 5141 te
1681 5096 1780 5142 est.
1837 5086 2104 5144 Praedicta

518 5175 738 5232 humani
787 5177 1002 5247 generis
1043 5178 1392 5235 vitiosissima
1447 5177 1717 5244 vanitate,
1780 5194 1922 5236 nunc
1965 5181 2106 5238 redit

517 5267 583 5324 ad
613 5283 900 5340 personam
922 5285 1075 5328 suam
1100 5313 1114 5340 ,
1163 5272 1518 5342 pronuntians
1547 5274 1973 5343 exspectationem
2001 5274 2104 5332 sibi

515 5372 639 5416 esse
679 5359 962 5424 Dominum
985 5360 1280 5431 Christum,
1316 5378 1418 5419 nec
1466 5363 1520 5418 in
1567 5363 1790 5431 caducis
1823 5363 2105 5444 desideriis

516 5466 578 5510 se
646 5452 844 5510 habere
901 5455 1134 5525 aliquam
1211 5455 1722 5527 praesumptionem;
1784 5456 1880 5512 sed
1955 5457 2104 5515 illum

516 5553 865 5618 exspectare,
891 5546 987 5618 qui
1022 5546 1132 5617 jam
1177 5547 1494 5605 salutariter
1513 5548 1716 5605 mundo
1757 5552 2105 5618 cognoscitur

515 5639 822 5697 advenisse.
851 5640 1038 5698 Potest
1063 5649 1245 5699 autem
1274 5647 1390 5699 tuaac
1419 5644 1730 5714 exspectatio
1754 5652 1811 5700 et
1836 5643 2102 5713 judicium

517 5730 846 5801 signiﬁcare,
873 5732 928 5789 in
972 5749 1079 5806 quo
1101 5735 1273 5792 sancti
1303 5745 1599 5792 noscuntur
1625 5747 1880 5807 perpetua
1910 5736 2102 5809 gaudia

516 5824 837 5892 “meri.
871 5823 1002 5883 Nam
1056 5827 1317 5885 vitiorum
1357 5827 1656 5886 transilitor
1693 5829 1966 5902 egregius,
2006 5844 2104 5889 ne-

2215 4727 2317 4769 nus
2339 4714 2551 4772 excelsa
2579 4723 2908 4787 percuteret.

2285 4806 2445 4864 Vere.
2495 4807 2580 4864 15.
2635 4806 2702 4862 In
2757 4808 3193 4878 increpationibus
3235 4819 3446 4884 propter
3485 4811 3812 4884 iniquitatem

2213 4899 2511 4969 corripuisti
2544 4900 2819 4966 hominem,
2849 4908 2898 4955 et
2919 4900 3174 4956 tabescere
3202 4902 3368 4972 fecisti
3392 4902 3523 4958 sicut
3558 4918 3811 4960 araneam

2212 4992 2442 5046 animans
2488 4994 2603 5058 ejus
2649 5005 2667 5045 :
2707 5000 3054 5046 uerumtamen
3100 5009 3228 5050 uane
3265 4995 3601 5060 conturbatur
3644 4997 3813 5051 omnis

2212 5083 2363 5140 Itomo
2390 5084 2578 5138 vivens.
2606 5082 2703 5138 llic
2731 5084 2904 5153 pietas
2935 5085 3147 5144 Domini
3173 5085 3456 5144 evidenter
3477 5088 3808 5156 ostenditur,

2190 5179 2304 5250 'qui
2338 5192 2444 5234 non
2473 5176 2647 5248 diligit
2684 5178 3080 5252 increpationcs,
3105 5181 3208 5238 nisi
3249 5191 3307 5240 ut
3353 5182 3600 5240 homines
3627 5183 3811 5240 corri-

2209 5277 2424 5341 gantur.
2456 5268 2712 5340 lniquitas
2741 5271 2940 5344 quippe
2967 5273 3274 5338 mortalium
3305 5291 3456 5333 more
3512 5275 3814 5347 putredinis

2216 5361 2336 5420 sine
2380 5361 2487 5420 line
2532 5373 2838 5435 vagaretur,
2888 5366 2934 5422 si
2982 5379 3102 5422 eam
3149 5367 3482 5428 medicinalis
3517 5370 3815 5439 increpatio

2215 5455 2440 5512 minime
2489 5456 2792 5516 desecaret.
2824 5458 2976 5516 Tunc
3011 5459 3158 5518 enim
3201 5463 3588 5530 convertimur,
3629 5470 3757 5528 tunc
3783 5475 3812 5514 a

2213 5551 2355 5608 mala
2395 5550 2695 5610 intentione
2733 5553 3093 5624 discedimus,
3145 5555 3362 5626 quando
3403 5570 3500 5612 nos
3530 5553 3812 5626 praeceptis

2212 5645 2499 5704 dominicis
2527 5648 2680 5718 argui
2716 5663 2877 5720 posse
2905 5651 3186 5708 sentimus.
3221 5651 3426 5708 Aram
3446 5665 3575 5708 vero
3611 5663 3812 5720 corpus

2213 5736 2375 5794 habet
2397 5745 2580 5808 tenue,
2611 5739 2662 5795 in
2688 5748 2829 5796 terra
2861 5756 2967 5798 non
2991 5740 3229 5809 habitat,
3259 5743 3356 5800 sed
3386 5757 3480 5812 per
3508 5741 3624 5798 loca
3654 5741 3813 5797 altio-

2209 5847 2274 5902 ra
2301 5833 2436 5892 telas
2485 5833 2744 5906 quasdam
2794 5836 3141 5912 tenuissimas
3178 5838 3451 5902 viscerum
3502 5837 3812 5919 digestione
