3996 6346
212 370 329 429 9‘85

1102 358 1465 420 EXPOSITIO
1503 359 1569 417 ΙΝ
1599 360 2054 422 PSALTERIUM.
2094 364 2291 429 PSAL.
2331 364 2575 424 XXXIX.

3394 359 3499 415 286

214 487 648 556 eontesit;sicut
672 492 727 542 et
753 499 781 540 a
812 481 1128 555 quibusdam
1158 483 1430 538 vermibus
1459 482 1687 537 sericum
1716 480 1799 535 di-
1825 483 1879 547 Α
1905 483 2001 538 Dic
2021 485 2206 539 animle
2226 500 2388 538 mete:
2415 483 2570 539 Salus
2601 490 2690 536 tua
2715 496 2808 554 ego
2828 495 2941 535 sum
2974 478 3149 552 (Psal.
3182 490 3337 551 sLttt,
3366 476 3425 547 5)
3458 492 3475 542 ;

215 586 359 643 citur
403 582 628 639 exiilari.
684 579 818 635 Huic
872 592 1001 649 ergo
1043 577 1234 647 exiguo
1284 575 1601 644 corpusculo
1654 561 1832 629 recte.

215 675 468 733 conversi
517 682 572 729 et
615 670 800 727 afﬂicti
847 672 1023 725 anima
1082 677 1444 738 comparatur,
1494 667 1581 740 qui
1632 665 1803 736 longis

215 768 691 829 observationibus
740 765 1043 836 vigiliisque
1088 762 1354 832 fatigatus,
1400 768 1609 816 terrena
1648 759 1807 816 dese-

217 880 368 931 rens,
403 861 779 918 subtilissimas
800 857 1144 926 operationes
1164 854 1417 909 virtutum
1441 852 1623 909 divino
1648 853 1805 907 timo-

219 978 282 1019 re
332 960 650 1015 tabelicatus
678 953 863 1010 efficit.
905 952 1033 1007 Post
1078 950 1194 1006 hmc
1231 949 1520 1005 revertitur
1566 946 1628 1001 ad
1674 946 1804 1001 illud

218 1068 336 1109 sum
383 1046 769 1124 propositionis
820 1043 1031 1099 initium
1082 1060 1096 1097 :
1150 1040 1271 1117 quia
1297 1040 1424 1095 licet
1478 1039 1803 1109 increpetur,

220 1146 356 1202 licet
386 1142 631 1206 tabeiiat,
667 1147 845 1193 tamen
875 1136 1160 1206 fragilitate
1190 1131 1533 1188 humanitatis
1571 1130 1809 1184 diversa-

225 1254 350 1294 rum
394 1249 567 1291 rerum
612 1232 871 1287 varietate
898 1227 1267 1284 confunditur.
1318 1225 1422 1283 Sed
1452 1224 1518 1279 ab
1559 1222 1658 1277 hac
1687 1237 1808 1293 per-

224 1329 530 1385 turbatione
574 1325 662 1380 ille
709 1322 856 1377 solus
891 1320 1175 1391 excipitur,
1207 1318 1296 1387 qui
1326 1317 1390 1372 ad
1421 1316 1652 1371 divinam
1683 1327 1811 1369 con-

217 1419 624 1489 templationem
656 1429 786 1486 pura
818 1421 996 1468 mente
1035 1410 1372 1465 transfertur.
1426 1406 1671 1462 Perfecta
1703 1414 1807 1475 est,

220 1510 526 1577 utaestimo,
548 1506 800 1564 rhetorici
820 1492 1117 1576 syllogismi
1136 1503 1225 1573 qui
1246 1500 1569 1572 epichirema
1591 1497 1808 1565 dicitur,

216 1603 658 1678 quinquepartita
690 1598 969 1669 probatio,
1019 1612 1178 1668 quam
1209 1610 1355 1651 nunc
1389 1592 1650 1649 membris
1675 1592 1809 1656 suis,

217 1706 281 1755 ut
307 1711 612 1768 possumus,
639 1692 985 1762 versibusque
1016 1688 1323 1745 reddamus.
1368 1685 1669 1756 Propositio
1698 1684 1812 1751 eius

214 1799 307 1847 est
336 1806 349 1843 :
381 1788 690 1856 Quanquam
714 1785 765 1839 in
790 1782 1020 1852 imagine
1037 1780 1133 1836 Dei
1162 1777 1400 1835 ambulet
1420 1778 1603 1843 homo,
1635 1785 1811 1829 tamen

1908 580 2023 647 sive
2071 578 2243 634 illud:
2286 576 2490 640 Venite,
2534 575 2783 631 benedicti
2833 573 3010 628 Patris
3052 573 3182 638 mei,
3244 570 3487 642 percipite

1906 687 2118 742 regnum
2175 671 2311 739 quod
2361 668 2498 723 vobis
2543 676 2781 740 paratum
2823 674 2899 719 est
2937 665 3004 719 ab
3047 665 3244 736 origine
3304 662 3486 716 mundi

1909 760 2123 836 (Matth.
2141 776 2274 829 xxv,
2298 759 2412 829 54).
2436 759 2694 826 Quocirca
2723 759 2991 827 convenit,
3022 756 3274 828 quidquid
3290 754 3482 810 borum

1908 852 2112 910 sentire
2153 851 2406 906 volueris.
2471 848 2650 903 lneola
2697 864 2824 903 vero
2876 847 3098 913 dicitur,
3142 847 3234 918 qui
3292 854 3487 901 terram

1908 944 2058 1013 colit,
2080 942 2143 997 ad
2174 953 2384 1012 tempus
2409 939 2791 1010 superveniens
2820 947 3132 1003 extraneus,
3171 951 3278 991 non
3306 936 3395 1007 qui
3434 935 3489 991 in

1909 1036 2095 1105 patriae
2122 1048 2231 1089 sua:
2260 1033 2473 1103 regione
2504 1031 2779 1096 consistit;
2810 1030 2951 1100 quod
2976 1028 3122 1085 omni
3151 1036 3335 1083 sancto
3364 1039 3492 1082 eve-

1914 1128 2017 1192 nit,
2046 1125 2133 1195 qui
2168 1124 2218 1177 in
2250 1124 2427 1178 divina
2454 1121 2673 1177 civitate
2702 1121 2975 1189 recipitur.
2998 1117 3199 1174 Omnes
3218 1118 3359 1173 enim
3386 1130 3485 1172 nos

1912 1226 2192 1289 peccatum
2221 1217 2346 1273 fecit
2372 1225 2689 1282 extraneos,
2723 1221 2778 1269 et
2804 1213 2857 1271 in
2886 1211 3088 1268 nefaria
3119 1211 3291 1269 tenuit
3316 1210 3492 1280 regio-

1912 1326 1982 1369 ne
2032 1311 2296 1379 captivos.
2363 1308 2469 1365 Sed
2541 1306 2754 1377 quando
2805 1318 2906 1362 nos
2971 1302 3337 1361 misericordia
3378 1302 3496 1371 ejus

1911 1402 2157 1473 suscipit,
2194 1399 2384 1456 incola:
2413 1413 2599 1455 sumus
2629 1411 2642 1457 :
2672 1397 2924 1468 quoniam
2969 1396 3098 1451 illuc
3140 1394 3453 1463 advenimus
3475 1435 3489 1457 ,

1914 1492 1966 1549 id
1995 1502 2111 1559 est,
2139 1491 2206 1546 de
2236 1490 2527 1561 Babylonia
2571 1488 2639 1543 ad
2689 1487 2987 1544 Jerusalem
3034 1487 3150 1555 ipso
3193 1484 3495 1540 attraltente

1914 1589 2335 1653 transponimur.
2363 1583 2488 1639 Ideo
2517 1580 2663 1638 enim
2689 1581 2898 1652 posuit,
2928 1579 3067 1649 apud
3112 1586 3179 1644 te,
3216 1584 3273 1632 ut
3300 1591 3405 1634 non
3436 1576 3488 1631 in

1914 1676 2146 1741 diaboli,
2178 1676 2272 1731 sed
2314 1675 2370 1731 in
2401 1673 2612 1731 Domini
2654 1673 2872 1731 civitate
2920 1670 3150 1726 incolam
3179 1683 3298 1723 eum
3329 1666 3495 1723 fuisse

1916 1767 2162 1825 sentires.
2194 1766 2508 1836 Subjunxit,
2556 1773 2603 1819 et
2632 1763 2930 1834 peregrinus
2957 1761 3089 1817 sicut
3126 1773 3298 1813 omnes
3325 1766 3494 1828 patres

215 1899 351 1941 vane
381 1879 813 1937 conturbabitur.
840 1846 1091 1931 Pr'obatio
1118 1869 1796 1944 prepositioniszThesau-
1839 1863 1885 1925 Β
1914 1860 2035 1917 mei.
2092 1857 2370 1928 Expressit
2419 1855 2562 1927 quod
2614 1853 2863 1923 superius
2903 1851 3067 1909 dixit;
3122 1849 3296 1911 omnis
3345 1846 3490 1902 enim

217 1977 351 2035 rizat
375 1984 429 2030 et
457 1975 668 2044 ignorat
698 1971 784 2025 cui
815 1974 1101 2038 congregat
1124 1980 1209 2021 ea.
1230 1962 1486 2035 Sequitur
1506 1960 1803 2030 assumptio

218 2076 450 2145 quatuor
487 2062 733 2119 versibus
765 2059 1062 2131 procedens
1092 2076 1105 2111 :
1150 2057 1215 2112 Et
1243 2069 1386 2111 nunc
1422 2070 1541 2128 quae
1585 2062 1667 2110 est
1711 2067 1809 2108 ex-

217 2159 483 2233 spectatio
506 2155 662 2211 mea?
686 2168 864 2208 nonne
879 2144 1167 2205 Dominus?
1189 2157 1243 2204 et
1267 2156 1482 2203 caetera.
1511 2145 1619 2201 Nec
1644 2144 1811 2213 offen-

216 2255 317 2307 dat
362 2250 501 2321 quod
556 2258 663 2304 tam
721 2247 884 2316 longa
929 2242 1140 2299 videtur
1195 2241 1515 2311 assumptio.
1570 2238 1809 2293 Diximus

223 2346 372 2401 enim
422 2343 707 2399 brevitates
761 2338 1123 2397 membrorum
1180 2334 1406 2390 istorum
1462 2349 1492 2389 a
1537 2332 1808 2400 magiStris

216 2435 567 2493 saecularibus
620 2442 808 2504 postea
865 2430 1028 2483 luisse
1080 2427 1418 2481 constrictas.
1475 2423 1573 2479 Hic
1629 2431 1808 2478 autem

223 2527 516 2600 quaerenda
560 2533 686 2581 sunt
727 2522 955 2594 partium
986 2521 1221 2591 ipsarum
1263 2532 1369 2572 non
1421 2524 1526 2570 tam
1556 2528 1807 2585 expressa

213 2634 385 2691 quam
412 2617 685 2688 designata
730 2612 977 2683 vestigia.
1008 2610 1271 2681 Adjuncta
1315 2614 1399 2663 est
1424 2605 1810 2675 assumptionis

216 2711 493 2783 probatio.
517 2710 574 2764 lu
603 2704 1051 2781 increpationibus
1083 2709 1300 2774 propter
1325 2698 1659 2769 iniquitatem
1689 2712 1810 2752 cor-

214 2804 436 2872 ripuisti
468 2802 752 2866 hominem,
789 2809 840 2855 et
872 2798 1147 2853 tabescere
1182 2795 1356 2851 fecisti
1389 2794 1529 2849 sicut
1556 2806 1807 2851 araneam

212 2895 459 2950 animam
508 2893 645 2963 ejus.
678 2891 962 2955 Provenit,
991 2888 1092 2943 nisi
1133 2887 1307 2952 fallor,
1339 2892 1654 2956 exspectata
1681 2896 1810 2941 con-

215 2988 395 3045 clusio
421 2983 768 3059 propositioni
798 2998 911 3039 suae
952 2992 1075 3052 apte
1111 2978 1444 3049 respondens
1481 2995 1493 3031 :
1530 2976 1810 3031 Verumta-

216 3096 346 3139 men
408 3094 548 3134 vane
596 3075 945 3133 conturbatur
1006 3073 1183 3131 omnis
1237 3071 1397 3126 homo
1447 3070 1656 3126 vivens.
1719 3068 1808 3129 Sic

218 3170 638 3243 quinquepartiti
709 3166 1038 3239 syllogismi,
1122 3162 1259 3218 sicut
1312 3161 1540 3232 opinor,
1592 3166 1805 3231 peracta

218 3265 472 3337 probatio
496 3270 600 3320 est.

293 3358 449 3415 Vers.
482 3357 569 3412 14.
588 3353 817 3423 Exaudi,
842 3352 996 3418 Deus,
1014 3349 1296 3405 orationem
1310 3362 1473 3402 meam
1492 3353 1539 3401 et
1568 3345 1808 3416 depreca-

220 3456 413 3510 tionem
433 3466 634 3507 meam:
660 3448 869 3504 auribus
896 3446 1098 3518 percipe
1114 3444 1369 3515 lacrymas
1390 3457 1548 3496 meas.
1574 3439 1807 3494 Irlithum
1878 3495 1884 3501 ,

220 3552 326 3608 iste
356 3554 555 3616 quanto
602 3543 756 3615 plura
788 3540 1038 3612 mysteria
1082 3535 1374 3602 didicerat,
1407 3542 1554 3591 tanto
1597 3547 1656 3589 se
1684 3541 1808 3599 ante

219 3637 505 3699 Dominum
552 3634 709 3691 enixa
748 3630 1139 3703 supplicatione
1184 3625 1462 3685 fundebat.
1493 3624 1652 3681 Venit
1681 3638 1808 3695 ergo

222 3730 293 3788 ad
321 3729 565 3787 ordinem
615 3726 868 3796 tertium,
918 3723 1008 3779 ubi
1058 3719 1332 3776 humiliter
1378 3726 1433 3775 et
1477 3717 1808 3775 conﬁdenter

222 3830 418 3882 exorat
459 3818 661 3877 remitti
692 3817 796 3874 sibi
827 3822 1079 3888 peccata,
1109 3814 1414 3886 priusquam
1445 3811 1610 3866 vitam
1639 3809 1806 3863 ﬁniat.

222 3916 569 3987 Quapropter
592 3915 959 3968 necessarium
992 3918 1075 3965 est
1101 3907 1444 3963 considerare
1468 3949 1481 3974 ,
1518 3911 1573 3959 ut
1602 3903 1692 3958 ille
1718 3902 1808 3972 qui

220 4010 402 4064 dictus
438 4016 522 4064 est
568 4004 751 4062 mundi
802 4005 929 4060 vitia
969 4000 1306 4067 transiliisse,
1350 4015 1447 4056 cur
1485 3998 1657 4053 adhuc
1701 4005 1807 4051 tam

219 4105 466 4173 graviter
493 4100 738 4156 videatur
768 4097 1073 4169 ingemere?
1093 4095 1311 4152 Scilicet
1340 4094 1464 4164 quia
1498 4091 1626 4148 nulli
1655 4089 1808 4146 suffi-

216 4195 303 4250 cit
340 4193 410 4249 de
448 4192 591 4247 vitiis
628 4190 885 4262 acquisita
915 4187 1156 4255 victoria,
1190 4186 1291 4242 nisi
1339 4184 1451 4256 jugi
1500 4182 1658 4237 fuerit
1686 4195 1812 4250 sup-

218 4288 519 4363 plicatione
566 4293 799 4342 servata.
855 4282 1009 4340 Prius
1062 4283 1240 4353 itaque
1299 4281 1581 4335 orationem
1635 4277 1808 4342 dixit,

218 4389 354 4456 post
384 4379 807 4450 deprecationem.
834 4376 1011 4430 Oratio
1042 4384 1126 4431 est
1151 4374 1261 4429 oris
1290 4372 1445 4438 ratio,
1472 4384 1629 4440 quam
1657 4371 1810 4441 proni

216 4470 525 4541 allegantes
562 4477 688 4525 vota
736 4475 920 4524 nostra
975 4465 1293 4536 pandentes.
1338 4462 1638 4535 Deprecatio
1681 4474 1811 4517 vero

215 4570 315 4618 est
345 4560 595 4631 frequens
646 4568 700 4615 et
746 4558 961 4615 assidua
1015 4555 1363 4626 supplicatio,
1417 4568 1537 4625 qua:
1582 4552 1651 4608 ab
1703 4550 1812 4608 imo

1914 1952 2076 2008 homo
2107 1951 2195 2021 qui
2228 1950 2483 2019 recipitur
2505 1948 2557 2001 in
2589 1944 2919 2001 beatitudine
2942 1943 3238 2015 peregrinus
3258 1940 3454 1995 dicitur
3479 1980 3494 2004 ,

1913 2044 2036 2115 quia
2064 2042 2249 2111 incipit
2286 2054 2408 2096 esse
2433 2039 2522 2095 ubi
2556 2052 2660 2093 non
2688 2047 2826 2092 erat.
2856 2036 3168 2105 Peregrinus
3198 2032 3339 2088 enim
3367 2031 3498 2087 dici—

1914 2144 2024 2203 tur,
2054 2136 2203 2206 quasi
2247 2147 2475 2203 pergens
2524 2131 2751 2201 longius.
2801 2129 2868 2184 Et
2910 2138 2966 2182 ut
3005 2126 3310 2197 generalem
3362 2125 3500 2193 hanc

1913 2239 2266 2297 cognosceres
2320 2223 2483 2279 fuisse
2529 2221 2883 2288 sententiam,
2934 2217 3097 2288 dicit’,
3153 2217 3285 2273 sicut
3331 2232 3503 2271 omnes

1912 2326 2083 2389 patres
2134 2316 2265 2385 mei,
2312 2329 2383 2372 ne
2426 2312 2548 2384 quis
2594 2312 2663 2367 ab
2701 2311 2804 2367 hac
2854 2309 3165 2366 conditione
3218 2313 3497 2385 putaretur

1912 2419 2191 2470 θιαθοῑιιε.

1985 2427 2044 2468 ce
2086 2426 2191 2465 tus.

1985 2426 2140 2559 Ve’rs.
2186 2498 2275 2554 16.
2320 2496 2542 2553 Remitte
2574 2493 2743 2561 mihi,
2790 2502 2846 2547 ut
2880 2495 3153 2565 refrigerer
3202 2491 3503 2564 priusquam

1912 2613 2065 2664 eam,
2106 2604 2153 2650 et
2180 2593 2404 2662 amplius
2440 2606 2543 2645 non
2584 2606 2692 2645 ero.
2739 2587 2832 2643 Vir
2880 2585 3135 2659 providus
3164 2592 3218 2641 et
3260 2583 3504 2640 veritatis

1913 2689 2082 2760 ipsius
2132 2684 2523 2742 illuminatione
2587 2680 2912 2751 completus,
2986 2680 3072 2735 hic
3121 2678 3223 2734 sibi
3287 2677 3503 2747 petebat

1912 2782 2131 2850 dimitti,
2190 2788 2247 2835 ut
2289 2786 2467 2833 certus
2512 2775 2579 2830 ad
2626 2773 2803 2829 futura
2826 2772 3022 2844 judicia
3072 2772 3403 2842 perveniret,
3450 2780 3505 2829 et

1911 2873 2197 2948 quamdam
2245 2871 2637 2927 recreationem
2683 2874 2923 2921 sumeret
2962 2864 3014 2919 in
3063 2865 3217 2936 135
3250 2864 3503 2933 praesenti

1911 2966 2057 3034 vita,
2106 2962 2249 3019 illius
2299 2961 2450 3031 regni
2487 2957 2773 3015 securitate
2815 2964 3084 3026 suscepta.
3113 2954 3392 3011 Professus
3419 2965 3504 3010 est

1913 3057 2055 3114 enim
2087 3060 2351 3111 aestuante
2379 3065 2439 3107 se
2474 3064 2604 3106 cura
2631 3048 2918 3113 succendi,
2970 3047 3057 3117 qui
3095 3060 3155 3101 se
3200 3043 3506 3113 postulabat

1912 3150 2086 3206 imbre
2128 3142 2516 3202 misericordia:
2547 3140 2865 3212 temperari;
2902 3139 3039 3194 sicut
3085 3151 3246 3208 supra
3293 3137 3407 3207 ipse
3435 3135 3505 3192 de

1834 3249 1880 3314 C
1918 3262 1977 3305 se
2014 3245 2144 3302 dicit
2174 3262 2188 3297 :
2219 3240 2490 3299 Concaluit
2517 3254 2605 3292 cor
2640 3251 2810 3291 meum
2846 3234 2983 3289 intra
3012 3247 3124 3303 me;
3165 3241 3213 3287 et
3254 3232 3307 3285 in
3337 3230 3504 3285 medi-

1912 3343 2101 3395 tatione
2128 3352 2241 3391 mea
2272 3330 2562 3403 exardescit
2585 3329 2741 3399 ignis.
2774 3326 2968 3383 Merito
2995 3338 3123 3395 ergo
3155 3322 3243 3378 hic
3273 3322 3492 3391 refrige-

1909 3436 2015 3491 rari
2041 3431 2141 3490 sibi
2166 3428 2409 3502 petebat,
2452 3425 2541 3497 qui
2573 3422 2705 3479 tanti
2736 3419 2992 3477 desiderii
3020 3419 3201 3474 calore
3230 3418 3493 3488 ﬂagrave-

1910 3537 2012 3585 rat.
2049 3523 2299 3589 Addidit,
2356 3520 2652 3593 priusquam
2706 3530 2850 3579 eam,
2895 3512 2949 3568 id
3000 3522 3081 3567 est
3120 3519 3404 3581 antequam
3435 3508 3503 3564 de

1910 3623 2012 3679 ista
2060 3619 2177 3674 luce
2224 3612 2517 3670 discedam.
2554 3607 2621 3662 Et
2669 3607 2896 3678 amplius
2935 3621 3037 3659 non
3068 3621 3176 3672 ero,
3207 3604 3391 3676 utique
3444 3602 3502 3658 in

1913 3717 2015 3771 hoc
2037 3713 2234 3769 mundo
2256 3751 2271 3776 ,
2302 3707 2393 3763 ubi
2426 3711 2770 3777 peccatorum
2800 3701 3132 3759 facinoribus
3163 3697 3499 3765 subvenitur,

1912 3806 2037 3861 dum
2070 3819 2128 3859 se
2168 3817 2198 3857 a
2242 3799 2473 3856 Domino
2516 3794 2887 3851 conversionis
2927 3800 3148 3864 accepta
3194 3789 3500 3844 humilitate

1911 3894 2268 3952 correxerint.
2293 3891 2423 3951 Sive
2451 3887 2611 3952 dicit,
2646 3887 2865 3956 amplius
2896 3901 2998 3938 non
3040 3899 3159 3946 ero,
3207 3881 3251 3934 si
3288 3879 3503 3934 desinas

1912 3985 2240 4050 subvenire;
2272 3983 2397 4053 quia
2424 3995 2531 4035 non
2554 3986 2637 4034 est
2663 3991 2814 4039 esse,
2848 3974 2900 4029 in
2937 3974 3153 4029 aeternis
3191 3968 3504 4026 afflictioni-

1911 4080 2012 4137 bus
2043 4090 2385 4148 permanere.
2431 4073 2560 4127 Esse
2586 4070 2728 4126 enim
2755 4067 2973 4139 proprie
2999 4066 3139 4121 beati
3165 4072 3268 4120 est.
3316 4063 3506 4143 Merito

1915 4187 2048 4244 ergo
2095 4186 2203 4227 non
2242 4184 2302 4225 se
2329 4166 2545 4223 dicebat
2592 4180 2720 4230 esse,
2769 4162 2816 4217 si
2856 4175 2915 4216 se
2945 4158 3145 4217 habere
3172 4171 3295 4213 cum
3321 4152 3506 4219 electis

1913 4283 2022 4325 non
2061 4263 2381 4333 intelligeret
2404 4257 2730 4330 portionem.

2452 4368 2723 4427 Conclusio
2749 4364 2959 4440 psalmi.

1987 4495 2123 4552 Ecce
2151 4490 2402 4547 vitiorum
2428 4485 2726 4543 transilitor
2750 4481 2997 4556 egregius
3024 4485 3221 4551 quanta
3249 4492 3349 4534 nos
3376 4477 3505 4535 bea-

1916 4590 2137 4645 tissimae
2187 4581 2543 4641 institutionis
2591 4577 2911 4634 salubritate
2960 4571 3322 4637 commonuit,
3367 4570 3509 4624 inter

216 4652 463 4751 paginis
497 4652 763 4751 proqemir
789 4664 1006 4705 arcano'
1040 4647 1176 4703 Am“
1210 4648 1353 4751 Enim
1380 4644 1521 4751 qus“!
1547 4646 1809 4751 “Enimn
1837 4627 1891 4690 Β
1920 4681 2264 4751 blasphemos
2292 4685 2347 4731 et
2375 4675 2588 4743 iniquos
2620 4670 2820 4725 habere
2863 4670 3058 4739 linguae
3086 4627 3506 4727 continentiam,

218 4743 444 4799 auribus
487 4744 686 4815 percipe
709 4744 958 4813 lacrymas
1002 4755 1161 4795 meas.
1215 4739 1543 4808 Frequenter
1583 4738 1816 4793 diximus

220 4834 427 4902 Deum,
458 4832 598 4905 quod
626 4831 792 4896 videt,
823 4830 1037 4895 audire;
1072 4829 1213 4901 quod
1245 4829 1412 4899 audit,
1438 4829 1622 4885 videre
1653 4847 1667 4882 :
1693 4829 1815 4900 quia

221 4940 340 4981 non
378 4924 758 4995 corporalibus
803 4921 1061 4978 membris
1105 4922 1470 4991 distinguitur,
1513 4920 1607 4977 sed
1636 4920 1816 4976 omnia

218 5018 428 5071 virtute
453 5029 565 5069 sua!
610 5013 908 5070 divinitatis
938 5022 1210 5083 operatur.
1254 5012 1323 5068 Et
1355 5027 1424 5068 ne
1455 5021 1673 5084 putares
1702 5026 1833 5081 sup-

221 5109 577 5182 plicationem
615 5117 823 5165 tantum
864 5107 1159 5165 adhibitam
1199 5107 1367 5165 fuisse
1396 5109 1712 5176 verborum,
1749 5109 1828 5164 la-

215 5220 435 5275 crymas
483 5219 620 5260 meas
651 5201 822 5270 dixit,
876 5216 998 5273 quas
1045 5202 1296 5260 violentas
1337 5212 1460 5260 sunt
1509 5218 1723 5274 semper
1772 5204 1826 5260 in

220 5296 512 5371 precibus,
564 5304 619 5353 et
662 5295 730 5351 ad
779 5295 1120 5357 clementiam
1164 5294 1541 5357 medicinalem
1585 5297 1825 5354 animum

224 5388 541 5447 miserantis
568 5388 861 5447 adducunt.

309 5479 461 5537 Vers.
505 5479 593 5536 15.
626 5481 708 5535 Ne
728 5480 888 5536 sileas
912 5497 945 5536 a
982 5496 1083 5549 me,
1126 5481 1369 5554 qudniam
1393 5495 1487 5553 ego
1507 5481 1681 5538 incola
1704 5497 1818 5537 sum

213 5574 373 5642 apud
422 5584 468 5628 te
512 5574 566 5628 in
608 5582 763 5642 terra,
807 5584 856 5629 et
902 5576 1220 5647 peregrinus,
1261 5574 1392 5629 sicut
1431 5589 1604 5627 omnes
1650 5583 1820 5642 patres

216 5665 352 5719 mei.
401 5662 482 5719 Ne
517 5665 693 5730 sileas,
724 5664 888 5736 dixit;
934 5665 994 5721 id
1034 5674 1157 5733 est,
1206 5665 1417 5719 audiam
1449 5672 1503 5720 te
1551 5663 1821 5722 dicentem

220 5756 373 5826 quod
404 5755 755 5827 Evangelium
785 5766 1012 5815 testatur
1043 5778 1056 5814 :
1090 5758 1323 5813 Remissa
1351 5766 1467 5813 sunt
1488 5757 1584 5812 tibi
1614 5767 1821 5828 peccata

226 5847 499 5919 (Luc.vu,
524 5848 784 5922 47).Sive
806 5851 937 5910 illud
951 5851 1091 5925 quod
1117 5851 1222 5909 alio
1244 5850 1364 5909 loco
1385 5849 1619 5924 psalmus
1647 5849 1775 5913 dicit
1804 5868 1818 5906 :

1920 4774 2079 4831 noxia
2127 4771 2300 4827 vitare
2348 4766 2674 4829 certamina,
2721 4762 2866 4818 rixas
2908 4757 3218 4831 gravissima
3263 4752 3509 4809 modera-

1921 4866 2071 4922 tione
2109 4859 2491 4929 comprimere.
2527 4854 2811 4913 Silentium
2848 4858 2932 4908 est
2969 4849 3165 4919 quippe
3197 4842 3508 4916 probabile,

1924 4956 2066 5028 quod
2096 4967 2195 5010 nos
2220 4951 2444 5009 minime
2470 4948 2711 5020 perducit
2740 4945 2807 5000 ad
2836 4943 3046 5011 culpam
3064 4980 3079 5007 ,
3121 4935 3262 5009 quod
3290 4936 3510 5005 sapien—

1934 5058 2015 5107 tes
2042 5047 2247 5120 prodit,
2281 5045 2422 5116 quod
2458 5040 2806 5114 gravissimos
2852 5036 3009 5099 facit,
3051 5032 3192 5105 quod
3231 5032 3510 5088 consilium

1929 5140 2132 5208 nutrit,
2184 5137 2325 5209 quod
2375 5137 2549 5206 ipsum
2605 5143 2816 5202 quoque
2862 5126 3225 5199 gratissimum
3276 5123 3515 5181 ostendit

1927 5248 2050 5292 esse
2076 5244 2403 5295 sermonem.
2433 5227 2770 5294 Quapropter
2800 5221 3109 5277 hauriemus
3136 5217 3361 5276 remedii
3403 5216 3505 5271 hu-

1923 5329 2013 5401 jus
2038 5325 2443 5383 saluberrimam
2470 5320 2740 5392 potionem
2766 5358 2782 5385 ,
2810 5324 2866 5374 ut
2887 5317 2976 5388 qui
3004 5325 3221 5373 sanctos
3248 5322 3354 5370 tam
3382 5325 3512 5383 pro-

1926 5424 2063 5480 ﬁcue
2089 5420 2319 5477 tacuisse
2348 5415 2750 5486 cognoscimus,
2784 5421 3126 5484 peccatorum
3169 5407 3499 5466 immodera-

1922 5524 2029 5573 tam
2056 5515 2251 5585 linguaa
2280 5507 2547 5566 licentiam
2575 5521 2682 5564 non
2710 5520 2953 5564 amemus

2173 5642 2535 5701 EXPOSITIO
2562 5641 2631 5699 lN
2659 5638 2989 5700 PSALMUM
3017 5634 3266 5694 XXXIX.

2358 5756 2425 5813 In
2451 5758 2607 5829 ﬁnem
2632 5757 2860 5829 psalmus
2886 5753 3078 5809 David.

1996 5854 2152 5925 prope
2178 5850 2394 5924 quidem
2420 5850 2651 5914 diximus
2669 5863 2767 5924 per
2789 5848 2947 5916 ﬁnem
2966 5854 3020 5904 et
3047 5843 3217 5901 Dauid
3233 5838 3509 5899 Christum
