3996 6346
556 391 659 450 287

1722 395 1796 455 Μ.
1836 396 2114 456 AURELII
2150 395 2543 458 CASSIODORI

2904 355 2915 400 ξ

3722 406 3830 472 288

555 505 836 565 Dominum
866 507 1187 582 signiﬁcari,
1213 509 1298 566 cui
1327 510 1428 567 iste
1457 511 1696 583 psalmus
1720 512 1982 583 aptandus
2027 525 2132 570 est.
2163 522 2216 580 Α
2243 527 2327 570 tur
2355 530 2476 573 esse
2503 514 2812 575 dissimiles.
2863 519 2954 577 llla
3000 521 3142 578 enim
3192 523 3332 580 sicut
3378 531 3500 581 sunt
3545 525 3728 584 mollia
3769 537 3826 587 et

554 603 657 660 Sed
705 605 762 661 in
807 606 1116 678 primordiis
1161 606 1279 677 ejus
1322 606 1566 663 Ecclesia
1609 608 1864 678 loquitur,
1909 608 2010 664 hoc
2051 617 2137 665 est

552 710 748 768 sponsa
799 700 1075 768 caelestis,
1121 700 1360 756 membra
1401 701 1629 770 Christi,
1678 701 1912 757 ﬁdelium
1958 703 2136 758 multi-

553 789 702 846 tudo.
737 790 941 849 Deinde
969 794 1115 849 venit
1142 795 1207 848 ad
1235 804 1403 864 caput
1429 805 1668 852 nostrum
1699 797 1978 853 Dominum
2011 799 2131 854 Sal-

554 891 790 941 vatorem
811 925 826 952 ,
853 894 912 941 ut
944 888 1106 946 totius
1136 889 1328 959 psalmi
1355 890 1626 948 contentio
1652 891 1744 949 uni
1767 893 1976 964 corpori
2001 907 2132 950 con-

553 987 804 1048 gruenter
829 987 1057 1048 aptetur.

1119 1093 1317 1150 Divisio
1354 1097 1557 1167 psalmi.

625 1205 804 1262 Prima
834 1209 1141 1264 narratione
1170 1211 1368 1278 gratias
1395 1211 1504 1281 agit
1529 1210 1801 1279 Ecclesia,
1833 1224 1953 1284 qua:
1980 1213 2132 1270 venit

549 1311 618 1354 es
645 1299 894 1369 gentibus
919 1313 934 1354 :
964 1300 1085 1370 quia
1111 1300 1178 1356 de
1202 1301 1384 1357 mundi
1414 1305 1563 1359 istius
1589 1312 1874 1361 veternoso
1899 1321 2130 1363 mterore

555 1390 816 1460 liberata,
852 1392 918 1446 ad
947 1393 1079 1449 Novi
1109 1393 1441 1452 Testamenti
1471 1401 1667 1453 meruit
1706 1399 1899 1468 gaudia
1945 1415 2130 1470 perve-

549 1483 690 1539 nire.
723 1483 969 1540 Secunda
1001 1486 1114 1555 ipse
1145 1485 1402 1542 Dominus
1447 1489 1682 1560 loquitur
1707 1490 1974 1560 Christus,
2007 1507 2132 1548 san-

549 1585 692 1631 ctam
725 1575 1144 1632 incarnationem
1184 1586 1239 1632 et
1273 1579 1536 1648 justitiam
1579 1595 1691 1636 suae
1733 1582 2129 1652 praedicationis

548 1681 865 1736 exponens;
919 1668 990 1724 ob
1036 1669 1138 1725 hoc
1187 1669 1360 1726 Patris
1404 1673 1658 1729 auxilium
1703 1675 2040 1745 deprecatur,
2073 1685 2130 1732 ut

547 1745 784 1827 pericula
821 1759 991 1828 possit
1029 1772 1058 1812 a
1101 1759 1302 1816 Judmis
1345 1761 1489 1818 illata
1531 1778 1829 1834 superare:
1875 1765 2127 1822 confundi

547 1850 822 1920 postulans
871 1851 1152 1923 inimicos,
1199 1861 1259 1910 et
1306 1854 1476 1911 laetari
1525 1870 1716 1915 omnes
1765 1858 1857 1929 qui
1909 1868 2130 1930 sperant

547 1938 599 1997 in
628 1955 770 1997 eum.

1073 2057 1343 2131 Expositio
1380 2062 1590 2134 psalmi.

622 2169 776 2226 Vers.
810 2170 862 2226 i.
895 2169 1214 2242 Exspectasse
1241 2176 1522 2247 exspectavi
1549 2175 1855 2247 Dominum,
1884 2185 1933 2234 et
1959 2194 2129 2247 respe-

545 2261 618 2318 εει
661 2277 740 2317 me
763 2276 784 2316 :
822 2270 871 2317 et
909 2263 1170 2319 exaudivit
1211 2265 1615 2338 deprecationem
1658 2285 1844 2325 meam.
1883 2268 2124 2327 Ecclesia

543 2351 840 2421 catholica,
871 2367 992 2424 quae
1019 2352 1194 2409 fuerat
1222 2353 1290 2409 de
1325 2356 1488 2412 totius
1516 2357 1700 2414 mundi
1731 2359 1969 2431 partibus
1997 2375 2126 2416 con-

544 2441 814 2512 greganda
839 2483 856 2510 ,
887 2444 1159 2514 patientize
1185 2444 1437 2503 virtutem
1469 2448 1724 2519 praedicat
1749 2492 1766 2519 ,
1797 2467 1956 2522 quam
1987 2451 2126 2510 inter

547 2550 786 2592 summas
811 2538 996 2595 laudes
1024 2539 1225 2598 habere
1249 2542 1497 2598 convenit
1519 2543 1902 2603 Christianum.
1928 2546 2126 2615 Quem-

545 2629 834 2687 admodum
875 2633 1016 2689 enim
1057 2643 1148 2690 aut
1187 2635 1554 2694 tribulationes
1592 2637 1846 2708 sufferat,
1895 2650 1989 2697 aut
2027 2657 2124 2712 pe-

550 2722 840 2780 riculorum
873 2726 1084 2795 pondus
1107 2727 1327 2796 evadat,
1355 2729 1461 2785 nisi
1487 2730 1670 2788 divino
1701 2732 1962 2791 beneﬂcio
1993 2737 2126 2792 tole-

543 2815 730 2870 rantia
768 2815 964 2872 robore
993 2815 1283 2874 fulciatur?
1313 2819 1420 2878 Sed
1450 2823 1871 2882 considerandus
1911 2835 1995 2884 est
2039 2827 2125 2885 hic

543 2916 723 2960 sermo
747 2906 1051 2988 geminatus
1070 2947 1086 2976 ,
1113 2911 1239 2980 quia
1264 2912 1530 2982 superﬂua
1555 2930 1662 2972 non
1687 2926 1770 2974 est
1794 2925 1901 2975 tam
1928 2919 2124 2978 decora

542 2996 813 3066 repetitio.
846 2997 1160 3071 Exspectare
1188 3003 1448 3074 siquidem
1492 3022 1777 3079 possumus
1815 3019 1870 3067 et
1906 3012 2120 3084 ingrati.

545 3087 911 3160 Exspectantes
939 3102 1116 3151 autem
1153 3109 1534 3168 exspectamus,
1575 3101 1790 3172 quando
1829 3104 1988 3161 mites
2025 3105 2125 3161 ali-

543 3184 669 3254 quid
693 3200 816 3241 cum
844 3201 1036 3259 magno
1055 3188 1321 3247 desiderio
1341 3195 1686 3252 sustinemus.
1708 3195 1822 3253 Hoc
1842 3211 2124 3270 argumen-

2241 606 2532 676 dissoluta,
2567 610 2620 665 in
2650 610 2858 669 itineris
2887 614 2970 670 sui
2999 619 3316 673 cmnositate
3342 615 3651 680 volvuntur.
3695 619 3824 677 Vir-

2238 706 2381 756 tutes
2423 711 2598 759 autem
2642 706 3088 776 quemadmodum
3135 709 3316 779 rigidae
3365 719 3490 768 sunt
3531 720 3584 770 et
3630 713 3823 772 immo-

2237 791 2406 860 biles,
2437 793 2514 850 sic
2541 795 2742 853 habent
2768 798 2906 854 viam
2938 800 3224 870 pelralem,
3256 801 3349 860 ubi
3375 817 3482 861 non
3509 804 3821 877 inquinatis,

2236 883 2334 940 sed
2365 885 2577 943 mundis
2607 888 2831 957 pedibus
2859 890 3182 946 ambulatur.

2311 977 2462 1034 Vers.
2496 981 2552 1037 3.
2585 977 2655 1034 Et
2687 981 2896 1036 immisit
2925 983 2978 1037 in
3007 999 3064 1038 os
3091 998 3258 1039 meum
3297 985 3555 1040 canticum
3591 1001 3782 1041 nouum
3804 1031 3819 1057 ,

2235 1067 2484 1139 hymnum
2526 1069 2638 1126 Deo
2679 1082 2853 1128 nostra
2875 1089 2894 1128 :
2926 1074 3167 1130 videbunt
3203 1075 3351 1129 multi
3379 1085 3426 1130 et
3463 1077 3746 1147 timebunt,
3777 1089 3820 1132 et

2231 1159 2510 1229 sperabunt
2537 1161 2593 1215 in
2623 1160 2864 1221 Domino.
2895 1165 3181 1236 Superiora
3223 1167 3415 1239 psalmi
3447 1168 3512 1223 ad
3544 1168 3677 1224 illud
3710 1185 3819 1240 per-

2233 1247 2445 1316 tinent,
2500 1252 2752 1322 quoniam
2802 1255 2941 1311 Deus
2991 1256 3281 1313 humanum
3329 1273 3496 1329 genus
3542 1260 3596 1315 in
3646 1261 3818 1320 mundi

2231 1341 2388 1399 istius
2417 1347 2736 1403 ccenositate
2764 1348 3068 1405 demersum
3089 1392 3104 1418 ,
3138 1351 3203 1406 ad
3235 1361 3399 1422 petite
3431 1353 3704 1406 transtulit
3733 1353 3814 1408 lir-

2233 1435 2478 1494 mita-tem
2498 1477 2517 1506 ,
2548 1437 2615 1494 ad
2647 1440 2960 1512 religionem
2989 1443 3238 1500 videlicet
3266 1443 3648 1506 Christianam.
3678 1447 3815 1512 Quod

2230 1543 2425 1586 versus
2473 1530 2574 1587 iste
2620 1547 2764 1588 nunc
2806 1534 2978 1604 aperit
3019 1535 3286 1592 dicendo:
3327 1533 3395 1589 Et
3433 1537 3642 1590 immisit
3680 1538 3736 1590 in
3769 1553 3816 1591 os

2231 1633 2400 1674 meum
2428 1623 2680 1678 canticum
2709 1639 2924 1692 navum,
2958 1626 3008 1681 id
3051 1636 3134 1682 est
3160 1626 3292 1682 Novi
3331 1627 3684 1685 Testamenti,
3708 1642 3815 1683 san-

2233 1713 2530 1768 etissimam
2563 1715 3023 1786 praedicationem.
3054 1718 3161 1775 Sed
3203 1735 3388 1775 novum
3426 1720 3564 1777 bene
3599 1721 3812 1786 dicitur,

2232 1805 2356 1874 quia
2408 1805 2827 1864 incarnationem
2883 1809 3095 1866 Domini
3144 1812 3421 1882 corporeis
3471 1812 3642 1868 oculis
3696 1821 3813 1869 setas

2157 1897 2208 1958 B
2235 1905 2391 1953 antea
2436 1898 2580 1953 nulla
2624 1902 2926 1972 conspexit.
2962 1903 3070 1959 Deo
3099 1904 3240 1960 enim
3281 1905 3414 1962 nihil
3457 1921 3658 1961 novum
3701 1916 3812 1974 est,

2232 1989 2448 2060 quando
2501 2001 2628 2048 ante
2682 1995 3117 2052 constitutionem
3175 1997 3355 2053 mundi
3405 1998 3812 2070 dispensationis

2232 2095 2346 2136 sum
2376 2082 2624 2139 universa
2660 2086 2946 2156 prtescivit.
2976 2086 3218 2159 Hymnus
3247 2100 3422 2146 autem
3453 2091 3680 2148 Graecus
3711 2107 3810 2148 ser-

2230 2189 2322 2231 mo
2363 2184 2471 2244 est,
2501 2177 2552 2232 id
2582 2187 2700 2244 est,
2759 2179 2878 2236 laus
2907 2183 3202 2238 carminum
3245 2183 3358 2254 lege
3397 2185 3722 2256 composita.
3753 2184 3811 2240 Et

2231 2267 2482 2337 quoniam
2509 2269 2694 2342 hymni
2722 2283 2878 2328 erant
2920 2288 3054 2345 quos
3094 2273 3250 2330 idolis
3287 2275 3399 2330 suis
3439 2278 3605 2332 etiam
3644 2276 3810 2348 genti-

2231 2357 2360 2414 litas
2406 2361 2772 2432 personabat,
2819 2365 3058 2433 addidit,
3105 2365 3216 2422 Deo
3259 2376 3470 2436 nostro;
3509 2379 3570 2425 ut
3606 2370 3809 2440 qualem

2228 2448 2488 2522 hymnum
2533 2453 2771 2523 diceret,
2815 2456 3065 2514 distincte
3104 2461 3464 2531 potuissemus
3507 2462 3804 2520 advertere.

2235 2538 2494 2596 Videbunt
2541 2543 2692 2600 multi
2738 2555 2784 2601 et
2835 2549 3100 2606 timebunt.
3154 2551 3230 2608 De
3277 2553 3612 2610 mirabilibus
3652 2555 3808 2624 dicit,

2227 2644 2350 2702 quae
2381 2640 2622 2703 tempore
2651 2647 2850 2694 sancta:
2880 2640 3263 2699 incarnationis
3305 2644 3492 2700 etl'ecta
3532 2656 3682 2702 sunt.
3729 2646 3810 2702 Vi-

2229 2721 2422 2780 dentes
2449 2727 2592 2782 enim
2622 2726 2791 2785 Judaei
2819 2732 2978 2803 talia,
3019 2734 3338 2804 timuerunt,
3371 2747 3425 2794 et
3453 2739 3656 2795 Christi
3709 2742 3804 2796 Do-

2226 2815 2364 2872 mini
2387 2818 2856 2888 praedicationibus
2877 2827 3189 2896 papnlorum
3217 2830 3426 2900 agmina
3449 2831 3804 2888 crediderunt.

2225 2906 2576 2979 Speraverunt
2602 2922 2778 2970 autem
2805 2916 2857 2970 in
2881 2915 3122 2988 Domino,
3143 2921 3355 2992 quando
3377 2920 3670 2979 Christiani
3700 2939 3808 2982 esse

2227 3013 2508 3072 coeperunt
2533 3020 2548 3059 :
2579 3013 2637 3060 ut
2665 3014 2786 3076 post
2817 3008 2966 3064 illum
2998 3013 3246 3069 timorem
3277 3014 3660 3072 miraculorum
3689 3032 3809 3074 cou-

2223 3093 2408 3163 versi,
2458 3095 2615 3168 136
2655 3112 2807 3168 spem
2852 3098 2905 3156 in
2946 3101 3172 3160 Domino
3212 3103 3574 3162 ﬁrmissimam
3618 3107 3809 3166 habere

2225 3185 2584 3258 probarentur

543 3282 657 3332 tum
691 3277 886 3334 dicitur
915 3296 943 3334 a
973 3283 1305 3356 conjugatis,
1350 3288 1564 3358 quando
1590 3305 1752 3346 unum
1785 3293 2004 3349 verbum
2033 3309 2120 3352 or-
2145 3292 2194 3360 ο
2302 3277 2451 3336 νθτε·
2495 3278 2552 3335 4·
2601 3278 2790 3336 Bm“
2817 3283 2894 3338 νίν
2921 3284 3069 3357 cui”
3113 3295 3186 3340 ⁸³⁸
3222 3302 3402 3344 "om"
3441 3288 3660 3345 θοηιίηί
3703 3307 3808 3361 ³1³⁸⁸

541 3373 651 3423 tum
674 3369 742 3424 ab
769 3369 878 3426 alio
898 3373 1047 3430 varie
1065 3384 1487 3446 commutemus,
1512 3388 1570 3435 nt
1591 3382 1806 3450 sapiens
1824 3385 2116 3454 sapienter,

540 3458 780 3527 prudens
823 3462 1136 3532 prudenter,
1183 3474 1237 3522 et
1281 3467 1364 3524 his
1406 3471 1621 3527 similia.
1667 3473 1956 3545 Respexit:
1992 3478 2118 3548 quia

539 3549 800 3616 praevenit
825 3564 985 3608 omne
1012 3552 1210 3612 bonum
1239 3567 1496 3616 nostrum.
1525 3561 1729 3620 Lumen
1758 3567 1952 3638 quippe
1979 3569 2119 3624 veri-

539 3638 668 3694 tatis
697 3638 894 3698 habere
923 3658 1031 3700 non
1077 3661 1389 3717 possumus,
1437 3653 1542 3709 nisi
1585 3655 1652 3711 ab
1696 3656 1838 3713 illius
1879 3661 2118 3732 conspici

539 3726 780 3787 claritate
823 3747 1147 3792 mereamur.
1199 3739 1562 3814 Subjungitur,
1613 3750 1873 3806 exaudivit
1910 3726 2028 3823 me,
2059 3763 2119 3810 ut

536 3819 628 3892 pie
655 3831 814 3895 atque
841 3824 1134 3886 efﬁcaciter
1169 3843 1488 3905 exspectasse
1515 3837 1782 3897 videatur.
1813 3819 2117 3915 Deprecatio

537 3926 748 3984 quoque
786 3915 1052 3988 significat
1091 3921 1193 3994 (ut
1231 3925 1431 3982 dictum
1458 3931 1581 4001 est)
1623 3931 2114 4004 frequentissimam

535 4019 789 4076 precem:
843 4013 1093 4081 quoniam
1147 4018 1322 4074 rarius
1361 4035 1521 4079 orare
1555 4037 1660 4082 non
1703 4035 1946 4099 poterat,
1996 4045 2116 4103 qua:

533 4097 804 4154 sustinens
829 4100 1110 4161 Dominum
1139 4110 1453 4167 sustinebat.

607 4186 762 4245 Vcrs.
797 4191 854 4247 2.
897 4191 965 4247 Ει
1003 4196 1182 4252 eduxit
1212 4215 1292 4254 me
1325 4203 1388 4255 de
1426 4202 1540 4259 lacu
1566 4207 1813 4278 miserita,
1842 4215 1890 4265 et
1919 4211 1982 4267 de
2007 4212 2114 4268 luta

534 4278 673 4348 facis
698 4297 718 4337 :
749 4291 796 4336 et
822 4288 1002 4341 statuit
1027 4305 1186 4358 supra
1215 4303 1409 4364 petram
1439 4298 1590 4368 pedes
1628 4316 1799 4371 meos,
1845 4314 1891 4359 et
1929 4308 2116 4362 direxit

534 4385 734 4466 gressus
762 4389 918 4429 meos.
949 4376 1100 4434 Sicut
1143 4381 1350 4438 duobus
1396 4388 1571 4443 modis
1617 4393 1828 4461 operari
1875 4397 2116 4466 praecipit

533 4457 923 4532 Christianum,
958 4479 1015 4522 ut
1041 4468 1275 4528 declinet
1314 4488 1345 4528 a
1391 4476 1534 4534 malo
1575 4487 1630 4534 et
1654 4457 1828 4538 iaciat
1871 4457 2110 4554 bonum;

533 4547 606 4608 ita
635 4552 834 4625 duplici
863 4558 1074 4616 ratione
1106 4561 1388 4620 Dominum
1420 4567 1550 4624 dicit
1595 4573 1867 4640 profutura
1907 4547 2103 4632 conce;

2223 3369 2356 3441 ejus.
2403 3367 2592 3425 Beatus
2621 3370 2721 3427 iste
2749 3374 2824 3427 vir
2851 3389 2944 3444 per
2969 3377 3254 3432 secundam
3283 3380 3517 3449 speciem
3545 3382 3809 3440 definitio-

2221 3459 2308 3515 nis
2364 3461 2694 3532 exprimitur,
2750 3479 2869 3536 qua:
2918 3466 3103 3524 Grmce
3157 3472 3566 3540 ennoematice,
3622 3474 3808 3531 Latine

2223 3553 2379 3608 notio
2411 3565 2768 3626 nuncupatur.
2816 3557 2942 3613 Haec
2988 3575 3415 3634 unamquamque
3460 3579 3573 3620 rem
3621 3580 3724 3637 per
3760 3566 3810 3622 id

2218 3643 2364 3714 quod
2395 3646 2505 3716 agit
2530 3688 2546 3715 ,
2583 3663 2689 3702 non
2721 3663 2815 3718 per
2845 3649 2896 3704 id
2927 3651 3067 3721 quod
3096 3660 3214 3720 est,
3249 3665 3474 3710 conatur
3501 3658 3807 3716 ostendere.

2217 3737 2352 3798 Nam
2379 3743 2472 3813 qui
2499 3744 2570 3798 sit
2598 3743 2701 3802 iste
2734 3745 2910 3801 beatus
2941 3750 3110 3818 posita
3150 3749 3598 3810 determinatione
3636 3755 3810 3825 prasti-

2218 3831 2387 3902 nitur,
2417 3833 2469 3888 id
2495 3843 2578 3891 est
2610 3839 2760 3905 cuius
2790 3849 2866 3893 est
2894 3857 3009 3910 spes
3035 3857 3218 3896 nomen
3247 3842 3480 3900 Domini.
3511 3845 3648 3918 Spes
3666 3851 3807 3904 enim

2217 3925 2359 3982 dicta
2381 3934 2462 3982 est
2484 3929 2637 3997 quasi
2669 3931 2875 3987 stabilis
2904 3949 3017 4004 pes.
3046 3934 3177 3990 Nam
3206 3947 3258 3993 et
3283 3936 3361 3992 illi
3383 3938 3635 3996 dicuntur
3659 3956 3807 4014 Spem

2217 4031 2373 4075 suam
2408 4021 2463 4074 in
2493 4021 2722 4078 Domino
2751 4037 2978 4093 ponere,
3011 4027 3099 4098 qui
3129 4027 3198 4082 ab
3227 4043 3292 4084 eo
3321 4029 3437 4086 dari
3465 4031 3573 4087 sibi
3605 4041 3808 4106 tempo'

2215 4109 2351 4164 ralia
2380 4109 2760 4182 deprecantur.
2794 4114 2854 4170 lli
2885 4116 3134 4173 videntur
3174 4135 3281 4175 non
3322 4131 3547 4193 propter
3584 4140 3651 4181 se
3694 4127 3808 4183 dili-

2214 4217 2346 4274 gere
2377 4203 2544 4259 Deum
2565 4245 2581 4271 ,
2612 4203 2706 4262 sed
2736 4218 2954 4278 propter
2983 4208 3072 4264 illa
3101 4226 3220 4282 qua:
3249 4214 3546 4284 postulant.
3590 4217 3691 4275 llle
3721 4235 3808 4275 au-

2217 4301 2322 4348 tem
2353 4295 2620 4351 veraciter
2645 4296 2806 4354 habet
2829 4315 2971 4369 spem
2997 4304 3216 4358 nominis
3240 4303 3484 4372 Domini,
3513 4309 3605 4378 qui
3640 4312 3806 4367 solam

2213 4388 2723 4456 contemplationem
2775 4390 2891 4460 ejus
2936 4394 3142 4450 avidius
3192 4399 3543 4470 concupiscit.
3599 4401 3808 4458 Nomen

2214 4492 2346 4549 ergo
2381 4478 2588 4534 Domini
2619 4481 2760 4537 inter
2787 4491 2980 4539 caetera
3021 4484 3267 4542 Salvator
3305 4501 3540 4546 aeternus
3583 4504 3711 4561 est;
3758 4505 3807 4551 et

2213 4570 2308 4626 ille
2346 4585 2494 4642 spem
2539 4586 2689 4628 suam
2731 4575 2882 4644 ponit
2922 4577 2974 4632 in
3014 4578 3132 4648 ejus
3176 4581 3426 4650 nomine,
3469 4585 3559 4654 qui
3591 4601 3655 4642 se
3686 4603 3792 4642 non

533 4642 682 4700 dere.
725 4644 962 4704 Primum
1007 4661 1090 4706 est
1127 4654 1268 4709 enim
1289 4697 1304 4721 ,
1349 4665 1408 4712 ut
1446 4673 1544 4716 nos
1591 4663 1772 4719 εάιιεαι
1815 4665 1883 4722 de
1925 4669 2108 4725 mundi
2137 4673 2194 4734 ι)
2216 4661 2328 4715 suis
2356 4660 2562 4717 meritis
2583 4701 2597 4727 ,
2628 4642 2819 4720 sedvab
2847 4679 2913 4720 eo
2941 4681 3036 4736 per
3065 4668 3181 4738 ejus
3211 4671 3433 4741 gratiam
3462 4674 3639 4730 credit
3683 4692 3801 4733 esse

532 4733 688 4792 istius
736 4738 1152 4808 profundissima
1201 4748 1536 4819 calamitate,
1587 4755 1740 4824 cujus
1788 4768 1910 4828 apte
1959 4760 2106 4818 desi-

533 4836 693 4897 gnata
730 4839 813 4886 est
849 4834 1082 4906 maligna
1122 4837 1378 4908 latitudo,
1422 4843 1566 4900 lacus
1605 4849 1822 4905 miseriae
1858 4851 2106 4924 lutusque

533 4916 853 4978 fmailentus.
907 4925 975 4983 Et
1024 4936 1082 4984 ut
1124 4933 1453 4999 exprimeret
1491 4935 1804 4997 delictorum
1851 4916 2107 5003 crassitu-

534 5009 715 5068 dinem
750 5018 1118 5087 corpulentam
1144 5063 1160 5091 _.
1189 5023 1362 5080 lutum
1387 5027 1620 5100 addidit,
1659 5034 1747 5104 qui
1787 5034 1903 5091 lacu
1937 5040 2109 5095 conti-

535 5118 698 5166 netur
729 5129 744 5166 :
777 5128 847 5170 ne
876 5128 1091 5186 peccata
1123 5121 1252 5179 solis
1292 5125 1447 5195 aquis
1483 5141 1829 5198 cognosceres
1867 5136 2108 5203 quamvis

533 5199 873 5260 densissimis
908 5220 1236 5280 comparata.
1276 5213 1407 5273 Nam
1437 5217 1577 5274 sicut
1615 5221 1754 5276 tutus
1783 5199 2106 5281 laci—fetidus

529 5299 690 5362 atque
733 5297 914 5365 gravis
957 5309 1073 5370 est,
1124 5303 1196 5359 ita
1243 5314 1298 5362 et
1345 5306 1620 5366 hominum
1666 5311 1863 5368 delicta
1911 5313 2104 5373 limosa

527 5395 684 5452 sunt,
711 5403 831 5460 qua:
859 5399 912 5447 et
942 5391 1199 5453 fetoribus
1231 5399 1585 5471 horrescunt,
1620 5412 1676 5460 et
1716 5407 1976 5475 gravitate
2007 5409 2103 5466 de-

528 5491 795 5552 mergunt.
824 5484 1024 5544 Deinde
1051 5490 1205 5558 pedes
1233 5503 1446 5550 nostros
1473 5511 1631 5566 supra
1661 5505 1860 5566 petram
1887 5501 2099 5567 statuit,

522 5583 646 5629 eum
677 5573 727 5630 in
757 5575 955 5635 Christi
985 5579 1195 5640 Domini
1220 5584 1546 5653 jussionibus
1575 5587 1935 5645 ambulamus.
1978 5590 2099 5661 Ipse

525 5673 604 5720 est
629 5661 770 5723 enim
801 5670 956 5726 nobis
985 5673 1272 5740 spiritualis
1304 5687 1450 5746 petra
1473 5716 1488 5742 ,
1520 5693 1639 5748 quas
1670 5681 1720 5734 in
1751 5693 1812 5736 se
1841 5680 1943 5736 ﬁxa
1987 5697 2090 5739 non

526 5757 654 5814 sinit
681 5761 917 5833 dcmergi
946 5766 1182 5836 vestigia.
1218 5766 1285 5822 Et
1314 5767 1522 5838 respice
1552 5771 1673 5840 quia
1705 5772 1842 5828 sicut
1870 5785 2089 5844 peccata

521 5850 808 5912 virtutibus
836 5856 1101 5914 contraria
1131 5865 1284 5927 sunt,
1321 5858 1390 5916 ita
1422 5871 1475 5918 ct
1501 5875 1688 5921 eorum
1721 5867 1820 5924 viae
1861 5868 2093 5938 proban-

2211 4757 2549 4813 salvandum.
2583 4757 2720 4813 Dicti
2753 4769 2876 4814 sunt
2903 4770 2956 4815 et
2987 4763 3036 4816 in
3081 4761 3368 4836 Evangelia
3408 4767 3580 4822 octies
3619 4769 3801 4834 beati;
3883 4751 3894 4759 ’

2209 4855 2270 4902 ιιι
2294 4856 2376 4902 est
2404 4847 2530 4904 illud
2557 4865 2572 4903 :
2603 4847 2749 4902 Beati
2776 4867 3027 4921 pauperes
3055 4854 3240 4925 spiritu
3258 4897 3272 4924 ,
3301 4859 3543 4925 quoniam
3567 4861 3802 4930 ipsorum

2210 4945 2284 4990 est
2314 4952 2524 5009 regnum
2553 4937 2795 4992 certorum
2825 4938 3044 5008 (Matth.
3069 4956 3125 5008 v,
3148 4943 3212 5014 3)
3235 4986 3251 5012 ,
3283 4955 3389 5000 etc.
3422 4947 3490 5002 Et
3513 4948 3568 5004 in
3600 4949 3802 5008 Dente-

2210 5029 2457 5084 ronomio
2511 5028 2764 5098 (Deuter.
2797 5047 3004 5102 χχχιιι,
3032 5033 3146 5106 29)
3195 5037 3442 5094 similiter
3489 5043 3800 5112 reperitur;

2208 5133 2326 5175 cum
2379 5122 2606 5192 populus
2680 5122 2998 5180 lsraeliticus
3079 5133 3278 5185 terram
3350 5135 3801 5202 repromissionis

2211 5208 2477 5278 intraret;
2521 5212 2665 5282 quod
2696 5213 2816 5271 ideo
2845 5215 3131 5273 multifarie
3159 5218 3374 5290 dicitur,
3407 5223 3533 5294 quia
3565 5225 3801 5284 diversis

2208 5299 2383 5354 modis
2420 5299 2691 5358 beatitudo
2718 5314 3024 5373 praestatur.
3068 5307 3174 5365 Sed
3204 5309 3320 5368 haec
3347 5316 3530 5372 omnia
3559 5332 3661 5389 per
3690 5321 3801 5377 sin-

2204 5391 2356 5463 gulas
2385 5394 2592 5460 species
2623 5394 2993 5456 deﬁnitionum
3033 5401 3316 5474 diligenter
3344 5423 3601 5481 expressa
3625 5453 3644 5482 ,
3683 5423 3799 5471 stu-

2203 5482 2388 5540 diosus
2415 5483 2582 5542 lector
2609 5487 2862 5544 inveniet.

2277 5594 2428 5652 Vers.
2473 5597 2528 5652 5.
2571 5596 2638 5651 Et
2677 5615 2777 5652 non
2814 5602 3034 5674 respexit
3071 5601 3125 5658 in
3161 5606 3412 5664 vanitates
3447 5618 3496 5664 et
3559 5613 3795 5671 insanias

2204 5691 2380 5764 falsas.
2417 5692 2480 5748 Et
2511 5691 2597 5748 hic
2624 5708 2810 5750 versus
2841 5695 3034 5767 pendet
3062 5697 3130 5754 de
3158 5699 3437 5770 superiore
3465 5710 3742 5765 sententia
3765 5750 3784 5778 ,

2200 5782 2419 5854 exponit
2445 5782 2587 5838 enim
2615 5783 2697 5840 cui
2723 5785 2792 5840 sit
2815 5801 2939 5857 spes
2967 5788 3022 5844 in
3050 5791 3267 5848 nomine
3293 5792 3544 5864 Domini,
3575 5799 3791 5858 scilicet

2198 5874 2287 5948 qui
2315 5890 2416 5931 non
2443 5876 2662 5947 respexit
2690 5877 2744 5932 in
2770 5878 3011 5938 vanitates
3054 5890 3104 5939 et
3150 5884 3380 5944 insanias
3407 5887 3590 5959 falsas.
3624 5889 3786 5965 Legi-
