4004 6342
1115 406 1478 476 EXPOSITIO
1514 416 1579 475 IN
1618 410 2072 478 PSALTERIUM.
2115 423 2307 481 PSAL.
2349 423 2590 483 XXXIX.

3400 432 3502 488 290

232 535 320 580 tur
341 541 517 581 enim:
545 526 709 582 Nemo
730 536 887 598 potest
908 520 1368 591 duobusaominis
1393 538 1578 590 servire
1609 537 1820 608 (Matth.
1854 540 1906 598 Α
2005 537 2153 592 Vers.
2185 539 2235 594 8.
2272 540 2601 608 Sacriﬁcium
2635 548 2684 594 et
2715 539 3016 595 oblationem
3040 542 3274 607 noluisti;
3320 559 3505 615 corpus

234 633 323 683 vt,
347 620 489 686 ‘24);
531 623 670 689 quod
709 630 762 675 et
801 621 947 677 locus
989 625 1088 679 iste
1129 641 1534 684 commemorat.
1569 629 1701 684 Nam
1729 629 1817 700 qui

231 726 383 780 spem
414 712 577 768 habet
603 713 656 768 in
688 714 915 772 Domino
944 733 1124 774 rerum
1155 722 1392 776 omnium
1424 732 1673 792 potente,
1736 739 1821 779 re-

232 804 444 874 spicere
476 821 581 862 non
613 808 772 864 debet
799 809 865 864 ad
887 811 1107 867 caduca.
1129 813 1338 870 Vanitas
1364 823 1447 870 est
1471 817 1612 871 enim
1640 832 1672 870 a
1696 831 1821 871 san-

231 905 317 950 cta
347 898 607 967 religione
632 901 807 958 subita
835 906 1091 961 varietate
1119 908 1310 962 mutari
1331 949 1345 974 ,
1374 918 1429 962 et
1457 917 1690 965 mentem
1725 910 1820 964 fal-

233 987 334 1042 laci
383 989 631 1048 illusione
673 1004 1008 1052 convertere.
1061 996 1290 1053 Insania
1332 1015 1465 1056 vero
1513 1003 1656 1070 {alste
1696 1012 1819 1058 sunt

233 1082 376 1137 saxis
407 1083 670 1141 formasse
707 1087 866 1143 deum
885 1131 901 1156 ,
929 1106 1084 1159 quem
1113 1092 1384 1161 gentilitas
1414 1092 1696 1162 adoraret,
1731 1093 1820 1150 ubi

234 1173 536 1230 futurorum
579 1178 822 1234 ordinem
863 1182 1190 1239 mendaciter
1229 1184 1587 1254 inquirebant.
1636 1186 1701 1240 Et
1740 1195 1824 1242 est

233 1266 511 1334 epitheton
541 1269 762 1326 insaniae
793 1273 1243 1344 pulcherrimum,
1274 1275 1326 1330 id
1358 1285 1440 1330 est
1469 1276 1692 1332 falsitas.
1726 1275 1820 1330 In-

235 1359 395 1412 sortite
440 1361 636 1431 quippe
682 1373 913 1419 mentem
958 1366 1178 1434 fallunt,
1229 1369 1478 1437 quoniam
1521 1382 1552 1423 a
1597 1368 1822 1424 veritate

237 1453 587 1508 dissentiunt.
633 1455 813 1510 Potest
853 1459 952 1512 hoc
982 1467 1037 1513 et
1065 1460 1130 1513 ad
1172 1459 1290 1515 illos
1327 1462 1529 1530 aptari,
1572 1463 1658 1531 qui
1700 1475 1823 1530 spe-

238 1546 572 1600 ctaculorum
623 1547 892 1602 fallacium
940 1549 1293 1606 delectatione
1343 1555 1642 1620 capiuntur.
1696 1553 1822 1607 ldco

238 1640 385 1694 cnim
437 1641 625 1708 plurali
673 1658 895 1698 numero
941 1646 1124 1713 posita:
1167 1656 1292 1700 sunt
1337 1647 1588 1712 insaniae,
1630 1656 1687 1702 ut
1726 1661 1822 1715 per

237 1730 618 1786 similitudines
646 1747 822 1787 rerum
857 1734 1014 1788 latius
1037 1736 1337 1792 discurrere
1367 1737 1676 1792 debeamus.

312 1824 468 1879 Vers.
501 1825 552 1879 6.
589 1825 755 1880 Multa
785 1828 951 1894 fecisti
980 1840 1031 1882 tu
1051 1869 1065 1894 ,
1101 1830 1318 1884 Domine
1347 1830 1483 1884 Deus
1513 1837 1651 1886 metis
1672 1873 1685 1896 ,
1722 1833 1819 1886 mi-

1922 641 2090 686 autem
2117 634 2368 704 perfecisti
2397 637 2552 688 mihi:
2579 635 2875 688 holocausta
2896 637 3047 689 etiam
3075 653 3167 706 pro
3195 637 3377 690 delicto
3406 653 3506 691 non

1923 727 2214 796 postulasti.
2273 728 2367 782 llic
2412 743 2600 783 versus
2637 729 2770 783 Novi
2817 737 2872 784 et
2916 728 3123 785 Veteris
3170 729 3505 786 Testamenti

1921 827 2252 874 sacramenta
2306 819 2698 888 complectitur.
2750 819 2889 874 Dicit
2925 821 3067 874 enim
3107 821 3419 889 sacriﬁcium
3456 832 3506 876 et

1923 907 2262 974 oblationem,
2309 924 2428 979 qua:
2477 909 2530 963 in
2573 910 2828 965 honorem
2879 911 3087 965 Domini
3136 910 3336 967 ﬁebant
3383 920 3509 968 ante

1926 1003 2213 1070 pecoribus
2252 1002 2575 1068 immolatis,
2610 1005 2752 1058 unde
2791 1005 3098 1060 sacerdotes
3128 1006 3289 1059 etiam
3320 1019 3508 1061 vesce-

1924 1094 2136 1162 bantur,
2187 1097 2354 1166 Deum
2407 1104 2678 1162 postremo
2727 1104 2969 1165 tempore
3016 1097 3308 1166 respuisse.
3357 1096 3509 1150 Prius

1923 1186 2122 1256 quippe
2148 1187 2274 1241 talia
2302 1187 2575 1256 suscipere
2600 1187 2849 1256 dignatus
2876 1195 2960 1242 est
2978 1228 2993 1253 ,
3024 1187 3272 1257 quoniam
3304 1204 3398 1256 per
3423 1188 3512 1242 illa

1924 1279 2187 1333 sacriﬁcia
2219 1279 2580 1348 praeﬁguratio
2611 1280 2854 1350 quaedam
2888 1280 3130 1349 corporis
3159 1281 3359 1335 Christi
3388 1295 3512 1336 esse

1923 1369 2224 1425 videbatur.
2269 1370 2558 1440 Postquam
2605 1385 2733 1425 vero
2777 1371 2889 1438 ipse
2929 1370 3149 1424 Messias
3179 1369 3268 1439 qui
3297 1379 3379 1425 est
3410 1371 3512 1424 Do-

1926 1460 2100 1515 minus
2123 1460 2365 1516 Christus
2395 1461 2679 1530 praedictus
2705 1461 2958 1525 advenit,
2987 1469 3042 1514 et
3062 1475 3120 1514 se
3145 1475 3241 1529 pro
3264 1461 3512 1516 omnibus

1926 1553 2082 1609 nobis
2135 1553 2364 1607 hostiam
2413 1553 2626 1621 pietatis
2667 1552 2942 1618 exhibuit,
2996 1552 3358 1606 necessarium
3405 1567 3513 1606 non

1925 1656 2043 1702 erat
2087 1656 2170 1713 ut,
2214 1647 2439 1702 veritate
2478 1646 2777 1714 completa,
2821 1645 2995 1699 adhuc
3040 1645 3129 1698 illa
3173 1643 3339 1714 ﬁgura
3381 1659 3514 1711 prte-

1926 1739 2168 1794 cursoria
2200 1747 2560 1808 permaneret.
2600 1739 2745 1805 Quos
2779 1752 2968 1792 versus
3002 1738 3073 1792 ita
3119 1736 3338 1805 exponit
3372 1736 3514 1805 Apo-

1927 1831 2097 1885 stolus
2126 1831 2365 1885 Hebraeis
2391 1830 2633 1886 scribens
2657 1846 2672 1884 :
2702 1831 2916 1899 Aufert,
2946 1829 3150 1900 inquit,
3180 1829 3430 1899 primum,
3459 1835 3516 1881 ut

237 1917 424 1970 rabilia
453 1927 582 1984 tua;
612 1929 658 1972 et
686 1921 1070 1989 cogitationibus
1103 1925 1199 1976 tuis
1229 1939 1330 1976 non
1369 1932 1442 1976 est
1484 1925 1598 1992 quis
1639 1924 1821 1980 similis
1851 1916 1898 1977 B
1926 1939 2142 1993 sequens
2192 1932 2420 1977 statuat:
2453 1923 2541 1978 ubi
2596 1921 3020 1978 subaudiendum
3059 1929 3143 1977 est
3181 1935 3396 1989 corpus.
3447 1917 3514 1973 In

241 2012 352 2066 tibi.
389 2013 520 2066 Cum
552 2013 618 2068 de
647 2015 898 2082 operibus
939 2015 1211 2070 hominum
1241 2017 1549 2086 loqueretur
1575 2017 1776 2072 insanis
1799 2059 1816 2084 ,

238 2120 285 2169 n.-
310 2115 365 2158 te
393 2104 567 2158 intulit
597 2105 777 2160 divina
808 2108 1086 2162 miracula.
1130 2108 1259 2161 Nam
1292 2108 1380 2176 qui
1426 2108 1822 2163 inflammantur

238 2195 682 2249 contendentibus
712 2196 942 2266 aurigis,
975 2199 1063 2268 qui
1107 2199 1450 2267 pantomimis
1495 2198 1820 2253 saltantibus

243 2285 556 2341 molliuntur
577 2328 592 2353 ,
623 2298 818 2357 quanto
848 2291 1039 2345 melius
1068 2291 1110 2345 si
1141 2292 1375 2360 cogitent
1403 2291 1596 2345 caelum
1628 2300 1682 2345 et
1712 2301 1820 2346 ter-

239 2392 355 2430 ram
389 2377 741 2445 pulcherrima
767 2380 1073 2436 diversitate
1104 2382 1326 2435 formata
1347 2422 1362 2447 ,
1393 2396 1511 2451 qua:
1541 2381 1738 2437 habent
1766 2390 1822 2438 et

234 2481 511 2538 aspectum
545 2473 796 2530 decorum
816 2517 830 2541 ,
865 2487 917 2532 et
948 2477 1434 2531 considerationem
1467 2477 1687 2530 omnino
1715 2479 1820 2530 mi-

234 2563 458 2618 rabilem
489 2567 502 2620 !
540 2568 812 2637 Sequitur,
843 2579 889 2623 et
928 2570 1314 2641 cOgitationibus
1349 2569 1446 2623 tuis
1476 2585 1576 2622 non
1606 2579 1681 2624 est
1706 2571 1820 2639 quis

234 2658 419 2712 similis
464 2659 572 2712 tibi.
618 2659 803 2716 Adhuc
849 2661 966 2714 illas
1013 2661 1418 2730 superstitiones
1455 2661 1643 2730 elidit,
1689 2676 1822 2730 quas

235 2749 332 2804 sibi
374 2751 619 2804 homines
657 2761 746 2804 aut
785 2753 850 2805 ad
898 2754 1210 2821 religionem
1251 2770 1559 2822 perversam
1601 2770 1822 2824 repere-

235 2850 390 2904 runt,
423 2850 517 2895 aut
546 2842 597 2896 in
627 2844 948 2911 spettaculis
979 2845 1313 2900 celebrandis
1354 2847 1485 2901 moti
1516 2848 1695 2917 aliqua
1727 2863 1821 2902 vo-

233 2932 439 2999 luptate
481 2932 766 2988 ﬁnxerunt.
810 2935 915 2990 Sed
960 2937 1195 3006 nunquid
1245 2938 1345 2993 tale
1388 2949 1470 2994 cst
1501 2955 1595 3008 per
1639 2941 1818 2996 funem

230 3038 456 3079 currere
498 3027 629 3093 pede
675 3041 971 3096 suspenso,
1013 3029 1168 3097 quale
1213 3031 1426 3084 Petrum
1468 3040 1614 3103 terga
1657 3032 1820 3088 maris

235 3117 346 3172 ﬁxo
379 3119 637 3187 pressiSee
670 3121 936 3190 vesﬁgio?
963 3120 1207 3191 Nunquid
1244 3123 1344 3177 tale
1372 3133 1453 3178 est
1483 3123 1659 3193 ignitis
1691 3124 1820 3178 faci-

233 3209 340 3263 bus
386 3210 437 3264 in
482 3210 688 3265 theatro
735 3212 953 3279 ludere,
988 3214 1144 3282 quale
1190 3215 1289 3268 fuit
1333 3215 1525 3269 camini
1570 3215 1814 3270 incendia

1924 2032 2025 2082 qua
2055 2014 2313 2068 voluntate
2341 2015 2645 2082 sanctiﬁcati
2674 2031 2850 2068 sumus
2881 2030 2969 2084 per
2998 2013 3303 2066 oblationem
3331 2026 3514 2081 corpo-

1924 2105 1996 2158 ris
2027 2102 2218 2158 Christi
2247 2105 2373 2158 Jesu
2412 2103 2566 2158 semel
2607 2103 2808 2174 (Hebr.
2841 2120 2868 2156 κ
2892 2143 2907 2169 ,
2939 2104 3005 2169 9,
3041 2101 3183 2171 {0);
3227 2110 3282 2156 et
3317 2109 3513 2156 caetera

1925 2208 2042 2262 quae
2091 2193 2157 2246 ad
2207 2208 2384 2248 causa:
2434 2193 2593 2262 hujus
2645 2193 3058 2262 pulcherrimam
3106 2190 3506 2245 distinctionem

1925 2288 2194 2356 pertinere
2219 2297 2530 2343 noscuntur.
2555 2287 2826 2358 Sequitur,
2851 2304 3033 2357 corpus
3057 2294 3225 2339 autem
3253 2285 3512 2355 perfecisti

1923 2377 2070 2431 mihi.
2118 2377 2215 2432 llic
2263 2388 2504 2433 sanctam
2552 2377 2978 2433 incarnationem
3024 2388 3174 2431 suam
3213 2375 3508 2430 secundmn

1922 2469 2235 2538 Apostolum
2265 2471 2544 2525 evidenter
2572 2470 2845 2534 ostendit;
2891 2476 2950 2523 ut
2987 2484 3170 2538 corpus
3209 2467 3350 2536 quod
3387 2476 3511 2522 ante

1925 2560 2026 2613 fuit
2074 2575 2170 2630 per
2219 2561 2601 2616 sacriﬁciorum
2651 2561 2911 2629 imagines
2957 2558 3316 2628 promissum,
3365 2572 3508 2612 nunc

1921 2651 2063 2708 dicat
2110 2653 2345 2709 adventu
2397 2653 2614 2724 proprio
2664 2652 2826 2711 fuisse
2864 2649 3213 2720 completum.
3253 2647 3509 2715 Addidit,

1921 2747 2224 2802 holocausta
2251 2750 2405 2801 etiam
2431 2767 2522 2818 pro
2546 2750 2734 2804 delicto
2759 2765 2862 2801 non
2885 2747 3170 2817 postulasti.
3198 2745 3510 2798 Ilolocausta

1919 2839 2174 2895 dicuntur
2208 2848 2323 2894 tota
2350 2840 2597 2907 incensa,
2629 2855 2749 2908 qua:
2779 2854 2874 2907 pro
2905 2838 3117 2892 delictis
3145 2837 3312 2890 sacris
3343 2837 3509 2905 impos

1921 2933 2186 2988 nebantur
2225 2933 2514 2999 altaribus,
2555 2942 2610 2988 et
2647 2941 2829 3002 postea
2868 2932 2989 3001 igne
3027 2930 3419 2994 cremabantur,
3452 2937 3510 2984 ut

1921 3029 2198 3086 devoratio
2223 3045 2409 3086 eorum
2442 3031 2594 3085 fieret
2627 3029 2848 3084 abolitio
2878 3036 3239 3097 peccatorum.
3273 3025 3397 3079 H330
3427 3024 3509 3077 di-

1919 3122 1992 3176 cit
2016 3122 2123 3190 jam
2151 3121 2434 3174 Dominum
2465 3136 2568 3174 non
2587 3119 2834 3187 petiisse;
2855 3116 3070 3181 merito,
3103 3116 3351 3186 quoniam
3380 3113 3508 3169 illud

1922 3227 1950 3265 a
1984 3213 2136 3267 nobis
2165 3213 2394 3281 expetit,
2425 3210 2564 3281 quod
2596 3212 2647 3265 in
2676 3209 3116 3280 quinquagesimo
3143 3207 3335 3276 legitur
3368 3206 3509 3275 psal-

235 3302 413 3357 tribus
444 3305 620 3371 pueris
652 3307 989 3362 ambulasse?
1015 3308 1261 3376 Nunquid
1307 3309 1408 3362 tale
1447 3318 1528 3364 est
1571 3313 1811 3364 scen'rcas
1837 3288 1883 3353 C
1915 3319 2044 3359 mo:
2078 3302 2179 3358 Cor
2221 3303 2494 3358 contritum
2532 3311 2580 3355 et
2619 3300 2948 3354 humiliatum
2996 3298 3134 3352 Deus
3180 3314 3280 3352 non
3316 3295 3509 3365 spernit

235 3394 422 3449 audire
463 3396 747 3465 tragoedias
768 3439 784 3466 ,
833 3399 992 3468 quale
1036 3409 1119 3453 est
1150 3401 1198 3452 in
1227 3399 1408 3454 choris
1444 3401 1699 3456 Ecclesia:
1729 3416 1814 3456 sa-

237 3485 478 3543 lutiferas
505 3503 828 3558 cognoscere
862 3491 1227 3560 psalmodias?
1258 3491 1388 3548 Istas
1419 3509 1504 3549 res
1537 3495 1710 3563 potius
1741 3495 1815 3549 le-

237 3588 428 3647 gentes
455 3590 699 3648 spectare
731 3582 984 3638 debemus
1003 3628 1018 3652 ,
1049 3600 1180 3654 quas
1207 3600 1305 3640 nec
1337 3586 1478 3640 fatue
1504 3585 1811 3655 quaerimus,

236 3676 294 3721 ct
323 3670 554 3736 proﬁcue
583 3685 796 3741 semper
825 3673 1087 3728 audimus.
1123 3676 1354 3730 Dicenda
1384 3679 1524 3732 enim
1550 3719 1563 3741 ,
1603 3679 1715 3746 quis
1745 3679 1816 3733 si-

236 3761 373 3815 milis
403 3762 523 3830 tibi,
558 3767 814 3822 malarum
845 3783 1023 3823 rerum
1057 3769 1231 3839 arguit
1260 3770 1600 3840 inventores,
1635 3773 1722 3842 qui
1758 3787 1816 3829 se

236 3857 481 3924 nequiter
513 3857 798 3914 efferentes
820 3900 835 3926 ,
887 3861 1149 3916 fallacium
1197 3865 1389 3918 artium
1420 3875 1667 3919 auctores
1697 3880 1816 3920 esse

232 3948 548 4016 gloriantur.
582 3950 849 4008 Hactenus
879 3954 1191 4022 praedicavit
1218 3964 1404 4010 sancta
1434 3965 1603 4011 mater
1634 3956 1816 4013 Eccle-

233 4041 358 4097 sia:
399 4058 541 4098 nunc
578 4045 856 4100 audiamus
896 4046 1202 4115 loquentem
1248 4047 1533 4102 Dominum
1573 4049 1818 4105 Salvato-

230 4149 396 4198 rem;
427 4146 485 4189 ut
513 4137 652 4204 quod
700 4137 897 4193 dictum
939 4147 1062 4192 est:
1100 4138 1226 4205 Quis
1265 4140 1449 4194 similis
1491 4141 1619 4194 tibi?
1649 4142 1818 4196 inani-

232 4225 436 4281 festmn
467 4227 620 4283 nobis
648 4229 994 4298 subsequenti
1026 4230 1362 4298 expositione
1397 4230 1672 4285 reddatur.

315 4321 465 4378 Vers.
511 4323 563 4376 7.
605 4323 915 4377 Annuntiavi
952 4332 999 4378 et
1038 4324 1236 4376 locutus
1287 4338 1399 4376 sunt
1429 4337 1449 4376 :
1487 4322 1816 4392 multiplicati

230 4427 348 4468 sunt
398 4431 548 4485 super
593 4432 878 4470 numerum.
936 4413 1133 4470 Psalmi
1187 4414 1401 4486 quidem
1453 4423 1536 4470 est
1585 4417 1816 4472 secunda

234 4508 505 4571 narratio,
561 4507 654 4562 sed
711 4523 806 4578 per
859 4507 1081 4579 ﬁguram
1135 4507 1404 4578 exallage,
1459 4523 1577 4578 quae
1631 4507 1818 4566 Latine

231 4599 528 4668 appellatur
576 4601 893 4657 immutatio.
945 4601 1022 4656 Ex
1068 4615 1295 4670 persona
1343 4600 1550 4655 Domini
1594 4603 1816 4671 mystica

233 4693 395 4748 verba
423 4693 791 4764 proferuntur,
821 4695 905 4750 ubi
930 4694 1209 4750 adventum
1239 4709 1390 4749 suum
1429 4701 1482 4748 et
1532 4694 1644 4762 pias
1677 4711 1814 4764 prce-
1845 4677 1898 4738 D

235 4784 530 4844 dicationes
569 4790 814 4860 gentibus
852 4789 1162 4844 innotescit.
1206 4789 1523 4843 Annuntiare
1562 4797 1645 4844 est
1673 4789 1816 4846 enim

235 4890 456 4936 ventura
487 4881 780 4952 praedicare
800 4923 815 4949 ,
847 4880 989 4951 quod
1019 4881 1138 4936 fecit
1167 4896 1260 4935 ore
1285 4880 1686 4951 prophetarum.
1719 4881 1819 4936 L'o-

231 4983 380 5027 cutus
407 4967 554 5042 sum,
584 4975 636 5029 id
669 4983 786 5041 est,
821 4988 939 5028 cum
972 4973 1110 5027 inter
1143 4988 1238 5026 nos
1269 4981 1615 5026 conversatus
1655 4988 1819 5027 evan-

229 5067 478 5136 gelizavit
500 5109 515 5134 ,
548 5067 760 5138 quando
791 5074 1182 5120 sacramentum
1216 5067 1386 5119 beata:
1433 5063 1816 5119 incarnationis

231 5157 536 5228 assumpsit.
561 5157 810 5224 Addidit,
839 5154 1171 5224 Multiplicati
1197 5163 1317 5208 sunt
1341 5171 1492 5224 super
1514 5169 1813 5219 numerum;

228 5249 439 5305 scilicet
477 5250 601 5319 quia
630 5264 793 5318 super
827 5248 1086 5302 calculum
1127 5245 1408 5300 beatorum
1454 5244 1812 5312 multiplicata

228 5351 316 5399 est
341 5343 496 5398 turba
526 5342 883 5413 peccantium.
920 5342 992 5396 De
1016 5353 1174 5409 quam
1205 5338 1410 5408 magnis
1437 5337 1575 5393 enim
1606 5337 1814 5408 populis

228 5452 391 5508 quam
422 5439 573 5508 pauci
606 5439 794 5494 ﬁdeles
825 5436 986 5492 sunt!
1032 5434 1147 5489 Non
1177 5432 1443 5487 immerito
1466 5473 1483 5498 ,
1516 5432 1639 5502 quia
1685 5433 1812 5487 dum

227 5530 388 5586 multi
411 5531 594 5586 mundi
624 5529 781 5599 hujus
809 5527 1138 5583 vanitatibus
1161 5534 1508 5594 occupantur,
1538 5538 1688 5577 raros
1718 5537 1813 5592 po-

229 5621 364 5674 teris
389 5621 656 5676 veraciter
680 5620 919 5674 invenire
945 5619 1237 5684 sapientes.
1265 5615 1329 5668 Et
1353 5613 1472 5668 vide
1494 5611 1635 5680 quod
1662 5613 1809 5676 dicit,

228 5726 388 5780 super
417 5727 725 5776 numerum;
755 5709 995 5778 designat
1022 5708 1162 5761 enim
1204 5705 1328 5759 illos
1360 5711 1564 5758 tantum
1595 5702 1647 5757 in
1679 5703 1815 5756 libro

230 5802 523 5858 viventium
567 5811 917 5872 supputatos,
970 5801 1059 5868 qui
1106 5799 1181 5856 illi
1224 5797 1518 5857 Jerusalem
1570 5809 1815 5868 supernae

231 5895 593 5972 priedestinati
627 5908 745 5956 esse
773 5900 1082 5953 noscuntur.

1919 3395 2104 3466 (Psal.
2136 3411 2197 3461 ι,
2229 3395 2356 3463 19).
2403 3393 2565 3449 Vides
2605 3390 2895 3448 Ecclesiam
2948 3389 3210 3446 veraciter
3259 3386 3502 3442 dixisse:

1921 3487 2046 3553 Quis
2069 3486 2249 3541 similis
2280 3485 2412 3538 tibi?

1991 3627 2143 3683 Vers.
2171 3627 2222 3682 9.
2253 3625 2397 3680 Tunc
2425 3624 2573 3680 dixi:
2603 3622 2736 3678 Ecce
2761 3623 2940 3680 uettio:
2968 3623 3023 3678 in
3047 3621 3210 3696 capite
3237 3620 3352 3677 libri
3379 3621 3506 3677 scri-

1917 3725 2058 3789 ptum
2085 3727 2158 3775 est
2190 3719 2254 3774 de
2279 3733 2378 3772 me.
2411 3714 2542 3773 Ecce
2567 3760 2582 3784 ,
2614 3717 2797 3772 statim
2828 3715 3128 3786 signiﬁcat,
3171 3713 3500 3770 celeritatem

1919 3811 2270 3881 promittens,
2313 3809 2653 3865 velocitatem
2692 3809 2868 3863 modis
2906 3806 3153 3863 omnibus
3196 3805 3500 3874 pollicetur.

1918 3901 1987 3958 Et
2023 3909 2114 3967 tu,
2155 3899 2374 3966 Judsee,
2415 3913 2538 3953 cum
2587 3898 2798 3966 propria
2833 3896 3095 3952 sacriﬁcia
3135 3910 3240 3950 non
3273 3895 3504 3961 habeas,

1917 4009 2080 4063 quem
2111 3993 2368 4061 deceptus
2409 3990 2734 4058 exspectas?
2773 3987 2866 4042 llle
2905 3987 3016 4055 jam
3050 3985 3230 4050 venit,
3274 3985 3364 4039 ille
3397 3983 3505 4053 jam

1919 4085 2152 4140 Verbum
2180 4096 2309 4137 caro
2335 4081 2534 4135 factum
2563 4087 2646 4134 est
2665 4121 2680 4144 ,
2712 4079 2803 4133 ille
2834 4077 3093 4131 mundum
3123 4075 3339 4130 salutari
3368 4089 3505 4144 pra:-

1918 4175 2186 4232 dicatione
2231 4169 2544 4240 complevit.
2595 4169 2701 4225 Scd
2751 4176 2807 4223 tu
2847 4167 3020 4222 adhuc
3060 4166 3243 4220 nescio
3281 4164 3406 4234 quid
3447 4163 3501 4218 in

1920 4267 2024 4322 tuis
2049 4263 2316 4320 cubilibus
2341 4259 2651 4317 samniaris.
2680 4258 2817 4326 Quid
2845 4258 2995 4330 137
3019 4256 3244 4312 ulterius
3270 4255 3506 4327 quaris?

1918 4355 2057 4424 Quid
2091 4364 2309 4424 stupore
2341 4349 2630 4422 deﬁgeris?
2659 4350 2716 4404 ln
2746 4349 2883 4404 libro
2915 4350 3015 4403 isto
3055 4347 3409 4417 psalmorum,
3451 4347 3504 4400 in

1917 4450 2081 4520 capite
2108 4449 2174 4503 de
2201 4462 2263 4502 se
2295 4447 2428 4502 dicit
2455 4459 2576 4501 esse
2604 4444 2974 4515 conscriptum
3003 4483 3019 4511 ,
3062 4452 3118 4497 ut
3155 4444 3377 4499 credere
3403 4441 3502 4498 de-

1927 4541 2055 4597 beas
2082 4540 2193 4610 jam
2227 4540 2442 4594 venisse
2472 4537 2684 4592 beatum
2717 4534 3144 4603 nostrum,cujus
3173 4533 3338 4587 vitam
3371 4533 3496 4603 (sic-

1920 4645 1978 4690 ut
2023 4635 2131 4707 jam
2161 4630 2409 4705 contigit)
2452 4638 2663 4687 constat
2688 4631 3006 4699 expositam.
3041 4625 3140 4682 Ubi
3167 4636 3291 4681 sunt
3320 4626 3408 4694 qui
3439 4640 3498 4679 se

1923 4729 2137 4795 vident,
2167 4728 2306 4781 sicut
2333 4725 2419 4779 hic
2446 4725 2766 4794 promissum
2796 4731 2879 4776 est
2900 4761 2916 4786 ,
2957 4717 3216 4775 sacriﬁcia
3256 4733 3363 4772 non
3403 4718 3497 4772 ha-

1922 4820 2083 4874 bere:
2117 4825 2170 4872 et
2201 4826 2452 4884 tanquam
2482 4811 2808 4869 sententiam
2843 4811 3000 4865 istam
3030 4809 3083 4863 in
3117 4807 3389 4863 codicibus
3419 4824 3504 4865 sa-

1919 4912 2025 4966 cris
2056 4924 2161 4964 non
2193 4905 2451 4971 habeant,
2492 4906 2569 4960 sic
2596 4901 2881 4972 stupefacti
2922 4899 2991 4956 ad
3028 4898 3270 4970 objectos
3297 4915 3502 4956 sermo-

1925 5023 2020 5063 nes
2049 5003 2396 5076 probabiliter
2424 4997 2838 5057 obmutescunt?

1992 5147 2145 5203 Vers.
2185 5145 2270 5200 10.
2305 5143 2373 5200 Ut
2411 5143 2593 5214 faciam
2631 5139 2942 5194 voluntatem
2968 5145 3138 5202 tuam,
3174 5135 3314 5192 Deus
3338 5153 3502 5203 nteus,

1924 5239 2062 5294 volui
2091 5254 2108 5290 :
2140 5247 2186 5291 et
2208 5238 2368 5308 legem
2397 5245 2536 5289 tuam
2571 5233 2622 5286 in
2652 5229 2817 5284 medio
2847 5229 3013 5283 cordis
3045 5229 3162 5286 mei.
3189 5228 3309 5285 Filii
3335 5230 3499 5284 verba

1922 5332 2222 5401 diriguntur
2261 5329 2327 5384 ad
2355 5328 2567 5384 Patrem
2599 5340 2616 5391 ;
2648 5321 2973 5379 desideravit
2996 5321 3141 5378 enim
3171 5322 3285 5392 ejus
3333 5323 3502 5392 facere

1920 5425 2270 5488 voluntatem,
2311 5420 2399 5491 qui
2425 5435 2526 5472 non
2552 5416 2673 5471 abiit
2709 5416 2764 5470 in
2803 5416 3016 5471 consilio
3043 5415 3345 5485 impiorum,
3374 5424 3422 5468 et
3447 5414 3501 5467 in

1913 5515 1995 5569 uia
2047 5520 2370 5584 peccatorum
2420 5526 2521 5563 non
2569 5509 2736 5575 stetit,
2783 5516 2831 5564 et
2858 5508 2909 5560 in
2938 5508 3178 5562 cathedra
3206 5506 3501 5576 pestilentia

1916 5621 2018 5660 non
2047 5604 2175 5657 sedit
2208 5600 2386 5673 (Psal.
2414 5616 2450 5668 ι,
2473 5602 2496 5654 l
2519 5640 2534 5664 ,
2556 5599 2638 5669 2).
2669 5598 2800 5653 Nam
2829 5597 2969 5669 quod
2997 5597 3166 5663 dixit,
3195 5597 3330 5651 uolui
3349 5638 3365 5666 ,
3394 5594 3500 5649 vir-

1918 5706 2087 5750 tutem
2103 5691 2452 5764 praescientice
2468 5690 2761 5746 declaravit
2782 5707 2796 5756 ;
2814 5697 2869 5744 ut
2900 5689 3103 5744 diceret
3133 5689 3457 5758 prieteritum
3478 5724 3495 5751 ,

1919 5786 2062 5859 quod
2100 5785 2383 5842 constabat
2420 5801 2544 5842 esse
2582 5795 2893 5840 venturum.
2937 5781 3185 5838 Manebat
3222 5781 3384 5837 etiam
3418 5778 3500 5832 les

1901 5863 2098 5956 iam!“
2134 5895 2190 5952 εη
2228 5878 2393 5938 medio
2431 5878 2602 5937 cordis
2632 5877 2836 5950 ipsius,
2887 5875 3015 5933 dum
3052 5876 3105 5934 in
3144 5872 3254 5944 lege
3288 5866 3500 5935 Domini
