4004 6342
467 393 566 460 291

469 517 570 591 fuit
603 515 839 574 uoluntas
864 518 976 590 ejus
995 561 1011 588 ,
1041 524 1089 573 et
1115 516 1173 572 in
1201 514 1310 588 lege
1338 502 1453 586 ejus
1477 512 1757 568 meditatus
1786 521 1860 568 est
1889 512 1973 567 die
2001 527 2062 566 ac
2093 515 2149 576 Α

469 620 616 667 nocte
647 610 828 684 (Paul.
852 628 870 668 I
891 653 906 679 ,
934 611 1022 682 ἓ).

540 704 695 763 Vm.
728 707 816 762 11.
850 705 988 760 Bene
1015 703 1244 759 nuntiant
1287 703 1547 774 justitiam
1577 711 1718 756 luam
1747 700 1801 754 in
1829 698 2062 754 Ecclesia

468 815 658 873 magna
676 815 697 855 :
723 813 836 855 ecce
863 799 1000 853 labia
1022 814 1135 852 mea
1161 813 1265 852 non
1291 797 1585 868 prohibebo,
1617 796 1858 861 Domine,
1890 801 1946 847 tu
1969 809 2061 848 co-

469 894 706 966 gnosisti.
737 893 873 948 Bene
899 891 1149 948 nuntiauit
1169 891 1429 962 justitiam
1457 886 1698 952 Domini,
1730 885 1944 958 quando
1973 884 2062 940 di-

469 995 613 1042 ctum
641 997 722 1042 eat
747 1003 759 1040 :
793 985 917 1041 Non
945 987 1019 1040 sic
1046 985 1225 1054 impii,
1253 999 1358 1038 non
1383 983 1478 1051 sic,
1509 981 1598 1036 sed
1624 990 1867 1051 tanquam
1896 978 2064 1048 pulvis

467 1089 616 1148 quem
645 1077 852 1150 projicit
883 1086 1064 1134 uentus
1094 1094 1125 1131 a
1156 1078 1287 1148 facie
1314 1087 1461 1130 terra:
1501 1073 1708 1146 (Ibid.,
1737 1073 1771 1127 4
1793 1073 1831 1143 ).
1866 1071 1930 1127 In
1959 1071 2064 1128 Ec-

469 1169 627 1225 clesia
655 1185 843 1241 magna
862 1211 878 1238 ,
913 1172 1053 1226 sicut
1080 1185 1225 1242 saepe
1256 1169 1488 1226 diximus
1508 1213 1523 1240 ,
1553 1170 1870 1226 catholicam
1899 1168 2061 1235 dicit,

469 1276 588 1332 qua:
628 1270 743 1317 toto
781 1263 913 1318 orbe
947 1262 1138 1318 dili‘usa
1177 1270 1300 1317 cst:
1343 1263 1411 1318 de
1449 1275 1555 1332 qua
1594 1262 1666 1318 ibi
1705 1261 1904 1317 dictum
1945 1270 2059 1329 est,

469 1351 609 1424 quod
650 1358 872 1425 fructum
899 1369 1051 1409 suum
1078 1354 1218 1408 dabit
1254 1355 1310 1408 in
1352 1364 1580 1423 tempore
1607 1367 1701 1407 suo
1731 1351 1934 1423 (Ibid.,
1965 1353 2000 1407 5
2020 1353 2059 1422 ).

469 1443 742 1515 Sequitur,
775 1461 891 1500 ecce
918 1445 1060 1500 labia
1089 1461 1205 1500 mea
1233 1461 1335 1501 non
1364 1446 1639 1517 prohibebo
1658 1485 1675 1511 ,
1711 1444 1930 1500 Domine
1948 1485 1963 1512 ,
2008 1454 2065 1499 tu

469 1542 769 1616 cognovisti.
811 1541 1069 1614 Loquitur
1111 1558 1209 1614 per
1244 1543 1298 1598 id
1340 1543 1481 1614 quod
1521 1542 1632 1598 Deo
1671 1541 1944 1611 subjectus
1981 1549 2067 1596 est

471 1632 659 1688 Filius.
708 1632 841 1689 Nam
882 1636 1128 1705 quamvis
1166 1636 1306 1692 inter
1352 1635 1653 1692 obstinatos
1701 1636 2063 1706 periculosum

471 1723 634 1780 fuerit
691 1726 988 1794 przedicare
1045 1729 1374 1796 veritatem,
1433 1729 1561 1784 dum
1619 1737 1851 1784 mortem
1912 1741 2063 1783 suam

474 1821 671 1876 exinde
704 1829 958 1878 nosceret
985 1837 1108 1878 esse
1135 1831 1414 1878 venturam
1440 1865 1455 1892 ,
1489 1832 1669 1878 tamen
1713 1837 1820 1879 non
1862 1821 2069 1878 destitit

1747 387 1816 448 Μ.
1859 385 2143 448 AURELII
2176 385 2584 448 CASSIODORI

2173 510 2415 576 riturus;
2446 509 2586 566 sicut
2613 515 2670 564 et
2696 505 2823 564 alibi
2851 506 3024 564 dicit:
3059 503 3200 561 Deus
3241 519 3421 574 meus,
3465 504 3662 572 respice
3700 504 3768 560 in

2166 623 2248 662 me
2266 651 2281 676 ,
2310 623 2469 678 quare
2497 622 2576 662 me
2603 605 2917 676 dereliquisti
2950 605 3136 676 (Psal.
3167 617 3289 671 xxt,
3313 600 3430 672 2)?
3460 598 3768 658 Misericor-

2162 702 2254 756 dia
2279 703 2421 758 enim
2449 701 2580 768 luit,
2609 711 2668 757 ut
2698 702 2989 757 humanam
3017 707 3260 755 naturam
3293 693 3763 768 praevaricationis

2162 793 2294 850 vitio
2315 793 2611 850 sauciatam
2637 801 2822 850 sancta
2848 793 3220 849 incarnatione
3241 790 3496 846 salvaret.
3530 786 3760 855 Veritas;

2164 897 2224 943 ut
2252 886 2667 944 resurrectionis
2695 887 2976 958 promissa:
3000 883 3263 942 beneﬁcio
3289 881 3508 938 sederet
3529 879 3597 936 ad
3626 881 3767 934 dex-

2165 989 2335 1036 teram
2365 979 2536 1038 Patris
2555 1021 2570 1048 ,
2615 980 2742 1037 inde
2781 989 3042 1038 venturus
3075 977 3324 1050 judicare
3351 976 3504 1032 vivos
3535 981 3592 1029 et
3620 985 3776 1029 mor-

2167 1081 2304 1129 tuos.
2340 1074 2689 1146 Susceperunt
2731 1091 2842 1142 me,
2886 1075 2940 1132 id
2979 1083 3063 1130 est
3101 1072 3504 1144 gloriﬁcandum
3544 1083 3778 1138 recepe-

2166 1174 2308 1221 runt.
2343 1165 2464 1222 Illos
2490 1167 2633 1223 enim
2663 1167 2715 1222 in
2748 1167 2944 1223 bonam
2974 1176 3178 1237 partem
3202 1165 3481 1234 suscipere
3507 1163 3771 1230 dicimur,

2165 1274 2304 1331 quos
2335 1270 2536 1316 nostra:
2565 1262 2749 1330 gratia:
2783 1263 3100 1333 proﬁtemur
3129 1269 3401 1328 acceptos.

2240 1353 2394 1410 γεῖς.
2438 1355 2526 1410 15.
2559 1356 2816 1420 Quoniam
2848 1355 3297 1411 circumdederunt
3325 1369 3409 1410 me
3436 1353 3611 1418 mala,
3643 1368 3780 1423 quo-

2165 1461 2284 1500 rum
2311 1459 2414 1501 non
2443 1458 2516 1502 est
2547 1463 2790 1503 numerus
2817 1464 2836 1503 :
2870 1449 3365 1519 comprehenderunt
3405 1463 3486 1501 me
3522 1446 3780 1515 iniquita-

2168 1549 2242 1595 tes
2282 1555 2428 1596 mete.
2471 1541 2584 1597 Hoc
2635 1555 2664 1595 a
2709 1541 2970 1597 membris
3017 1541 3131 1597 suis
3179 1541 3343 1606 dicit,
3390 1553 3617 1610 quorum
3659 1539 3780 1609 ipse

2169 1643 2326 1705 caput
2372 1642 2456 1690 est
2507 1634 2782 1700 Christus;
2839 1645 2894 1689 ut
2941 1645 3002 1690 se
3048 1633 3158 1704 pati
3207 1633 3573 1703 proﬁteretur,
3628 1629 3778 1700 quod

2171 1727 2330 1782 turba
2375 1726 2613 1782 lldelium
2663 1727 2997 1793 sustinebat;
3043 1727 3184 1782 sicut
3223 1733 3306 1782 est
3351 1724 3523 1780 illud:
3575 1723 3776 1789 Saulc,

2172 1818 2336 1875 Saule
2357 1861 2370 1886 ,
2415 1819 2540 1887 quid
2583 1834 2664 1873 me
2710 1819 3026 1892 persequeris
3059 1819 3212 1892 (Act.
3245 1833 3329 1885 ix,
3357 1815 3470 1888 4)?
3496 1815 3776 1886 Sequitur,

473 1911 766 1969 admonere
805 1915 1058 1985 populum
1100 1916 1430 1985 perfidorum
1478 1915 1710 1972 dicendo
1744 1933 1757 1969 :
1807 1916 2066 1984 Quoniam
2097 1905 2142 1974 Β
2171 1925 2389 1980 quorum
2414 1919 2608 1965 nonest
2631 1925 2904 1978 numerus,
2927 1909 3135 1966 scilicet
3160 1909 3302 1981 apud
3331 1907 3618 1972 homines;
3650 1917 3780 1960 nam

471 2007 609 2061 novit
637 2006 892 2063 Dominus
921 2010 1057 2064 viam
1109 2013 1396 2077 iustorum,
1434 2021 1483 2065 et
1523 2012 1621 2066 iter
1654 2010 1928 2080 impiorum
1960 2025 2075 2082 per-

471 2099 562 2154 ibit
607 2099 811 2172 (lbid.,
846 2103 878 2158 6
906 2099 951 2173 ).
1002 2103 1060 2158 in
1102 2119 1204 2174 qua
1238 2112 1387 2175 parte
1417 2104 1632 2161 Patrem
1665 2103 1856 2160 habuit
1883 2113 2074 2160 testem

477 2207 640 2263 quem
675 2193 921 2264 invocat,
954 2197 1077 2267 quia
1122 2197 1267 2252 nulla
1311 2198 1554 2268 pericula
1604 2198 1816 2267 timuit,
1859 2197 2076 2269 quando

480 2283 685 2340 carnali
715 2287 916 2357 populo
937 2288 1240 2356 spiritualia
1271 2289 1407 2344 bona
1437 2289 1770 2360 praedicavit.
1801 2289 1894 2347 Sic
1918 2289 2075 2361 primi

477 2383 667 2454 psalmi
696 2385 1015 2443 verissimus
1041 2395 1252 2457 textus,
1281 2403 1422 2446 nunc
1448 2390 1613 2446 etiam
1641 2388 1904 2445 dominica
1929 2403 2076 2445 com-

477 2480 874 2535 memoratione
901 2479 1118 2536 videtur
1149 2495 1270 2538 esse
1303 2483 1581 2553 repetitus.

551 2567 704 2625 Vers.
730 2570 819 2628 l2.
844 2569 1110 2628 Justitiam
1133 2582 1271 2628 tuam
1295 2592 1395 2630 non
1417 2575 1659 2630 abscondi
1683 2576 1735 2632 in
1756 2575 1907 2632 corde
1931 2591 2075 2634 meo:

485 2661 751 2716 ueritatem
781 2673 924 2719 tuam
963 2673 1012 2720 et
1037 2665 1266 2722 salutare
1295 2677 1440 2723 tuum
1488 2669 1618 2724 dixi.
1659 2667 1798 2724 Justi
1829 2669 2075 2725 voluntas

479 2761 599 2824 est,
630 2755 844 2827 quando
875 2765 1055 2826 potest
1086 2749 1341 2829 prodesse
1363 2804 1378 2827 ,
1412 2776 1517 2817 non
1560 2763 1891 2818 abscondere
1931 2761 2073 2818 veri-

479 2853 689 2914 tatem;
721 2847 867 2921 quod
902 2847 1184 2907 Dominum
1217 2851 1551 2910 Salvatorem
1592 2853 1785 2912 iecisse
1823 2871 1929 2912 non
1971 2851 2075 2912 du-

483 2936 633 2995 bium
673 2949 790 3012 est,
823 2943 1038 3014 quando
1081 2945 1264 3003 turbas
1305 2948 1594 3019 arguebat,
1640 2947 1956 3020 increpabat
1995 2947 2077 3004 itt-

482 3029 768 3099 credulos,
821 3043 876 3089 et
923 3037 1092 3090 multa
1133 3035 1510 3108 hujuscemodi
1551 3039 1915 3110 praedicabat,
1957 3056 2076 3111 qua:

480 3121 760 3194 Evangelii
793 3132 973 3181 textus
1004 3125 1295 3198 eloquitur.
1329 3127 1448 3184 Fuit
1481 3141 1657 3185 tamen
1698 3135 1909 3201 tempus
1953 3145 2077 3188 cum

479 3214 534 3271 in
565 3215 814 3286 passione
841 3221 1042 3286 tacuit,
1072 3221 1210 3276 sicut
1237 3221 1494 3292 scriptum
1525 3231 1644 3278 est:
1677 3223 1739 3278 At
1767 3223 1918 3282 Iesus
1944 3223 2080 3282 nihil

2177 2004 2355 2058 omnia
2404 2002 2518 2058 Deo
2561 2002 2900 2058 dinumerata
2941 2010 3104 2072 sunt,
3149 2002 3242 2073 qui
3272 2013 3492 2055 arenam
3524 1997 3694 2053 maris
3726 2003 3782 2052 et

2177 2105 2360 2167 guttas
2391 2095 2695 2166 pluviarum
2717 2137 2732 2164 ,
2775 2095 3162 2168 stellarumque
3192 2094 3588 2150 multitudinem
3627 2106 3782 2148 com-

2181 2189 2438 2261 plexabili
2467 2191 2768 2262 quantitate
2806 2193 3106 2262 cognoscit.
3155 2189 3409 2258 Addidit,
3441 2187 3782 2261 comprehen-

2176 2284 2365 2338 derunt
2415 2299 2492 2338 me
2534 2284 2830 2356 iniquitates
2869 2298 3017 2338 mete.
3063 2282 3270 2339 Eodem
3313 2282 3474 2338 modo
3514 2280 3777 2352 loquitur,

2175 2393 2284 2450 quo
2311 2379 2558 2448 superius
2588 2379 2724 2433 dixit
2753 2395 2768 2431 :
2802 2377 3262 2434 Circumdederunt
3294 2393 3374 2432 me
3401 2375 3562 2431 mala.
3591 2374 3780 2432 Domi-

2177 2481 2280 2526 nus
2307 2470 2450 2526 enim
2482 2470 2732 2528 Salvator
2763 2486 2862 2528 nec
2895 2471 3035 2527 mala
3070 2469 3419 2543 perpetravit,
3439 2483 3538 2527 nec
3578 2463 3781 2540 iniqui-'-

2178 2565 2377 2622 tatibus
2417 2566 2633 2637 patuit:
2677 2566 2774 2623 sed
2817 2567 2919 2622 hoc
2959 2581 2991 2622 a
3037 2573 3187 2637 parte
3232 2565 3600 2622 membrorum
3649 2575 3776 2634 apte

2177 2659 2393 2730 dicitur,
2447 2676 2479 2718 a
2525 2661 2720 2732 quibus
2767 2659 2894 2718 talia
2945 2651 3302 2718 sustinentur.
3357 2659 3580 2717 Pietatis
3631 2658 3779 2716 enim

2177 2756 2348 2812 nostri
2377 2755 2569 2828 capitis
2601 2757 2731 2823 fuit,
2761 2765 2819 2812 ut
2849 2757 2939 2827 qui
2967 2757 3036 2812 de
3065 2771 3125 2813 se
3153 2756 3322 2812 multa
3351 2755 3598 2821 dixerat,
3627 2765 3778 2808 com-

2177 2851 2626 2908 memorationem
2659 2866 2874 2923 quoque
2921 2849 3156 2906 lidelium
3202 2849 3383 2906 facere
3421 2846 3776 2919 dignaretur:

2179 2959 2248 3001 ne
2291 2957 2350 3000 se
2397 2952 2765 3014 sequestratos
2809 2952 3096 3016 putarent,
3143 2957 3264 3000 cum
3308 2943 3612 3014 praeteritos
3653 2953 3777 2998 esse

2179 3043 2588 3108 cognoscerent.
2876 3020 2912 3033 “’

2258 3129 2411 3186 Vers.
2438 3130 2525 3186 16.
2553 3127 2622 3183 Et
2650 3145 2751 3185 non
2778 3131 2924 3201 potui
2945 3139 3000 3186 ut
3021 3130 3242 3185 viderem
3264 3145 3283 3187 :
3306 3129 3632 3203 multiplicati
3657 3135 3780 3188 suttl

2184 3237 2337 3295 super
2366 3222 2581 3296 capillos
2614 3224 2797 3296 capitis
2823 3225 2956 3294 mei,
2983 3233 3033 3280 et
3063 3239 3150 3279 eor
3179 3241 3348 3296 meum
3375 3225 3647 3304 dereliquit
3681 3242 3776 3282 me.

481 3307 748 3376 respondit
775 3309 822 3362 ei
839 3325 859 3374 ;
891 3310 1090 3382 quippe
1117 3311 1202 3368 cui
1233 3311 1454 3370 Pontius
1480 3313 1684 3372 Pilatus
1735 3317 1870 3373 dixit
1898 3335 1915 3375 :
1947 3317 2080 3377 Mihi
2110 3311 2157 3379 Ο
2188 3317 2304 3375 Iloc
2333 3319 2557 3376 omnino
2587 3317 2654 3375 ad
2683 3317 2926 3375 membra
2969 3319 3310 3376 referendum
3352 3327 3437 3376 est
3464 3338 3478 3388 ;
3520 3309 3780 3378 c‘ieterum

479 3413 586 3452 non
635 3400 857 3471 loqueris
897 3399 1094 3476 (Joan.
1147 3421 1258 3474 xu,
1322 3407 1388 3469 9.
1430 3409 1576 3481 10)?
1631 3411 1905 3468 Veritatem
1951 3413 2085 3470 dixit

481 3493 699 3562 quando
753 3497 1161 3565 pronuntiavit:
1193 3499 1306 3572 Ego
1335 3518 1448 3556 sum
1488 3503 1604 3573 via,
1639 3505 1852 3574 veritas,
1891 3515 1938 3561 et
1980 3507 2086 3562 vita

483 3581 679 3653 (Joan.
711 3599 820 3653 xiv,
856 3585 948 3660 6).
1017 3588 1278 3648 Salutaris
1302 3601 1480 3650 autem
1526 3596 1770 3654 Christus
1821 3599 1960 3654 beati
1999 3598 2085 3654 Si-

486 3675 695 3737 meonis
715 3677 1061 3738 confessione
1082 3681 1403 3751 declaratur,
1429 3687 1520 3757 qui
1541 3688 1754 3758 quando
1780 3702 1901 3744 eum
1925 3690 2081 3758 vidit,

483 3765 654 3820 dixit:
685 3764 844 3823 Nunc
869 3768 1083 3826 dimittis
1135 3789 1335 3829 seruum
1361 3785 1500 3830 tuum
1528 3777 1580 3832 in
1606 3794 1765 3848 pace:
1794 3781 1916 3848 quia
1943 3782 2087 3836 uideo

481 3866 604 3913 runt
643 3861 778 3916 oculi
819 3863 919 3918 mei
957 3864 1186 3920 salutare
1225 3876 1399 3934 tuum,
1439 3870 1578 3944 quod
1622 3873 1818 3938 parasti
1867 3882 1988 3927 ante
2007 3872 2085 3944 fa-

481 3947 609 4003 ciem
638 3952 1368 4029 omniumpopulorum(Lue.
1394 3975 1430 4016 tt
1451 3937 1470 4028 ξ
1493 3937 1696 4032 29),et
1724 3964 1952 4037 reliqua.

558 4039 712 4099 Vera.
756 4044 842 4099 13.
887 4045 1008 4102 Non
1037 4051 1198 4105 celaui
1229 4052 1638 4115 misericordiam
1668 4063 1840 4124 tuam,
1870 4068 1920 4113 et
1945 4059 2083 4116 veri-

487 4142 640 4189 tatem
666 4147 807 4192 tuam
833 4139 888 4194 in
918 4141 1196 4214 Synagoga
1223 4146 1412 4201 multa.
1445 4147 1634 4202 Adhuc
1665 4148 1717 4202 in
1747 4151 2082 4220 exponendis

485 4227 598 4282 suis
635 4232 885 4299 operibus
925 4249 1254 4303 perseverat.
1299 4237 1424 4294 Non
1461 4242 1639 4296 celat-it
1679 4243 2082 4301 misericordiam

484 4315 658 4374 Patris
678 4357 694 4384 ,
725 4324 939 4390 quando
968 4325 1106 4380 dixit
1137 4345 1148 4379 :
1184 4328 1246 4382 Si
1286 4347 1391 4396 vos,
1435 4347 1554 4386 cum
1573 4333 1688 4388 sitis
1727 4337 1886 4402 mali,
1917 4337 2078 4392 nostis

483 4405 619 4462 bona
643 4410 762 4463 data
789 4411 914 4465 dare
938 4413 1060 4480 ﬁliis
1087 4418 1284 4485 uestris,
1330 4429 1524 4489 quanto
1547 4425 1712 4493 magis
1735 4423 1896 4481 Pater
1919 4435 2082 4482 vester

482 4502 696 4558 ctelestis
724 4503 861 4557 dabit
889 4504 1023 4560 bona
1047 4509 1327 4579 petentibus
1352 4527 1406 4566 se
1433 4511 1583 4582 (Luc.
1606 4531 1661 4571 ιι
1682 4561 1695 4585 ,
1725 4517 1841 4588 13)!
1881 4517 2082 4574 Verita-

391 4659 394 4661 Α
483 4602 580 4646 tem
611 4609 823 4665 quoque
850 4596 1021 4652 dixit:
1053 4599 1108 4653 in
1147 4600 1428 4675 Syttagoga
1468 4607 1658 4678 multa,
1705 4609 1758 4665 id
1787 4619 1872 4667 est
1900 4611 1954 4666 itt
1983 4616 2078 4682 'po-

2186 3412 2242 3468 in
2288 3413 2517 3468 Domino
2557 3411 2777 3469 Christo
2819 3421 3093 3485 nequeunt
3135 3414 3259 3468 talia
3299 3416 3609 3470 convenire.
3655 3411 3780 3468 Non

2187 3503 2333 3577 potui
2365 3517 2420 3562 ut
2447 3507 2667 3563 uiderem
2691 3548 2708 3576 ,
2750 3507 2803 3562 id
2832 3515 2948 3574 est,
2983 3505 3440 3564 circumdantibus
3471 3513 3556 3565 me
3587 3508 3781 3577 iniqui-

2187 3597 2389 3654 tatibus
2419 3599 2554 3656 meis
2577 3643 2592 3669 ,
2627 3597 2772 3671 quod
2801 3601 3065 3656 veraciter
3106 3610 3283 3672 potest
3326 3601 3498 3658 lidclis
3543 3599 3777 3658 edicere.

2194 3689 2263 3747 Et
2292 3691 2537 3762 quamvis
2566 3693 2619 3748 in
2653 3695 2873 3748 homine
2927 3693 3104 3765 capilli
3155 3695 3336 3765 capitis
3368 3695 3650 3750 vidcantur
3699 3695 3780 3750 iu-

2187 3786 2441 3854 numeri,
2476 3795 2656 3842 tamen
2692 3797 2909 3858 peccata
2941 3803 3132 3844 eorum
3173 3787 3440 3844 calculum
3484 3789 3780 3858 probantur
3847 3859 3850 3861 Α

2185 3877 2470 3933 excedere.
2521 3873 2629 3934 Nec
2657 3880 2854 3936 [rustra
2886 3881 2938 3936 in
2967 3883 3430 3951 comparationem
3461 3883 3778 3938 delictorum

2185 3969 2364 4038 capilli
2393 3971 2796 4028 deducti‘sunt.
2842 3973 2976 4029 Nam
3007 3976 3060 4030 in
3094 3975 3278 4032 Veteri
3308 3975 3656 4033 Testamento
3695 3991 3778 4033 sa-

2184 4065 2431 4121 cerdotes
2460 4067 2573 4140 ipsa
2604 4063 2955 4124 similitudine
2983 4069 3348 4137 radebantur;
3383 4079 3441 4125 ut
3471 4069 3561 4125 tuli
3588 4085 3777 4125 emun-

2185 4155 2402 4212 datione
2446 4157 2654 4228 purgati
2697 4160 2877 4214 carnis
2920 4160 3046 4216 vitia
3087 4161 3402 4232 deposuisse
3443 4162 3775 4218 viderentur.

2185 4247 2287 4306 Cor
2334 4264 2462 4306 vero
2507 4255 2606 4306 nos
2652 4251 2995 4326 derelinquit,
3042 4254 3256 4326 quando
3297 4255 3530 4327 peccatis
3573 4269 3775 4330 aegrum

2186 4339 2458 4412 profutura
2484 4359 2590 4397 non
2620 4343 2844 4413 appetit.

2259 4432 2411 4488 Vers.
2451 4433 2541 4488 17.
2571 4429 2894 4506 (Σοηῲίαεεαι
2924 4431 3034 4504 tibi,
3065 4435 3305 4507 Domine,
3335 4449 3391 4494 ut
3415 4435 3602 4511 eripias
3633 4438 3774 4510 Irus.

2185 4517 2275 4594 G.,
2297 4523 2489 4598 eruas]
2519 4543 2596 4583 nte
2625 4543 2646 4583 :
2675 4511 2894 4584 Domine
2914 4571 2929 4598 ,
2958 4531 3012 4584 in
3054 4531 3308 4586 auxilium
3353 4549 3521 4588 meum
3561 4537 3774 4607 respice.

2183 4619 2313 4676 Post
2358 4623 2796 4679 enumerationes
2849 4625 3198 4694 praemissas,
3240 4627 3388 4682 venit
3425 4627 3494 4682 ad
3533 4627 3775 4683 saluber-

481 4683 728 4753 pulorum
757 4691 1170 4758 congregatione
1195 4693 1512 4751 densissima
1531 4729 1548 4764 ,
1580 4701 1800 4769 quando
1829 4701 1982 4758 Isaiae
2011 4704 2073 4760 li-

2182 4713 2368 4771 rimam
2396 4715 2832 4784 conclusionem,
2879 4719 3020 4774 unde
3064 4721 3243 4774 omnis
3287 4719 3631 4792 impugnatur
3671 4717 3772 4775 ad-

481 4773 636 4830 hruut
665 4776 795 4850 legit
820 4790 1097 4851 acceptum
1117 4825 1131 4850 ,
1163 4793 1218 4839 et
1241 4785 1375 4841 dixit
1399 4805 1412 4841 :
1440 4787 1613 4846 Hodie
1637 4793 1843 4866 impleta
1868 4804 1940 4852 est
1967 4796 2077 4852 nec

480 4866 741 4959 scriptura
767 4872 822 4926 in
851 4875 1061 4931 auribus
1086 4879 1267 4932 vestris
1301 4879 1463 4950 (Luc.
1487 4897 1566 4951 tv,
1588 4884 1717 4956 ⁸21).
1750 4889 1954 4959 Audis,
1983 4891 2078 4948 Ju-

483 4956 601 5012 dtec
652 4959 967 5033 incredule,
1009 4969 1328 5040 preph'etam
1369 4972 1656 5045 aliquando
1697 4990 1847 5038 tuum
1888 4956 2075 5042 nostro

483 5048 778 5148 livangelio
819 5065 1252 5148 consonantem?
1281 5063 1450 5134 Quem
1494 5068 1628 5124 ultra
1671 5075 1938 5143 sustines,
1983 5078 2075 5148 qui

478 5139 588 5213 jam
617 5143 888 5204 Christum
921 5139 1208 5210 Dominum
1241 5159 1452 5216 venisse
1479 5163 1760 5232 cognoscis
1779 5205 1797 5235 ,
1825 5167 1870 5222 si
1897 5139 2073 5226 adh-uc

478 5248 574 5292 cor
602 5245 750 5294 tuum
783 5241 946 5326 noxio
978 5247 1246 5306 velamine
1276 5268 1382 5308 non
1417 5259 1625 5326 tegatur
1647 5299 1660 5312 .

550 5327 706 5386 Vers.
738 5323 824 5389 11.
860 5333 936 5390 Tu
961 5349 1161 5408 autem,
1195 5339 1444 5414 Domine,
1473 5323 1536 5404 ne
1559 5349 1708 5424 longe
1733 5352 1896 5424 facias
1921 5355 2074 5410 mise-

475 5420 729 5480 ricordias
770 5431 882 5483 luas
921 5445 952 5484 α
983 5448 1100 5486 me:
1133 5435 1486 5495 misericordia
1531 5450 1619 5496 tua
1649 5420 1710 5499 vet
1733 5420 1936 5500 iuet-itas
1981 5453 2073 5502 tua

475 5529 674 5585 semper
703 5534 1030 5593 susceperunt
1060 5542 1158 5581 me.
1192 5525 1433 5588 Narratis
1455 5537 1657 5591 sanctis
1687 5537 1965 5608 operibus,
1998 5537 2069 5595 ad

477 5609 747 5676 passionis
787 5617 897 5670 suae
936 5613 1159 5687 gloriam
1203 5621 1390 5680 venit:
1426 5635 1481 5680 ut
1522 5629 1685 5685 totius
1739 5631 1866 5685 vita:
1908 5638 2070 5701 atque

476 5701 837 5762 vivificatricis
871 5713 1059 5769 mortis
1091 5713 1460 5775 declararetur
1489 5721 1784 5792 integritas.
1818 5721 1922 5780 Ubi
1951 5738 2071 5782 me-

477 5797 580 5853 rito
615 5797 839 5890 Patrem
887 5817 1154 5880 precatur,
1197 5828 1260 5868 ne
1290 5812 1444 5887 longe
1469 5817 1537 5872 ab
1566 5832 1632 5873 eo
1659 5818 1822 5890 faciat
1863 5818 2070 5876 miseri-

479 5887 685 5952 cordias
715 5909 875 5970 suas,
906 5902 997 5974 qui
1023 5911 1140 5963 erat
1164 5909 1401 5982 suscepti
1433 5887 1671 5969 hominis
1698 5923 1925 5983 veritate
1955 5941 2071 5985 mo-

2180 4807 2450 4887 veysitas,
2501 4807 2682 4864 omnia
2723 4809 2973 4864 nocentia
3023 4807 3410 4879 destruantur;
3463 4819 3521 4868 ut
3563 4811 3774 4882 placeat

2181 4898 2412 4956 Domino
2439 4917 2561 4956 eum
2591 4901 2804 4970 eripere
2828 4943 2841 4969 ,
2874 4903 2964 4973 qui
2998 4903 3184 4958 mundi
3217 4903 3370 4960 istius
3412 4905 3774 4964 contrarieta-

2178 4989 2322 5048 tibus
2349 4993 2687 5064 cingebatur.
2722 4993 2789 5048 Et
2817 4995 3026 5050 intuere
3056 4993 3198 5067 quod
3229 4995 3390 5066 dicit,
3425 5000 3774 5071 complaceat;

2180 5081 2232 5140 id
2288 5093 2374 5139 est
2423 5084 2786 5140 communiter
2841 5086 3070 5157 placeat.
3122 5089 3425 5145 Concordia
3481 5092 3627 5147 enim
3690 5090 3775 5147 hic

2181 5171 2468 5230 Trinitatis
2502 5175 2846 5233 ostenditur:
2881 5195 3005 5234 nam
3053 5181 3192 5251 quod
3233 5181 3411 5252 placet
3451 5182 3632 5250 Patri,
3676 5183 3776 5238 hoc

2182 5266 2358 5336 placet
2399 5277 2454 5324 et
2498 5267 2637 5325 Filio
2681 5281 2735 5326 ct
2778 5271 2998 5343 Spiritui
3028 5286 3235 5331 sancto.
3265 5275 3522 5346 Addidit,
3553 5275 3687 5333 tibi:
3719 5287 3775 5333 ut
3876 5312 3884 5316 -

2180 5368 2420 5416 sanctam
2452 5360 2772 5420 Trinitatem
2805 5382 2969 5422 unum
3019 5367 3186 5422 Deum
3228 5383 3350 5425 esse
3390 5363 3776 5441 cognosceres.

2184 5451 2460 5526 Sequitur,
2495 5455 2717 5514 Domine
2738 5501 2751 5526 ,
2783 5461 2836 5515 in
2867 5463 3120 5516 auxilium
3152 5479 3317 5518 meum
3346 5465 3576 5536 respice,
3611 5473 3667 5520 ut
3695 5465 3774 5519 in—

2184 5545 2486 5619 telligamus
2538 5565 2842 5623 respectum
2901 5555 3067 5626 ipsius
3125 5567 3366 5614 nostrum
3417 5575 3541 5616 esse
3591 5555 3772 5631 praesi-

2183 5635 2374 5708 dium;
2423 5642 2564 5700 sicut
2613 5654 2695 5701 est
2740 5643 2871 5701 illud
2904 5646 3176 5718 Evangelii
3206 5666 3219 5704 :
3245 5650 3496 5724 Respexit
3528 5649 3770 5717 Petrum,

2183 5738 2233 5784 et
2253 5731 2393 5802 ﬂevit
2412 5750 2589 5790 amare
2609 5735 2762 5810 (Luc.
2800 5754 2933 5804 xxu,
2954 5740 3044 5807 61,
3065 5739 3180 5810 62).
3199 5743 3370 5798 Aliter
3391 5745 3536 5799 enim
3557 5725 3770 5800 liberart

2183 5839 2296 5883 non
2349 5843 2668 5899 possumus.
2725 5834 2828 5891 nisi
2879 5850 2980 5893 nos
3037 5831 3296 5896 Divinitas
3346 5839 3636 5911 propitiata
3683 5851 3770 5900 re-

2182 5919 2395 5992 spiciat.
