3996 6346
207 413 317 477 193

1152 411 1524 473 -E-XPOSITIO
1556 406 1624 471 [Ν
1662 411 2118 476 PSALTERIUM.
2156 416 2348 479 PSAL.
2391 421 2504 479 XL.

3378 418 3480 484 29s

286 533 446 605 138
469 529 623 586 Vers.
651 528 737 583 l8.
761 526 1159 600 Confundantur
1180 533 1228 583 et
1255 539 1579 585 reuereantur
1605 528 1795 599 simul,
1826 532 1881 594 Α
1902 531 2049 588 tabat
2074 534 2304 605 quippe,
2334 535 2548 606 quando
2588 535 2865 592 lmtabatur
2892 536 2946 595 in
2977 539 3242 607 Domino,
3278 540 3336 597 in
3368 555 3477 612 quo

206 629 295 696 qui
322 632 563 696 quterunt
586 623 813 677 animant
849 637 1047 689 meam,
1088 630 1146 677 ut
1188 626 1427 693 auferant
1467 638 1600 678 eam.
1635 622 1793 679 Venit

206 717 275 773 ad
306 731 425 772 eam
445 756 459 781 ,
492 729 612 784 qua:
641 721 927 784 superest,
960 714 1329 770 narrationem
1357 731 1371 769 :
1401 713 1491 770 ubi
1521 714 1794 771 confusio-

207 823 333 865 nem
363 816 419 864 et
447 806 803 863 reverentiam
838 806 1095 861 Dominus
1123 805 1375 862 Salvator
1402 816 1548 877 Optat
1576 808 1792 877 impiis:

208 901 629 959 exsultationem
658 915 788 955 vero
811 911 863 955 et
898 900 1137 956 laetitiam
1166 903 1449 972 provenire
1479 902 1613 972 petit
1631 902 1796 957 devo-

211 994 305 1051 tis.
336 996 442 1052 Sed
472 993 596 1049 vide
628 994 682 1048 in
720 993 820 1049 ista
850 994 1235 1064 deprecatione
1273 1004 1474 1065 quanta
1504 1004 1655 1065 gerat
1681 1004 1797 1051 stu-

210 1090 303 1145 dia
332 1089 560 1159 pietatis.
594 1086 1014 1157 Confundantur,
1046 1088 1217 1155 dixit,
1252 1089 1576 1145 mirabilium
1602 1103 1795 1158 opera-

213 1184 366 1237 tione
428 1180 726 1235 turbentur.
773 1179 1122 1235 Reuereantur
1148 1189 1323 1236 autem
1344 1221 1358 1247 ,
1385 1180 1794 1237 resurrectionis

212 1277 386 1348 gloria
435 1276 811 1345 corrigantur:
859 1283 920 1330 ut
967 1276 1116 1331 illum
1170 1276 1524 1333 confiteantur
1575 1277 1743 1333 Deum
1774 1317 1791 1344 ,

210 1380 371 1439 quem
404 1366 601 1422 dudum
628 1374 946 1436 putaverant
975 1381 1096 1423 csse
1137 1358 1536 1423 trucidandum.
1579 1366 1792 1433 Simul;

212 1461 266 1515 id
296 1468 416 1525 est,
443 1461 582 1515 sicut
610 1458 875 1528 persecuti
900 1468 1060 1527 sunt,
1090 1461 1161 1515 ita
1189 1466 1243 1515 et
1274 1460 1633 1528 prtedestinati
1664 1473 1792 1515 con-

211 1551 488 1607 versionis
515 1562 736 1606 munere
768 1551 1083 1607 liberentur.
1124 1551 1393 1622 Sequitur,
1438 1553 1525 1623 qui
1563 1561 1794 1623 quwrunl

212 1643 446 1697 animam
475 1657 654 1697 nteant.
696 1642 912 1698 Duobus
942 1642 1116 1699 modis
1154 1642 1333 1698 anima
1376 1644 1653 1713 quatritur,
1680 1644 1796 1701 sive

212 1737 284 1791 ad
316 1737 573 1791 honorem
592 1779 608 1804 ,
636 1738 749 1792 sive
777 1736 843 1791 ad
875 1745 1124 1792 mortem.
1153 1736 1260 1794 Sed
1285 1744 1343 1791 ut
1363 1736 1445 1791 hic
1470 1737 1589 1792 illos
1614 1745 1796 1792 osten-

212 1832 406 1896 deret,
438 1830 528 1901 qui
558 1845 679 1886 eam
720 1838 848 1885 voto
884 1830 1159 1886 contrario
1201 1830 1616 1901 perquirebant,
1644 1829 1796 1884 addi-

1896 637 2083 679 revera
2109 635 2233 682 sunt
2271 628 2449 683 omnia
2486 628 2776 698 profutura.
2819 629 2923 685 Sed
2959 647 3027 688 ne
3066 632 3208 688 hanc
3242 634 3478 689 exsulta-

1900 715 2098 773 tionem
2118 719 2518 791 quibuscunque
2538 722 2789 778 crederes
2810 726 3226 791 concedendam,
3248 727 3473 795 addidit,

1898 807 1986 876 qui
2016 808 2234 880 diligunt
2262 810 2488 865 salutare
2516 821 2697 878 tuum;
2728 813 2782 869 id
2807 822 2890 870 est
2909 856 2923 883 ,
2955 815 3045 885 qui
3090 828 3177 872 me
3203 818 3472 887 spirituali

1896 901 2157 956 charitate
2186 904 2532 974 perquirunt,
2564 915 2621 962 et
2656 907 2917 964 mandatis
2946 910 3082 966 meis
3109 911 3343 968 suaviter
3370 911 3464 968 ob-

1900 1002 2217 1061 sequuntur.

1968 1081 2122 1139 Vers.
2149 1084 2239 1138 22.
2270 1083 2383 1157 Ego
2405 1102 2524 1142 vero
2545 1104 2733 1159 egenus
2758 1097 2808 1143 et
2832 1107 3024 1156 pauper
3048 1108 3159 1147 sum
3183 1108 3204 1148 :
3226 1093 3474 1149 Dominus

1899 1191 2075 1232 curam
2102 1177 2255 1233 habet
2311 1181 2430 1236 mei.
2476 1181 2767 1252 Postquam
2807 1172 3013 1240 dixerat
3054 1186 3251 1241 laetitiae
3288 1203 3473 1242 munev

1895 1267 2045 1324 ribus
2076 1283 2196 1326 esse
2222 1272 2606 1341 complendas,
2643 1274 2732 1343 qui
2771 1274 3023 1331 deitatem
3059 1277 3218 1333 Verbi
3258 1279 3474 1348 diligere

1896 1360 2186 1417 voluissent
2210 1404 2226 1430 ,
2260 1378 2328 1419 ne
2355 1364 2456 1420 sibi
2485 1368 2749 1437 quispiam
2776 1369 3084 1423 meritorum
3113 1370 3332 1439 gloriam
3360 1374 3475 1424 viu-

1894 1451 2129 1519 dicaret,
2155 1453 2409 1510 Dominus
2428 1455 2671 1511 Christus
2692 1473 2756 1512 ex
2782 1458 2949 1512 forma
2980 1460 3209 1528 loquitur
3234 1462 3474 1517 humani-

1898 1544 2020 1600 tatis
2046 1554 2330 1617 assumptze
2360 1564 2372 1599 :
2405 1546 2612 1618 Egenus
2640 1560 2686 1603 et
2715 1565 2907 1619 pauper
2934 1566 3066 1606 sum.
3094 1552 3329 1622 Egerius,
3354 1555 3475 1621 quia

1899 1638 2202 1694 humanitas
2250 1625 2520 1695 subveniri
2570 1642 2669 1696 sibi
2717 1658 2930 1711 semper
2975 1653 3095 1714 eget
3144 1660 3172 1698 a
3226 1627 3470 1700 Domino.

1900 1724 2128 1799 Pauper,
2178 1731 2299 1800 quia
2348 1730 2449 1787 nisi
2496 1731 2670 1787 divina
2715 1734 2881 1806 gratia
2924 1735 3262 1800 clorilicetur,
3310 1736 3375 1791 de
3417 1753 3476 1792 se

1899 1822 2118 1877 omnino
2148 1823 2323 1879 tennis
2359 1838 2478 1881 esse
2517 1808 2873 1894 cognoscitur.
2915 1827 3020 1883 Sed
3061 1844 3126 1883 ne
3164 1829 3317 1883 istam
3348 1845 3477 1899 pau-

213 1923 327 1987 dit,
361 1931 418 1977 ut
447 1924 689 1992 auferant
722 1936 868 1992 eam,
901 1936 1010 1977 non
1039 1933 1098 1978 ut
1124 1922 1386 1993 diligant,
1418 1937 1523 1977 non
1556 1930 1612 1977 ut
1637 1936 1797 1980 vene-
1829 1912 1877 1984 B
1904 1924 2165 1986 pertatem
2217 1916 2373 1972 vilem
2423 1916 2790 1991 abiectumque
2840 1923 3139 1977 aestimares
3163 1966 3178 1991 ,
3231 1922 3434 1977 addidit
3462 1965 3475 1988 ,

216 2023 405 2070 rentur
431 2033 443 2067 :
477 2014 573 2069 sed
607 2023 664 2069 ut
692 2029 720 2068 a
752 2029 980 2085 corpore
1010 2028 1131 2070 meo
1161 2015 1466 2071 interventu
1496 2015 1685 2071 mortis
1712 2029 1801 2072 se-

214 2120 439 2177 gregare
468 2107 821 2162 contendant.

290 2200 442 2255 Vers.
476 2201 563 2255 l9.
607 2200 916 2255 Avertantur
949 2207 1232 2254 retrorsum
1270 2207 1317 2253 et
1352 2199 1647 2254 erubescant
1668 2239 1683 2266 ,
1713 2199 1803 2269 qui

219 2293 443 2363 cogitant
482 2291 609 2345 mihi
656 2292 814 2345 nrala.
863 2291 1196 2361 Frequenter
1243 2291 1476 2346 diximus
1518 2292 1679 2345 malis
1720 2292 1801 2347 sic

219 2384 359 2441 bene
399 2384 606 2455 optari,
648 2391 711 2439 ut
752 2394 1043 2440 retrorsum
1096 2383 1318 2439 redeant
1366 2397 1396 2437 a
1444 2382 1802 2453 voluptatibus

214 2479 362 2545 suis,
392 2491 492 2534 nec
520 2478 572 2533 in
612 2476 759 2533 malo
785 2492 948 2547 opere
986 2488 1353 2548 perseverent.
1393 2477 1492 2543 Qui
1531 2477 1577 2532 si
1617 2474 1803 2530 conlu-

210 2573 421 2628 sionem
444 2572 729 2642 patiantur,
753 2570 985 2625 evadunt
1010 2587 1021 2622 :
1046 2573 1091 2625 si
1116 2568 1299 2624 mundi
1327 2569 1503 2623 laetitia
1526 2567 1803 2637 perfruan-

210 2673 327 2728 tur,
363 2672 608 2733 pereunt.
642 2662 773 2717 Nam
802 2671 1081 2717 retrorsum
1110 2660 1250 2716 istud
1281 2662 1333 2716 in
1376 2660 1568 2714 bonam
1600 2668 1803 2728 partem

207 2756 326 2812 dici
359 2754 635 2827 Evangelii
663 2757 807 2812 locus
836 2755 927 2811 ille
959 2764 1203 2823 testatur,
1234 2754 1328 2809 ubi
1358 2752 1516 2808 Petro
1545 2752 1669 2807 vitae
1701 2753 1802 2808 hu-

208 2847 296 2917 ius
324 2861 386 2903 se
413 2862 599 2903 amore
625 2847 857 2917 diligenti
882 2848 1198 2917 respondit:
1230 2846 1361 2901 Redi
1388 2855 1547 2913 retro,
1578 2844 1805 2901 Satanas

207 2936 423 3008 (Marc.
467 2952 599 3005 vnr,
653 2939 768 3009 35).
798 2937 953 3006 Quod
993 2950 1172 2993 autem
1202 2937 1414 3008 posuit,
1444 2938 1533 3010 qui
1574 2939 1803 3008 cogitant

206 3031 339 3085 mihi
359 3029 523 3097 mala,
547 3030 854 3087 indecorum
877 3032 1144 3101 signiﬁcat
1168 3030 1437 3099 improbas
1466 3030 1765 3084 voluntates
1781 3066 1800 3099 ,

206 3140 439 3200 quorum
462 3126 817 3197 cogitationes
836 3141 942 3182 non
967 3134 1121 3182 erant
1143 3124 1295 3179 malae
1318 3123 1568 3191 Domino,
1593 3122 1687 3178 sed
1709 3136 1803 3177 auo

204 3218 452 3275 ctoribns
469 3219 600 3275 suis.
619 3218 982 3289 Cogitationes
1004 3216 1147 3271 enim
1170 3230 1198 3270 a
1222 3213 1461 3286 cogendo
1478 3212 1634 3269 dictae
1651 3221 1797 3269 sunt.

1903 2006 2158 2063 Dominus
2198 2026 2369 2064 curam
2401 2012 2548 2065 habet
2592 2013 2731 2080 mei;
2775 2013 2977 2070 scilicet
3006 2015 3069 2071 de
3100 2032 3204 2086 quo
3238 2016 3477 2071 dicturus

1902 2110 2018 2157 erat
2041 2119 2055 2134 ο
2094 2102 2190 2156 Hic
2218 2115 2291 2158 est
2322 2102 2491 2159 Filius
2522 2123 2658 2161 meus
2700 2109 2944 2176 dilectus,
2985 2110 3039 2163 in
3075 2128 3176 2180 quo
3207 2111 3332 2164 mihi
3359 2112 3479 2166 bene

1901 2195 2188 2264 complacui
2221 2196 2446 2269 (Matth.
2471 2214 2528 2254 lli
2550 2243 2563 2269 ,
2593 2199 2707 2267 l7).
2741 2200 2786 2255 Ο
2816 2210 3178 2272 paupertatem
3218 2202 3482 2261 thesauris

1904 2287 2151 2342 omnibus
2180 2288 2457 2343 ditiorem!
2495 2290 2701 2359 Pauper
2725 2292 2866 2347 enim
2896 2292 2962 2347 de
2992 2306 3206 2359 nostro,
3234 2295 3380 2350 dives
3406 2296 3473 2351 de

1902 2391 2001 2433 suo
2031 2386 2153 2445 est;
2196 2380 2287 2447 qui
2331 2380 2450 2435 ideo
2487 2380 2836 2451 indigentiam
2887 2383 3229 2440 humanitatis
3268 2392 3479 2441 assum-

1902 2470 2042 2542 psit.
2075 2479 2131 2525 ut
2158 2470 2496 2528 abundantia:
2523 2489 2634 2529 sua:
2664 2488 2761 2531 nos
2791 2475 2993 2533 faceret
3020 2491 3142 2533 esse
3171 2478 3473 2547 participes.

1975 2563 2127 2620 Vere.
2158 2564 2248 2620 25.
2274 2566 2493 2637 Adjutor
2518 2583 2655 2623 meus
2679 2578 2727 2623 et
2752 2569 2991 2625 liberator
3017 2585 3156 2626 meus
3176 2587 3229 2625 es
3254 2580 3309 2625 tu
3325 2587 3344 2625 :
3375 2571 3480 2625 Do-

1902 2657 2071 2724 utine,
2116 2673 2181 2712 ne
2225 2658 2521 2714 tardat-eris.
2562 2659 2641 2717 De
2678 2661 2944 2731 adiutorio
2970 2670 3023 2719 et
3049 2663 3118 2720 de
3155 2666 3480 2733 proiectione

1902 2762 2122 2805 securus
2150 2750 2480 2807 celeritatem
2522 2756 2877 2809 necessariam
2918 2757 3086 2823 petit;
3124 2767 3181 2811 ut
3212 2755 3323 2826 jam
3360 2758 3479 2825 quia

1900 2855 2049 2897 mors
2089 2842 2243 2897 vitari
2282 2858 2388 2900 non
2430 2844 2644 2910 debuit,
2686 2845 2875 2900 saltem
2914 2847 3238 2902 resurrectio
3282 2848 3473 2903 festina

1902 2935 2231 2994 succederet.
2278 2935 2410 2993 Cum
2458 2939 2600 2993 enim
2650 2937 2817 2993 dicit:
2854 2938 3076 3011 Adjutor
3119 2949 3167 2995 et
3215 2940 3477 3010 liberator,

1901 3028 2134 3085 ostendit
2189 3030 2499 3098 patientiam
2552 3030 2881 3087 diversarum
2944 3032 3196 3089 videlicet
3261 3034 3469 3102 passio-

1902 3136 2062 3188 num,
2099 3122 2240 3178 unde
2277 3130 2333 3178 et
2372 3123 2484 3192 ipse
2522 3122 2762 3193 psalmus
2798 3124 2923 3179 fecit
2964 3125 3194 3181 initium.
3233 3126 3477 3197 Quapro-

1904 3222 2020 3285 pter
2044 3221 2186 3270 totus
2216 3215 2396 3269 virtuti
2427 3205 2697 3283 patientia:
2724 3217 2919 3272 merito
2947 3219 3250 3288 deputatur,
3292 3218 3383 3291 qui
3423 3226 3478 3275 et

277 3314 436 3370 Vers.
465 3313 558 3370 20.
592 3311 785 3367 Ferant
815 3312 1087 3383 confestim
1118 3309 1473 3379 confusionem
1500 3324 1646 3362 suam
1666 3350 1682 3376 ,
1709 3308 1797 3377 qui
1825 3298 1871 3365 C
1900 3306 2089 3365 eodem
2118 3306 2223 3363 line
2248 3305 2602 3363 concluditur.

204 3407 382 3461 dicunt
404 3407 533 3461 mihi
553 3421 574 3462 :
604 3403 748 3478 Euge
770 3448 785 3474 ,
826 3420 972 3477 euge.
1012 3402 1213 3459 Ferunt
1238 3405 1505 3475 confestim
1534 3403 1796 3473 confusio-

203 3517 320 3558 nem
351 3515 499 3554 suam
519 3540 535 3565 ,
562 3499 652 3569 qui
682 3512 852 3569 usque
879 3497 945 3552 ad
977 3496 1107 3553 illud
1140 3495 1490 3565 perveniunt,
1522 3504 1581 3550 ut
1610 3509 1669 3549 se
1700 3507 1794 3550 ne-

205 3601 385 3670 quiter
410 3610 624 3652 errasse
650 3601 998 3666 cognoscant.
1036 3591 1262 3658 Ferant,
1289 3590 1458 3657 dixit,
1487 3590 1639 3661 quasi
1666 3604 1800 3659 pon-

205 3692 305 3748 dus
334 3693 682 3749 immensum.
715 3686 1028 3757 Confestim,
1062 3694 1118 3740 ut
1146 3697 1371 3755 peccare
1398 3681 1698 3751 cteperint:
1729 3694 1799 3736 ne

204 3784 419 3859 longius
451 3782 845 3858 progrediendo
888 3781 1239 3852 periculosius
1278 3780 1639 3850 ingraventur.
1671 3776 1801 3830 Com

203 3882 465 3952 fusionem
496 3894 642 3934 suam
661 3919 676 3946 ,
707 3876 761 3932 id
791 3883 872 3933 est
898 3874 1280 3945 cogitationem
1326 3884 1544 3941 pravam
1575 3868 1798 3924 veritate

203 3974 528 4029 convictam.
570 3969 842 4041 Sequitur,
883 3967 973 4039 qui
1011 3966 1187 4020 dicunt
1226 3962 1393 4017 mihi:
1428 3960 1573 4033 Euge
1596 4001 1611 4026 ,
1653 3975 1794 4030 euge.

201 4058 305 4122 llic
333 4064 505 4121 falsos
530 4062 705 4135 arguit
731 4060 1039 4118 laudatores
1060 4102 1075 4126 ,
1108 4058 1197 4129 qui
1239 4056 1359 4126 plus
1399 4054 1644 4109 nituntur
1668 4052 1800 4108 adu-

199 4154 368 4213 ltndo
398 4155 683 4227 decipere,
718 4170 875 4225 quam
915 4153 1124 4223 possint
1163 4148 1645 4218 vituperationihus
1676 4138 1799 4200 sati-

198 4251 371 4307 ciare.
399 4246 547 4321 Euge
575 4246 797 4304 verbum
822 4244 1037 4316 quidem
1069 4240 1386 4313 prietroniale
1414 4248 1525 4304 est;
1554 4236 1648 4293 sed
1674 4250 1797 4292 cum

199 4352 354 4400 recto
382 4343 567 4397 animo
588 4356 693 4397 non
719 4339 1006 4410 profertur,
1030 4336 1097 4392 ad
1120 4334 1447 4391 derisionem
1470 4330 1698 4387 trahitur
1719 4331 1798 4386 in-

199 4434 505 4495 ferendam.
539 4433 671 4503 Quae
700 4433 865 4503 figura
897 4431 1091 4487 dicitur
1119 4428 1290 4485 ironia
1310 4469 1324 4493 ,
1355 4425 1408 4483 id
1430 4434 1514 4482 est
1535 4425 1734 4481 irrisio.

279 4531 433 4587 Vers.
465 4528 559 4584 21.
591 4525 862 4582 Exsultent
884 4532 932 4579 et
956 4523 1191 4579 laztentur
1213 4520 1299 4591 qui
1321 4526 1552 4589 quaerunt
1584 4527 1661 4589 te,
1691 4514 1798 4572 Do-

200 4624 372 4687 mine,
406 4631 454 4679 et
492 4622 663 4676 dicant
700 4635 899 4692 semper
923 4634 943 4674 :
974 4615 1336 4687 Magniﬁcetur
1374 4612 1626 4667 Dominus
1650 4651 1666 4678 ,
1708 4612 1797 4682 qui

201 4684 427 4789 diligunt
467 4714 697 4769 salutare
724 4684 886 4766 tuum.
920 4684 1083 4767 Sicut
1101 4684 1344 4763 inimicos
1372 4718 1499 4760 suos
1538 4700 1794 4759 confundi
1817 4684 1872 4748 Ι)
1946 4758 1951 4765 ,

199 4809 391 4879 petiit,
440 4806 534 4876 qui
573 4818 694 4860 eum
735 4801 885 4858 falsis
924 4798 1320 4855 laudationibus
1352 4794 1647 4851 irridebant
1670 4834 1688 4863 ,
1720 4792 1795 4850 ita

200 4902 431 4958 devotos
480 4906 630 4969 optat
674 4896 939 4951 veraciter
986 4892 1255 4964 gaudere,
1306 4890 1397 4961 qui
1443 4903 1594 4960 spem
1642 4902 1795 4944 suam

198 5002 504 5049 noscuntur
541 4990 597 5046 in
642 4987 854 5044 Domini
891 4986 1170 5057 majestate
1206 4985 1471 5055 posuisse.
1517 4982 1624 5037 Eos
1651 4981 1794 5037 enim

198 5101 312 5140 non
343 5091 552 5139 tantum
584 5080 785 5147 iterari,
811 5079 907 5135 sed
937 5089 984 5133 et
1009 5078 1267 5133 exsultare
1310 5076 1645 5145 deprecatur.
1691 5070 1795 5130 Sed

199 5193 325 5247 qua:
366 5176 438 5232 sit
476 5175 583 5230 ista
616 5171 906 5229 exsultatio
943 5175 1337 5240 consequenter
1374 5166 1693 5239 exponitur;
1742 5164 1794 5220 id

200 5280 289 5327 est
309 5311 325 5337 ,
351 5278 399 5324 et
425 5269 601 5323 dicant
623 5281 821 5335 semper
844 5279 863 5320 :
886 5262 1245 5334 Magniﬁcetur
1270 5261 1535 5315 Dominus.
1564 5258 1688 5314 Haec
1714 5264 1800 5314 est

200 5365 351 5423 enim
394 5362 694 5434 professio,
740 5374 861 5429 qua
901 5359 957 5413 in
1000 5367 1261 5413 aeternum
1303 5353 1595 5424 gaudentes
1634 5350 1799 5407 efficit

197 5456 589 5523 Christianos;
642 5467 763 5526 qua:
811 5449 1056 5523 quamvis
1103 5447 1300 5518 jugiter
1342 5444 1572 5513 dicatur,
1620 5451 1798 5497 tamen

200 5564 424 5621 semper
452 5548 747 5620 appetitur.
782 5546 858 5600 De
885 5542 986 5599 ista
1017 5539 1279 5612 siquidem
1320 5536 1582 5591 sententia
1615 5548 1799 5604 pasce-

198 5640 367 5699 batur
388 5652 444 5700 et
470 5642 525 5697 in
551 5640 656 5697 isto
685 5636 884 5694 saeculo
905 5634 1007 5691 Job
1024 5633 1142 5704 ,qui
1172 5636 1288 5686 erat
1304 5627 1591 5682 afﬂictione
1604 5638 1797 5693 corpo-

198 5734 287 5790 ris
313 5734 550 5805 graviter
575 5731 846 5787 sauciatus
865 5768 881 5794 ,
904 5724 1137 5781 dicendo
1161 5740 1175 5777 :
1210 5720 1463 5777 Dominus
1487 5719 1661 5784 dedit,
1690 5713 1800 5770 Do-

201 5829 381 5883 minus
409 5826 658 5894 abstulit,
699 5824 828 5879 sicut
859 5819 1083 5875 Domino
1124 5814 1319 5877 placuit
1358 5813 1431 5869 ita
1470 5810 1662 5881 factum
1701 5816 1796 5863 est.

204 5920 299 5981 Sit
345 5936 530 5979 nomen
578 5918 784 5976 Domini
829 5915 1147 5971 benedictum
1191 5896 1561 5981 ilobl,21}.
1607 5901 1799 5959 Exsul-

2438 3419 2705 3476 Conclusio
2734 3422 2937 3490 psalmi.

1969 3533 2240 3606 blagnilica
2281 3542 2336 3591 et
2373 3535 2684 3595 suavissima
2716 3536 2873 3592 verba
2904 3552 3091 3594 sensus
3120 3547 3331 3596 nostros
3362 3556 3474 3597 me-

1899 3626 2122 3681 dullitus
2164 3624 2527 3694 intraverunt,
2572 3628 2786 3698 quando
2827 3630 2995 3699 ipsum
3043 3630 3337 3688 audivimus
3378 3632 3477 3689 do-

1900 3729 2140 3788 centem,
2178 3736 2331 3791 quem
2362 3719 2646 3777 adoramus
2675 3731 2967 3777 auctorem.
3016 3723 3147 3779 Nam
3189 3726 3316 3780 licet
3353 3725 3476 3781 uni-

1900 3813 2358 3893 versos’psalmos
2403 3827 2595 3883 magno
2638 3812 2842 3869 honore
2885 3830 3203 3872 veneremur
3230 3857 3245 3882 ,
3294 3818 3477 3873 nescio

1899 3904 2024 3974 quid
2054 3913 2226 3960 tamen
2258 3904 2461 3960 dulcius
2492 3906 2769 3974 accipitur,
2802 3921 2921 3961 cum
2953 3908 3150 3977 aliquid
3181 3908 3248 3964 de
3286 3919 3472 3968 saneta

1900 3990 2263 4053 incarnatione
2291 3994 2576 4065 profertur.
2601 3995 2782 4051 Omnis
2810 3996 2952 4051 enim
2983 3997 3152 4052 fidelis
3178 4001 3477 4069 gratissime

1900 4089 2156 4156 suscipit,
2199 4102 2294 4157 per
2331 4101 2488 4156 quam
2531 4087 2767 4142 noscitur
2809 4103 2929 4142 esse
2966 4086 3243 4145 liberatus.
3285 4089 3352 4146 Et
3392 4108 3476 4147 rc-

1900 4181 2045 4251 spice
2067 4163 2176 4250 quo
2204 4162 2402 4235 ordine
2430 4178 2620 4250 psalmi
2656 4177 2811 4250 hujus
2840 4181 3109 4236 contextio
3138 4180 3471 4251 disponatur.

1900 4274 2136 4331 Primum
2165 4272 2396 4345 loquitur
2426 4273 2665 4329 Ecclesia
2708 4273 2857 4346 quasi
2886 4273 3047 4331 rudes
3071 4274 3290 4342 docens,
3322 4277 3475 4348 quasi

1900 4369 2136 4440 trepidos
2163 4367 2499 4433 confortans,
2530 4366 2679 4437 quasi
2718 4365 3099 4436 incompositos
3128 4383 3434 4439 praeparans
3458 4414 3473 4440 ,

1900 4471 1955 4518 ut
1985 4461 2261 4531 sequentia
2290 4459 2448 4515 verba
2497 4457 2707 4515 Domini
2736 4459 3030 4515 Salvatoris
3071 4458 3256 4518 libenti
3294 4461 3475 4518 animo

1899 4555 2201 4613 salutariter
2230 4551 2455 4623 populus
2486 4561 2815 4622 praeparatus
2840 4550 3068 4607 audiret.

2201 4664 2557 4723 EXPOSITIO
2593 4662 2658 4718 IN
2694 4661 3015 4719 PSALMUM
3052 4658 3160 4717 XL.

2326 4755 2393 4811 In
2422 4756 2574 4826 finem
2604 4754 2831 4828 psalmus
2862 4752 3046 4807 David.

1973 4872 2143 4929 Verba
2196 4871 2299 4927 ista
2343 4867 2607 4939 frequenti
2656 4882 2756 4923 usu
2792 4865 2947 4923 nobis
2977 4864 3089 4935 jam
3125 4862 3323 4921 debent
3357 4878 3480 4923 esse

1897 4967 2214 5030 notissima;
2247 4964 2342 5020 sed
2372 4963 2605 5020 breviter
2632 4962 2771 5017 dicta
2803 4970 3113 5041 tangamus,
3143 4958 3323 5014 omnia
3350 4959 3478 5015 diri-

1898 5072 2093 5134 guntur
2146 5063 2212 5117 ad
2261 5061 2531 5116 Christum
2591 5057 2896 5114 Dominum.
2953 5057 3249 5127 Magnificat
3297 5066 3474 5113 autem

1901 5154 2043 5210 hunc
2072 5156 2364 5225 psalmum,
2398 5151 2536 5221 quod
2576 5149 2629 5203 in
2661 5147 3081 5219 quadragenario
3119 5162 3343 5205 numero
3377 5165 3477 5204 no-

1900 5249 2068 5305 scitur
2104 5249 2433 5307 collocatus;
2462 5243 2550 5313 qui
2578 5242 2812 5297 calculus
2855 5230 3216 5297 cmundationi
3241 5249 3298 5297 et
3329 5243 3479 5311 puri-

1900 5340 2134 5397 ﬁcationi
2161 5339 2462 5408 frequenter
2489 5341 2717 5403 aptatur.
2742 5333 3097 5416 Quadraginta
3122 5334 3264 5390 enim
3290 5332 3481 5389 diebus

1902 5436 2023 5492 fuso
2052 5433 2258 5489 diluvio
2289 5430 2357 5484 ab
2397 5428 2767 5497 iniquitatibus
2809 5420 3082 5483 hominum
3124 5436 3266 5483 terra
3310 5426 3477 5481 diluta

1903 5538 2008 5585 est.
2040 5521 2398 5594 Quadraginta
2435 5535 2647 5591 quoque
2686 5521 2873 5576 diebus
2912 5529 3129 5576 sanctus
3163 5519 3373 5591 Moyses
3411 5517 3480 5575 ab

1902 5620 2045 5677 escis
2074 5615 2344 5685 corporeis
2376 5614 2725 5681 temperavit,
2757 5621 2816 5668 ut
2843 5612 3019 5667 divina
3057 5612 3321 5682 colloquia
3364 5624 3478 5668 me-

1903 5722 2135 5770 reretur.
2156 5686 2355 5765 Eodem
2387 5706 2545 5763 modo
2580 5706 2723 5762 Elias
2755 5704 2981 5776 suffugio
3010 5719 3070 5760 se
3096 5717 3371 5766 corporea:
3393 5717 3479 5756 re-

1903 5802 2151 5864 fectionis
2202 5799 2476 5857 abstinuit.
2531 5798 2652 5869 Ipse
2697 5810 2908 5867 quoque
2956 5796 3208 5851 Dominus
3256 5791 3477 5848 totidem

1903 5898 2093 5958 diebus
2116 5911 2180 5955 ac
2202 5893 2447 5952 noctibus
2469 5890 2764 5963 jejunavit,
2793 5900 2851 5947 ut
2877 5889 3027 5946 nobis
3058 5888 3279 5944 fortnam
3307 5886 3477 5943 beatas
