4004 6342
459 420 563 483 αρε

1659 416 1730 473 M.
1773 414 2058 476 AUREL“
2089 413 2496 476 CASSIODORI

3624 412 3765 470 29¢:

460 539 850 615 puriﬁcationis
879 534 1207 595 ostenderet.
1249 531 1684 603 Quadragesima:
1724 536 1851 602 quin
1881 535 2043 589 etiam
2074 534 2127 596 Λ
2151 530 2444 587 debeamus
2472 532 2692 598 propter
2716 526 2986 584 Christum
3028 525 3312 584 Dominum
3346 532 3614 595 nostrum,
3641 528 3744 599 qui

460 633 635 704 ipsius
658 633 916 689 docemur
942 626 1211 698 exemplo.
1253 622 1602 680 Prtemittitur
1631 631 1839 695 tempus
1875 623 2046 680 absti-

462 726 694 792 nentiae,
724 732 783 781 ut
808 722 992 779 dilutis
1019 717 1271 775 sordibus
1311 724 1653 785 peccatorum
1695 714 1764 770 ad
1799 729 2051 772 resurre-

466 819 700 876 ctionem
728 815 939 874 Domini
970 812 1118 885 puris
1145 811 1416 870 mentibus
1442 809 1780 866 accedamus.
1808 808 2053 879 Quapro-

464 920 585 982 pter
614 912 756 966 hunc
783 908 1045 979 psalmum
1076 906 1216 962 inter
1243 904 1334 960 illa
1374 901 1681 974 iudicemus
1715 912 2053 959 sacramenta

462 1002 754 1072 repositum
774 1040 792 1067 ,
825 1015 944 1069 quae
969 998 1178 1054 animas
1207 1003 1423 1053 nostras
1449 994 1656 1051 caelesti
1680 994 2054 1066 puriﬁcatione

469 1076 625 1167 139
654 1093 1042 1155 mundiﬁcant;
1086 1091 1318 1147 maxime
1354 1088 1579 1161 quando.
1605 1088 1675 1144 de
1712 1088 2053 1159 eleemosyna

466 1187 726 1256 prepheta
775 1185 1018 1242 dicturus
1069 1192 1186 1253 est,
1230 1198 1336 1253 qua
1384 1181 1604 1253 proprie
1651 1181 1765 1237 ﬁeri
1816 1181 2056 1235 noscitur

464 1275 710 1345 purgatio
773 1288 1133 1346 peccatorum.
1202 1273 1419 1343 Legitur
1466 1270 1659 1329 enim:
1715 1271 1862 1326 Sicut
1921 1286 2057 1341 aqua

464 1369 736 1440 exstinguit
785 1368 987 1438 ignem,
1010 1367 1083 1422 sic
1119 1364 1441 1439 eleemosqna
1482 1363 1754 1437 exstinguit
1793 1372 2057 1435 peccatum

469 1458 667 1532 (Eccli.
694 1474 783 1529 ut,
813 1458 937 1530 35).

1042 1569 1241 1625 Divisio
1258 1556 1472 1635 'psalmt.

545 1682 723 1740 Primo
762 1684 1004 1755 ingressu
1032 1684 1291 1755 propheta
1324 1678 1588 1755 loquitur,
1616 1685 1830 1742 beatum
1855 1683 2056 1756 praedi-

470 1793 600 1835 cans
643 1779 999 1850 elcemosynae.
1046 1779 1378 1850 largitorem,
1419 1779 1701 1851 multiplici
1738 1778 2058 1835 eum‘bene-

468 1870 703 1930 dictione
731 1872 1134 1927 concelebrans.
1175 1871 1423 1927 Secundo
1463 1862 1750 1941 gloriosam
1794 1872 2056 1927 Dominus
2086 1884 2141 1946 Β

469 1978 619 2020 suam
650 1973 1035 2020 commemorat
1060 1965 1386 2035 passionem.
1418 1964 1599 2021 Tertio
1629 1965 1698 2021 ad
1722 1966 2053 2021 conﬁrman-

470 2055 591 2113 dam
617 2072 768 2127 spem
799 2056 1056 2124 ﬁdelium,
1090 2055 1233 2112 idem
1254 2057 1510 2113 Dominus
1534 2056 1777 2114 Christus
1808 2054 2049 2127 praedicit

472 2149 738 2220 propriam
768 2150 1245 2206 resurrectionem.

1005 2260 1280 2332 Expositio
1314 2260 1521 2333 psalmi.

542 2375 700 2434 Vers.
734 2396 745 2430 ι
770 2413 785 2430 .
816 2375 1004 2433 Beatus
1043 2376 1131 2445 qui
1158 2376 1400 2448 intelligit
1427 2390 1583 2445 super
1608 2390 1822 2448 egenum
1848 2383 1898 2431 et
1924 2391 2057 2447 pau-

470 2486 641 2542 perem
666 2470 756 2524 :in
784 2472 868 2524 die
887 2470 1032 2525 mala
1059 2470 1287 2525 liberabit
1310 2486 1426 2525 eum
1450 2469 1718 2525 Dominus.
1746 2469 1842 2526 llic
1861 2469 2055 2525 iterum

471 2561 844 2632 hypotheticus
872 2562 1217 2632 syllogismus
1243 2563 1343 2619 hac
1372 2564 1579 2619 ratione
1607 2563 1918 2634 resplendet
1947 2581 1959 2618 :
1995 2563 2053 2619 Si

470 2652 646 2709 omnis
672 2652 861 2708 beatus
898 2650 1153 2733 intelligit
1194 2666 1355 2724 super
1395 2667 1625 2723 egenum
1653 2664 1708 2709 et
1739 2669 2055 2726 pauperem,

470 2743 523 2799 in
547 2744 636 2801 die
660 2744 802 2800 mala
829 2744 1073 2800 liberabit
1116 2759 1239 2801 eum
1290 2744 1572 2802 Dominus.
1603 2748 1853 2802 Attamen
1883 2747 2061 2803 omnis

469 2835 659 2894 beatus
698 2836 952 2907 intelligit
997 2851 1162 2907 super
1202 2852 1431 2909 egenum
1459 2845 1515 2893 et
1545 2852 1853 2909 pauperem.
1885 2838 1944 2893 ln
1970 2838 2062 2895 die

471 2930 634 3002 igitur
681 2930 818 2985 mala
863 2929 1113 2987 liberabit
1158 2944 1281 2987 eum
1333 2929 1613 2985 Dominus.
1667 2930 2058 3002 Hypotheticus

470 3031 674 3086 autem,
702 3023 755 3078 id
794 3032 899 3091 est,
929 3002 1307 3080 conditionalis
1343 3024 1687 3097 syllogismus
1733 3033 1837 3092 est,
1869 3027 1959 3095 qui
1988 3040 2056 3081 ex

471 3112 919 3169 conditionalibus
975 3115 1431 3184 propositionibus
1478 3114 1701 3183 {habens
1756 3116 2057 3172 absolutam

472 3204 916 3275 assumptionem;
933 3205 1138 3276 colligit
1156 3207 1579 3263 conclusionem.
1605 3206 1759 3262 Nunc
1777 3208 2055 3278 sequentia

473 3268 767 3355 videamus.
837 3268 1088 3357 Secunda
1139 3310 1224 3359 est
1274 3303 1483 3373 species
1545 3268 1876 3360 deﬁnitionis
1935 3268 2132 3374 quznc

472 3389 658 3448 Graece
676 3384 1284 3461 ennoematicedicitur,
1309 3393 1498 3450 Latine
1521 3384 1670 3451 notio
1696 3405 2053 3465 nuncupatur.

474 3480 599 3539 Haec
635 3482 703 3540 de
732 3482 888 3540 factis
925 3485 1038 3541 suis
1078 3499 1513 3556 unumquemque
1542 3487 1669 3557 quid
1697 3487 1767 3543 sit
1802 3487 2055 3544 ostendit.

472 3574 613 3631 Dicit
640 3576 785 3631 enim
833 3577 1124 3661 quomodo.
1152 3586 1372 3647 peccata
1392 3568 1511 3648 'per
1536 3579 2053 3650 operationes..elee‘

400 3661 413 3711 -’
472 3681 817 3739 mosynarum
860 3668 1247 3725 saluberrimas
1295 3670 1598 3741 expientur,
1629 3679 1690 3727 ut
1738 3664 2057 3741 possit'bea-

474 3757 650 3816 titudo
673 3761 1063 3833 gloriosissima
1094 3764 1344 3834 reperiri.
1373 3764 1644 3821 Suadebat
1683 3781 1782 3821 nos
1806 3767 2055 3836 equidem

473 3851 708 3924 dignitas
737 3853 816 3911 rei
853 3869 950 3924 per
993 3855 1171 3913 locum
1208 3873 1547 3915 communem
1593 3858 1829 3929 aliquam
1877 3859 2057 3917 facere

471 3943 889 4014 digressionem;
940 3955 998 4002 ut
1040 3948 1519 4006 reconciliatricem
1567 3949 1789 4005 humani
1838 3952 2053 4023 generis

470 4034 865 4108 eleemosyuam
897 4038 1118 4097 laudare
1137 4039 1476 4097 deberemus.
1507 4041 1615 4098 Sed
1637 4042 1891 4112 quoniam
1918 4042 2058 4098 mul-

470 4137 645 4185 torum
674 4128 889 4186 Patrum
922 4132 1261 4190 sanctissimo
1303 4143 1465 4206 atque
1493 4134 1936 4206 eloquentissimo
1963 4149 2057 4191 ore

470 4219 737 4277 celebrata
766 4232 871 4289 est,
899 4223 1135 4282 sufﬁciat
1168 4225 1235 4280 ad
1274 4240 1460 4283 eorum
1511 4226 1679 4283 libros
1722 4228 2056 4284 audientium

471 4310 634 4365 corda
682 4313 984 4376 remisisse;
1011 4324 1068 4369 ut
1115 4323 1170 4369 et
1206 4314 1419 4372 illorum
1466 4316 1790 4374 desiderium
1840 4319 2059 4377 uberius

474 4401 775 4472 expleatur,
817 4413 874 4459 et
912 4419 1013 4460 nos
1059 4416 1296 4476 carptum
1346 4423 1504 4478 opus,
1528 4408 1755 4479 iuvante
1804 4411 2054 4481 Domino,

475 4494 683 4549 naviter
710 4492 1049 4564 impleamus.
1080 4497 1187 4553 Sed
1215 4497 1341 4554 licet
1368 4499 1522 4554 multi
1562 4500 1752 4556 Patres
1776 4500 1844 4558 de
1871 4503 1974 4559 hac
1997 4518 2057 4560 re

474 4585 626 4656 plura
668 4587 1117 4658 conscripserint,
1150 4588 1320 4645 oritttr
1346 4599 1527 4648 tamen
1556 4593 1695 4650 inter
1734 4610 1829 4652 eos
1853 4597 1921 4653 de
1951 4597 2053 4655 hoc

2151 622 2219 677 de
2245 621 2569 692 pauperibus
2599 619 2712 675 suis
2738 619 2793 675 in
2817 619 3026 691 iudicio
3076 620 3291 692 proprio
3333 620 3576 676 dicturus
3605 632 3690 675 est
3722 634 3743 675 :

2156 711 2259 779 Qui
2289 712 2407 782 fecit
2431 711 2521 767 uni
2547 728 2611 766 ea:
2635 711 2860 766 minimis
2898 713 3035 781 istis,
3066 712 3189 766 milii
3215 712 3334 783 fecit
3360 710 3575 784 (Matth.
3600 725 3746 778 xxv,

2153 800 2266 872 40).
2295 800 2435 869 Quid
2456 800 2602 857 enim
2630 801 2736 857 dici
2768 808 2943 872 potest
2983 802 3285 870 sublimius,
3317 802 3512 872 quidve
3535 801 3748 872 glorio-

2151 893 2284 959 sius,
2312 892 2528 964 quando
2556 901 2647 948 aut
2673 894 2775 966 ipsi
2805 894 3155 964 prietermissi
3183 896 3235 950 in
3274 894 3451 964 ignem
3480 908 3582 949 nos
3608 894 3749 951 diri—

2155 996 2306 1075 gunt,
2334 997 2424 1043 aut
2450 987 2780 1043 remunerati
2812 1002 2909 1045 nos
2940 988 3007 1043 ad
3032 987 3308 1043 dexteram
3356 986 3750 1042 collocabunt!

2152 1077 2257 1136 Sed
2302 1078 2524 1135 adverte
2570 1078 2710 1149 quod
2759 1078 2928 1145 dicit,
2976 1078 3253 1150 intelligit;
3302 1084 3361 1132 ut
3409 1077 3573 1133 etiam
3630 1091 3751 1133 non

2159 1170 2466 1240 petentibus
2497 1170 2691 1227 talibus
2716 1170 3145 1227 oll'eratur.‘Nam
3174 1170 3265 1239 qui
3298 1170 3499 1239 petenti
3528 1169 3751 1237 tribuit;

2158 1261 2356 1318 bonum
2383 1276 2521 1331 opus
2542 1261 2734 1328 efﬁcit;
2765 1263 2853 1333 qui
2884 1278 3013 1319 vero
3037 1270 3299 1317 tacentem
3322 1261 3589 1332 intelligit,
3611 1261 3751 1317 bea-

2157 1354 2437 1411 titudinem
2467 1354 2585 1410 sine
2613 1355 2788 1425 aliqua
2815 1355 3147 1411 dubitatione
3172 1355 3461 1426 conquirit.
3492 1354 3747 1421 Addidit,

2154 1449 2210 1503 in
2257 1448 2341 1503 die
2385 1450 2521 1503 mala
2565 1448 2793 1503 liberabit
2839 1465 2958 1504 eum
3006 1448 3282 1505 Dominus.
3334 1449 3484 1504 Diem
3520 1449 3746 1520 quidem

2155 1541 2343 1614 iudicii
2386 1542 2672 1613 signiﬁcat.
2705 1542 2811 1599 Sed
2841 1543 3049 1612 aliquos
3079 1552 3287 1608 movet,
3318 1542 3460 1613 quod
3490 1551 3598 1597 tam
3626 1542 3742 1599 l're-

2159 1643 2385 1706 quenter
2414 1634 2605 1688 malam
2632 1634 2778 1690 dicit.
2808 1634 2995 1691 Omnis
3024 1634 3185 1690 homo
3213 1633 3414 1689 malum
3448 1642 3501 1690 et
3531 1634 3735 1690 formi-

2158 1727 2334 1785 dabile
2357 1728 2501 1797 iuste
2529 1726 2630 1783 sibi
2657 1727 2783 1783 dicit
2813 1741 2934 1783 esse
2957 1726 3333 1796 Deiiudicium
3361 1725 3521 1798 :quia
3550 1738 3751 1795 pecca-

2164 1822 2368 1877 toribus
2410 1820 2589 1876 debita
2640 1835 2797 1891 poma
2844 1829 3093 1890 suspecta
3141 1828 3246 1876 est.
3294 1817 3427 1875 Nam
3479 1817 3580 1874 etsi
3627 1816 3755 1887 eius
3805 1827 3809 1831 ·

2160 1911 2502 1969 miseratione
2530 1910 2853 1979 liberamur,
2881 1910 3122 1982 vigorem
3152 1922 3331 1970 tamen
3357 1910 3547 1983 iudicii
3574 1909 3757 1981 ipsius

2157 2016 2303 2063 recte
2334 2006 2682 2076 pavescimus.

2227 2099 2381 2154 Vers.
2416 2098 2473 2155 2.
2511 2098 2762 2171 Dominus
2806 2105 3065 2154 conserret
3101 2113 3238 2165 eum,
3267 2107 3315 2153 et
3356 2096 3573 2167 uiviﬁcet
3608 2112 3757 2164 eum,

2157 2200 2207 2247 et
2244 2190 2445 2246 beatum
2484 2192 2642 2262 faciat
2689 2209 2840 2260 eum,
2884 2202 2934 2248 et
2978 2192 3214 2247 emundet
3255 2194 3308 2246 in
3347 2201 3485 2246 terra
3521 2191 3759 2246 animant

2158 2283 2268 2354 ejus
2294 2298 2313 2337 :
2334 2292 2382 2337 et
2409 2300 2513 2338 non
2540 2283 2714 2338 tradat
2739 2294 2855 2339 eum
2885 2284 3131 2339 inmanus
3150 2283 3307 2357 [mss.
3330 2283 3423 2350 Δ..
3455 2283 3543 2349 8.,
3572 2282 3664 2347 F.,
3695 2282 3761 2337 its

2158 2375 2407 2449 animam]
2434 2377 2626 2431 inimici
2648 2379 2778 2449 ejus.
2802 2377 2996 2433 Petilio
3017 2377 3119 2432 ista
3145 2376 3427 2447 prophetat
3449 2386 3600 2433 certa
3624 2389 3756 2445 pro.

2159 2468 2347 2525 missio
2376 2477 2478 2535 est,
2520 2470 2641 2539 quia
2671 2469 2750 2524 sic
2782 2468 2898 2525 ﬁeri
2929 2484 3156 2526 necesse
3183 2477 3306 2525 est:
3330 2469 3376 2524 si
3405 2477 3587 2522 tamen
3618 2482 3757 2537 ege-

2160 2576 2262 2617 nus
2305 2569 2359 2616 et
2404 2576 2608 2631 pauper
2654 2562 2744 2632 pio
2788 2576 3014 2617 munere
3060 2562 3392 2618 sublevetur.
3444 2559 3753 2628 Conseruet,

2163 2653 2413 2711 dixitzid
2442 2663 2547 2720 est,
2574 2655 2717 2711 inter
2763 2654 2903 2711 mala
2950 2654 3135 2711 saeculi
3176 2655 3351 2725 perire
3397 2668 3506 2708 non
3559 2653 3753 2720 iaciat;

2160 2750 2253 2806 sed
2285 2749 2352 2805 ad
2381 2762 2532 2805 suam
2575 2749 2985 2806 retributionem
3032 2750 3257 2805 illaesum
3296 2759 3481 2806 sancta
3523 2763 3754 2805 conver.

2160 2845 2372 2900 satione
2403 2841 2680 2915 perducat.
2738 2841 2854 2898 Vivi
2884 2851 3062 2899 autem
3106 2843 3318 2913 proprie
3359 2841 3435 2897 illi
3474 2840 3752 2908 dicuntur,

2161 2936 2249 3005 qui
2280 2950 2339 2991 se
2368 2950 2399 2990 a
2426 2934 2727 2991 Christiana
2769 2932 2874 2990 ﬁde
2922 2948 3029 2989 non
3056 2933 3319 2990 dividunt.
3368 2932 3503 2989 Nam
3543 2933 3614 2988 de
3644 2933 3753 2992 illis

2160 3026 2250 3096 qui
2298 3026 2350 3081 in
2399 3041 2585 3082 errore
2632 3034 2916 3082 versantur
2959 3026 3159 3084 dictum
3202 3036 3286 3083 est
3312 3042 3325 3080 :
3356 3027 3481 3082 Sine
3521 3037 3754 3083 mortuos

2161 3118 2406 3189 sepeliant
2436 3128 2663 3172 mortuos
2691 3135 2812 3174 suos
2850 3118 3017 3190 (Luc.
3043 3134 3127 3184 ιι,
3174 3115 3303 3189 60).
3353 3119 3494 3190 Ergo
3538 3117 3754 3188 viuiﬁcet

2160 3214 2279 3262 eum
2304 3208 2456 3275 dicit,
2485 3210 2585 3264 hoc
2617 3217 2730 3274 est,
2763 3210 2921 3279 faciat
2971 3210 3120 3266 illum
3162 3209 3305 3266 inter
3343 3210 3543 3266 electos
3571 3210 3626 3266 in
3654 3214 3757 3269 sua

2162 3299 2345 3356 vivere
2374 3300 2641 3370 portione.
2670 3300 2905 3367 Addidit,
2930 3310 2977 3357 et
3000 3302 3201 3357 beatum
3228 3303 3384 3373 faciat
3405 3317 3538 3370 eum,
3566 3302 3751 3373 utique

2164 3400 2223 3447 ut
2263 3392 2319 3446 in
2357 3394 2749 3448 resurrectione
2801 3392 2869 3448 ad
2920 3393 3197 3451 dexteram
3241 3393 3559 3460 collocetur,
3594 3402 3650 3450 et
3696 3393 3752 3449 in

2161 3486 2386 3556 patriam
2416 3485 2565 3540 illam
2590 3486 2869 3541 beatorum
2901 3487 3295 3557 magniJudicis
3315 3487 3753 3558 pronuntiatione

2160 3578 2421 3633 mittatur.
2473 3576 2581 3634 Sed
2613 3587 2732 3648 post
2760 3578 2847 3632 illa
2878 3579 3156 3649 superiora
3207 3594 3327 3650 quat
3371 3579 3604 3646 dixerat,
3631 3593 3752 3637 rem

2161 3670 2320 3728 nimis
2346 3672 2702 3727 necessariam
2721 3670 2917 3741 tangit,
2945 3679 3005 3726 ut
3029 3671 3153 3727 dum
3184 3672 3238 3727 in
3266 3672 3369 3728 isto
3396 3671 3596 3740 mundo
3623 3686 3752 3728 con-

2160 3762 2324 3830 sistit,
2354 3770 2693 3831 peccatorum
2740 3761 3061 3817 remissione
3109 3762 3393 3817 mundetur
3422 3761 3553 3817 :ubi
3591 3761 3753 3819 venia

2160 3862 2337 3924 optata
2369 3855 2675 3923 suscipitur,
2705 3853 2751 3909 si
2795 3852 2990 3909 devota
3019 3854 3408 3925 supplicatione
3439 3854 3743 3923 plangatur.

2163 3946 2453 4016 Subiunxit
2480 3948 2662 4013 etiam,
2683 3962 2752 4002 ne
2776 3948 2830 4000 in
2863 3945 3096 4001 manibus
3126 3945 3320 4001 inimici
3348 3946 3604 3999 tradatur.
3634 3942 3752 3999 Inic

2161 4041 2325 4095 micas
2354 4038 2595 4095 diabolus
2624 4050 2709 4095 est
2731 4057 2746 4095 :
2770 4056 2954 4094 manus
2983 4043 3097 4113 ejus
3130 4047 3367 4110 potestas
3415 4038 3596 4109 iniqua
3633 4045 3749 4105 est;

2160 4149 2283 4190 nam
2317 4148 2450 4210 quas
2469 4149 2651 4188 manus
2672 4132 2889 4201 habeat,
2914 4132 3004 4201 qui
3026 4146 3244 4187 carnem
3274 4147 3379 4188 non
3409 4130 3609 4188 habet?
3632 4131 3751 4202 Ipsa

2160 4241 2289 4298 ergo
2341 4236 2580 4299 potesms
2631 4234 2735 4289 est,
2767 4240 2871 4295 qua
2923 4238 3111 4279 servos
3138 4223 3235 4279 Dei
3264 4223 3545 4293 multiplici
3575 4231 3749 4280 tenta-

2162 4317 2306 4374 tione
2336 4320 2580 4388 castigat.
2611 4318 2678 4373 Et
2700 4317 3067 4372 animadverte
3095 4317 3309 4386 quoties
3335 4318 3390 4371 in
3420 4315 3522 4373 hoc
3553 4309 3750 4385 versu,

2160 4418 2229 4477 et,
2276 4411 2477 4480 posuit;
2516 4418 2574 4464 ut
2620 4409 2840 4478 ﬁguram
2891 4407 3306 4480 polysyutheton
3352 4409 3750 4481 coniunctionis

2159 4501 2319 4574 huius
2351 4502 2617 4574 frequenti
2644 4501 2925 4557 iteratione
2954 4511 3306 4561 monstraret.

2233 4592 2276 4649 ν
2282 4607 2387 4649 crs.
2406 4597 2458 4650 5.
2479 4592 2729 4648 Dominus
2751 4610 2898 4665 apem
2927 4594 3057 4664 [erat
3087 4596 3167 4650 illi
3195 4613 3353 4664 super
3376 4596 3565 4651 lectum
3598 4596 3750 4653 dolo-

473 4677 697 4734 articulo
726 4678 978 4734 nonnulla
1016 4679 1298 4738 dissensio.
1328 4681 1547 4754 Legitur
1574 4685 1719 4742 enim
1745 4703 1759 4740 :
1787 4687 1942 4744 Omni
1971 4708 2054 4761 pe-
2080 4663 2132 4725 Ῑ)
2156 4688 2229 4743 ris
2257 4690 2409 4760 ejus:
2437 4690 2727 4744 universum
2750 4663 2969 4744 stratum
2999 4694 3114 4763 ejus
3141 4693 3352 4751 versasti
3371 4694 3425 4747 in
3447 4693 3749 4762 inﬁrmitate

472 4771 595 4825 tenti
641 4779 689 4826 te
728 4772 891 4827 tribue
933 4772 1087 4845 (Luc.
1129 4788 1205 4840 vr,
1238 4774 1353 4846 50).
1403 4775 1671 4845 Scriptum
1721 4788 1804 4836 est
1850 4781 2057 4838 etiam:

473 4863 704 4919 Desudet
751 4866 1098 4938 eleemosyna
1145 4867 1198 4923 in
1229 4882 1389 4923 manu
1423 4878 1532 4936 tua,
1590 4870 1764 4928 donec
1810 4873 2054 4931 invenias

473 4952 696 5024 iustum,
724 4957 811 5012 cui
837 4973 959 5013 eam
989 4958 1189 5015 tradas.
1239 4959 1343 5016 Sed
1371 4961 1416 5015 si
1446 4975 1633 5017 omnes
1658 4962 1835 5032 iustos
1862 4967 2054 5034 quaeri-

473 5062 613 5117 mus,
674 5048 988 5118 imperatam
1028 5052 1445 5123 constringimus
1496 5053 1820 5123 largitatem.
1853 5056 2049 5113 Verum

472 5138 591 5196 haec
617 5154 777 5197 causa
822 5140 877 5197 in
906 5143 1020 5199 sola
1051 5144 1138 5214 pia
1164 5146 1441 5202 voluntate
1485 5146 1729 5202 consistit
1756 5165 1768 5200 :
1794 5148 1915 5218 quia
1946 5163 2052 5205 non

472 5242 554 5288 est
582 5242 823 5290 nostrum
851 5236 1002 5317 prius
1031 5252 1209 5295 mores
1237 5239 1529 5307 discutere,
1560 5251 1615 5296 et
1641 5243 1722 5298 sic
1748 5242 2052 5312 indigentiae

471 5324 779 5382 subvenire.
829 5326 1038 5383 Sufﬁcit
1065 5330 1243 5399 nobis,
1267 5342 1325 5387 ut
1353 5348 1454 5389 nos
1480 5334 1611 5389 dare
1651 5334 1853 5405 aliquid
1894 5337 2053 5393 malis

471 5415 680 5474 artibus
704 5418 1027 5487 nesciamus,
1057 5435 1157 5477 nec
1180 5423 1461 5494 opiniones
1484 5423 1760 5481 hominum
1788 5427 2053 5498 captando

470 5508 601 5565 elati
647 5502 1044 5584 eleemosynam
1095 5515 1383 5585 largiamur
1416 5535 1430 5571 :
1466 5518 1561 5574 sed
1607 5533 1893 5589 operemur
1939 5522 2055 5578 solo

470 5600 663 5658 an'ectu
703 5604 1075 5676 subveniendi,
1107 5606 1249 5677 quod
1280 5622 1379 5664 nos
1407 5623 1571 5679 super
1609 5612 1788 5669 omnia
1814 5614 2057 5686 praecipit

472 5692 731 5751 Divinitas
753 5696 969 5753 intueri.
994 5697 1096 5764 Qui
1131 5698 1211 5755 sic
1231 5699 1460 5767 dederit,
1484 5702 1583 5757 etsi
1609 5701 1767 5773 iustis
1799 5720 1904 5760 non
1938 5704 2049 5773 det,

469 5786 610 5856 iuste
626 5798 800 5845 tamen
828 5789 1075 5847 omnibus
1087 5792 1345 5863 erogabit.
1367 5792 1476 5850 Sed
1500 5795 1672 5865 maior
1698 5812 1858 5868 opera
1876 5798 2050 5854 danda

472 5890 586 5958 est,
617 5893 674 5967 ut
715 5884 914 5945 sanctis
963 5885 1090 5946 viris
1124 5885 1179 5946 in
1218 5887 1395 5963 aliqua
1444 5889 1735 5964 indEgcntia
1768 5891 2050 5951 subvenire

2162 4781 2295 4851 ejus.
2326 4780 2403 4838 Ne
2431 4791 2649 4852 putares
2674 4782 2884 4839 beatum
2927 4783 3087 4839 istum
3117 4782 3169 4838 in
3199 4786 3299 4840 huc
3328 4785 3528 4841 mundo
3558 4786 3748 4841 incon.

2158 4889 2369 4930 cussam
2421 4877 2660 4945 requiem
2712 4877 3030 4948 possidere,
3076 4877 3292 4935 dolores
3353 4879 3472 4949 eius
3512 4880 3749 4951 mitigari

2157 4966 2505 5037 deprecatur;
2551 4975 2608 5022 ut
2665 4969 2950 5024 multitudo
3012 4970 3275 5026 malorum
3334 4972 3745 5041 temperatiouis

2161 5057 2424 5114 beneﬁcio
2457 5058 2782 5115 vinceretur.
2816 5060 3000 5117 Lectus
3029 5063 3171 5118 enim
3203 5064 3358 5119 nobis
3386 5064 3544 5120 datus
3574 5064 3748 5125 estad

2161 5151 2417 5221 quietem,
2434 5152 2486 5207 in
2510 5167 2616 5223 quo
2639 5168 2698 5209 se
2722 5154 2994 5210 hominum
3017 5154 3158 5211 fessa
3179 5156 3418 5212 membra
3439 5156 3744 5213 refoveant;

2159 5238 2246 5297 Sic
2275 5252 2329 5298 et
2369 5242 2459 5299 ille
2502 5243 2593 5311 qui
2633 5245 3011 5314 patrimonium
3056 5247 3343 5317 conquirit,
3376 5263 3600 5304 uxorem
3638 5247 3745 5304 sibi

2157 5335 2408 5405 copulat,
2435 5334 2574 5393 ﬁlios
2620 5348 2897 5407 procreat,
2927 5338 3017 5409 qui
3060 5339 3327 5395 amicitias
3371 5348 3557 5409 parat,
3589 5337 3744 5411 quasi

2160 5428 2214 5484 in
2262 5428 2493 5499 quodam
2543 5428 2683 5487 lecto
2736 5430 3108 5488 delectationis
3153 5432 3323 5501 gratia
3384 5432 3741 5502 conquiescit.

2160 5519 2267 5578 Sed
2316 5521 2435 5578 haec
2479 5522 2783 5594 frequenter
2823 5524 2995 5580 servis
3025 5524 3135 5581 suis
3172 5540 3352 5581 amara
3383 5533 3439 5582 et
3465 5525 3744 5581 doloribus

2158 5612 2314 5683 plena
2364 5614 2621 5671 Dominus
2670 5615 2819 5682 facit,
2862 5632 2931 5672 ne
2980 5632 3129 5687 spem
3179 5633 3328 5674 suam
3376 5627 3641 5687 ponentes
3688 5616 3743 5677 in

2159 5708 2541 5777 temporalibus
2568 5709 2726 5764 rebus
2757 5708 2931 5779 futura
2978 5710 3115 5766 bona
3145 5728 3248 5767 non
3280 5720 3555 5782 appetant.
3600 5712 3742 5780 Qua-

2158 5812 2375 5871 propter
2403 5811 2552 5873 optat
2580 5801 2837 5873 prepheta
2880 5812 2939 5857 ut
2973 5804 3280 5859 consoletur
3310 5805 3571 5861 Dominus
3597 5805 3742 5869 dolo-

2156 5908 2271 5954 rem
2317 5898 2463 5969 ejus,
2513 5898 2603 5970 qui
2657 5900 2711 5955 in
2760 5896 3116 5959 delectatione
3167 5914 3261 5961 sua
3306 5898 3453 5972 quasi
3504 5898 3739 5975 quodam

2496 6028 2499 6035 4
2522 6026 2530 6030 ⁴
2576 6021 2641 6038 nf.\
2675 6029 2677 6037 ,
