4004 6342
156 484 257 543 297

1079 482 1445 546 EXPOSITIO
1482 479 1549 541 IN
1587 475 2050 542 PSALTERIUM.
2088 477 2283 538 PSAL.
2323 477 2435 537 XL.

3322 479 3429 536 298

159 597 356 655 lectulo
409 595 702 652 sauciatur.
763 593 999 665 Addidit,
1043 598 1333 654 universum
1368 607 1583 655 stratum
1629 600 1744 670 ejus
1773 601 1826 662 Α
1852 597 2151 668 Utrumque
2192 597 2472 666 miserum,
2500 598 2786 665 utrumque
2814 593 3127 666 pestiferum
3151 609 3168 649 :
3195 593 3428 667 ingressi

157 690 363 744 uersasti
392 687 449 742 in
478 687 776 754 inﬁrmitate
801 691 936 760 ejus.
977 688 1208 746 Causam
1235 690 1432 746 excolit
1462 704 1624 762 quam
1653 704 1744 745 su-

158 781 336 851 perius
381 778 709 848 dixit:quia
752 779 1087 848 providentia
1131 780 1312 837 divina
1363 781 1653 852 perﬁcitur,
1690 787 1748 836 ut

160 887 435 929 servorum
465 871 560 928 Dei
586 871 857 927 mundana
900 872 1190 929 delectatio
1221 875 1275 929 in
1305 873 1565 945 angustiis
1589 871 1748 927 dolo.

160 965 418 1034 ribusque
443 972 720 1028 versetur;
765 972 1025 1034 quatenus
1053 965 1138 1020 hic
1172 963 1398 1020 diversis
1427 960 1748 1019 calamitati-

164 1054 255 1110 bus
279 1053 492 1118 alﬂicti,
525 1063 743 1109 acterna:
769 1053 1116 1110 beatitudinis
1141 1055 1382 1126 requiem
1414 1067 1750 1125 consequan-

166 1155 281 1214 tur;
326 1147 471 1203 sicut
521 1148 717 1204 factum
772 1157 855 1205 est
905 1148 958 1204 in
1003 1147 1128 1216 Job,
1156 1149 1242 1204 cui
1282 1148 1462 1204 saeculi
1507 1148 1648 1204 bona
1695 1146 1751 1203 in

163 1241 474 1298 inﬁrmitate
502 1257 762 1298 conversa
793 1251 920 1299 sunt
944 1259 958 1301 :
982 1244 1077 1299 sed
1108 1244 1234 1300 inde
1284 1242 1490 1300 felicior
1525 1242 1750 1311 exstitit,

165 1334 277 1403 quia
308 1347 367 1388 se
398 1333 478 1389 illi
507 1334 836 1404 prosperitas
863 1335 1130 1390 mundana
1160 1335 1449 1392 subtraxit.
1483 1333 1749 1403 Quocirca

165 1426 350 1482 talibus
376 1427 545 1485 rebus
570 1437 722 1499 rogat
751 1445 897 1500 opem
920 1432 1054 1500 ferre
1104 1427 1404 1497 Dominum,
1431 1443 1498 1486 ne
1521 1429 1754 1485 humana

166 1516 414 1590 lragilitas
441 1519 598 1576 duris
625 1520 898 1577 laboribus
927 1536 1112 1591 pressa
1154 1533 1462 1593 superetur.

121 1589 141 1686 ἢ
234 1589 389 1667 Vers.
437 1613 498 1667 4.
547 1610 660 1683 Ego
706 1613 844 1681 dixi,
881 1589 1134 1679 Domine,
1175 1589 1412 1670 miserere
1450 1612 1550 1668 mei
1579 1627 1598 1665 :
1627 1626 1757 1666 sana

166 1703 376 1756 animum
413 1719 604 1769 meam,
635 1705 754 1774 quia
791 1705 992 1775 peccavi
1022 1704 1130 1758 tibi.
1180 1702 1316 1760 Cum
1366 1703 1746 1760 tribulationes

168 1794 398 1852 fidelium
445 1795 635 1852 divino
661 1796 866 1867 judicio
918 1798 1034 1854 ﬁeri
1081 1799 1443 1870 cognovisset,
1483 1796 1641 1868 ιω
1664 1812 1758 1851 ex-

169 1887 348 1944 clamat
394 1889 486 1958 pie
523 1889 766 1961 trepidus
812 1891 1069 1961 propheta
1090 1932 1105 1958 ,
1136 1901 1194 1946 ut
1222 1901 1277 1947 et
1304 1893 1420 1962 ipse
1449 1889 1758 1946 misericor-

1847 697 1974 746 sunt
2000 687 2066 743 ad
2095 687 2302 745 facinus
2339 687 2752 758 perpetrandum
2777 726 2792 753 ,
2821 686 3014 744 deinde
3053 686 3200 744 foras
3227 701 3259 742 a
3286 686 3429 743 veri-

1849 781 1975 836 tatis
2001 779 2195 839 ﬁnihus
2221 780 2486 836 exierunt.

1919 873 2074 931 Vere.
2105 874 2160 930 8.
2193 871 2364 930 Simul
2391 874 2445 927 in
2473 889 2634 928 unum
2673 873 3005 929 susurrabant
3031 888 3204 928 omnes
3228 871 3427 926 inimici

1851 970 1950 1025 mei
1974 986 1994 1026 :
2019 970 2290 1025 adversum
2328 984 2408 1024 nte
2439 968 2729 1039 cogitabant
2755 968 2893 1022 mata
2921 968 3067 1021 mihi.
3117 965 3428 1023 Susurratio

1853 1072 1938 1120 est
1961 1063 2072 1119 oris
2112 1061 2462 1133 parvissimus
2506 1074 2672 1117 sonus
2710 1060 2828 1116 sine
2854 1060 3029 1130 aliqua
3057 1060 3206 1114 vocis
3235 1059 3431 1114 distin-

1853 1155 2032 1212 ctione
2078 1155 2372 1212 confusus:
2399 1169 2577 1210 sermo
2624 1164 2823 1210 tractus
2862 1154 2930 1207 ab
2964 1153 3174 1222 apibus,
3205 1165 3432 1223 quarum

1853 1263 1956 1304 vox
1987 1249 2189 1318 prolata
2212 1263 2467 1304 susurrus
2490 1253 2591 1303 est.
2621 1246 2773 1314 Quod
2801 1245 2943 1301 inter
2971 1245 3088 1300 illos
3115 1245 3318 1310 evenit,
3341 1242 3435 1314 qui

1854 1339 1911 1396 in
1940 1340 2157 1395 auribus
2187 1339 2299 1395 suis
2328 1353 2664 1394 murmurare
2688 1337 2917 1394 invicem
2948 1337 3260 1407 gestierunt.
3289 1336 3436 1391 Con-

1855 1431 1974 1487 silia
2001 1431 2199 1502 quippe
2227 1445 2322 1486 sua
2349 1429 2599 1500 detegere
2624 1444 2731 1484 non
2762 1436 3111 1499 praesumunt,
3140 1427 3232 1498 qui
3262 1428 3435 1483 scele-

1854 1539 1976 1580 rum
2003 1525 2263 1580 societate
2290 1523 2562 1594 conjuncti
2589 1529 2732 1577 sunt.
2775 1520 3018 1589 Addidit,
3046 1535 3216 1575 omnes
3241 1519 3438 1576 inimici

1855 1617 1956 1670 mei
2001 1617 2268 1671 adversum
2304 1631 2385 1670 me
2425 1614 2716 1686 cogitabant
2762 1611 2901 1667 mala
2952 1612 3099 1668 mihi.
3156 1611 3438 1682 Expressit

1855 1705 2117 1763 insaniam
2149 1706 2434 1763 furentium
2459 1705 2928 1776 insipientiumque
2960 1704 3304 1775 populorum.
3333 1705 3438 1760 So-

1859 1799 1973 1856 lent
2013 1800 2156 1856 enim
2192 1798 2347 1871 pauci
2373 1813 2493 1856 esse
2521 1799 2783 1856 scelerum
2812 1805 3079 1854 auctores.
3114 1798 3212 1853 llic
3251 1812 3442 1855 omnes

1859 1893 2002 1949 mala
2030 1893 2295 1964 cogitasse
2322 1893 2453 1949 dicti
2481 1901 2639 1959 sunt;
2664 1901 2727 1949 ut
2749 1907 2906 1949 nemo
2928 1894 2997 1948 sit
3020 1892 3197 1948 minus
3219 1906 3442 1960 nocens,

170 1977 299 2035 diam
332 1980 549 2036 Domini
579 1991 940 2052 consequatur
963 1998 978 2039 :
1003 1983 1254 2053 quoniam
1285 1983 1376 2053 qui
1411 1997 1470 2038 se
1496 1994 1752 2051 peccasse
1782 1982 1833 2046 B
1857 2001 1995 2057 quos
2035 2001 2142 2042 una
2179 1986 2431 2042 facinoris
2477 1986 2697 2062 damnat
2735 1985 3032 2056 aequalitas.
3061 1983 3215 2053 Quod
3260 1994 3442 2041 autem

171 2083 509 2144 cognoverat,
535 2075 920 2131 tentationibus
949 2074 1088 2131 tradi
1110 2075 1234 2144 jure
1259 2075 1551 2131 metuebat.
1580 2074 1754 2129 Omne

174 2165 302 2218 enim
326 2173 611 2235 peccatum
637 2166 859 2223 morbus
888 2176 970 2223 est
995 2166 1316 2235 animarum,
1345 2181 1452 2236 quo
1477 2175 1758 2222 crescente

175 2256 304 2311 salus
333 2256 612 2316 interioris
634 2259 870 2315 hominis
899 2260 1210 2330 dissipatur.
1254 2258 1436 2316 Sensit
1483 2257 1756 2329 aegritudi-

178 2365 284 2406 nem
312 2361 465 2430 suam
496 2353 588 2424 qui
629 2354 881 2409 clamavit
909 2354 977 2409 ad
1022 2354 1316 2423 medicum,
1364 2353 1458 2409 sed
1488 2353 1762 2409 intellectu

180 2452 280 2500 erat
299 2435 628 2513 sanus,dum
649 2462 708 2504 se
727 2449 981 2520 cognovit
1005 2447 1296 2504 inﬁrmum.
1316 2449 1555 2503 Animam
1581 2447 1761 2520 itaque

181 2552 317 2593 suam
367 2542 553 2594 sanari
598 2539 892 2609 desiderat,
923 2540 1241 2597 remissione
1275 2541 1481 2596 scilicet
1510 2548 1762 2608 peccato-

181 2644 315 2697 rum;
339 2647 450 2704 qua
474 2647 664 2689 revera
686 2648 960 2704 sanamur,
987 2648 1109 2690 cum
1130 2633 1520 2704 Strangulantia
1541 2639 1763 2704 peccata

181 2721 441 2779 laxantur.

238 2813 395 2871 Vers.
429 2816 488 2871 5.
532 2813 739 2872 Inimici
779 2818 878 2872 mei
921 2817 1163 2872 dixerunt
1202 2818 1344 2872 mala
1371 2817 1764 2889 mihi:quando

187 2908 417 2961 morietur
459 2917 508 2962 et
539 2910 700 2978 periet
726 2925 907 2964 nomen
935 2911 1082 2977 eius?
1114 2909 1386 2966 Hactenus
1412 2909 1670 2988 propheta
1698 2910 1767 2967 de

189 2997 448 3055 beatorum
499 2999 790 3057 afﬂictione
829 3002 1040 3058 locutus
1067 3011 1204 3078 est,
1239 3018 1381 3058 nunc
1423 3003 1662 3059 secundo
1690 3004 1769 3059 in-

190 3103 356 3160 gressu
403 3092 666 3149 Dominus
708 3095 962 3151 Salvator
990 3095 1058 3151 de
1101 3110 1196 3151 sua
1226 3098 1478 3167 passione
1524 3096 1767 3152 dicturus

193 3192 287 3248 est;
319 3192 375 3240 ut
401 3200 524 3241 cum
563 3186 745 3242 famuli
796 3187 890 3244 Dei
939 3186 1166 3244 diversis
1197 3189 1405 3244 casibus
1437 3189 1764 3261 afﬂiguntur,

195 3286 286 3330 non
312 3289 369 3331 se
397 3291 427 3331 a
456 3277 570 3336 Deo
598 3278 821 3335 credant
849 3293 971 3336 esse
1003 3281 1288 3337 derelictos
1307 3320 1325 3350 ,
1354 3281 1569 3350 quando
1609 3281 1766 3336 Chri-

1859 2077 2012 2142 dixit,
2045 2077 2183 2130 mala
2221 2077 2347 2131 mihi
2379 2076 2471 2132 :si
2499 2074 2750 2132 eﬂ'ectum
2791 2077 2988 2146 quaeris
3019 2075 3140 2142 sibi,
3171 2075 3217 2130 si
3243 2075 3446 2133 Ivotunt

1859 2170 2006 2224 mihi.
2039 2167 2176 2224 Justi
2201 2167 2463 2240 siquidem
2492 2182 2652 2240 paena
2677 2181 2786 2225 non
2812 2166 3088 2240 patientis,
3119 2165 3216 2225 sed
3245 2166 3446 2224 faciem

1863 2263 1932 2318 tis
1961 2261 2158 2317 invidia
2188 2257 2306 2318 est.'

1940 2353 2095 2410 Vers.
2127 2355 2183 2411 9.
2223 2353 2442 2410 Verbum
2484 2355 2716 2427 iniquum
2762 2355 3132 2411 constituerunt
3173 2355 3444 2410 aduersum

1863 2464 1942 2502 me
1966 2462 1984 2503 :
2004 2448 2234 2516 nunquid
2252 2450 2339 2520 qui
2361 2448 2548 2504 dormit
2573 2466 2676 2504 non
2693 2448 2906 2520 adjiciat
2935 2458 2990 2502 ut
3016 2449 3284 2520 resurgat?
3317 2447 3448 2502 Ver-

1865 2539 1986 2594 bum
2032 2540 2266 2610 iniquum
2305 2539 2466 2608 dicit,
2512 2539 2726 2611 quando
2771 2539 3074 2596 clamabant
3120 2539 3341 2594 Pilato:
3386 2537 3448 2592 Si

1866 2634 2003 2689 hunc
2031 2634 2264 2701 dimittis,
2294 2652 2399 2692 non
2428 2651 2480 2689 es
2504 2637 2700 2694 amicus
2731 2635 2946 2691 Casaris
2977 2635 3156 2707 (Joan.
3190 2644 3303 2703 Xlx,’
3337 2635 3447 2704 12).

1867 2722 2276 2791 Constituerunt,
2328 2725 2380 2779 id
2423 2733 2505 2779 est
2548 2725 2926 2792 decreverunt,
2977 2738 3068 2780 aut
3114 2725 3275 2780 etiam
3323 2724 3451 2778 deli-

1867 2815 2115 2880 nierunt;
2147 2813 2402 2870 videlicet
2423 2815 2639 2884 quando
2663 2815 2732 2870 de
2763 2814 3301 2880 Domino_Salvatore
3328 2829 3452 2868 seu-

1877 2908 2168 2965 tentialiter
2196 2916 2320 2964 sunt
2345 2906 2529 2964 locuti.
2561 2907 2797 2962 Dormire
2831 2916 2915 2963 est
2942 2915 3120 2963 autem
3147 2921 3178 2961 a
3206 2906 3454 2964 sensibus

1868 3001 2047 3058 carnis
2095 2997 2324 3055 remissa
2369 2997 2566 3054 mentis
2628 2998 2926 3054 intentione
2970 2998 3344 3067 requiescere,
3397 3007 3454 3054 et

1871 3092 2065 3149 iterum
2096 3091 2164 3149 ad
2192 3102 2342 3146 actus
2388 3091 2511 3146 vitae
2541 3097 2741 3146 nostra:
2784 3101 3034 3160 reparato
3076 3090 3242 3144 animi
3267 3089 3452 3160 vigore

1870 3195 2134 3236 remeare.
2173 3177 2327 3246 Quod
2356 3177 2520 3232 morti
2549 3175 2833 3231 dominicae
2859 3175 3218 3245 pulcherrime
3244 3175 3454 3232 videtur

1870 3281 2107 3346 aptatum
2133 3312 2150 3340 ,
2175 3271 2297 3342 quia
2332 3278 2486 3326 tanta
2531 3269 2779 3326 celeritas
2806 3268 3218 3325 resurrectionis
3246 3268 3366 3338 fuit,
3396 3280 3455 3326 ut

197 3371 320 3422 stum
343 3367 632 3426 Dominum
660 3371 782 3426 talia
806 3370 1090 3442 pertulisse
1113 3381 1463 3442 cognoscunt,
1483 3371 1574 3443 qui
1591 3371 1764 3428 dixit:
1797 3361 1843 3442 Ο
1875 3370 2124 3424 dormisse
2151 3368 2328 3438 potius
2354 3380 2514 3438 quam
2537 3373 2782 3421 mortuus
2807 3364 3106 3420 aestimetur
3130 3381 3143 3417 :
3167 3378 3458 3434 resurgens

200 3451 250 3508 Si
273 3473 346 3511 me
372 3461 624 3528 persecuti
649 3472 789 3530 sunt,
811 3470 861 3517 et
882 3478 969 3518 vos
1000 3464 1468 3534 persequenturni
1492 3479 1776 3520 sermonem
1875 3455 2221 3528 fortissimus,
2251 3457 2342 3528 qui
2389 3464 2449 3513 ut
2491 3456 2776 3513 imbecillis
2815 3456 3085 3512 occubuit.
3128 3455 3198 3511 Et
3238 3471 3307 3511 ne
3352 3455 3458 3511 sibi

203 3563 346 3605 meum
365 3565 708 3622 servaverunt,
725 3565 773 3611 et
793 3566 1018 3612 vestrum
1037 3559 1305 3613 servabunt
1329 3557 1510 3629 (Joan.
1536 3574 1624 3626 xv,
1654 3558 1774 3632 20).

205 3637 390 3698 Inimici
411 3661 541 3703 vero
574 3647 813 3702 dixerunt
834 3648 992 3719 mala,
1016 3648 1231 3719 quando
1267 3648 1403 3706 falsa
1433 3650 1597 3705 locuti
1623 3657 1772 3706 sunt.

207 3731 416 3792 Necesse
447 3738 593 3795 enim
620 3748 738 3794 crat
767 3748 824 3795 ut
849 3739 1000 3811 impii
1028 3741 1308 3797 mendacia
1334 3742 1654 3812 cogitarent,
1677 3741 1768 3812 qui

208 3826 400 3886 diabolo
418 3841 644 3888 auctore
666 3832 1014 3890 fremuerunt.
1039 3833 1290 3905 Sequitur
1318 3851 1332 3888 :
1355 3835 1562 3905 quando
1587 3836 1774 3889 morie-

211 3927 280 3973 tur
305 3932 350 3976 ct
372 3926 520 3994 periet
551 3942 737 3981 nomen
763 3929 913 3999 ejus?
962 3927 1135 3983 Verba
1164 3937 1292 3983 sunt
1317 3928 1648 3984 dementiam
1679 3928 1778 3983 Ju-

213 4015 455 4085 tlaaorum;
479 4020 732 4076 dicebant
755 4022 896 4076 enim
923 4039 934 4074 :
963 4020 1022 4077 Si
1053 4021 1395 4076 dimiserimus
1421 4038 1559 4087 eum,
1582 4024 1779 4078 venient

216 4105 414 4167 Romani
435 4124 476 4167 et
503 4114 685 4170 tollent
720 4117 866 4169 nobis
891 4125 937 4169 et
967 4114 1136 4170 locum
1165 4125 1214 4170 et
1243 4131 1457 4187 regnum
1484 4114 1668 4186 (Joun.
1701 4131 1776 4184 ιι,

219 4200 300 4266 ιδ)
318 4220 334 4269 ;
352 4203 472 4262 item
491 4207 719 4279 Caiphas
745 4209 858 4265 ait:
883 4209 1108 4281 Expedit
1128 4219 1183 4264 ut
1205 4227 1338 4264 unus
1359 4211 1507 4264 homo
1532 4211 1782 4264 moriatur

220 4309 302 4360 pro
323 4299 627 4370 omnibus,“
657 4318 760 4356 non
781 4311 886 4356 tota
915 4319 1036 4371 gens
1067 4310 1236 4373 pereat
1263 4300 1448 4373 (Ibid.,
1477 4301 1592 4374 49).
1615 4300 1783 4356 Periit

225 4388 352 4444 enim
393 4408 568 4451 nomen
597 4395 734 4466 ejus.
760 4395 858 4451 sed
889 4394 955 4452 ab
981 4395 1116 4466 ipsis
1139 4395 1232 4467 qui
1259 4395 1312 4452 ei
1340 4394 1561 4452 credere
1587 4393 1781 4450 nolue-

227 4493 350 4540 runt.

288 4574 424 4634 Vers.
455 4581 508 4638 6.
540 4582 610 4638 Et
651 4581 1064 4654 ingrediebantur
1111 4589 1167 4637 ut
1203 4582 1614 4638 uiderentwana
1639 4582 1786 4638 tocu-

234 4672 323 4720 tum
347 4682 414 4726 εει
441 4690 523 4729 εον
549 4693 746 4731 eorum.

1878 3549 2119 3608 haeretici
2142 3550 2343 3606 diutius
2368 3547 2734 3617 blandiantur,
2760 3548 2979 3603 audiant
3026 3546 3175 3603 illum
3216 3546 3308 3617 qui
3332 3546 3459 3603 dor-

1878 3642 1977 3698 mit
2019 3642 2196 3712 ipsum
2251 3639 2354 3696 sibi
2409 3640 2641 3710 adjicere
2698 3647 2758 3695 ut
2801 3647 3076 3712 resurgat;
3125 3639 3262 3694 sicut
3303 3647 3358 3695 et
3400 3639 3459 3695 in

1879 3734 2167 3806 Evangelia
2213 3733 2720 3792 dicit:Potestatem
2764 3733 2923 3789 habeo
2963 3735 3184 3803 ponendi
3237 3735 3459 3788 animam

1879 3843 2063 3895 meam,
2089 3835 2136 3883 et
2159 3834 2459 3898 potestatem
2487 3827 2647 3882 habeo
2667 3827 2850 3881 iterum
2874 3827 3110 3882 sumendi
3138 3843 3248 3884 eam
3275 3825 3459 3896 (Joan.

1877 3933 1934 3988 x,
1968 3920 2082 3990 18).

1950 4014 2108 4070 Vers.
2140 4013 2226 4068 ‘10.
2259 4011 2463 4067 Etenim
2484 4011 2631 4067 homo
2657 4011 2798 4080 pacis
2824 4026 2950 4066 mete
2967 4011 3021 4065 in
3046 4026 3145 4080 quo
3164 4013 3425 4081 sperabam
3443 4051 3461 4080 ,

1880 4107 1970 4178 qui
2016 4107 2190 4161 edebat
2234 4123 2391 4178 panes
2439 4121 2575 4160 meos
2623 4105 2887 4176 ampliavit
2929 4105 3196 4160 adversum
3234 4122 3313 4159 me
3341 4121 3464 4176 sup-

1883 4201 2274 4270 plantationem.
2306 4199 2586 4254 Hominem
2627 4199 2770 4269 pacis
2808 4212 2919 4254 suae
2967 4199 3095 4255 dicit
3137 4199 3460 4269 discipulum

1883 4292 2098 4362 Judam,
2129 4292 2222 4363 qui
2260 4291 2337 4348 illi
2383 4305 2568 4362 pacem
2597 4289 2773 4358 dedit,
2801 4290 3016 4362 quando
3053 4306 3175 4347 eum
3225 4291 3459 4347 tradidit.

1887 4385 2078 4441 Pacem
2103 4384 2365 4454 siquidem
2395 4383 2646 4450 dicimus,
2675 4397 2797 4440 cum
2842 4399 2943 4440 nos
2983 4384 3209 4442 invicem
3241 4385 3459 4442 oscula-

1886 4492 2026 4534 mur.
2073 4475 2205 4531 Nam
2230 4477 2278 4532 si
2307 4475 2375 4531 ad
2415 4474 2608 4531 animae
2638 4474 3072 4545 tranquillitatem
3102 4475 3328 4540 releras,
3361 4489 3467 4544 pax

1887 4583 2008 4626 esse
2054 4568 2107 4624 in
2149 4568 2294 4624 illius
2341 4569 2503 4624 corde
2549 4581 2658 4624 non
2703 4568 2897 4638 potuit,
2927 4569 3017 4637 qui
3061 4566 3283 4621 insidias
3312 4565 3465 4620 blan-

1889 4660 2084 4716 diendo
2107 4660 2447 4731 praeparavit.
2475 4659 2713 4725 Addidit,
2741 4660 2796 4712 in
2823 4675 2922 4728 quo
2949 4658 3248 4729 sperabam;
3279 4657 3332 4711 id
3385 4667 3468 4712 est

298 4757 434 4817 Vers.
461 4767 511 4820 7.
561 4767 1009 4840 Congregaverunt
1045 4766 1364 4838 iniquitatem
1405 4767 1502 4822 sibi
1525 4775 1609 4822 :et
1647 4782 1771 4838 egre

1893 4752 1947 4810 in
1999 4768 2106 4824 quo
2153 4768 2372 4824 sperare
2418 4752 2664 4823 putabar.
2713 4750 2845 4806 Nam
2889 4750 3156 4822 quomodo
3188 4749 3372 4804 habuit
3415 4749 3470 4809 in

239 4846 474 4908 diebantur
512 4859 674 4928 foras,
699 4868 745 4914 et
788 4860 1144 4931 loquebantur.
1176 4860 1408 4930 Tempus
1458 4858 1586 4914 illud
1616 4859 1789 4915 domi-

241 4939 352 4998 nicae
379 4951 632 5015 passionis
660 4953 904 5022 exponit,
937 4952 1151 5024 quando
1178 4951 1342 5008 Iudas
1379 4967 1488 5008 non
1527 4951 1594 5008 ad
1625 4967 1786 5008 vene-

243 5034 435 5091 randum
459 5041 762 5109 Dominum,
785 5043 879 5098 sed
906 5043 971 5098 ad
1006 5043 1333 5112 perdendum
1363 5044 1541 5112 potius
1570 5043 1787 5100 dolosas

247 5116 466 5208 intrabat.
505 5134 638 5190 Nam
677 5135 818 5205 quod
866 5135 1140 5204 pluraliter
1175 5136 1376 5191 dictum
1403 5145 1504 5203 est,
1535 5137 1792 5208 ingredie-

250 5206 423 5285 bantur,
449 5231 501 5276 et
527 5224 648 5280 illos
677 5224 939 5295 signiﬁcat
968 5225 1057 5296 qui
1089 5226 1137 5280 ei
1170 5240 1359 5280 manus
1406 5206 1628 5296 injicere
1658 5242 1792 5297 prte-

251 5311 573 5390 iumpserunt.
605 5314 756 5372 Vana
788 5332 914 5373 vero
941 5317 1100 5371 locuti
1129 5326 1250 5371 sunt
1273 5317 1466 5387 Judaei,
1489 5320 1702 5390 quando
1727 5320 1794 5376 de

254 5388 372 5454 illius
414 5416 578 5464 morte
621 5408 916 5465 crudeliter
961 5417 1362 5473 tractaverunt,
1413 5388 1519 5478 quit
1553 5411 1794 5464 omnium

256 5480 342 5540 Vill
368 5505 476 5551 esse
517 5503 876 5570 cognoscitur.
924 5501 1198 5571 Sequitur,
1229 5511 1666 5571 congregaverant
1696 5502 1796 5554 ini-

257 5577 468 5664 quitatem
491 5591 602 5647 sibi.
632 5594 942 5650 Conventus
975 5594 1212 5664 ipsorum
1242 5591 1588 5663 congregatio
1613 5593 1797 5662 utique

261 5659 342 5757 iuit
378 5686 716 5755 peccantium,
747 5686 961 5757 quando
993 5659 1045 5740 in
1076 5659 1661 5741 uno-facinore'omnia
1685 5659 1802 5740 sce-

263 5754 353 5818 ιθη
379 5782 664 5844 Perpetrata
703 5754 852 5848 sunt,
881 5779 1011 5835 dum
1042 5795 1222 5835 rerum
1270 5778 1552 5834 Dominum
1584 5778 1800 5832 cruciﬁ-

267 5865 369 5920 Κετε
391 5863 746 5929 decreverunt.
797 5872 961 5928 Foras
985 5873 1173 5944 egressi
1198 5882 1348 5938 sunt;
1379 5869 1632 5942 quoniam
1664 5871 1806 5925 intus

269 5954 387 6010 Wire
411 5971 510 6018 non
535 5971 801 6035 poterant,
825 5966 914 6037 qui
937 5967 1005 6022 ab
1026 5979 1224 6024 arcano
1253 5964 1377 6022 ﬁdei
1403 5961 1807 6036 discrepabant.

249 6044 262 6112 ί
508 6054 775 6126 ΡΛτειοι..
819 6058 1022 6122 LXX.

1895 4848 2114 4903 homine
2143 4847 2378 4916 pessimo
2406 4860 2648 4916 sperare,
2677 4844 2768 4915 qui
2809 4843 2958 4898 illum
2989 4841 3158 4912 potuit
3187 4851 3472 4912 antequam

1897 4946 2214 4995 nasceretur
2240 4937 2563 5010 agnoscere?
2591 4936 2724 4991 Nam
2751 4944 2809 4989 ut
2836 4932 3102 5002 intelligas
3145 4932 3310 4987 fuisse
3339 4947 3473 5001 prae-

1896 5035 2110 5100 scitum,
2144 5033 2221 5087 sic
2245 5031 2361 5102 ipse
2391 5030 2651 5087 Dominus
2677 5027 2804 5082 dicit
2830 5045 2842 5079 :
2866 5023 3054 5080 Nonne
3090 5039 3176 5079 vos
3205 5024 3476 5078 duodecim

1899 5125 2050 5194 elegi,
2080 5131 2126 5177 et
2173 5138 2306 5176 unus
2353 5137 2418 5177 ets
2455 5120 2594 5175 vobis
2638 5116 2874 5171 diabolus
2911 5125 2984 5170 est
3031 5114 3211 5187 (Joan.
3242 5131 3316 5182 Vl,
3346 5115 3478 5186 60)!

1899 5213 2190 5284 Sequitur,
2239 5213 2329 5282 qui
2373 5211 2548 5266 edebat
2597 5223 2752 5279 panes
2794 5223 2928 5261 meos
2962 5222 2981 5261 :
3018 5207 3134 5262 sive
3179 5205 3479 5262 doetrinam

1903 5322 2077 5361 meam
2118 5305 2390 5370 audiebat,
2438 5301 2583 5358 unde
2629 5299 2980 5371 spiritualiter
3021 5298 3481 5370 epulamurzsive

1903 5377 2039 5469 quia.
2067 5411 2284 5452 manum
2330 5393 2476 5449 misit
2519 5407 2639 5448 cum
2671 5392 2786 5461 ipso
2813 5391 2867 5446 in
2893 5389 3200 5462 parOpside,
3225 5389 3484 5459 quemad-

1907 5488 2127 5544 modum
2166 5485 2441 5558 Evangelii
2472 5484 2647 5554 lingua
2691 5482 2949 5538 declarat.
2998 5482 3066 5537 Et
3095 5481 3287 5537 merito
3327 5480 3484 5547 dixit,

1907 5583 2199 5653 ampliauit,
2230 5579 2440 5651 quando
2472 5577 2840 5649 ignorantibus
2869 5578 2990 5647 quis
3022 5584 3165 5632 esset
3195 5576 3308 5644 ipse
3336 5588 3488 5628 mon-

1909 5684 2194 5732 straverat.
2243 5674 2288 5729 Ο
2335 5672 2650 5743 discipulum
2706 5671 2957 5735 surdum,
2989 5683 3023 5724 o
3068 5665 3285 5723 indocili
3331 5662 3491 5718 corda

1909 5767 2283 5824 durissimum!
2316 5767 2446 5834 Quis
2476 5767 2617 5821 enim
2646 5779 2768 5820 eum
2800 5779 2829 5816 a
2875 5771 3018 5814 tanta
3052 5760 3248 5831 pietate
3288 5751 3490 5820 aliquid

1913 5865 2124 5918 virtutis
2168 5861 2346 5913 animo
2392 5859 2698 5930 percepisse
2735 5853 2942 5923 credat,
2973 5852 3067 5922 qui
3109 5861 3216 5907 tam
3258 5839 3494 5902 crudelis

1915 5957 2121 6018 exstitit
2147 5953 2444 6027 parricida?
3037 6038 3110 6100 to
