3996 6346
532 429 633 485 299

1727 423 1798 481 Μ.
1841 424 2118 482 AURELll
2155 423 2563 485 CASSIODORI

3691 424 3796 484 δυο

601 544 755 601 Vers.
793 546 880 602 ll.
917 544 998 598 Tu
1037 549 1226 609 autem,
1267 539 1501 606 Domine,
1531 520 1769 594 miserere
1797 539 1916 606 mei,
1947 533 1996 592 et
2023 553 2107 592 re-
2133 539 2187 601 Α
2211 530 2514 592 benedictio
2543 549 2610 591 ex
2637 532 2814 590 alieno
2834 533 3139 592 celebratur
3165 533 3408 590 arbitrio.
3442 533 3582 590 Deus
3612 543 3790 593 autem

531 636 718 692 suscita
745 637 823 690 me
843 650 864 690 :
885 644 933 689 et
971 634 1244 690 retribuam
1270 625 1395 685 illis.
1445 625 1696 700 Exposita
1739 629 2012 700 passione,
2041 628 2110 684 ad

532 730 747 784 tertium
778 726 923 784 venit
967 727 1290 796 ingressum,
1323 722 1376 777 in
1406 735 1512 794 quo
1537 721 1944 778 resurrectionis
1973 733 2108 788 suae,

532 833 627 889 per
663 818 716 873 id
761 817 902 888 quod
950 815 1109 870 homo
1152 823 1270 881 est,
1303 815 1418 869 ﬁeri
1469 813 1723 869 miracula
1770 812 2108 880 deprecatur;

532 906 668 976 Quid
716 908 874 978 erigis
911 913 1086 972 aures,
1123 905 1410 960 hteretic'e'i
1437 904 1573 972 Quid
1620 913 1672 959 te
1719 911 1874 972 putas
1911 900 2112 970 aliquid

534 998 818 1064 invenisse,
848 998 988 1068 quod
1023 1007 1164 1051 tuam
1195 997 1358 1066 pessit
1389 1008 1656 1050 excusare
1699 991 2020 1062 perﬁdiam?
2055 991 2116 1046 Si

534 1095 846 1155 potestatem
894 1087 1125 1157 quaeris,
1156 1085 1280 1141 audi
1320 1085 1462 1154 quod
1512 1086 1562 1138 in
1610 1083 1894 1154 Evangelio
1941 1080 2072 1136 dicit
2095 1097 2120 1134 :~

533 1180 725 1236 Solvite
751 1175 995 1252 templum
1017 1183 1130 1249 hoc,
1149 1188 1198 1236 et
1222 1183 1275 1235 in
1300 1182 1469 1235 triduo
1495 1180 1751 1234 suscitabo
1768 1180 1899 1233 illud
1929 1179 2109 1250 (Joan.

531 1289 591 1339 n,
617 1273 727 1344 l9).
759 1275 856 1329 Hic
883 1274 1190 1330 humanitas
1213 1280 1387 1345 rogat,
1438 1275 1509 1329 ibi
1533 1273 1784 1328 divinitas
1807 1273 2111 1342 pollicetur.

534 1367 728 1422 Desine
773 1367 1070 1422 calumnias
1120 1367 1316 1434 facere,
1347 1375 1574 1434 utraque
1615 1366 1761 1421 enim
1792 1366 2118 1420 conveniunt

531 1456 586 1512 in
615 1458 842 1514 Domino
867 1457 1146 1515 Salvatore
1169 1473 1184 1513 :
1210 1460 1338 1530 quia
1375 1457 1600 1513 Verbum
1630 1472 1750 1512 caro
1792 1460 1986 1528 factum
2015 1465 2111 1524 est,

531 1560 578 1605 et
627 1550 874 1605 habitauit
909 1552 965 1605 in
1004 1551 1146 1606 nobis
1173 1549 1356 1622 (Joan.
1397 1566 1436 1616 ι,
1475 1549 1587 1620 14).
1645 1549 1941 1604 Retribuam
1981 1547 2111 1614 illis,

531 1640 685 1708 dixit,
709 1643 822 1698 non
844 1642 1031 1698 dolore
1053 1643 1323 1707 vindictas.
1348 1641 1444 1697 sed
1467 1641 1870 1711 exspeCtatione
1893 1641 2108 1710 patien-

533 1736 639 1790 tiae.
666 1735 796 1791 Nam
822 1736 1082 1806 hodieque
1106 1737 1419 1792 suetinendo
1447 1737 1589 1801 illos,
1621 1749 1870 1805 magnam
1899 1745 2112 1808 partem

532 1843 716 1884 eorum
747 1829 1046 1886 clementiae
1072 1845 1183 1886 sua:
1209 1831 1520 1900 operatione
1543 1829 1825 1884 convertit.

2171 617 2176 626 ’
2214 625 2502 682 benedictus
2529 633 2642 693 est,
2677 621 2791 680 ‘etsi
2819 639 3006 682 omnes
3053 634 3291 691 taceant;
3321 625 3442 696 quia
3493 625 3586 682 ille
3632 641 3795 686 omne

2212 719 2408 774 bonum
2439 733 2547 774 non
2572 727 2824 789 tanquam
2851 727 3163 775 extraneum
3193 719 3434 788 suscipit,
3466 717 3558 776 sed
3588 721 3654 774 ab
3681 721 3800 792 ipso

2215 810 2568 880 progreditur.
2596 809 2726 865 Nam
2757 809 2896 880 quod
2925 809 3059 865 dixit
3092 829 3104 864 :
3136 812 3182 864 Α
3217 809 3436 877 swculo,
3480 820 3798 880 praesentem

2214 901 2469 956 mundum
2523 900 2818 970 signiﬁcat,
2845 915 2909 956 ex
2935 915 3042 971 quo
3073 899 3435 957 administrari
3466 911 3640 971 coepta
3680 899 3806 958 sunt

2215 994 2414 1050 omnia.
2444 993 2506 1048 Et
2529 1009 2691 1064 usque
2727 993 2780 1048 in
2811 993 3086 1059 swculum,
3117 993 3350 1049 futurum
3390 995 3502 1050 vult
3529 995 3752 1065 intelligi
3786 1037 3801 1060 ,

2215 1087 2304 1142 ubi
2325 1088 2432 1157 jam
2465 1087 2644 1142 omnia
2676 1096 2876 1142 atterna
2905 1088 3235 1155 consistunt,
3258 1103 3358 1143 nec
3386 1088 3565 1160 aliqua
3595 1081 3803 1160 tetnpoé

2217 1180 2291 1236 ris
2313 1181 2663 1236 mutabilitate
2703 1181 3030 1237 dilabuntur.
3063 1182 3195 1237 Nam
3225 1183 3348 1237 licet
3383 1183 3629 1239 sceculum
3661 1183 3805 1238 istud

2217 1273 2460 1340 deﬁciat,
2495 1273 2588 1328 Dei
2615 1282 2789 1329 tamen
2822 1273 3122 1330 benedictio
3147 1275 3595 1330 incommutabilis
3625 1290 3810 1347 perse-

2219 1373 2388 1422 Verat.
2441 1365 2660 1422 Addidit
2698 1367 2811 1438 ﬁat,
2842 1368 2953 1438 ﬁat.
2988 1368 3100 1424 Hoc
3129 1369 3349 1424 verbum
3378 1369 3707 1440 geminatum
3731 1369 3808 1425 in-

2219 1466 2420 1514 stanter
2447 1459 2516 1514 ab
2561 1459 2808 1515 omnibus
2855 1461 3109 1529 praedicat
3151 1475 3271 1516 esse
3319 1460 3642 1516 iaciendum.
3693 1459 3808 1516 Non

2217 1549 2362 1604 enim
2393 1549 2469 1604 sic
2493 1550 2897 1622 intelligendum
2927 1561 3029 1618 est,
3063 1560 3117 1606 ut
3149 1561 3360 1621 putetur
3392 1552 3484 1621 ﬁat
3517 1551 3806 1607 benedictus

2219 1639 2502 1709 Dominus;
2535 1653 2787 1715 tanquam
2838 1647 3036 1704 sinon
3079 1645 3326 1700 laudetur
3370 1644 3660 1700 benedictus
3703 1659 3808 1700 non

2217 1737 2288 1794 sit
2319 1755 2333 1793 :
2365 1739 2458 1794 sed
2489 1737 2590 1794 hoc
2618 1749 2719 1806 est,
2750 1740 2864 1807 ﬁat,
2893 1741 3035 1795 unde
3062 1755 3159 1796 nos
3191 1739 3526 1809 proﬁcimus,
3557 1739 3686 1794 dum
3714 1739 3798 1810 ju-

2219 1833 2356 1904 giter
2381 1833 2496 1902 ejus
2525 1833 2764 1890 laudibus
2793 1847 3134 1900 occupamur.
3162 1833 3339 1903 Aliqui
3373 1846 3499 1888 vero
3527 1832 3806 1902 exposito-

605 1919 755 1977 Vers.
787 1922 870 1977 i2.
907 1921 974 1977 In
996 1922 1091 1977 Itoc
1115 1921 1325 1994 cognovi
1346 1924 1586 1993 quoniam
1613 1923 1816 1976 voluisti
1841 1937 1921 1977 me
1943 1961 1957 1977 .
1985 1937 2114 1992 quo-
2143 1914 2192 1976 B
2219 1939 2336 1980 rum
2367 1940 2461 1996 pro
2494 1925 2649 1980 istius
2678 1923 2824 1981 verbi
2854 1924 3109 1992 novitate,
3141 1923 3286 1995 quod
3324 1932 3405 1979 est
3436 1925 3604 1979 hic-et
3639 1923 3700 1980 in
3730 1939 3805 1981 se~

532 2014 674 2068 niam
715 2017 820 2068 non
860 2013 1098 2084 gaudebit
1139 2014 1375 2068 inimicus
1420 2029 1560 2068 meus
1585 2029 1741 2084 super
1783 2029 1884 2069 me.
1916 2012 2116 2086 Cogno-

529 2107 659 2160 visse
684 2119 743 2161 se
766 2105 900 2162 dicit
927 2107 980 2161 in
1005 2107 1103 2161 ltoc
1123 2107 1464 2163 dilectionem
1496 2109 1692 2176 Patris,
1731 2108 1852 2179 quia
1884 2108 2116 2179 gloriosa

528 2211 610 2256 est
639 2204 964 2258 resurrectio
1007 2211 1274 2259 secutura.
1326 2201 1579 2270 Quoniam
1617 2207 1826 2260 uoluisti
1855 2221 1954 2276 me,
1990 2206 2118 2261 sub-

527 2293 650 2348 audi
676 2293 999 2365 gloriﬁcare,
1034 2283 1291 2353 exaltare.
1321 2297 1554 2354 Possunt
1583 2300 1726 2354 enim
1758 2299 1880 2355 huic
1912 2299 2032 2355 loco
2061 2299 2122 2355 et'

531 2384 648 2440 haec
677 2385 839 2440 verba
867 2399 988 2457 quae
1015 2375 1157 2445 dicta
1190 2399 1333 2457 sunt,
1370 2398 1424 2446 et
1465 2389 1548 2444 bis
1579 2391 1773 2447 similia
1797 2392 2109 2448 convenire.

533 2475 789 2546 Addidit,
833 2481 1071 2549 quoniam
1097 2497 1201 2534 non
1240 2480 1481 2550 gaudebit
1513 2483 1750 2537 inimicus
1789 2498 1934 2536 meus.
1958 2499 2116 2552 super

530 2586 629 2625 me.
659 2571 772 2626 lloc
791 2581 906 2626 erat
926 2573 1066 2642 quod
1089 2573 1245 2638 dixit,
1267 2575 1510 2640 quoniam
1533 2576 1740 2630 voluisti
1763 2589 1874 2641 me;
1902 2576 2117 2632 scilicet

525 2663 650 2733 quia
678 2664 914 2720 inimicus
957 2678 1118 2734 supra
1147 2675 1269 2719 eum
1297 2669 1403 2719 non
1423 2675 1506 2720 est
1534 2667 1759 2738 gaudere
1785 2666 2106 2737 permissus,

533 2755 750 2826 quando
793 2756 883 2812 illa
927 2773 1046 2827 quae
1093 2757 1469 2826 disponebant,
1499 2758 1801 2814 nullatenus
1851 2758 2112 2829 impleve-

525 2858 670 2904 runt.
709 2847 864 2921 ιιι
895 2849 976 2906 Ad
1006 2847 1109 2904 hoc
1147 2851 1292 2904 enim
1337 2865 1458 2905 eum
1510 2851 1756 2906 occidere
1801 2851 2106 2918 voluerunt,

521 2939 663 2994 sicut
705 2941 952 3010 superius
977 2941 1180 2997 dictum
1205 2949 1309 3006 est,
1342 2953 1399 2997 ut
1426 2957 1622 2998 nomen
1650 2943 1767 3012 ejus
1798 2945 2011 3012 penitus
2040 2944 2107 2998 de

521 3038 665 3085 terra
712 3031 1049 3102 abrogarent.
1119 3033 1228 3090 Sed
1287 3045 1508 3088 econtra
1561 3035 1744 3090 vident
1807 3034 2104 3090 Ecclesiam

519 3122 724 3180 Christi
762 3133 874 3180 toto
921 3126 1052 3182 orbe
1097 3125 1370 3192 diffusam,
1400 3142 1704 3200 nomenque
1745 3129 1864 3200 ejus
1904 3131 2105 3201 ubique

505 3216 932 3292 celeberrimum
981 3234 1101 3276 esse
1149 3223 1505 3291 cognoscunt;
1546 3231 1605 3278 ut
1646 3224 1838 3278 merito
1867 3225 2102 3294 gaudere

517 3321 623 3363 non
655 3309 882 3378 possint,
913 3310 1104 3381 quibus
1132 3319 1240 3365 tam
1269 3313 1536 3366 contraria
1566 3319 1948 3383 provenerunt.

590 3398 738 3456 νοτε.
772 3401 858 3458 15.
897 3400 1119 3471 Propter
1153 3404 1494 3458 innocentiam
1525 3416 1698 3459 autem
1727 3421 1894 3461 meam
1924 3423 2100 3463 susce-

511 3495 637 3566 pisti
673 3508 772 3563 nte,
823 3501 874 3549 et
911 3495 1230 3566 conﬁrmasti
1257 3513 1338 3552 me
1369 3499 1421 3551 in
1446 3510 1716 3569 conspectu
1743 3510 1830 3554 tuo
1860 3503 1913 3555 in
1942 3511 2094 3557 (eter-

512 3600 656 3641 num.
689 3585 824 3642 Vere
848 3598 1033 3644 sancta
1062 3590 1387 3659 innocentia,
1420 3605 1551 3648 vere
1590 3593 1931 3662 simplicitas,
1966 3612 2096 3654 vere

514 3678 780 3735 humilitas
809 3680 995 3746 beata;
1027 3691 1085 3737 ut
1111 3691 1189 3738 tot
1218 3684 1353 3738 mala
1382 3699 1591 3754 passus,
1627 3688 1768 3742 nulla
1793 3703 1853 3744 se
1869 3700 2094 3744 conten-

513 3771 656 3828 tione
703 3774 1031 3831 delenderet.
1084 3773 1302 3833 Placato
1351 3779 1554 3834 animo‘
1582 3779 1690 3834 ibat
1731 3781 1798 3835 ad
1849 3797 2092 3853 crucem,

511 3863 794 3932 tranquilla
824 3877 1002 3923 mente
1032 3868 1340 3922 moriturus.
1374 3868 1564 3925 Omnia
1603 3871 1769 3926 verba
1800 3887 1918 3942 quae
1954 3889 2092 3944 pta:-

511 3952 648 4009 dicta
670 3964 792 4010 sunt
813 3970 910 4025 per
931 3957 1215 4027 prophetas
1239 3959 1582 4028 integerrima
1605 3962 1831 4018 veritate
1853 3965 2093 4034 comple-

509 4044 602 4099 vit.
633 4045 810 4102 Doluit
832 4047 1042 4104 casibus
1067 4052 1520 4120 persequentium,
1544 4051 1673 4117 etin
1695 4065 1856 4109 cruce
1884 4055 2092 4124 positus

508 4155 606 4209 pro
627 4140 862 4197 inimicis
903 4143 1016 4198 suis
1044 4143 1493 4199 clementissimus
1519 4147 1760 4200 exoravit
1788 4162 1804 4213 ;
1837 4149 2090 4216 quoniam

506 4229 610 4286 hoc
634 4242 692 4287 et
713 4247 742 4287 a
773 4233 1013 4288 ﬁdelibus
1037 4234 1148 4288 suis
1171 4233 1474 4290 faciendum
1503 4249 1623 4292 esse
1654 4237 1989 4292 decreverat.
2025 4238 2093 4293 Et

506 4321 704 4375 merito
746 4322 890 4376 dedit
938 4331 1295 4392 praeceptum,
1338 4326 1426 4394 qui
1459 4328 1717 4395 praemisit
1756 4329 2086 4396 exemplum.

507 4411 780 4479 Sequitur,
808 4421 858 4466 et
878 4413 1190 4481 conﬁrmasti
1227 4430 1306 4468 me
1341 4417 1398 4469 in
1417 4425 1687 4486 conspectu
1732 4427 1818 4472 tuo
1851 4419 1905 4472 in
1943 4427 2092 4474 teter-

507 4517 650 4557 num.
679 4501 775 4558 Hic
807 4502 918 4573 jam
949 4503 1224 4560 beatitudo
1270 4508 1436 4575 ipsius
1463 4517 1663 4562 sanctae
1704 4509 2090 4566 incarnationis

506 4595 844 4665 exprimitur,
871 4598 959 4668 qui
989 4598 1295 4654 moribundi
1316 4601 1558 4670 corporis
1581 4601 1890 4660 inﬁrmitate
1917 4606 2083 4675 depo-

2225 2021 2556 2091 ptuagesimo
2586 2023 2778 2090 primo,
2805 2021 2918 2075 sive
2951 2017 3006 2074 in
3032 2017 3359 2088 octogesimo
3384 2027 3610 2085 octavo,
3640 2016 3728 2073 vel
3759 2018 3806 2080 in

2222 2114 2514 2170 centesimo
2535 2116 2749 2184 quinto,
2783 2114 2834 2167 in
2865 2114 3101 2184 quinque
3128 2112 3292 2167 libros
3321 2111 3636 2182 psalterium
3671 2111 3805 2167 divi-

2220 2206 2452 2261 dendum
2483 2221 2602 2262 esse
2645 2215 2980 2276 putaverunt.
3015 2205 3120 2262 Sed
3161 2203 3241 2260 eis
3273 2221 3376 2258 non
3414 2219 3535 2260 esse
3577 2219 3803 2260 consen-

2219 2299 2458 2355 tlendum
2492 2299 2543 2354 in
2576 2297 2889 2369 prmfatione
2937 2309 3120 2353 nostra
3155 2297 3484 2354 sufﬁcienter
3527 2308 3802 2354 ostensum

2218 2395 2321 2448 est.
2357 2389 2412 2446 ln
2446 2391 2665 2446 Actibus
2693 2391 2886 2462 quippe
2911 2391 3276 2461 apostolorum
3304 2391 3443 2462 (Act.
3474 2405 3514 2461 ι,
3541 2389 3633 2462 20)
3671 2401 3803 2445 unus

2220 2481 2356 2538 liber
2377 2482 2569 2554 legitur
2596 2497 2716 2538 esse
2748 2483 3093 2552 psalmorum.

2754 2595 3023 2650 Conclusio
3063 2594 3268 2666 psalmi.

2286 2713 2576 2782 Superiore
2604 2711 2838 2781 psalmo,
2871 2710 2925 2765 in
2955 2711 3124 2780 prima
3158 2717 3309 2779 parte
3340 2707 3576 2763 Ecclesia
3608 2716 3792 2764 sancta

2213 2807 2385 2864 locuta
2411 2815 2515 2871 est,
2547 2815 2604 2862 et
2631 2814 2749 2873 post
2780 2805 2984 2860 Domini
3026 2803 3188 2860 verba
3220 2811 3402 2858 secuta
3433 2809 3559 2857 sunt
3593 2820 3606 2855 :
3641 2802 3721 2858 ita
3748 2810 3795 2857 et

2211 2901 2264 2955 in
2295 2900 2396 2955 hoc
2424 2897 2680 2968 pr0pheta
2711 2911 3010 2966 prtecursor
3040 2906 3142 2953 est.
3178 2896 3236 2951 ln
3272 2897 3390 2966 ipso
3417 2896 3621 2966 quippe
3648 2897 3796 2966 priu-

2209 2993 2354 3061 cipio
2379 2994 2568 3049 beatus
2597 2992 2762 3046 David
2789 3006 2883 3062 per
2910 2992 3282 3062 eleemosynas
3321 2997 3536 3046 sanctas
3563 2989 3795 3044 murales

2209 3100 2309 3140 nos
2337 3085 2518 3140 docuit
2540 3084 2871 3154 disciplinas.
2905 3083 3155 3140 Secundo
3180 3099 3276 3154 per
3301 3086 3606 3154 passionem
3643 3097 3793 3137 suam

2211 3177 2467 3232 Dominus
2495 3176 2766 3232 naturales
2803 3175 3020 3232 semitas
3059 3175 3337 3231 indicavit.
3379 3173 3562 3230 Tertio
3608 3188 3792 3230 resur-

2126 3280 2176 3346 ο
2207 3269 2462 3326 rectionis
2488 3269 2746 3326 miraculo
2765 3268 3054 3338 inspectiva
3082 3283 3180 3326 nos
3200 3268 3442 3323 claritate
3461 3266 3755 3336 complevit
3775 3307 3790 3332 ,

2203 3372 2263 3418 ut
2287 3362 2521 3418 calestis
2554 3361 2910 3431 philosophia:
2936 3361 3136 3418 veritas
3183 3359 3352 3415 tribus
3398 3359 3642 3429 partibus
3672 3372 3792 3413 nar-

2201 3460 2316 3508 rata
2345 3460 2636 3508 constaret.
2679 3452 2830 3518 Quod
2873 3453 2916 3506 si
2962 3452 3248 3521 diligenter
3287 3450 3624 3520 inspexeris,
3651 3459 3714 3505 et
3743 3452 3792 3504 in

2203 3544 2424 3614 reliquis
2467 3543 2688 3613 psalmis
2727 3539 2962 3614 positum
3006 3541 3310 3613 frequenter
3337 3541 3596 3597 invenies.
3640 3540 3792 3597 Unde

2202 3636 2394 3707 psalmi
2435 3635 2592 3706 hujus
2630 3646 2882 3705 suscepto
2913 3634 3173 3692 beneﬁcio
3213 3647 3404 3704 magna
3431 3633 3789 3689 exsultatione

2200 3726 2484 3784 dicendum
2537 3739 2621 3784 eet
2650 3747 2662 3780 :
2696 3727 3003 3783 Benedictus
3047 3725 3299 3782 Dominus
3349 3725 3490 3781 Deus
3529 3724 3736 3792 Israel,
3760 3740 3790 3779 ι

2198 3821 2410 3890 seculo,
2435 3830 2485 3876 et
2509 3836 2666 3890 usque
2689 3822 2741 3876 in
2762 3821 3050 3876 swculum:
3080 3819 3195 3890 ﬁat,
3221 3819 3333 3888 ﬁat.

2504 3933 2866 3991 EXPOSITIO
2893 3934 2956 3989 IN
2988 3933 3308 3989 PSALMUM
3341 3931 3480 3988 XLI.

2313 4026 2374 4082 In
2405 4028 2590 4095 (insin,
2619 4027 2902 4081 intellectus
2930 4025 3052 4096 ﬁliis
3082 4023 3210 4080 Core
3238 4024 3464 4093 psalmus
3487 4023 3680 4080 David.

2269 4144 2414 4200 lnter
2438 4143 2601 4199 verba
2637 4141 2836 4196 usitata
2884 4141 3022 4208 filios
3060 4137 3188 4194 Core
3227 4138 3433 4193 noviter
3467 4138 3782 4203 introducit,

2198 4251 2319 4310 quae
2356 4237 2572 4292 nomina
2599 4244 2875 4291 cantorum
2923 4241 3068 4297 sunt,
3101 4246 3205 4285 non
3235 4230 3782 4301 psalmigraphorum;

2197 4327 2336 4386 sicut
2363 4327 2433 4384 de
2461 4327 2686 4382 ldithum
2720 4327 2772 4380 in
2805 4324 3079 4393 trigesimo
3106 4331 3298 4378 octavo
3333 4323 3537 4390 psalmo
3561 4322 3677 4390 jam
3707 4322 3783 4376 di-

2197 4433 2341 4478 ctum
2377 4429 2478 4476 est.
2510 4419 2572 4475 lli
2615 4420 2761 4474 enim
2795 4432 2824 4472 a
2867 4415 3040 4470 David
3069 4415 3133 4468 ad
3183 4413 3530 4484 psalmodiam
3565 4413 3779 4468 fuerant

2197 4514 2353 4570 electi
2374 4530 2388 4578 ;
2407 4512 2498 4566 sed
2517 4519 2732 4579 propter
2761 4506 3166 4578 signiﬁcantiam
3189 4505 3463 4560 nominum
3485 4519 3782 4576 congruen-

2196 4613 2282 4660 ter
2309 4602 2474 4658 titulis
2502 4601 2754 4656 vide'ntnr
2795 4599 3056 4668 appositi;
3087 4597 3228 4668 quod
3260 4611 3452 4667 magno
3480 4595 3661 4650 studio
3695 4597 3782 4650 de-

507 4688 630 4756 sita,
651 4687 812 4745 homo
833 4690 974 4746 Deus
999 4705 1068 4747 ex
1098 4691 1320 4760 duabus,
1352 4703 1402 4750 et
1433 4695 1486 4748 in
1507 4695 1712 4752 duabus
1733 4697 1938 4753 naturis
1967 4673 2084 4755 dis-
2113 4673 2166 4735 Ῑ)
2189 4676 2691 4762 bemus'inquirere,
2718 4701 2774 4745 ut
2797 4689 2951 4745 nobis
2968 4689 3112 4743 velut
3131 4686 3544 4743 candidissimus
3557 4687 3784 4741 nucleus

507 4781 686 4835 tinctis
747 4791 906 4852 atque
954 4783 1201 4852 perlectis
1251 4793 1527 4854 permanet
1569 4788 1621 4842 in
1671 4789 1836 4858 gloria
1884 4791 2084 4860 sempi-

505 4879 696 4926 terna:
732 4874 883 4943 cujus
910 4889 1104 4932 nomen
1139 4892 1301 4947 super
1337 4893 1496 4934 omne
1540 4893 1733 4937 nomen
1778 4892 1891 4949 est,
1930 4884 2084 4954 cujus

499 4973 738 5033 potestas
762 4969 900 5024 ctelo
927 4977 1190 5041 terrasque
1215 4971 1472 5041 imperat,
1501 4975 1584 5028 cui
1631 4973 1793 5031 Omne
1827 4993 1961 5048 genu
1990 4979 2086 5048 fle-

499 5054 654 5108 cutur
697 5057 1004 5128 edulium,
1053 5063 1398 5131 terrestrium,
1446 5073 1494 5118 et
1533 5065 1856 5122 in’ernorum
1896 5067 2078 5141 (Phi-

468 5143 593 5219 λε).
627 5163 685 5216 ιι,
715 5149 827 5220 to).
1373 5173 1378 5178 -

447 5257 458 5300 :'
546 5240 726 5296 ‘Vers.
762 5237 848 5297 M.
876 5240 1182 5300 Benedictus
1206 5245 1452 5303 Dominus
1475 5245 1614 5303 Deus
1639 5250 1808 5304 Israel
1833 5267 1864 5304 a
1887 5253 2081 5307 saeculo

473 5343 729 5404 'et'usquc
754 5337 808 5390 in
831 5339 1074 5393 sceculum
1103 5354 1121 5394 :
1149 5341 1260 5408 ﬁat,
1291 5340 1402 5409 ﬁat.
1431 5341 1700 5410 Expositis
1721 5357 1837 5412 qum
1859 5343 1924 5398 ad
1953 5359 2078 5411 pas-

439 5426 703 5482 "siouem
742 5435 796 5484 et
841 5432 1288 5486 resurrectionem
1332 5431 1532 5488 Christi
1577 5435 1788 5489 Domini
1839 5425 2080 5508 pertine-

494 5519 644 5587 bant,
673 5521 892 5591 puleltre
920 5534 1102 5578 secuta
1152 5531 1236 5578 est
1275 5523 1542 5580 laudativa
1585 5528 1892 5594 conclusio;
1953 5528 2077 5598 quia

493 5599 640 5667 omni
672 5621 912 5684 tempore
936 5613 1183 5669 benedici
1212 5614 1367 5668 debet
1411 5617 1499 5684 qui
1525 5633 1673 5687 spem
1703 5629 1938 5673 nostram
1959 5620 2074 5688 glo-

2192 4797 2384 4842 exutus
2414 4800 2512 4840 suo
2535 4783 2766 4852 tegmine
2791 4782 3047 4837 decenter
3067 4789 3340 4850 appareat.
3369 4775 3636 4833 Hebraice
3657 4777 3780 4832 Core

2200 4880 2397 4935 dicitur
2425 4874 2978 4931 Calvaria:Calvaria:
3005 4885 3134 4928 vero
3165 4873 3315 4928 locus
3345 4881 3442 4939 est,
3477 4871 3566 4925 ubi
3596 4869 3781 4926 Domi-

2191 4983 2320 5026 num
2343 4968 2678 5025 Salvatorem
2701 4975 2913 5022 constat
2934 4980 3054 5021 esse
3079 4963 3409 5019 cruciﬁxum.
3440 4961 3781 5032 Quapmpter

2191 5063 2288 5132 ﬁlii
2325 5061 2452 5116 Core
2483 5059 2676 5114 merito
2704 5058 2981 5125 dicuntur,
3019 5057 3110 5128 qui
3159 5066 3409 5128 tanquam
3450 5056 3780 5127 gloriosissi-

2190 5169 2336 5208 mum
2380 5163 2642 5222 tropaeum
2693 5149 2931 5206 cmiestis
2974 5149 3165 5222 Regis,
3218 5148 3268 5202 id
3314 5156 3398 5203 est
3443 5147 3778 5218 signaculum

2188 5245 2366 5301 crucis
2411 5245 2687 5314 suscipere
2736 5250 3065 5298 meruerunt.
3118 5239 3183 5294 Et
3233 5239 3353 5295 ideo
3397 5239 3638 5308 psalmus
3691 5238 3779 5293 hic

2188 5340 2334 5395 omni
2360 5340 2614 5393 convenit
2640 5335 2961 5401 Christiano,
2995 5333 3085 5403 qui
3109 5345 3295 5387 amore
3327 5331 3536 5386 Domini
3561 5331 3777 5386 ﬂamma

2185 5432 2481 5487 Dominicae
2509 5429 2785 5485 charitatis
2813 5426 3144 5493 accenditur,
3169 5425 3287 5482 sine
3311 5439 3411 5496 qua
3437 5433 3606 5479 totum
3631 5423 3777 5494 able-

2185 5532 2329 5580 ctum
2375 5532 2459 5580 cst
2499 5521 2754 5593 quidquid
2807 5522 2857 5576 in
2909 5517 3159 5574 humanis
3205 5518 3376 5600 rebus
3399 5526 3613 5588 putatur
3661 5516 3778 5571 exi-

2185 5615 2371 5670 mium.
2423 5614 2500 5669 De
2543 5628 2644 5684 qua
2695 5629 2752 5668 re
2798 5612 2884 5667 hic
2936 5613 3136 5680 primus
3179 5617 3263 5665 est
3301 5612 3574 5681 psalmus,
3613 5623 3774 5680 quem

492 5702 574 5757 ria
601 5715 714 5760 sua:
742 5705 1156 5774 dispensationis
1183 5705 1439 5773 implevit.
1472 5705 1812 5763 Benedictum
1844 5707 2073 5765 dicimus
2177 5710 2539 5779 octogesimus
2586 5707 2799 5773 tertius,
2838 5714 2893 5760 ct
2931 5703 3288 5774 octogesimus
3329 5710 3552 5772 quartus
3583 5701 3775 5758 subse-

493 5805 548 5850 et
569 5795 840 5853 hominem
871 5798 954 5852 cui
988 5796 1124 5851 bene
1144 5797 1321 5851 licitur
1351 5813 1368 5863 ;
1417 5801 1500 5852 cui
1551 5809 1725 5858 tamen
1760 5803 1802 5855 si
1835 5817 1939 5858 non
1969 5803 2068 5859 be-

493 5887 793 5954 nedicatur,
827 5888 1138 5944 benedictus
1166 5904 1270 5946 nun
1301 5899 1410 5956 est;
1451 5903 1500 5946 et
1546 5895 1936 5962 quodammodo
1963 5897 2063 5952 ista

2051 6013 2169 6054 6"?"

2177 5812 2430 5873 quuntur.
2467 5800 2574 5858 Sed
2605 5801 2658 5854 in
2689 5799 2772 5854 his
2800 5799 3108 5854 nominibus
3158 5797 3290 5853 illud
3327 5797 3640 5853 meminisse
3667 5797 3765 5850 de-

2175 5893 2363 5951 bemus
2393 5893 2534 5961 quod
2563 5892 2752 5948 beatus
2786 5891 3140 5959 Hieronymus
3170 5891 3244 5947 ait
3273 5889 3366 5958 (In
3391 5887 3588 5959 Expos.
3624 5887 3768 5944 tituli
