4004 6342
286 412 370 469 301
1241 398 1603 455 EXPOSITIO
1636 398 1699 452 IN
1742 397 1844 453 PSA

1952 396 2192 451 'ERIUM.
2237 396 2426 452 PSAL.
2469 395 2579 450 xu
3310 464 3319 475 κ

287 524 404 594 putt.
434 518 705 589 txxxtv),
736 528 896 572 omne
929 514 1240 585 psalterium
1286 496 1462 584 sagaci
1511 526 1692 569 mente
1721 527 1844 582 per-
1870 515 1928 575 Α
2029 510 2178 566 Vers.
2208 513 2261 567 5.
2298 511 2529 567 Fuerunt
2553 510 2977 587 witty-tangatis
3025 526 3148 566 mea
3175 523 3332 577 panes
3368 509 3449 561 die
3478 496 3557 594 ac!

285 618 517 672 lustrans.
559 611 839 681 Nunquam
887 606 1101 663 invenio
1147 606 1287 677 quod
1332 605 1427 675 ﬁlii
1472 606 1602 662 Core
1646 604 1848 674 aliquid

284 706 422 760 triste
462 702 792 757 cautaverint
825 717 838 753 :
871 713 1085 770 semper
1131 698 1274 754 enim
1316 698 1371 752 in
1403 698 1620 767 psalmis
1663 711 1852 753 eorum

283 795 391 851 lata
436 800 555 847 sunt
608 800 663 846 et
705 789 971 860 jucunda;
1030 788 1481 859 saecularibusque
1530 789 1853 859 contemptis

282 887 499 944 celestis
520 894 577 941 et
600 893 800 940 aeterna
831 883 1164 946 desiderant,
1194 888 1554 953 congruentes
1581 882 1853 951 interpre-

284 979 452 1035 tationi
478 976 711 1033 nominis
740 974 844 1031 sui.

838 1064 1035 1121 Divisio
1060 1064 1264 1135 psalmi.

344 1158 503 1216 Filius
525 1161 679 1227 Core,
701 1174 862 1231 quem
882 1159 1115 1215 diximus
1136 1157 1311 1214 crucis
1333 1157 1539 1214 honore
1558 1157 1847 1228 signatum,

281 1253 435 1320 prima
482 1251 826 1322 professione
872 1251 1063 1321 psalmi
1112 1250 1269 1320 hujus
1312 1264 1473 1306 omne
1519 1250 1848 1306 desiderium

279 1346 461 1400 mentis
500 1360 614 1401 suae
652 1345 718 1400 ad
760 1344 1040 1400 Dominum
1084 1343 1216 1399 dicit
1243 1357 1364 1399 esse
1412 1342 1746 1398 translatum.
1790 1344 1850 1397 lu

278 1436 500 1491 secunda
536 1450 633 1504 per
679 1435 1168 1507 quinquepartitum
1209 1434 1578 1505 syllogismum
1618 1434 1850 1503 loquitur

276 1527 454 1581 animae
476 1540 622 1590 suas,
653 1526 839 1583 dicens
872 1541 989 1583 eam
1020 1527 1075 1582 in
1101 1527 1202 1581 hoc
1243 1525 1427 1582 saeculi
1453 1526 1568 1581 salo
1613 1540 1718 1581 non
1755 1524 1849 1581 de-

276 1617 392 1673 bere
420 1617 656 1687 turbari,
682 1618 813 1689 qui:
838 1619 979 1676 Deus
1007 1627 1089 1675 est
1118 1619 1287 1688 ipsius
1316 1619 1421 1673 lixa
1458 1618 1849 1674 deliberatione

274 1710 553 1781 refugium.

791 1801 1064 1871 Expositio
1107 1801 1316 1871 psalmi.

3432 388 3537 444 302’.

3552 479 3561 530 l

1958 616 2120 662 nocte.
2152 606 2381 661 Audiant
2411 608 2511 663 hoc
2553 608 2643 676 qui
2672 607 2897 662 Domino
2939 606 3068 661 ﬂere
3118 620 3224 660 non
3255 588 3563 673 appetuntf

1952 697 2107 767 juges
2142 698 2405 768 lacrymas
2446 715 2549 755 non
2595 700 2860 769 inediam,
2890 699 2983 756 sed
3009 700 3309 754 satietatem
3357 694 3530 765 potius

1956 789 2216 845 intulisse.
2269 790 2379 845 Nec
2428 791 2727 859 immerito,
2758 792 2882 862 quia
2925 792 3081 847 fletus
3129 790 3223 846 ille
3256 788 3408 844 cibus
3451 798 3535 843 est
3616 826 3625 829 -

1954 879 2274 946 animarum,
2307 881 2675 937 corroboratio
2701 897 2977 949 sensuum,
3000 881 3262 937 absolutio
3287 887 3533 950 peccato-

1952 984 2102 1037 rum,
2132 970 2354 1027 refectio
2391 972 2680 1037 mentium,
2714 972 2924 1027 lavacra
2963 972 3261 1040 culparum.
3292 966 3395 1024 Sed
3438 981 3533 1037 per

1954 1060 2052 1115 has
2094 1062 2249 1132 juges
2297 1063 2558 1133 lacrymas
2608 1062 2869 1133 significat
2907 1062 3289 1118 afﬂictionibus
3328 1058 3530 1115 erudiri

1952 1161 2109 1216 posse
2156 1151 2408 1218 populum
2456 1151 2835 1207 Christianum.
2889 1152 3070 1217 Diem,
3122 1150 3531 1222 prosperitatem

1952 1236 2207 1297 debemus
2234 1242 2477 1309 accipere
2510 1261 2519 1291 :
2557 1254 2752 1298 noctem
2780 1258 2908 1299 vero
2953 1242 3245 1297 tristitiam.
3287 1242 3389 1297 Per
3419 1238 3535 1295 haec

1951 1326 2093 1381 enim
2124 1328 2251 1395 duo,
2281 1343 2441 1383 omne
2466 1339 2671 1400 tempus
2701 1332 2825 1386 vita:
2859 1329 3086 1385 hominis
3117 1329 3399 1383 indicatur.

2025 1417 2176 1474 Vers.
2209 1421 2262 1474 4.
2298 1418 2435 1474 Dum
2476 1422 2661 1476 dicitur
2696 1421 2822 1475 mihi
2848 1424 3109 1493 quotidie:
3144 1419 3241 1476 Ubi
3274 1429 3348 1475 est
3398 1419 3536 1475 Deus

1949 1510 2106 1563 tuus?
2130 1507 2359 1566 Causam
2390 1512 2566 1567 reddit
2604 1514 2741 1581 ﬁlius
2787 1512 2943 1582 Core,
2974 1525 3139 1581 quare
3174 1510 3324 1582 juges
3361 1510 3534 1584 lacry-

1951 1616 2067 1655 mas
2092 1601 2247 1659 fudit.
2282 1602 2394 1658 Hoc
2435 1604 2579 1663 enim
2607 1604 2883 1660 dicebatur
2908 1606 3121 1661 assidue
3146 1600 3535 1675 persecutionis

1950 1704 2189 1767 tempore
2213 1695 2532 1751 Christianis
2561 1715 2574 1751 :
2605 1698 2721 1755 Non
2746 1708 2829 1754 est
2853 1700 2943 1768 qui
2968 1713 3064 1753 vos
3088 1698 3345 1759 vindicet,
3375 1694 3534 1749 susti-

1948 1795 2071 1842 nete
2102 1786 2341 1856 profecto
2384 1803 2501 1856 quae
2544 1790 2819 1857 volumus,
2854 1807 2972 1859 qua:
2999 1792 3266 1860 iubemus.
3302 1785 3434 1853 Quis
3475 1785 3532 1839 in

338 1892 483 1949 νοτε,
515 1892 569 1946 ι,
601 1891 749 1948 δέεαι
789 1908 960 1947 επεν,
998 1892 1251 1948 “ﬁdem;
1275 1891 1342 1945 ad
1380 1892 1542 1962 {cum
1570 1907 1843 1960 aquarum,
1879 1879 1929 1939 B
1955 1878 2059 1931 ista
2084 1877 2374 1933 afﬂictione
2398 1894 2503 1933 non
2552 1880 2737 1947 ﬂeret,
2779 1882 2979 1937 habere
3017 1880 3402 1936 conscientiam
3449 1888 3533 1929 re-

271 1984 333 2037 ita
371 1984 625 2045 desiderat
668 1984 840 2039 anima
881 1999 994 2037 mea
1029 1992 1096 2037 ad
1134 1991 1201 2049 te,
1239 1981 1396 2037 Deus.
1444 1982 1543 2038 Hic
1570 1982 1735 2052 ﬁgura
1764 1992 1848 2039 est

270 2075 527 2141 parabole,
562 2074 612 2129 id
638 2084 721 2129 est
754 2088 931 2129 rerum
956 2088 1157 2143 genere
1195 2072 1535 2128 dissimilium
1563 2088 1847 2143 compara-

270 2167 352 2223 tio.
375 2164 529 2222 Cerva
561 2166 702 2222 enim
733 2167 892 2221 homo
918 2167 1158 2221 noscitur
1184 2165 1526 2222 assimilatas.
1556 2164 1712 2231 Quod
1758 2181 1847 2221 ar-

268 2268 564 2323 gumentum
588 2257 999 2324 comparationis
1023 2256 1216 2312 dicitur
1243 2259 1286 2313 Α
1318 2257 1529 2312 minore
1554 2257 1619 2311 ad
1644 2257 1843 2327 majus.

267 2347 363 2403 Sed
393 2363 502 2403 non
526 2348 797 2403 incassum
834 2346 1078 2403 fidelibus
1107 2347 1209 2402 hoc
1235 2346 1436 2401 animal
1474 2354 1842 2416 comparatur;

267 2447 342 2494 est
360 2442 504 2496 enim
530 2440 702 2510 primo
728 2440 1030 2507 innoxium,
1058 2439 1251 2496 deinde
1275 2439 1696 2506 velocissimum,
1730 2448 1845 2495 ter-

266 2530 333 2585 tio
359 2530 631 2586 desiderio
659 2531 1028 2587 inardescente
1052 2530 1403 2585 siticulosum.
1435 2529 1727 2599 Serpentes
1760 2543 1848 2583 na-

263 2620 403 2676 ribus
450 2620 651 2685 trahit,
699 2635 831 2689 quas
880 2628 938 2675 ut
982 2620 1280 2686 voraverit,
1323 2634 1530 2675 veneno
1580 2626 1842 2675 aestuante

262 2723 533 2781 permotus
548 2713 614 2767 ad
636 2711 839 2767 fontem
868 2726 1124 2781 aquarum
1149 2721 1346 2780 quanta
1368 2720 1544 2781 potest
1564 2710 1847 2769 velocitate
1870 2726 1883 2734 ί

261 2803 498 2859 feStinat.
529 2804 690 2856 Amat
728 2801 869 2857 enim
914 2816 1050 2871 aqua
1078 2800 1219 2855 dulci
1264 2797 1417 2873 142
1460 2801 1848 2871 purissimaque

263 2893 460 2949 satiari.
496 2892 666 2962 Hujus
692 2892 888 2948 decora
909 2892 1236 2961 comparatio
1256 2902 1492 2946 nostrum
1517 2891 1847 2947 desiderium

263 2986 514 3041 ardenter
546 2985 794 3063 instigat;
826 2994 881 3040 ut
910 2984 1123 3061 quando
1153 2998 1356 3039 venena
1386 2984 1587 3053 antiqui
1628 2999 1849 3053 serpen-

264 3078 325 3133 tis
350 3077 659 3144 haurimus,
687 3078 743 3131 et
783 3076 903 3147 ejus
946 3076 1150 3131 facibus
1189 3068 1478 3132 aestuamus
1499 3122 1513 3145 ,
1549 3077 1616 3131 ad
1648 3078 1845 3133 fontem

265 3168 448 3227 divina:
475 3166 855 3239 misericordiae
872 3166 1017 3223 illico
1045 3165 1391 3233 festinemus;
1418 3174 1682 3237 quatenus
1704 3169 1844 3239 quod

1950 1978 2115 2036 ctam,
2146 1979 2201 2026 et
2224 1986 2503 2040 pravorum
2530 1972 2809 2042 subjacere
2834 1975 3090 2030 conviciis
3118 1993 3131 2028 :
3158 1972 3373 2045 quando
3395 1966 3532 2021 ultra

1950 2075 2135 2115 omnes
2166 2059 2379 2118 dolores
2410 2072 2511 2129 est,
2542 2063 2689 2117 illum
2720 2066 3058 2121 insultantem
3090 2081 3343 2133 cernere,
3370 2083 3531 2139 quem

1951 2153 2226 2223 cognoscis
2254 2156 2597 2212 conscientiae
2643 2158 2908 2225 pravitate
2934 2159 3189 2215 sordere?
3217 2162 3284 2215 Et
3326 2163 3534 2233 reapice

1949 2246 2376 2302 convenientiam
2406 2262 2584 2303 rerum
2614 2266 2629 2305 :
2658 2263 2692 2319 q
2718 2249 2910 2305 toniam
2939 2250 3078 2305 sicut
3109 2252 3370 2323 lacrymas
3407 2268 3532 2310 suas

1950 2336 2192 2392 assiduas
2220 2338 2548 2408 designavit,
2582 2340 2653 2395 ita
2679 2348 2733 2396 et
2760 2342 3135 2410 imputationes
3165 2342 3327 2398 fuisse
3356 2344 3530 2398 conti-

1948 2444 2084 2486 nuas
2124 2430 2286 2499 dicit;
2309 2441 2365 2486 ut
2394 2432 2572 2487 omnia
2602 2432 2703 2487 sibi
2733 2433 3097 2503 concordent,
3124 2449 3244 2505 quae
3269 2435 3436 2490 sacris
3458 2435 3527 2490 le-

1949 2522 2219 2577 ctionibus
2243 2523 2602 2580 continentur.

2022 2616 2175 2671 Yers.
2202 2618 2255 2673 5.
2287 2618 2418 2672 Htec
2447 2618 2745 2673 recordatus
2770 2635 2881 2673 sum
2900 2660 2914 2684 ,
2951 2627 2997 2673 et
3022 2618 3185 2685 c/fudi
3218 2620 3271 2673 in
3302 2636 3382 2674 me
3420 2622 3528 2675 ani-

1950 2721 2087 2759 mant
2106 2722 2269 2761 meam
2291 2723 2311 2763 .'
2331 2710 2571 2777 quoniam
2593 2710 2912 2780 ingrediebar
2934 2711 2985 2763 in
3005 2712 3174 2765 locum
3192 2712 3528 2766 tabernaculi.

1952 2797 2009 2852 Id
2036 2806 2140 2869 est,
2176 2798 2304 2853 dum
2333 2799 2447 2854 haec
2475 2815 2591 2869 qua:
2632 2799 2762 2853 mihi
2794 2800 3191 2868 imputabantur
3219 2801 3413 2856 delicta
3441 2816 3528 2857 co-

1950 2891 2195 2961 gitarem,
2229 2891 2460 2945 animam
2495 2906 2666 2946 meam
2694 2892 2842 2960 quasi
2872 2907 2939 2946 ex
2968 2892 3125 2960 pleno
3151 2892 3528 2962 conceptaculo

1951 2984 2003 3037 in
2056 2981 2320 3053 lacrymas
2369 2981 2543 3037 subita
2598 2982 2947 3037 inundatione
3008 2982 3253 3049 profudi,
3334 2998 3528 3053 rogans

1950 3070 2138 3135 Deum,
2166 3088 2235 3127 ne
2256 3071 2457 3126 diutius
2480 3072 2571 3125 tali
2589 3072 2949 3142 increpatione
2966 3081 3262 3143 torquerer.
3280 3073 3524 3127 Animam

1947 3178 2076 3219 vero
2104 3178 2255 3218 suam
2283 3165 2335 3217 in
2378 3178 2438 3219 se
2458 3164 2860 3234 quodammodo
2891 3164 3077 3225 fundit,
3113 3165 3205 3235 qui
3239 3164 3397 3233 pleno
3440 3165 3529 3219 de-

265 3261 460 3329 peccati
505 3258 824 3314 adversitate
862 3255 1228 3323 contrahitur,
1268 3252 1591 3314 dulcissimi
1616 3258 1839 3316 haustus
1866 3259 1914 3323 C
1944 3259 2144 3316 siderio
2174 3262 2472 3316 concitatus
2503 3260 2613 3316 Deo
2642 3275 2701 3316 se
2730 3259 2936 3315 sincera
2982 3260 3370 3329 supplicatione
3404 3274 3525 3329 pro-

264 3351 485 3419 puritate
518 3349 773 3405 vincatur.
802 3347 910 3404 Nec
938 3356 1088 3403 vacat
1108 3346 1249 3418 quod
1272 3347 1341 3401 ad
1364 3348 1526 3417 fontes
1561 3365 1834 3419 aquarum,

265 3442 409 3508 dixit,
439 3457 551 3496 non
578 3441 643 3494 ad
669 3454 854 3510 aquas.
885 3436 1029 3492 Fons
1056 3438 1199 3493 enim
1226 3454 1475 3508 aquarum
1496 3439 1736 3494 Christus
1758 3449 1843 3496 est

264 3534 549 3602 Dominus,
578 3532 718 3590 unde
744 3532 922 3587 omnia
968 3532 1155 3586 fluunt‘
1184 3546 1517 3602 quaecunque
1565 3532 1832 3590 reficiunt.

265 3628 479 3686 Fluenta
507 3629 649 3684 enim
680 3628 987 3698 plerumque
1016 3624 1203 3681 siccari
1230 3635 1487 3696 possunt;
1523 3630 1639 3697 fons
1662 3635 1839 3682 autem

265 3737 511 3791 aquarum
542 3734 756 3789 semper
784 3720 1012 3789 irriguos
1055 3728 1157 3772 est.
1212 3717 1361 3773 Unde
1398 3719 1592 3774 merito
1639 3719 1839 3775 dictum

268 3822 341 3867 cst
367 3813 432 3867 ad
460 3814 725 3882 liquorem
755 3824 919 3867 sacra:
944 3807 1163 3879 originis
1194 3808 1571 3874 festinandum,
1607 3809 1693 3864 ubi
1747 3810 1839 3866 de-

269 3905 523 3962 siderium
554 3914 795 3959 nostrum
826 3918 1093 3973 nunquam
1117 3900 1284 3972 possit
1315 3903 1511 3958 habere
1556 3902 1835 3973 jejunium.

330 3994 483 4051 Vers.
519 3993 571 4046 2.
606 3992 773 4047 Sitivit
798 3993 968 4046 anima
989 4008 1101 4046 mea
1126 3991 1193 4044 ad
1218 3991 1378 4044 Deum
1404 3994 1566 4045 tivum
1592 4008 1609 4044 :
1634 3993 1838 4062 quando

268 4085 455 4138 veniam
483 4093 530 4140 et
570 4083 821 4152 apparebo
861 4090 977 4135 ante
1016 4082 1194 4152 faciem
1240 4081 1371 4136 Dei?
1407 4082 1475 4137 Ut
1514 4083 1838 4137 desiderium

273 4178 404 4245 quod
435 4177 688 4247 praemisit
717 4176 910 4231 divina:
936 4174 1211 4229 charitatis
1259 4173 1421 4230 fuisse
1467 4187 1835 4243 cognosceres,

269 4271 493 4325 animam
525 4285 670 4324 suam
697 4268 824 4323 dicit
850 4274 1192 4336 conspectum
1222 4263 1432 4319 Domini
1464 4252 1707 4321 sitienter
1749 4283 1841 4336 ap-

268 4370 442 4429 petere
473 4381 485 4414 :
519 4377 623 4431 quo
647 4358 851 4414 ambitu
900 4354 1176 4412 imbecillis
1211 4356 1444 4409 maxime
1484 4348 1840 4411 inﬂammatur

268 4451 584 4509 humanitas.
636 4452 869 4521 Denique
910 4450 985 4504 sic
1023 4439 1294 4515 sequitur,
1344 4448 1546 4516 quando
1577 4449 1768 4500 veniam
1794 4456 1841 4501 et

266 4545 515 4615 apparebo
558 4552 674 4596 ante
714 4543 896 4612 facient
926 4539 1059 4592 Dei?
1096 4538 1296 4592 scilicet
1342 4536 1467 4606 quia
1514 4546 1637 4591 tunc
1689 4537 1838 4591 nobis

1944 3354 2215 3409 straverit.
2248 3353 2319 3407 Et
2346 3362 2465 3431 nota
2494 3353 2633 3423 quod
2663 3354 2836 3409 omnis
2860 3352 3048 3408 eﬂ‘usio
3088 3362 3233 3407 motu
3284 3352 3424 3409 facto
3455 3354 3523 3408 ad

1940 3446 2111 3500 vicina
2149 3446 2264 3501 loca
2294 3445 2648 3515 progreditur.
2692 3444 2883 3499 Anima
2912 3460 3037 3499 vero
3079 3447 3131 3498 in
3155 3460 3212 3500 se
3256 3445 3524 3512 funditur,

1940 3539 2152 3608 quoties
2194 3537 2621 3608 compunctionis
2661 3536 2916 3591 instinctu
2964 3538 3015 3591 in
3065 3537 3403 3607 semetipsam
3436 3553 3522 3594 re-

1941 3629 2186 3683 vertitur.
2224 3628 2475 3699 Sequitur
2500 3629 2660 3683 etiam
2690 3643 2785 3684 cur
2829 3629 2879 3683 in
2910 3642 2968 3683 se
3001 3627 3249 3684 effuderit
3292 3630 3521 3683 animam

1942 3737 2128 3787 suam;
2160 3722 2389 3787 scilicet,
2423 3722 2662 3789 quoniam
2686 3720 3058 3790 ingrediebatur
3082 3721 3133 3773 in
3160 3722 3325 3774 locum
3357 3722 3521 3775 taber'

1941 3812 2147 3879 naculi;
2192 3814 2295 3867 hoc
2332 3818 2413 3867 est
2454 3813 2506 3865 in
2556 3811 2847 3866 Ecclesiam
2881 3823 3216 3879 praesentem.
3268 3812 3341 3865 lbi
3384 3813 3521 3866 enim

1944 3905 2069 3960 dum
2100 3905 2473 3973 ingrederetur
2495 3904 2718 3971 amplius
2741 3903 2999 3972 plorabat,
3034 3904 3258 3970 amplius
3281 3904 3525 3972 gemebat

1944 3998 2118 4052 adhuc
2138 3997 2337 4051 differri
2361 3996 2504 4049 illam
2532 3996 2847 4063 Jerusalem,
2878 4010 3034 4064 quam
3063 3997 3262 4051 sanetis
3289 4000 3398 4052 suis
3423 3999 3524 4053 Do-

1944 4092 2120 4146 minus
2154 4089 2479 4159 repromisit.
2506 4088 2735 4143 Necesse
2761 4097 2843 4142 est
2872 4088 3013 4141 enim
3054 4089 3290 4142 vivacius
3314 4090 3525 4145 deside-

1944 4196 2066 4235 rare
2082 4179 2221 4248 quod
2240 4187 2598 4249 exspectatur,
2615 4177 2825 4249 quando
2843 4177 2959 4248 ejus
2975 4180 3213 4249 quaedam
3234 4181 3523 4237 similitudo

1945 4272 2290 4342 conspicitur.

1990 4354 1991 4357 η
2020 4372 2169 4428 Vers.
2200 4373 2252 4428 6.
2287 4370 2612 4425 Admirabilis
2650 4388 2805 4440 usque
2826 4372 2892 4426 ad
2920 4372 3127 4427 domum
3164 4372 3300 4429 Dei:
3329 4376 3381 4429 in
3409 4390 3527 4430 voce

1944 4463 2291 4519 exsultationis
2339 4471 2387 4516 et
2415 4462 2746 4532 confessionis
2781 4480 2932 4517 sonus
2966 4464 3237 4535 epulantis.
3280 4467 3376 4520 Hic
3405 4467 3524 4521 red-

1946 4555 2175 4609 dendum
2208 4563 2319 4620 est,
2348 4554 2487 4623 quod
2531 4554 2579 4606 in
2612 4552 2889 4621 superiore
2916 4569 3072 4608 versu
3098 4556 3247 4621 dixit,
3280 4555 3330 4607 in
3359 4557 3525 4611 locum

267 4638 575 4692 manifestus
599 4634 891 4705 apparebit,
925 4633 1136 4703 quando
1166 4647 1261 4686 nos
1290 4632 1341 4685 in
1371 4629 1575 4699 judicio
1617 4648 1715 4686 suo
1754 4631 1839 4685 di-

1952 4647 2279 4701 tabernacuti.
2310 4645 2707 4715 lngrediebatur
2746 4645 2885 4699 enim
2929 4646 3241 4701 admirabile
3282 4648 3524 4701 taberna-

266 4737 485 4796 gnanter
512 4726 822 4795 inspexerit.
866 4724 958 4777 His
988 4724 1146 4791 igitur
1177 4721 1333 4776 rebus
1357 4720 1531 4775 edocti
1552 4764 1565 4787 ,
1604 4721 1840 4776 adverti-

269 4832 382 4874 mus
408 4820 638 4875 animatn
667 4818 861 4872 habere
910 4815 1048 4870 sitim
1080 4829 1250 4877 suam,
1279 4826 1399 4867 cum
1428 4812 1697 4867 desiderio
1733 4828 1841 4868 cne-

270 4910 383 4966 lesti
432 4920 703 4967 commota
753 4908 962 4963 divinos
1012 4905 1200 4960 ﬂuvios
1247 4905 1476 4974 expetit,
1525 4905 1613 4973 qui
1646 4905 1865 4974 irrigua.

270 5018 479 5075 semper
507 5000 751 5059 ubertate
777 5000 1067 5055 funduntur
1103 5016 1115 5052 :
1155 5012 1303 5067 aqua:
1334 4996 1718 5066 copiosissima:
1754 5010 1838 5050 sa-

271 5080 487 5164 lutares,
509 5112 628 5168 quae
652 5112 753 5150 non
773 5094 947 5150 solum
971 5093 1112 5148 sitim
1140 5100 1499 5161 retemperant
1518 5092 1835 5155 animarum,

271 5190 358 5245 sed
402 5168 563 5245 etiam
605 5188 814 5245 omnem
860 5185 1201 5254 indigentiam
1236 5172 1616 5239 ititbecillitafis
1656 5183 1839 5238 exclu-

271 5282 418 5335 dunt.
449 5281 577 5336 Haec
604 5279 719 5335 sitis
747 5282 799 5333 in
833 5279 933 5333 hoc
953 5272 1149 5332 saeculo
1172 5275 1343 5329 beatis
1373 5273 1674 5342 pectOribus
1700 5289 1840 5328 sem-

275 5390 363 5443 per
386 5383 675 5441 exaestuat,
722 5388 821 5429 nec
851 5373 1028 5443 aliquo
1066 5370 1169 5425 fine
1211 5376 1460 5423 contenta
1502 5367 1789 5436 requiescit
1824 5384 1838 5420 :

273 5469 390 5538 quia
433 5468 482 5524 ei
527 5469 581 5524 in
632 5467 805 5531 futura
847 5462 1172 5521 beatitudine
1211 5458 1369 5514 datur
1417 5458 1655 5513 invenire
1703 5455 1842 5526 quod

273 5565 503 5630 appetit;
536 5563 673 5617 sicut
697 5560 954 5615 Dominus
981 5558 1035 5612 in
1065 5552 1358 5624 Evangelio
1389 5551 1515 5605 dicit
1549 5567 1560 5603 :
1594 5544 1737 5603 Beati
1757 5551 1843 5619 qui

274 5656 495 5707 esuriant
524 5664 571 5709 et
598 5655 773 5709 sitiunt
794 5651 1056 5724 justitiam
1075 5688 1091 5713 ,
1122 5646 1363 5717 quoniam
1408 5645 1503 5714 ipsi
1540 5642 1839 5696 saturabun-

277 5753 353 5797 tur
380 5743 593 5815 (Matth.
626 5761 679 5808 v,
708 5742 785 5811 6).
814 5726 1028 5807 Quando
1057 5724 1263 5801 autem,
1296 5751 1413 5790 cum
1456 5735 1692 5804 pondere
1726 5750 1846 5802 pro-

282 5836 621 5893 nuntiandum
649 5845 757 5902 est;
790 5844 845 5888 ut
876 5832 1050 5905 gnavis
1071 5830 1123 5885 ci
1153 5829 1391 5884 videatur
1420 5844 1536 5883 csse
1568 5828 1768 5883 dilatio.

1950 4738 2147 4797 culum,
2177 4738 2261 4805 qui
2288 4745 2393 4791 tam
2421 4736 2614 4804 iniquis
2637 4736 3071 4803 imputationibus
3101 4735 3289 4789 cedere
3319 4738 3525 4792 nescie-

1952 4828 2059 4882 bat.
2084 4826 2366 4881 Dicebatur
2396 4827 2535 4880 enim
2563 4827 2637 4879 illi
2673 4845 2683 4877 :
2720 4825 2819 4879 Ubi
2852 4835 2922 4879 est
2953 4825 3090 4879 Dens
3120 4828 3276 4880 tuus?
3298 4825 3403 4881 Sed
3436 4828 3526 4883 ille

1952 4918 2116 4973 Deum
2140 4926 2413 4987 tantopere
2435 4916 2792 4982 desiderabat,
2814 4925 3010 4986 quanto
3034 4917 3085 4969 in
3104 4931 3224 4971 eum
3256 4918 3527 4976 insultatio

1950 5007 2173 5063 nefanda
2205 5016 2527 5063 surrexerat.
2562 5007 2635 5060 Dc
2683 5008 2783 5059 isto
2827 5021 2954 5059 vero
2986 5007 3327 5063 tabernaculo
3372 5027 3527 5081 usque

1947 5106 2014 5159 ad
2042 5105 2184 5158 illam
2217 5102 2375 5158 futuri
2398 5101 2577 5157 satcnli
2603 5100 2809 5151 domum
2842 5099 2935 5152 Dei
2966 5101 3082 5169 pius
3108 5101 3276 5157 incola
3309 5100 3525 5159 festina-

1946 5194 2055 5255 bat,
2089 5209 2157 5250 ne
2184 5192 2366 5248 mundi
2399 5192 2554 5259 hujus
2577 5189 2840 5243 desideria
2868 5202 3053 5247 sancto
3079 5194 3193 5248 viro
3217 5195 3527 5252 viderentur

1946 5300 2181 5355 accepta.
2212 5286 2316 5341 Sed
2348 5281 2611 5354 quomodo
2645 5282 2766 5337 illuc
2808 5283 2885 5338 ire
2914 5288 3281 5344 sanctissimus
3321 5292 3525 5345 ambie-

1949 5376 2076 5431 bat?
2093 5374 2159 5430 1η
2180 5393 2294 5430 voce
2315 5375 2502 5428 scilicet
2524 5373 2871 5428 exsultatiouis
2893 5386 2938 5429 et
2959 5379 3310 5450 confessionis.
3338 5380 3526 5434 Exsul.

1944 5470 2068 5519 tatio
2091 5465 2153 5519 ad
2183 5463 2528 5535 psalmodiam
2553 5463 2789 5530 respicit,
2816 5467 3067 5532 conte-sio
3092 5467 3157 5520 ad
3190 5478 3406 5535 peccata
3426 5470 3524 5525 de-

1950 5554 2199 5623 ploranda
2228 5571 2239 5605 :
2272 5567 2390 5622 quae
2418 5550 2520 5603 duo
2545 5550 2723 5618 juncta
2756 5552 3047 5618 perfectum
3073 5557 3252 5626 utique
3283 5557 3523 5612 efficiunt

1948 5644 2330 5701 Christianum.
2387 5642 2675 5710 Sequitur,
2728 5657 2884 5695 sonus
2938 5647 3214 5713 epulantis.
3272 5647 3522 5703 Definitio

1949 5737 2125 5791 brevis
2146 5734 2270 5805 quid
2293 5737 2361 5788 sit
2383 5731 2653 5788 exsultatio
2674 5739 2720 5783 et
2744 5735 2992 5799 confessio
3015 5778 3027 5799 ,
3056 5735 3106 5790 id
3130 5746 3209 5792 est
3230 5754 3378 5790 sonus
3402 5753 3521 5806 θρα.

1951 5828 2100 5880 tantis
2131 5841 2146 5877 :
2178 5828 2293 5895 quia
2324 5840 2484 5880 sonus
2510 5824 2625 5892 ipse
2650 5820 2880 5875 animam
2925 5826 3107 5891 pascit,
3139 5836 3192 5880 et
3232 5826 3409 5896 epulas
3442 5825 3520 5902 illi
