4004 6342
432 400 535 458 503

1618 393 1688 451 Μ.
1727 388 2003 451 AURELII
2040 390 2448 453 CASSIODORI

3589 376 3694 435 505

428 515 577 575 suavi
629 514 983 573 delectatione
1040 510 1301 569 concedit.
1355 507 1493 578 Quid
1548 508 1693 566 enim
1747 508 1962 566 dulcius
1990 551 2004 576 ,
2036 510 2167 573 Ate
2216 524 2424 567 summa
2454 505 2739 565 velocitate
2766 502 2981 569 festino,
3034 498 3126 557 ubi
3153 496 3466 570 pervertisse
3509 509 3693 571 reme-

427 608 624 681 quidve
664 607 932 664 salubrius
976 620 1139 676 quam
1177 604 1344 658 Deum
1390 600 1647 669 laudare,
1679 609 1734 658 et
1770 615 1922 658 reum
1949 614 2008 656 se

427 714 641 772 semper
667 690 928 771 arguere?
957 697 1131 753 Finita
1151 705 1233 752 est
1256 708 1379 767 pars
1399 710 1517 764 qua:
1538 695 1683 750 sitim
1706 693 2007 750 habendam

426 789 559 849 dicit
583 790 641 847 in
666 789 897 847 Domino
926 808 939 844 :
985 788 1086 845 sed
1127 788 1411 844 rursus'in
1446 787 1687 859 sequenti
1720 794 1873 857 parte
1908 800 2007 855 per

426 899 651 956 magnas
682 882 1011 953 subtilesque
1051 880 1539 952 argumentationes
1575 878 1677 934 hoc
1708 878 1867 932 iterat
1897 892 1912 932 :
1942 889 2008 932 ne

426 990 523 1046 per
564 973 833 1030 tristitiam
863 972 1058 1029 mentis
1098 985 1311 1027 cessare
1334 970 1602 1026 videretur
1642 982 1671 1023 a
1713 964 2002 1033 desiderio,

427 1062 861 1137 quodprobabili
887 1062 1081 1119 ardore
1099 1070 1437 1132 conceperat.

398 1201 402 1205 .
494 1153 653 1214 Vera.
678 1156 733 1212 7.
764 1154 935 1221 Quare
963 1154 1120 1221 tristis
1146 1169 1199 1207 es
1242 1153 1418 1211 anima
1444 1167 1576 1218 mea,
1604 1156 1653 1205 et
1680 1164 1836 1221 quare
1881 1164 2007 1203 con—

425 1249 602 1305 turbas
624 1246 931 1317 me?Spera
965 1245 1032 1299 in
1071 1243 1292 1299 Domino
1344 1242 1477 1316 [ed.,
1502 1240 1654 1314 Deo].
1686 1241 1795 1296 llos
1822 1254 2008 1298 versus

424 1341 584 1410 paulo
614 1337 891 1394 sollicitius
940 1336 1250 1402 audiamus;
1298 1336 1421 1405 quia
1459 1334 1562 1390 nisi
1604 1334 1850 1391 subtilius
1903 1343 2011 1388 tra-

422 1438 676 1498 ctentur,
701 1429 914 1486 obscuri
953 1437 1096 1485 sunt.
1142 1428 1264 1482 Post
1294 1426 1411 1482 illas
1452 1425 1830 1494 imputationes
1875 1438 2009 1494 quas

424 1521 702 1577 audiverat
728 1536 743 1575 :
777 1520 875 1575 Ubi
894 1529 968 1573 est
994 1517 1133 1573 Deus
1156 1519 1313 1573 tuus?
1333 1525 1456 1589 post
1482 1517 1794 1573 effusionem
1815 1516 2009 1571 anima:

350 1658 373 1681 ι
423 1627 536 1668 sum
578 1626 737 1681 quam
781 1609 942 1665 nimia
984 1609 1323 1665 tribulatione
1349 1615 1649 1679 peregerat,
1682 1608 1828 1663 venit
1869 1607 2010 1664 ﬁlius

424 1702 562 1760 Co‘re
589 1704 659 1759 ad
705 1704 994 1760 secundam
1042 1711 1283 1773 partem,
1326 1703 1414 1773 qui
1452 1716 1550 1771 per
1590 1699 2012 1771 quinquepartiti

423 1796 715 1867 syllogismi
740 1796 1138 1853 veracissimam
1160 1795 1532 1866 probationem
1558 1808 1728 1863 usque
1756 1793 1824 1848 ad
1845 1792 2009 1847 ﬁnem

423 1888 622 1958 psalmi
670 1888 904 1959 loquitur
949 1887 1017 1943 ad
1062 1887 1299 1950 animam
1320 1900 1507 1953 suam,
1547 1886 1775 1940 dicens:
1811 1883 2012 1952 Quare,

422 1979 599 2035 anima
614 1992 758 2049 mea,
769 1978 1109 2040 inimicoltm
1122 1980 1280 2036 saevis
1301 1977 1739 2049 imputationibus
1749 1976 2007 2044 sauciata,

423 2073 810 2143 praegravaris‘l
855 2073 1033 2141 Quare
1077 2086 1164 2129 me
1213 2080 1305 2127 tua
1351 2070 1639 2127 afﬂictione
1678 2068 2011 2126 conturbas?

423 2163 656 2222 Necesse
686 2173 776 2221 est
800 2165 947 2222 enim
977 2174 1036 2221 ut
1060 2163 1150 2220 illa
1191 2162 1356 2219 tristis
1390 2178 1453 2219 ac
1494 2172 1686 2219 maesta
1727 2160 2010 2217 inﬁrmitas

423 2258 657 2313 humana
700 2258 965 2314 turbetur.
1006 2256 1257 2327 Sequitur
1296 2256 1577 2312 adversum
1622 2254 1739 2309 llaec
1775 2251 2010 2308 salutare

423 2349 719 2406 remedium
748 2367 762 2403 :
796 2349 963 2422 Spera
989 2350 1043 2403 in
1067 2346 1288 2402 Domino
1318 2363 1337 2405 :
1364 2347 1489 2419 quia
1517 2359 1642 2417 spes
1666 2346 1785 2415 ejus
1830 2342 2010 2400 omnia

424 2442 788 2508 commutatin
808 2442 1019 2507 melius,
1044 2448 1099 2497 et
1119 2440 1185 2496 ad
1208 2449 1469 2497 aeternum
1492 2439 1743 2512 gaudium
1766 2438 2012 2509 perducit

424 2548 559 2604 quos
585 2534 767 2592 saeculi
788 2535 941 2590 istius
978 2533 1193 2590 tristitia
1225 2531 1425 2588 inﬂicta
1454 2531 1818 2598 concluserit;
1870 2531 2013 2586 sicut

422 2627 679 2695 scriptum
721 2634 845 2682 est:
894 2624 1043 2680 Beati
1090 2625 1177 2694 qui
1217 2623 1423 2695 lugent,
1461 2622 1700 2693 quoniam
1735 2621 1836 2695 ipsi
1882 2638 2009 2677 con-

421 2716 741 2773 solabuntur.
790 2716 903 2774 Nec
940 2732 1135 2773 novum
1187 2715 1432 2772 videatur
1477 2714 1621 2785 quod
1667 2714 1735 2770 ad
1758 2712 2011 2770 fanimam

422 2822 572 2865 suam
604 2823 831 2879 persona
858 2809 1094 2881 loquitur
1112 2808 1446 2874 introducta;
1478 2822 1603 2863 nam
1642 2815 1697 2863 et
1723 2805 1846 2864 alibi
1878 2806 2012 2878 legi-

421 2907 510 2955 tur
543 2917 559 2955 :
590 2899 833 2969 Benedic,
864 2900 1037 2955 anima
1058 2916 1191 2968 mea,
1222 2898 1453 2954 Domino
1486 2896 1663 2969 (Psal.
1689 2912 1783 2967 att,
1821 2897 1849 2951 1
1879 2895 1930 2969 );
1956 2905 2012 2953 et

423 2996 551 3053 alibi
577 3014 589 3048 :
622 2996 828 3064 Lauda,
861 2998 1037 3053 anima
1056 3013 1189 3067 mea,
1219 2996 1497 3052 Dominum
1526 2993 1699 3066 (Psal.
1729 3007 1889 3060 CXLV,
1916 2993 2007 3064 l);

423 3095 479 3142 et
517 3086 570 3141 in
599 3084 1012 3158 quadragesimo
1051 3087 1289 3144 secundo
1330 3086 1540 3157 psalmo
1583 3085 1727 3141 idem
1766 3084 2006 3155 repetit:

427 3177 597 3246 Quare
616 3178 776 3234 tristis
800 3194 875 3245 es,
902 3181 1078 3236 anima
1104 3196 1219 3235 mea
1243 3177 1414 3250 (Psal.
1446 3193 1593 3247 xm,
1624 3176 1720 3247 5)?

2110 602 2256 658 dium
2283 610 2385 668 est,
2420 608 2475 658 et
2493 598 2788 657 carnalium
2810 595 3073 652 malorum
3094 600 3410 663 competens
3436 589 3696 661 probatur

2110 693 2370 753 exclusio.
2405 693 2545 749 Dicit
2573 692 2733 747 etiam
2764 687 2905 745 unde
2932 702 3127 742 memor
3145 686 3262 751 erit,
3290 684 3356 739 de
3380 691 3516 739 terra
3545 681 3694 738 scili-

2110 799 2198 845 cet
2223 787 2493 853 Jordanis,
2526 786 2631 841 hoc
2656 794 2741 841 est
2767 782 2835 838 de
2873 782 2993 837 loco
3020 781 3223 851 inquo
3253 780 3405 849 prius
3440 776 3700 835 Dominus

2109 878 2446 949 baptismatis
2493 875 2754 933 beneﬁcia
2803 872 3164 930 consecravit.
3221 869 3356 926 Nam
3404 877 3459 926 et
3502 882 3701 925 nomen

2109 971 2285 1043 ipsum
2302 969 2550 1025 Iordanis
2566 967 2804 1025 ﬂuminis
2819 968 3199 1037 interpretatur
3216 964 3476 1019 descensio
3496 978 3697 1018 eorum.

2022 1086 2025 1087 ν
2109 1062 2398 1121 Descendit
2442 1063 2587 1120 enim
2630 1061 2685 1117 in
2720 1059 3055 1116 altitudinem
3112 1054 3337 1113 fontium
3380 1056 3471 1124 qui
3514 1069 3575 1109 se
3606 1053 3703 1109 illo

2110 1168 2335 1210 munere
2361 1151 2687 1209 sacramenti
2718 1149 2991 1206 desiderat
3029 1147 3306 1203 innovare.
3345 1145 3478 1201 Nam
3508 1144 3702 1202 hodie-

2110 1260 2215 1316 que
2242 1245 2311 1301 de
2340 1245 2608 1317 baptizata
2635 1243 2711 1300 sic
2752 1241 2983 1299 dicimus
3015 1257 3027 1292 :
3068 1237 3351 1296 Descendit
3390 1237 3445 1293 in
3476 1236 3702 1297 fontem.

2113 1337 2243 1395 Sive
2265 1337 2547 1395 descensio
2588 1336 2690 1391 ista
2721 1333 3076 1390 humilitatem
3103 1331 3386 1404 signiﬁcat,
3419 1346 3579 1400 quam
3604 1333 3703 1387 ba-

2112 1428 2367 1499 ptizatum
2397 1441 2621 1484 necesse
2640 1435 2724 1483 est
2768 1424 2988 1491 habere,
3018 1423 3110 1495 qui
3140 1423 3353 1480 Domini
3402 1422 3576 1479 nostri
3617 1437 3707 1479 se-

2111 1518 2292 1588 quitur
2319 1518 2582 1575 instituta.
2626 1518 2966 1588 Quapropter
2998 1515 3189 1571 harum
3218 1529 3400 1571 rerum
3431 1514 3560 1570 dum
3592 1529 3704 1570 me-

2112 1625 2293 1667 mores
2333 1625 2541 1681 sumus,
2590 1607 3082 1682 supervenientium
3107 1606 3375 1665 malorum
3403 1606 3549 1664 nulla
3572 1620 3703 1662 con-

2112 1701 2323 1760 fusione
2347 1703 2647 1761 turbamur.

2185 1795 2254 1851 Et
2282 1796 2607 1852 Hermoniim
2641 1813 2672 1851 a
2697 1805 2869 1852 monte
2903 1797 3124 1851 modico.
3154 1792 3480 1849 Hermoniim
3506 1806 3703 1864 parvus

2045 1886 2093 1947 B
2120 1901 2275 1943 mons
2297 1887 2448 1959 juxta
2478 1888 2764 1944 Jnrdanem
2786 1896 2869 1944 est
2884 1887 3108 1958 positus,
3139 1886 3281 1942 sicut
3301 1883 3701 1940 Deuteronomii

2116 1978 2345 2035 lectione
2370 1979 2713 2052 cognoscitur
2747 1995 2762 2034 :
2795 1980 3113 2050 Aeeepimus,
3155 1977 3351 2048 inquit,
3385 1976 3441 2029 in
3483 1984 3703 2046 tempore

2112 2070 2205 2127 illo
2231 2082 2419 2127 terram
2444 2073 2509 2128 de
2534 2072 2770 2127 manibus
2794 2072 3016 2127 duorum
3042 2087 3223 2143 regum
3256 2069 3702 2135 Amorrlueorum,

2112 2165 2202 2234 qui
2253 2173 2396 2219 eram
2424 2180 2567 2221 secus
2595 2162 2881 2219 Iordanem
2907 2180 2941 2219 a
2972 2172 3191 2218 torrente
3235 2163 3413 2217 Arnen
3450 2176 3609 2232 usque
3632 2160 3704 2214 ad

2113 2262 2337 2309 montem
2379 2255 2614 2311 Harmon
2652 2255 2831 2329 (Deut.
2861 2269 2937 2322 tv,
2984 2254 3076 2322 47,
3121 2252 3238 2325 48).
3284 2252 3390 2309 Sed
3421 2252 3702 2309 videamus

2114 2348 2245 2417 quid
2271 2348 2425 2404 nobis
2452 2348 2808 2420 signiﬁcantia
2849 2346 3013 2403 etiam
3044 2345 3203 2416 huius
3228 2344 3460 2401 nominis
3493 2342 3703 2401 tradere

2112 2438 2378 2496 videatur.
2433 2438 2758 2495 Hermoniim
2786 2439 2982 2496 dicitur
3030 2439 3335 2506 anathema,
3386 2437 3530 2509 quod
3576 2438 3702 2494 dicit

2115 2530 2281 2588 homo
2308 2530 2543 2599 diabolo,
2595 2532 2808 2602 quando
2837 2531 2905 2587 ad
2958 2531 3129 2587 Deum
3174 2531 3404 2587 venerit.
3455 2530 3523 2585 Et
3568 2529 3700 2587 bene

2114 2622 2269 2692 dixit,
2302 2639 2335 2677 a
2360 2632 2533 2677 monte
2561 2624 2764 2677 modico
2785 2638 2805 2679 :
2828 2623 2955 2693 quia
2981 2637 3090 2678 non
3111 2637 3181 2679 ex
3209 2620 3494 2677 altitudine
3516 2635 3698 2691 super-

2113 2714 2215 2772 bia:
2234 2715 2378 2771 Deus
2398 2716 2673 2786 quaeritur,
2702 2715 2795 2771 sed
2818 2714 3079 2771 memoria
3101 2714 3219 2785 eius
3236 2714 3290 2769 in
3315 2714 3701 2770 humilitatibus

2115 2806 2344 2864 modicis
2370 2807 2665 2864 invenitur.
2696 2807 3034 2879 Quapropter
3054 2808 3178 2864 dum
3198 2816 3510 2879 perceptum
3532 2807 3698 2878 bapti-

2115 2914 2311 2971 smum,
2340 2901 2469 2957 dum
2497 2900 2853 2959 humilitatem
2882 2902 3155 2958 memoria
3188 2901 3552 2971 recondimus,
3579 2916 3698 2957 sus-

2113 3003 2284 3065 ceptae
2309 2995 2434 3053 ﬁdei
2462 2996 2699 3067 regulas,
2725 2995 2961 3054 donante
2988 2995 3242 3067 Domino,
3274 2996 3586 3055 salutariter
3609 2995 3696 3054 ob-

2114 3087 2375 3145 tinemus.

2185 3179 2341 3236 Vers.
2377 3180 2466 3236 10.
2492 3180 2718 3253 Abyssus
2746 3180 2989 3253 abyssum
3035 3182 3243 3239 invocat
3269 3182 3325 3236 in
3360 3196 3479 3238 voce
3503 3190 3695 3238 catam.

492 3267 647 3324 Vers.
672 3269 725 3327 8.
757 3269 1014 3337 Quoniam
1031 3268 1306 3339 conﬁtebor
1322 3266 1425 3335 illi,
1446 3268 1673 3324 salutare
1690 3268 1861 3324 uultus
1883 3267 2002 3323 mei.
2031 3268 2084 3339 α
2112 3280 2311 3329 etarum
2339 3280 2566 3328 tuarum.

422 3358 500 3417 Ne
522 3360 743 3417 forsitan
780 3362 957 3418 anima
994 3360 1201 3418 diceret
1233 3378 1249 3417 :
1289 3361 1748 3429 Quemadmodum
1788 3376 2007 3433 possum

428 3453 583 3526 1&3
608 3469 827 3526 sperare
850 3456 903 3511 in
941 3455 1202 3522 Dominof,
1232 3455 1358 3511 dum
1384 3463 1476 3512 tua
1502 3456 1635 3512 mihi
1674 3456 2011 3514 imbecillitas

420 3546 726 3617 frequenter
766 3547 1031 3605 obsistat?
1079 3547 1221 3604 Dicit
1266 3546 1437 3605 Filius
1472 3550 1688 3605 crucis:
1740 3550 1908 3621 Spera
1952 3549 2008 3604 in

421 3636 664 3709 Domino,
694 3640 931 3708 quoniam
947 3653 1040 3711 ego
1059 3638 1141 3695 illi
1165 3639 1475 3709 conﬁtebor;
1499 3639 1555 3695 id
1578 3640 1751 3697 estde
1773 3642 2006 3711 peccatis

421 3731 555 3787 meis
582 3733 951 3802 pmnitentiam
990 3749 1150 3806 gero,
1182 3743 1239 3791 ut
1262 3741 1411 3791 tuam
1449 3733 1791 3791 devotionem
1840 3734 2007 3805 impeo

420 3820 537 3879 dire
560 3836 671 3879 non
691 3824 916 3895 possim.
940 3826 1191 3896 Sequitur
1211 3826 1371 3882 etiam
1402 3826 1488 3883 cui
1510 3826 1817 3896 conﬁtebor;
1846 3827 1899 3883 id
1924 3836 2008 3884 est

415 3915 509 3984 qui
528 3925 614 3973 est
649 3918 876 3974 salutare
902 3920 1071 3975 uultus
1109 3920 1228 3976 mei.
1260 3920 1419 3977 Salus
1458 3921 1604 3978 enim
1631 3920 1808 3978 vultus
1835 3922 2007 3979 nostri

416 4006 660 4067 Christus
683 4021 766 4069 est
792 4012 1067 4080 Dominus,
1092 4013 1183 4083 qui
1211 4013 1267 4069 in
1296 4012 1468 4070 forma
1492 4015 1635 4071 servi
1664 4029 1770 4085 qua
1795 4029 2004 4083 sumus,

415 4104 616 4178 absque
644 4118 863 4179 peccato
898 4109 1083 4167 venire
1119 4108 1369 4181 dignatus
1406 4118 1525 4177 est;
1555 4112 1697 4167 sicut
1740 4109 2005 4169 Jeremias

414 4200 675 4270 propheta
696 4201 826 4258 dicit
851 4220 865 4256 :
895 4203 1125 4274 Spiritus
1150 4204 1320 4258 vultus
1350 4204 1513 4259 nostri
1548 4204 1777 4259 Christus
1816 4204 2004 4260 Domi-

413 4305 509 4345 nus
528 4292 919 4361 eompreltensus
937 4302 1033 4362 est,
1055 4294 1149 4349 sub
1167 4297 1314 4367 cujus
1334 4295 1616 4352 uelamento
1636 4296 1849 4351 uiuimus
1871 4296 2005 4352 inter

414 4392 584 4450 gentes
612 4380 828 4455 (Thren.
860 4399 932 4451 tv,
958 4382 1076 4453 20).

480 4471 636 4532 Vera.
665 4474 719 4531 9.
750 4473 894 4531 Deus
926 4491 1087 4543 meus,
1134 4491 1167 4530 a
1195 4491 1275 4532 me
1299 4477 1411 4549 ipso
1451 4476 1624 4532 anima
1655 4491 1767 4531 mea
1799 4476 2005 4533 turbata

410 4574 484 4623 est
512 4582 531 4622 :
560 4576 827 4641 propterea
853 4584 1048 4625 memor
1075 4584 1163 4624 ero
1196 4570 1291 4638 tui,
1323 4568 1563 4637 Domine,
1603 4569 1667 4623 de
1707 4578 1846 4623 terra
1881 4566 2003 4622 Jor-

2184 3366 2339 3423 Vers.
2374 3367 2464 3423 11.
2499 3365 2689 3423 Omnia
2714 3368 2918 3441 excelsa
2938 3377 3049 3439 tua,
3070 3376 3120 3425 et
3144 3369 3333 3439 ﬂuetus
3355 3367 3430 3423 tui
3450 3357 3607 3437 super
3624 3382 3695 3422 me

2114 3460 2448 3515 transierunt.
2476 3458 2753 3528 Iordanis,
2796 3454 3151 3530 Hermoniim,
3181 3459 3405 3531 abyssus
3451 3459 3696 3530 abyssum

2111 3554 2326 3610 invocat
2352 3553 2411 3610 in
2447 3568 2583 3611 voce
2618 3562 3010 3611 cataractarum
3042 3563 3275 3621 tuarum,
3308 3552 3531 3624 ﬁguram
3559 3551 3696 3607 fece-

2109 3654 2239 3700 runt
2270 3645 2592 3719 sardismos,
2629 3662 2749 3718 quae
2776 3646 3077 3718 linguarum
3105 3659 3322 3717 semper
3348 3644 3696 3715 permixtione

2108 3736 2390 3794 formatur.
2431 3737 2567 3795 Nam
2594 3737 2845 3797 Jordanis
2874 3747 2929 3795 et
2950 3738 3283 3795 Hermoniim
3326 3736 3555 3793 Hebraea
3580 3743 3695 3792 sunt

2112 3832 2332 3888 nomina
2351 3848 2366 3899 ;
2384 3831 2615 3904 abyssus
2641 3834 2894 3904 abyssum
2912 3840 2965 3889 et
2977 3840 3280 3900 cataractae,
3303 3831 3548 3889 Grzecum
3571 3840 3655 3887 est
3676 3846 3691 3897 ;

2110 3926 2345 3997 invocat,
2386 3926 2442 3982 in
2467 3941 2624 3995 voce,
2653 3926 2899 3983 Latinum
2942 3940 3063 3983 esse
3104 3924 3447 3982 manifestum
3477 3933 3580 3981 est.
3613 3924 3692 3980 Sit

2109 4025 2212 4082 ista
2227 4023 2393 4095 ﬁgura
2410 4025 2466 4082 in
2478 4024 2583 4081 hoc
2610 4025 2729 4081 loco
2744 4026 3127 4082 commixtione
3146 4025 3450 4096 linguarum
3476 4023 3693 4094 pulchre

2109 4118 2406 4188 composita
2435 4126 2540 4174 est.
2569 4117 2787 4174 Duabus
2818 4118 2962 4175 enim
2994 4118 3194 4190 abyssis
3222 4116 3331 4173 duo
3359 4116 3692 4172 Testamenta

2110 4209 2397 4282 signiﬁcat,
2427 4209 2482 4266 id
2533 4217 2617 4267 est
2662 4209 2874 4266 Novum
2902 4219 2956 4265 et
2985 4209 3170 4278 Vetus,
3220 4225 3341 4282 quae
3369 4224 3429 4265 se
3473 4217 3692 4277 utraque

2108 4317 2294 4364 mutua
2313 4306 2658 4363 attestatione
2677 4307 3000 4363 conﬁrmant
3023 4323 3039 4361 :
3065 4304 3281 4378 quando
3303 4305 3471 4360 Vetus
3491 4303 3691 4359 Novum

2107 4400 2376 4471 praedicit,
2396 4398 2604 4454 Novum
2623 4409 2802 4455 autem
2822 4408 3211 4455 commemorat
3236 4396 3569 4454 Testamenti
3600 4395 3691 4451 Ve-

2105 4491 2240 4548 teris
2266 4491 2540 4546 lectiones.
2577 4490 2667 4546 Sic
2696 4489 2755 4545 ﬁt
2778 4499 2836 4545 ut
2863 4500 3088 4562 utraque
3109 4506 3167 4547 se
3192 4491 3443 4555 invocent,
3476 4486 3685 4560 quando

2108 4580 2178 4637 ad
2204 4582 2519 4637 alterutrum
2550 4579 2621 4637 de
2646 4594 2741 4636 sua
2770 4582 3179 4639 conﬁrmatione
3198 4589 3487 4639 testantur.
3518 4581 3610 4637 Sic
3637 4588 3688 4635 et

330 4668 363 4707 .‘
410 4662 578 4720 denis.
618 4663 724 4721 Iste
763 4664 852 4737 qui
883 4664 1165 4721 consilium
1195 4664 1357 4720 dabat
1385 4663 1601 4729 animas,
1644 4662 1736 4732 qui
1763 4670 1997 4719 mentem
2026 4662 2077 4724 Ι)
2104 4672 2233 4729 alibi
2291 4671 2579 4728 Psalmista
2634 4672 2764 4729 dicit
2808 4691 2821 4727 :
2863 4672 3077 4728 Iudicia
3127 4681 3216 4728 tua
3267 4673 3482 4745 abyssus
3532 4670 3690 4727 multa

408 4767 561 4810 suam
606 4757 995 4814 rationabiliter
1022 4756 1340 4828 corrigebat,
1373 4756 1443 4811 ad
1488 4754 1857 4811 conditionem
1888 4754 1992 4810 hu-

407 4845 677 4903 manitatis
707 4863 955 4906 reversus
983 4848 1269 4905 conﬁtetur
1297 4848 1503 4914 dicens,
1527 4847 1752 4902 animam
1786 4860 1940 4903 suam
1959 4862 1991 4903 a

404 4951 466 4995 se
511 4939 686 5010 potius
715 4957 819 4996 esse
862 4944 1140 4997 turbatam.
1169 4942 1400 5009 Revera,
1444 4941 1568 5010 quia
1596 4940 1701 4996 nisi
1734 4940 1835 4996 hoc
1861 4943 1989 4997 vitia

404 5030 582 5087 carnis
610 5030 870 5098 facerent,
902 5033 956 5089 in
985 5049 1081 5089 sua
1126 5032 1515 5103 tranquillitate
1550 5032 1751 5087 mentis
1781 5033 1986 5102 puritas

402 5131 766 5192 permaneret.
796 5122 945 5178 lianc
971 5133 1149 5179 autem
1178 5123 1645 5179 ratiocinationem
1668 5122 1829 5176 nimis
1849 5136 1991 5177 com-

403 5223 651 5285 petenter
697 5216 928 5273 arbitror
969 5217 1352 5285 introductam,
1400 5227 1461 5272 ut
1492 5216 1655 5273 homo
1703 5218 1991 5274 evidenter

402 5316 721 5377 agnosceret
761 5323 826 5364 ex
866 5323 969 5379 qua
998 5308 1313 5366 diversitate
1352 5316 1646 5365 constaret.
1690 5307 1799 5364 Sed
1846 5309 1990 5364 ﬁlius

403 5398 509 5455 iste
528 5401 702 5457 crucis
722 5416 883 5473 quem
913 5401 1169 5473 praefatus
1194 5413 1278 5460 est
1298 5404 1508 5472 titulus,
1537 5404 1774 5460 ostendit
1804 5418 1985 5462 reme-

402 5490 551 5546 dium
576 5506 684 5561 quo
726 5494 898 5563 possit
927 5494 1292 5565 unusquisque
1340 5495 1536 5551 animae
1557 5510 1668 5552 suae
1697 5496 1989 5553 conturba-

402 5582 576 5640 tiones
600 5583 850 5651 evadere,
875 5585 1081 5655 dicens,
1116 5585 1401 5660 Propterea
1424 5604 1615 5644 memor
1644 5604 1731 5644 ero
1761 5588 1854 5656 tui,
1879 5587 1989 5644 Do-

400 5678 661 5748 mine,‘de
687 5686 826 5736 terra
879 5680 1141 5739 Iordanis.
1195 5683 1517 5755 Propterea,
1566 5685 1620 5741 id
1649 5694 1733 5741 est
1775 5692 1989 5755 propter

402 5773 839 5833 conturbationes
870 5774 1004 5834 istas
1043 5776 1235 5848 quibus
1282 5777 1463 5835 anima
1492 5792 1612 5833 mea
1643 5776 1989 5833 vehementer

407 5856 675 5932 affligitur.
699 5864 899 5926 Memor
921 5887 1005 5932 ero
1032 5869 1124 5941 tui,
1163 5868 1425 5937 Domine;
1468 5868 1623 5941 quasi
1660 5865 1886 5940 diceret,
1920 5866 1987 5925 ad

2104 4766 2280 4840 (Psal.
2310 4782 2476 4833 xxxv,
2505 4768 2585 4837 7).
2615 4766 2886 4824 Profunda
2907 4776 3031 4824 sunt
3047 4767 3190 4823 enim
3219 4766 3569 4823 Testamenta
3594 4765 3692 4821 Do-

2100 4861 2254 4929 mini,
2286 4860 2411 4930 quia
2432 4858 2487 4914 in
2515 4859 2638 4915 sinu
2664 4860 2947 4930 sapientiae
2976 4859 3143 4930 ipsius
3164 4858 3272 4914 alta
3294 4859 3527 4915 veritate
3568 4872 3692 4914 con-

2098 4950 2319 5007 sistunt.
2351 4950 2419 5004 In
2443 4965 2562 5006 voce
2589 4960 2770 5007 autem
2799 4959 3172 5007 cataractamm
3200 4961 3429 5020 tuarum,
3461 4949 3693 5021 pr0phe-

2097 5053 2181 5098 tas
2210 5051 2265 5097 et
2291 5041 2566 5112 apostolos
2584 5042 2714 5097 dicit
2747 5058 2762 5095 :
2791 5042 3049 5113 quoniam
3079 5041 3220 5097 sicut
3250 5056 3509 5113 aquarum
3560 5041 3693 5096 mul-

2098 5131 2273 5189 titudo
2304 5146 2400 5203 per
2430 5140 2725 5187 cataractas
2755 5133 3047 5199 evomitur,
3080 5131 3153 5187 ita
3175 5131 3320 5189 etde
3342 5146 3438 5189 ore
3456 5131 3693 5205 ipsorum

2100 5222 2313 5281 Domini
2352 5223 2555 5279 ﬂuenta
2592 5233 2970 5281 manaverunt.
3004 5221 3227 5280 Excelsa
3260 5239 3392 5281 vero
3420 5234 3469 5280 et
3508 5227 3694 5296 ﬂuctus

2100 5317 2168 5373 ad
2186 5317 2495 5387 Scripturas
2513 5325 2728 5373 sanctas
2747 5325 3116 5389 competenter
3136 5325 3401 5388 aptamus.
3416 5317 3553 5388 Ipsa:
3572 5324 3695 5374 sunt

2099 5412 2246 5469 enim
2275 5425 2408 5483 quas
2436 5414 2684 5483 superius
2726 5414 2936 5485 abyssos
2972 5414 3208 5481 vocavit,
3262 5413 3353 5470 ubi
3382 5422 3436 5470 et
3467 5414 3694 5484 parabo-

2078 5494 2274 5560 'larum
2298 5503 2517 5576 quidam
2538 5504 2734 5561 ﬂuctus
2756 5505 2966 5575 alludit,
2998 5514 3052 5562 et
3076 5506 3303 5562 altitudo
3326 5519 3585 5563 sensuum
3609 5505 3693 5576 pia

2093 5593 2522 5666 perscrutatione
2567 5595 2893 5666 grandescit.
2925 5595 3054 5652 Haec
3080 5610 3210 5668 ergo
3258 5609 3419 5667 supra
3463 5610 3525 5653 se
3560 5594 3693 5653 dicit

2094 5690 2376 5745 transiisso
2422 5689 2625 5759 iustus,
2683 5687 2807 5759 quia
2856 5691 2911 5749 in
2939 5705 3128 5748 eorum
3178 5688 3371 5749 notitia
3412 5688 3604 5748 avidus
3630 5701 3694 5747 se

2093 5788 2468 5851 perscrutator
2495 5779 2853 5836 immerserat.

2167 5872 2321 5930 Vers.
2350 5872 2437 5929 l2.
2473 5869 2542 5927 In
2570 5872 2653 5931 die
2693 5874 2955 5931 mandavit
2997 5874 3252 5932 Dominus
3278 5875 3686 5933 misertcordiam
