3996 6346
315 410 428 470 305

1245 397 1603 458 EXPOSlTlO
1642 399 1706 458 IN
1737 394 2189 460 PSALTERIUM.
2231 400 2424 460 PSAL.
2463 401 2622 460 XLII.

3471 403 3576 461 506

322 533 468 586 uam,
501 523 549 572 et
593 519 739 571 nocte
781 513 1057 570 declarauit
1081 528 1100 570 :
1128 514 1280 586 Apud
1327 530 1410 570 me
1434 516 1595 570 oratio
1621 514 1735 572 Deo
1762 517 1878 571 vitta
1901 515 1956 579 Α
2055 517 2206 572 Vers.
2238 518 2326 572 l7.
2359 517 2527 588 Spera
2550 519 2606 572 in
2632 517 2876 586 Domino,
2901 518 3146 591 quoniam
3173 517 3342 574 adhuc
3361 519 3571 588 conﬁte-

311 628 438 667 nerc.
473 608 644 676 Diem,
677 609 904 664 otiosum
936 618 1146 680 tempus
1174 607 1518 677 accipiamus,
1563 609 1616 662 in
1644 621 1749 678 quo
1773 607 1881 664 Do-

308 703 430 758 nini
455 709 718 772 praecepta
741 700 1038 756 discuntur.
1068 700 1202 756 Nam
1223 701 1307 755 lex
1324 700 1441 768 ejus
1465 702 1516 754 in
1544 700 1718 768 spatio
1742 707 1888 754 tran-

301 794 576 868 .tuillitatis
606 792 870 860 ebibitur;
910 800 1036 848 tunc
1064 793 1207 849 enim
1237 800 1391 847 vacat
1420 791 1647 857 discere,
1673 791 1887 862 quando

301 904 405 944 non
430 896 512 943 est
539 886 681 957 quod
709 885 904 942 debeat
932 885 1210 956 impedire.
1243 885 1519 955 Sequitur,
1554 897 1600 938 et
1630 892 1778 938 nocte
1799 885 1890 938 de-

300 980 552 1046 claravit;
583 977 710 1034 illud
742 979 925 1047 utique
960 978 1101 1047 quod
1129 977 1349 1032 discitur
1391 977 1444 1031 in
1470 976 1670 1048 quiete,
1700 977 1753 1031 in
1787 976 1887 1032 tri-

302 1072 571 1126 bulatione
594 1071 918 1125 declaratur.
950 1069 1104 1124 Prius
1129 1070 1273 1124 enim
1297 1069 1468 1124 otioso
1493 1077 1733 1138 tempore
1755 1067 1886 1137 legis

304 1165 468 1218 verba
518 1164 844 1218 discuntur:
877 1162 972 1218 sed
1021 1177 1204 1217 eorum
1258 1163 1459 1218 fructus
1502 1162 1556 1217 in
1601 1161 1886 1219 afﬂictione

304 1267 658 1323 monstratur;
692 1258 829 1312 sicut
853 1258 1044 1326 legitur
1076 1273 1091 1312 :
1121 1257 1371 1327 Speciosa
1402 1258 1751 1313 misericordia
1777 1257 1886 1311 Do-

302 1355 427 1408 mini
454 1355 505 1406 in
535 1362 758 1420 tempore
783 1350 1126 1404 tribulationis
1154 1349 1326 1421 (Eccl.
1375 1365 1534 1418 xxxv,
1564 1349 1657 1423 26)
1684 1367 1699 1417 ;
1732 1351 1803 1406 ita
1826 1351 1887 1407 ﬂt

303 1455 359 1499 ut
390 1455 532 1499 nocte
581 1443 888 1507 declaretur,
941 1442 1081 1514 quod
1115 1442 1168 1497 in
1219 1442 1306 1498 die
1339 1442 1582 1498 discitur.
1641 1443 1880 1513 Addidit,

302 1536 456 1604 Apud
487 1552 562 1590 me
579 1537 737 1590 oratio
768 1532 878 1588 Deo
898 1535 1010 1588 vita:
1038 1550 1202 1599 meae;
1233 1550 1296 1591 ac
1322 1535 1364 1589 si
1388 1534 1608 1604 diceret,
1639 1534 1774 1590 intra
1798 1549 1886 1593 me

305 1639 391 1684 est
419 1628 731 1684 sacriﬁcium
758 1628 897 1694 quod
929 1627 1145 1682 offeram
1178 1627 1308 1683 Deo.
1341 1627 1494 1694 Quod
1522 1638 1604 1682 est
1627 1627 1767 1682 istud
1797 1642 1885 1683 sa-

307 1722 608 1775 crificium?
667 1721 843 1775 Oratio
876 1720 1060 1790 utique
1105 1735 1262 1790 quam
1321 1719 1460 1775 Deus
1506 1734 1614 1776 non
1657 1721 1881 1791 spernit,

304 1827 462 1882 quam
502 1826 660 1882 supra
706 1812 945 1866 victimas
985 1813 1178 1883 eligit:
1218 1827 1339 1866 cum
1371 1822 1548 1868 tamen
1597 1813 1884 1868 devotione

1991 609 2078 663 bor
2106 607 2184 662 illi
2211 624 2227 661 :
2258 608 2485 664 salutare
2509 610 2676 663 vultus
2719 611 2837 675 mei,
2861 620 2908 663 et
2948 611 3087 665 Deus
3114 627 3277 666 meus.
3309 610 3573 679 Quaeren-

1987 702 2112 756 dum
2141 701 2365 772 estquid
2392 701 2653 770 signiﬁcet
2675 702 2923 770 repetitio
2954 703 3056 758 ista
3076 705 3364 760 verborum
3394 721 3407 758 :
3436 717 3570 776 quo-

1989 792 2132 847 niam
2163 792 2216 846 in
2271 790 2355 860 his
2383 791 2574 846 litteris
2605 792 2739 846 nihil
2779 795 3130 862 superﬂuum,
3185 796 3319 852 nihil
3360 806 3575 854 constat

1989 899 2107 940 esse
2127 883 2428 940 confusum.
2457 882 2677 938 Videtur
2702 895 2878 940 autem
2902 886 3032 941 mihi
3075 888 3568 959 quinquepartitum

1988 975 2358 1047 syllogismum
2387 974 2608 1029 forsitan
2656 976 2741 1032 hic
2767 978 3016 1047 reperiri,
3045 995 3203 1049 quem
3226 980 3417 1038 Cicero
3446 997 3573 1038 ora-

1990 1067 2196 1122 toribus
2217 1067 2448 1122 aestimat
2476 1067 2882 1137 applicandum;
2933 1078 2990 1124 ut
3016 1072 3290 1128 evidenter
3317 1085 3574 1143 appareat

1987 1159 2284 1214 imitatores
2307 1173 2402 1215 eos
2422 1157 2608 1228 fuisse,
2636 1175 2743 1215 non
2765 1170 3015 1217 auctores
3034 1163 3219 1218 talium
3243 1165 3570 1234 regularum.

1986 1251 2139 1308 Nunc
2163 1253 2316 1308 istius
2337 1248 2811 1324 argumentationis
2833 1254 3079 1311 distincte
3107 1257 3347 1313 membra
3378 1259 3574 1314 redda-

1988 1361 2128 1401 mus.
2175 1345 2474 1416 Propositio
2519 1357 2604 1426 est
2651 1349 2792 1402 enim
2826 1349 3046 1417 :Quare
3077 1350 3241 1404 tristis
3273 1365 3352 1418 es,
3395 1351 3573 1408 anima

1986 1453 2127 1506 mea,
2146 1446 2200 1494 et
2224 1453 2389 1508 quare
2413 1440 2699 1494 conturbas
2721 1441 2843 1496 me?
2870 1441 3038 1510 Spera
3065 1441 3119 1494 in
3148 1442 3373 1498 Domino
3399 1460 3411 1497 :
3437 1458 3572 1513 quo-

1988 1530 2128 1585 niam
2148 1529 2445 1585 confitebor
2466 1530 2564 1598 illi,
2589 1530 3010 1586 salutarevultus
3036 1532 3164 1588 mei.
3188 1533 3436 1590 Probatio
3451 1549 3574 1605 pro-

1986 1620 2267 1690 positionis
2317 1630 2544 1690 quatuor
2591 1623 2832 1679 versibus
2872 1624 2964 1692 qui
3019 1633 3338 1692 sequuntur,
3382 1627 3572 1694 procul

1987 1716 2152 1772 dubio
2189 1716 2498 1772 continetur
2525 1716 2798 1786 adjuncta.
2833 1716 3037 1772 Deinde
3069 1716 3319 1786 provenit
3364 1731 3573 1784 assum-

1988 1810 2143 1878 ptio:
2179 1810 2362 1864 Dicam
2418 1809 2530 1865 Deo
2556 1851 2571 1878 ,
2625 1818 2904 1879 susceptor
2948 1824 3101 1865 meus
3144 1824 3202 1866 es
3239 1825 3444 1881 :quare
3487 1826 3573 1866 me

304 1921 453 1974 purae
485 1907 678 1960 mentis
698 1905 937 1959 offertur.
969 1906 1073 1960 Sed
1095 1909 1194 1961 iste
1215 1906 1472 1961 Dominus
1505 1906 1638 1962 Deus
1661 1917 1742 1963 est
1767 1909 1884 1963 vita
1909 1893 1960 1956 Β
1992 1904 2190 1960 oblitus
2232 1906 2334 1960 es?
2364 1919 2531 1974 quare
2561 1920 2648 1960 me
2680 1905 2924 1974 repulisti
2956 1923 2967 1957 :
3011 1913 3066 1959 et
3096 1919 3261 1974 quare
3291 1904 3464 1959 tristis
3494 1905 3574 1960 in-

305 2007 515 2061 nostraz;
571 1998 695 2068 quia
729 1997 853 2052 dum
884 1999 1116 2066 peccatis
1146 1999 1344 2054 nostris
1373 1998 1689 2056 facientibus
1723 2001 1885 2057 mori-

304 2106 443 2154 mur,
473 2089 592 2160 ejus
617 2090 916 2144 clementia:
943 2090 1259 2148 remissione
1285 2092 1574 2147 salvamur.

378 2181 528 2235 Vers.
568 2179 652 2235 l5.
707 2179 888 2234 Dicam
917 2181 1025 2235 Deo
1055 2197 1074 2235 :
1103 2181 1380 2251 Susceptor
1419 2198 1558 2237 meus
1585 2199 1636 2236 es
1666 2200 1685 2237 :
1715 2183 1888 2250 Quare

306 2289 383 2327 me
407 2271 588 2327 oblitus
611 2273 702 2327 es?
726 2289 884 2343 quare
909 2290 987 2327 me
1011 2274 1282 2344 repulisti?
1301 2282 1349 2329 et
1371 2291 1531 2345 quare
1559 2275 1886 2331 contristatus

310 2365 504 2432 incedo,
551 2365 675 2420 dum
704 2366 880 2437 afﬂigit
927 2382 1004 2419 me
1043 2367 1276 2420 inimicus
1298 2368 1324 2421 ?
1366 2366 1533 2424 Filius
1561 2366 1700 2424 Core
1725 2381 1885 2439 supra

307 2460 513 2515 dixerat
539 2476 553 2514 :
585 2459 738 2531 Apud
761 2475 842 2516 me
867 2460 1030 2515 oratio
1059 2459 1170 2516 Deo
1208 2461 1323 2516 vita:
1351 2476 1514 2516 meat:
1544 2475 1685 2516 nunc
1715 2460 1882 2530 ipsam

304 2553 623 2619 orationem,
670 2567 829 2623 quam
875 2552 1120 2623 superius
1166 2553 1442 2623 praemisit,
1502 2553 1783 2623 profitetur
1825 2567 1885 2609 se

308 2644 535 2700 Domino
564 2658 682 2700 esse
707 2644 1003 2701 dicturum:
1029 2645 1082 2700 id
1112 2654 1215 2714 est,
1247 2660 1370 2700 cum
1399 2659 1486 2702 me
1511 2645 1681 2716 gratia
1707 2644 1884 2700 divina

310 2737 641 2807 baptismatis
687 2738 1005 2808 susceperis,
1040 2739 1143 2794 tuis
1189 2737 1464 2794 beneﬁciis
1494 2739 1548 2792 in
1596 2737 1686 2792 illa
1713 2739 1884 2808 patria

306 2831 697 2901 collocandum,
721 2848 884 2903 quare
913 2848 1001 2889 me
1032 2842 1156 2888 tunc
1181 2833 1382 2902 pateris
1410 2831 1639 2888 diversis
1666 2831 1884 2887 calami-

306 2925 504 2979 tatibus
548 2925 804 2980 diabolica
835 2925 1019 2982 fraude
1047 2927 1270 2982 vexari?
1315 2926 1569 2982 Senserat
1613 2925 1756 2980 enim
1803 2923 1884 2980 vir

303 3018 675 3073 sanctissimus
711 3027 908 3088 quanta
942 3019 1085 3075 illius
1111 3019 1306 3090 quietis
1335 3019 1560 3074 dulcedo
1587 3019 1759 3073 futura
1792 3016 1880 3086 sit,

303 3118 357 3163 et
386 3109 564 3164 mundi
598 3109 752 3164 istius
773 3109 958 3166 itinera
984 3110 1298 3182 confragosa
1323 3111 1673 3166 vehementer
1695 3110 1883 3168 horre-

306 3201 415 3258 bat.
451 3200 585 3257 Dicit
617 3205 778 3258 etiam
802 3219 951 3260 more
980 3205 1235 3272 humano,
1269 3207 1438 3270 Quare
1467 3222 1544 3260 me
1566 3206 1752 3260 oblitus
1780 3222 1832 3260 es
1856 3206 1883 3260 ?

304 3294 438 3362 Quia
468 3297 816 3354 differebatur
853 3299 1027 3354 adhuc
1055 3300 1144 3355 illa
1177 3301 1479 3370 promissio,
1511 3315 1669 3372 quam
1708 3302 1758 3356 in
1789 3301 1874 3357 fu-
1905 3281 1950 3346 C

303 3396 418 3443 tura
440 3391 608 3459 patria
639 3391 837 3447 sanctis
858 3392 968 3447 suis
990 3392 1247 3449 Dominus
1269 3393 1568 3463 pollicetur.
1603 3394 1773 3461 Quare
1798 3412 1878 3452 me

299 3481 534 3552 repulisti
555 3484 579 3535 ?
607 3481 870 3549 Quoniam
911 3484 976 3539 ad
1009 3485 1154 3540 illam
1185 3485 1420 3556 quietem
1463 3486 1637 3542 adhuc
1689 3503 1876 3557 perve-

297 3570 419 3628 nire
471 3588 578 3629 non
628 3584 852 3644 poterat,
907 3592 1066 3647 quam
1115 3578 1405 3634 ferventius
1449 3580 1754 3649 appetebat.
1807 3580 1877 3638 Et

297 3680 454 3733 quare
499 3667 825 3721 contristatus
869 3668 1065 3735 incedo,
1098 3670 1220 3724 dum
1269 3671 1441 3742 afﬂigit
1493 3688 1574 3725 me
1601 3673 1877 3729 inimicus?

299 3757 490 3828 Utique
537 3761 916 3817 contristamur
950 3763 1160 3833 quando
1209 3763 1417 3836 ﬂagella
1455 3764 1509 3820 in
1546 3765 1648 3821 hoc
1677 3765 1874 3820 mundo

295 3852 640 3922 suscipimus,
670 3855 882 3924 quando
908 3855 1110 3912 inimici
1145 3857 1482 3913 fraudulenta
1527 3857 1873 3929 subreptione

294 3954 589 4015 tentamur,
617 3947 827 4016 quando
852 3949 1030 4004 carnis
1058 3950 1185 4004 vitia
1213 3951 1414 4006 invicto
1439 3965 1502 4007 ac
1540 3961 1873 4022 repugnante

292 4036 474 4090 animo
498 4038 843 4094 sustinemus.
867 4039 993 4096 Haec
1013 4041 1182 4110 ﬁgura
1204 4041 1400 4096 dicitur
1413 4052 1672 4107 erotema,
1703 4057 1871 4113 quan-

292 4130 364 4183 do
398 4131 499 4186 sub
546 4132 966 4205 interrogatione
1012 4134 1200 4192 crebra
1247 4135 1445 4206 aliquid
1485 4150 1870 4207 exaggeramus

291 4219 554 4281 dolettteS.

364 4314 518 4370 Vers.
552 4315 638 4372 M.
672 4315 810 4372 Dum
848 4319 1238 4390 confringantur
1265 4319 1437 4374 omnia
1475 4335 1590 4372 ossa
1613 4334 1746 4387 mea,
1777 4335 1870 4375 ex-

289 4409 657 4475 probrauerunt
704 4407 860 4480 1“
908 4411 1036 4464 mihi
1084 4411 1171 4481 qui
1213 4411 1458 4464 tribulant
1485 4427 1583 4466 me.
1621 4410 1750 4464 Ossa
1803 4411 1870 4467 ad

288 4498 594 4555 firmitatem
618 4502 812 4556 mentis
834 4516 979 4571 saepe
999 4502 1230 4559 diximus
1255 4504 1542 4573 pertinere.
1569 4503 1712 4573 Ergo
1743 4503 1868 4560 dum

287 4591 559 4659 patientiae
608 4601 807 4648 nostrae
834 4595 1007 4648 virtus
1049 4594 1323 4665 afﬂigitur,
1379 4596 1529 4666 quasi
1557 4610 1682 4652 ossa
1727 4595 1871 4652 fran-

287 4695 504 4755 guntur.
544 4685 653 4741 Hoc
697 4687 921 4743 irrident
945 4687 1187 4744 videntes
1234 4690 1456 4757 inimici,
1489 4699 1543 4746 et
1571 4691 1715 4746 velut
1746 4707 1870 4762 pro-

286 4777 504 4832 brosum
532 4779 762 4848 aliquem
785 4781 1181 4847 abominantur,
1207 4783 1292 4837 cui
1323 4783 1524 4838 nullam
1557 4782 1865 4840 felicitatem

286 4871 470 4924 mundi
501 4870 656 4925 istius
679 4871 917 4928 arridere
944 4881 1290 4943 cognoscunt.

359 4964 516 5018 \‘ers.
545 4964 636 5021 15.
658 4964 794 5018 Dum
823 4964 1011 5019 dicitur
1040 4967 1164 5021 mihi
1186 4983 1275 5038 per
1301 4967 1531 5039 singulos
1570 4968 1678 5025 dies
1715 4987 1735 5026 :
1768 4969 1867 5025 Ubi

287 5064 354 5110 est
386 5056 527 5111 Deus
573 5058 734 5111 tuus?
771 5057 895 5112 Haec
923 5067 1004 5113 est
1048 5059 1138 5114 illa
1169 5061 1515 5131 exprobratio
1561 5077 1658 5132 per
1701 5077 1863 5133 quam

287 5150 514 5218 quodam
571 5151 766 5207 malleo
815 5166 934 5207 ossa
985 5154 1255 5223 patientiae
1301 5156 1697 5227 frangebantur.
1751 5157 1862 5213 Hoc

286 5242 423 5295 enim
448 5241 646 5296 habent
661 5243 714 5297 in
736 5245 1122 5302 consuetudine
1142 5257 1515 5315 persecutores
1533 5259 1586 5304 et
1616 5250 1861 5306 irrisor-es

285 5333 495 5389 afﬂictis
519 5334 697 5391 dicere
732 5335 1051 5392 Christianis
1081 5353 1094 5392 :
1127 5337 1226 5392 Ubi
1267 5348 1339 5392 est
1370 5339 1506 5394 Deus
1535 5343 1700 5395 tuus?
1727 5341 1859 5397 Vin-

285 5425 425 5482 dicet
475 5435 528 5483 te
551 5428 595 5482 si
627 5437 825 5498 potest.
860 5428 1082 5498 Quoties
1113 5429 1215 5485 hoc
1242 5437 1503 5500 martyres
1532 5432 1858 5488 audierunt?

283 5519 502 5585 Quoties
531 5521 870 5578 confessores
900 5523 991 5594 qui
1021 5523 1304 5580 tormentis
1342 5524 1506 5579 variis
1545 5526 1738 5582 cedere
1766 5543 1861 5583 ne-

285 5610 743 5678 quiveruntiNam
771 5629 875 5671 vox
899 5615 1000 5671 ista
1029 5617 1376 5672 celeberrima
1401 5625 1504 5684 est,
1531 5618 1863 5687 quandoillis

280 5707 490 5763 assidue
518 5705 733 5774 dicitur,
760 5711 852 5780 qui
900 5726 1000 5782 pro
1048 5711 1261 5767 Christo
1309 5709 1857 5782 nomine’patinntur.

345 5792 501 5936 Vbers.
538 5798 625 5854 16.
661 5800 836 5868 Quare
859 5803 1019 5857 tristis
1047 5820 1119 5875 es,
1144 5805 1316 5860 anima
1335 5818 1465 5872 mea,
1491 5812 1537 5860 ct
1556 5819 1712 5875 quare
1731 5820 1859 5861 con-

349 5897 371 5933 r
407 5897 465 5936 as
489 5898 569 5936 me
587 5885 613 5936 ?

292 5885 465 5937 turbas
489 5898 569 5940 me
587 5885 613 5940 ?

1990 1995 2143 2062 cedo,
2173 1995 2296 2050 dum
2319 1995 2506 2066 afﬂigit
2531 2011 2616 2051 me
2640 1995 2926 2051 inimicus?
2952 1995 3204 2064 Sequitur
3225 1994 3435 2050 duobus
3453 1996 3574 2052 aliis

1989 2087 2234 2144 versibus
2284 2088 2527 2159 probatio
2578 2089 2979 2159 assumptionis.
3039 2087 3269 2143 lnfertur
3298 2095 3574 2157 postremo

1989 2181 2090 2236 sub
2139 2180 2454 2252 repetitione
2509 2180 2666 2252 primi
2711 2195 2923 2247 versus,
2975 2179 3237 2250 propositi
3271 2179 3574 2250 syllogismi

1987 2270 2179 2327 decora
2228 2272 2501 2328 conclusio
2528 2290 2540 2326 :
2573 2273 2742 2339 Quare
2767 2273 2924 2327 tristis
2957 2288 3028 2339 es,
3059 2274 3230 2326 anima
3274 2273 3434 2327 mea?
3463 2279 3571 2330 etc.

1987 2364 2115 2431 Quae
2139 2363 2388 2435 repetitio
2426 2365 2481 2420 in
2512 2365 2630 2436 lege
2657 2365 3076 2436 quinquepartiti
3107 2365 3401 2436 syllogismi
3431 2368 3570 2423 cele-

1987 2456 2220 2513 berrima
2262 2458 2422 2514 etiam
2473 2473 2616 2514 nunc
2643 2457 2889 2514 habetur.
2930 2458 3038 2514 Nec
3068 2468 3285 2514 moveat
3334 2461 3474 2532 quod
3518 2462 3571 2519 in

1985 2551 2349 2622 propositione
2383 2551 2594 2608 duobus
2633 2551 2880 2608 versibus
2909 2550 3026 2607 haec
3055 2553 3325 2608 sententia
3363 2553 3570 2608 videtur

1987 2653 2203 2701 extensa
2240 2665 2251 2699 :
2287 2647 2374 2702 hic
2401 2656 2580 2702 autem
2605 2647 2705 2703 sub
2730 2663 2838 2703 uno
2867 2662 3027 2703 versu
3055 2654 3264 2704 constat
3296 2661 3414 2703 esse
3444 2661 3561 2702 con.

1985 2739 2263 2804 strictam;
2314 2737 2493 2794 decuit
2536 2740 2679 2794 enim
2706 2749 2766 2794 ut
2795 2739 2850 2794 in
2882 2741 2988 2796 ﬁne
3014 2740 3375 2810 colligeretur,
3428 2735 3568 2810 quod

1985 2843 2144 2896 supra
2174 2830 2333 2886 latius
2360 2831 2573 2886 videtur
2603 2845 2723 2886 esse
2751 2832 3102 2902 propositum.

2522 2943 2792 2999 Conclusio
2827 2945 3030 3015 psalmi.

2053 3060 2219 3116 Filius
2246 3059 2346 3115 isle
2371 3059 2546 3115 crucis
2575 3060 2625 3114 in
2651 3061 2914 3131 principio
2937 3059 3126 3129 psalmi
3150 3061 3358 3130 insigne
3378 3062 3566 3120 νοΙριις

1982 3153 2266 3208 ostendere
2286 3151 2611 3206 desiderium
2640 3165 2818 3218 suum,
2848 3154 3119 3221 exquisito
3148 3169 3207 3208 se
3233 3155 3566 3224 comparavit

1985 3245 2261 3315 exemplo;
2286 3254 2343 3300 ut
2373 3244 2712 3316 singulariter
2742 3245 3053 3300 crederetur
3083 3245 3325 3316 diligere,
3357 3247 3446 3318 qui
3477 3262 3544 3303 co

1980 3339 2336 3411 gnoscebatur
2366 3347 2474 3393 tam
2504 3337 2703 3408 ingenti
2745 3347 2869 3394 voto
2914 3340 3195 3395 Dominum
3223 3340 3556 3414 concupisset

1980 3434 2085 3492 Sed
2113 3435 2362 3504 quoniam
2386 3433 2621 3488 humano
2650 3448 2749 3488 usu
2777 3434 2918 3489 bono
2943 3436 3216 3506 proposito
3247 3437 3402 3494 malis
3422 3453 3566 3494 sem-

1979 3543 2074 3600 per
2101 3528 2340 3583 moribus
2379 3527 2656 3594 obviatur;
2709 3528 2836 3582 dum
2868 3543 3019 3584 mens
3047 3531 3248 3600 iniqua,
3281 3547 3437 3602 quem
3470 3547 3566 3602 per

1975 3621 2337 3678 blandimenta
2363 3621 2610 3692 decipere
2649 3635 2755 3677 non
2787 3630 2985 3692 potest,
3030 3622 3269 3678 subdolis
3319 3624 3563 3695 increpa-

1979 3714 2211 3770 tionibus
2267 3714 2482 3770 molitur
2530 3723 2812 3783 evertere,
2870 3715 3076 3772 crebris
3127 3717 3561 3774 insultationibus

1976 3814 2302 3862 commotum
2353 3822 2412 3862 se
2453 3807 2520 3862 ad
2560 3808 2840 3864 continuas
2880 3808 3147 3879 lacrymas
3193 3810 3343 3866 dicit.
3381 3810 3448 3866 Et
3492 3824 3563 3866 ne

1977 3899 2191 3954 tristitia
2219 3899 2403 3954 saeculi
2429 3899 2547 3970 ejus
2569 3901 2806 3955 animttm
2834 3912 3142 3972 occuparet,
3168 3911 3260 3957 aut
3287 3902 3342 3958 in
3369 3902 3563 3973 despe-

1973 3992 2198 4047 rationis
2227 3989 2536 4046 discrimina
2558 3993 2889 4061 perveniret,
2913 3993 2979 4047 ed
3007 3995 3240 4050 animam
3263 4009 3416 4052 suam
3434 4011 3562 4053 con-

1973 4086 2228 4140 solatoria
2250 4085 2410 4140 verba
2437 4073 2592 4154 facit;
2617 4096 2677 4143 ut
2703 4089 3157 4158 perturbationem
3190 4091 3349 4160 hujus
3376 4091 3562 4151 saeculi

1972 4178 2217 4232 ﬁdelibus
2246 4179 2514 4234 inimicam
2547 4193 2576 4234 a
2605 4193 2664 4235 se
2692 4181 3006 4248 depelleret,
3040 4196 3108 4238 ne
3136 4197 3259 4239 eum
3303 4183 3560 4255 despera-

1973 4268 2132 4324 tionis
2162 4269 2315 4323 taedia
2345 4269 2708 4339 possiderent.
2753 4271 3023 4341 Scriptum
3055 4282 3140 4330 est
3167 4273 3406 4346 quippe:
3441 4275 3559 4331 Tri-

1972 4362 2110 4416 stitia
2136 4363 2270 4417 em'm
2292 4379 2402 4433 qua:
2429 4365 2708 4419 mundum
2732 4365 2896 4420 Deum
2917 4376 3012 4435 est,
3035 4370 3378 4441 parientiam
3404 4371 3458 4426 in
3474 4386 3558 4426 sa-

1973 4458 2128 4512 lutem
2151 4457 2383 4514 stabilem
2409 4468 2648 4530 aperatur
2669 4477 2688 4526 ;
2717 4461 2894 4516 swculi
2916 4471 3086 4518 autem
3110 4465 3316 4518 tristitia
3343 4472 3555 4520 mortem

1973 4558 2212 4622 aperatur
2240 4549 2328 4624 (II
2356 4549 2475 4606 Cor.
2525 4543 2620 4619 vti,
2645 4549 2650 4553 ’
2673 4551 2785 4624 10).
2837 4548 3171 4639 (ξεῖνε-θρίω·
3210 4553 3402 4608 merito
3441 4569 3471 4608 a
3497 4569 3557 4610 se

1892 4676 1947 4738 Β
1974 4645 2104 4701 illud
2133 4653 2354 4708 conatus
2382 4653 2465 4703 est
2487 4647 2777 4718 expellere,
2802 4648 2942 4703 unde
2967 4647 3069 4702 sibi
3100 4653 3415 4716 perpetuum
3437 4646 3557 4702 exi-

1972 4740 2103 4794 tium
2131 4748 2356 4796 noverat
2380 4741 2681 4819 imminere.
2713 4741 2779 4796 Et
2801 4741 2921 4798 ideo
2946 4742 3210 4812 hodieque
3232 4739 3372 4795 hunc
3406 4741 3554 4811 psal-

1969 4847 2116 4888 mum
2166 4833 2292 4889 boni
2351 4833 2602 4890 desiderii
2648 4831 2924 4891 ﬁasorem
2975 4843 3134 4904 atque
3190 4833 3554 4890 institutorem

1969 4925 2303 4996 baptizandis
2345 4942 2581 4999 congrue
2607 4927 2857 4984 decantat
2897 4918 3172 4994 Ecclesia;
3219 4936 3482 4998 quatenus
3517 4929 3560 4984 ἃ

1975 5017 2187 5077 tristitia
2246 5019 2404 5091 huius
2452 5021 2636 5076 mundi
2684 5020 2918 5085 alienati,
2975 5019 3044 5074 ad
3098 5019 3384 5074 Dominum
3441 5027 3553 5075 tota

1974 5113 2171 5168 mentis
2217 5114 2447 5184 puritate
2493 5113 2742 5170 festinent
2794 5112 2933 5183 [ed.,
2973 5109 3284 5184 suspirem].
3315 5111 3552 5179 Praesta,

1971 5205 2111 5261 bone
2131 5205 2277 5276 Rex,
2307 5217 2364 5261 ut
2391 5206 2662 5278 (quoniam
2692 5220 2796 5262 non
2820 5214 2904 5261 est
2949 5221 3084 5262 unus
3110 5206 3301 5262 modus
3340 5205 3554 5262 miseri-

1967 5297 2164 5353 cordite
2197 5299 2326 5366 tuas)
2353 5298 2510 5354 sicut
2532 5299 2649 5354 illos
2673 5315 2768 5370 per
2799 5316 2990 5372 aquam
3037 5311 3236 5358 sanctae
3264 5315 3552 5372 regenera-

1967 5390 2128 5446 tionis
2150 5390 2348 5458 abluis,
2379 5391 2450 5445 ita
2482 5400 2538 5447 et
2558 5406 2654 5449 nos
2679 5392 2820 5448 dono
2844 5393 3146 5452 clementiae
3173 5402 3278 5450 tute
3298 5409 3328 5449 a
3357 5407 3551 5466 pecca-

1967 5491 2139 5540 torum
2165 5483 2293 5540 faece
2318 5482 2586 5555 puriﬁces.

2251 5595 2612 5655 EXPOSITIO
2638 5598 2704 5655 1N
2732 5600 3059 5659 PSALMUM
3099 5599 3258 5658 XLII.

2527 5692 2767 5750 Psalmus
2792 5693 2978 5750 David.

2038 5803 2291 5870 Quamvis
2307 5805 2396 5861 alii
2428 5806 2565 5864 tituli
2593 5809 2781 5878 multa,
2808 5809 2894 5865 alii
2918 5812 3227 5866 contineant
3248 5804 3542 5879 pauciora;

1963 5911 2152 5955 omnes
2198 5908 2376 5957 tamen
2416 5901 2482 5957 ad
2527 5915 2775 5971 supernae
2825 5900 3266 5960 eonsiderationis
3318 5910 3544 5958 munera

3327 5661 3334 5666 ,
3346 5617 3445 5657 ττι..
