3996 6346
460 427 556 477 ῖὝἹ

1635 395 1716 477 Μ.
1759 419 2036 477 AURELII
2077 420 2480 477 cassrooom

3611 425 3711 483 308

465 541 851 613 perducuntur,
899 552 957 600 ut
1002 544 1118 616 ipsa
1149 542 1374 598 varietas
1407 555 1507 598 nec
1539 538 1807 596 fastidium
1856 539 2033 605 faciat,
2063 539 2122 600 Ἀ
2145 539 2245 592 sita
2268 539 2462 593 clamat
2490 537 2542 594 in
2565 539 2759 608 capite.
2777 537 2910 594 Nam
2929 552 3050 594 cum
3067 539 3136 595 sit
3160 538 3277 612 ejus
3296 539 3537 612 fortitudo
3553 539 3712 606 Deus,

467 649 565 690 nec
585 649 706 705 qua:
731 644 855 689 sunt
898 635 1198 690 necessaria
1239 647 1580 689 commonere
1613 633 1854 687 desistat.
1889 627 2044 684 Psal-

467 744 575 781 mus
623 742 751 800 ergo
781 728 940 795 (sicut
990 740 1134 796 saepe
1184 726 1383 780 dictum
1413 727 1514 798 est)
1565 725 1826 798 significat
1873 717 2044 782 melos

465 820 761 877 caelestium
786 820 1088 888 verborum,
1120 819 1259 888 quod
1293 819 1572 875 desursum
1615 821 1770 875 nobis
1791 835 2045 878 resonare

465 915 723 978 sentitur;
772 915 907 968 sicut
948 913 1032 968 hic
1081 913 1316 967 dicturus
1363 921 1446 967 est
1487 930 1499 965 :
1545 911 1784 966 Discerne
1835 930 2044 968 causam

465 1021 628 1059 meam
651 1005 714 1060 de
740 1015 884 1075 gente
912 1019 1011 1058 non
1040 1014 1236 1069 sancta,
1267 1016 1368 1058 etc.
1421 1003 1584 1057 David
1615 1013 1790 1058 autem
1819 1004 2045 1060 fortissi-

466 1115 610 1154 mum
657 1107 710 1153 et
755 1097 1167 1153 desiderabilem
1221 1098 1372 1152 nobis
1405 1096 1601 1151 indicat
1647 1096 1936 1162 Christum,
1976 1098 2044 1152 ad

465 1203 621 1258 quem
651 1202 714 1242 ex
745 1201 972 1260 persona
1008 1185 1305 1256 ﬁdelissimi
1345 1185 1631 1240 Christiani
1681 1187 1913 1256 psalmus
1943 1187 2045 1243 iste

468 1280 730 1350 dirigitur,
766 1269 894 1334 dum
923 1295 1074 1335 mens
1113 1287 1167 1334 et
1213 1278 1439 1334 intentio
1469 1279 1585 1348 ejus
1604 1279 1667 1333 ad
1699 1281 1868 1350 ipsum
1899 1280 2045 1335 desi-

464 1368 719 1424 deranter
747 1377 980 1437 aptatur.
1030 1366 1162 1422 Nam
1214 1368 1353 1422 sicut
1397 1365 1488 1422 ille
1539 1370 1781 1437 superior
1807 1368 2044 1438 psalmus

468 1459 625 1514 docet
651 1459 828 1513 omnia
859 1457 1162 1523 contemni,
1195 1467 1455 1527 quatenus
1484 1455 1806 1512 desiderium
1837 1457 2045 1512 Domini

467 1551 811 1621 singulariter
838 1559 1149 1622 appetatur;
1179 1551 1248 1605 ita
1274 1549 1359 1606 hic
1390 1561 1700 1620 praemonet,
1728 1566 1794 1607 ne
1826 1553 2047 1608 munda-

468 1659 532 1697 na
563 1645 827 1712 possimus
866 1645 1203 1700 tribulatione
1233 1644 1509 1712 confundi,
1560 1644 1652 1698 sed
1693 1644 1745 1698 in
1773 1645 1922 1700 atriis
1949 1645 2046 1701 Do.

469 1737 595 1791 mini
633 1737 766 1792 dicit
813 1753 932 1794 esse
981 1739 1318 1808 gaudendum
1353 1757 1365 1792 :
1399 1737 1801 1808 acgritudinihus
1848 1738 2046 1794 nostris

472 1828 622 1884 valde
642 1903 644 1905 j
664 1833 1022 1886 necessariam
1052 1833 1306 1902 probans,
1353 1847 1510 1902 quam
1542 1832 1702 1888 toties
1743 1829 1898 1887 nobis
1928 1832 2046 1902 pius

467 1919 707 1976 medicus
736 1922 930 1991 ingerit
972 1923 1264 1994 potionem.

1039 2033 1230 2089 Divisio
1278 2035 1478 2108 psalmi.

540 2145 806 2204 Psalmum
838 2149 994 2204 istum
1027 2151 1390 2220 unusquisque
1419 2150 1652 2206 ﬁdelium
1695 2149 1799 2207 sibi
1828 2165 2041 2220 compe-

465 2247 639 2294 tenter
660 2240 882 2310 aptabit,
916 2241 1004 2312 qui
1025 2241 1080 2295 in
1108 2242 1279 2310 primo
1305 2244 1482 2312 capite
1525 2241 1807 2297 Dominum
1849 2241 2043 2311 depre-

461 2335 635 2399 catur,
671 2331 806 2386 utin
835 2331 1064 2385 adventu
1106 2331 1417 2398 novissimo,
1461 2349 1566 2402 quo
1602 2333 1932 2402 judicaturus
1961 2340 2044 2388 est

463 2422 741 2489 mundum,
775 2423 844 2478 ab
867 2423 1156 2478 inﬁdelium
1185 2424 1456 2480 consortio
1486 2424 1764 2480 liberetur.
1794 2423 2042 2480 Secundo

463 2512 804 2570 introiturum
824 2531 882 2572 se
909 2517 975 2572 ad
1001 2518 1206 2572 Domini
1237 2518 1406 2573 altare
1432 2518 1670 2586 conﬁdit,
1696 2518 1784 2572 ubi
1811 2526 2041 2576 tantum-

462 2603 623 2658 modo
648 2605 816 2661 beatis
861 2620 1107 2663 accessus
1133 2616 1245 2675 est;
1275 2615 1331 2664 et
1357 2608 1476 2664 ideo
1506 2609 1558 2664 in
1587 2608 1846 2664 molestiis
1887 2608 2040 2678 hujus

461 2695 645 2750 mundi
687 2696 916 2752 animam
949 2698 1076 2754 dicit
1112 2713 1218 2754 non
1249 2714 1370 2754 esse
1394 2699 1730 2762 turbandam,
1773 2713 1893 2772 quae
1927 2699 2038 2770 jam

460 2800 552 2858 spe
573 2790 789 2859 superni
821 2791 1059 2847 muneris
1087 2791 1364 2862 gloriatur.

989 2906 1256 2980 Expositio
1302 2909 1505 2980 psalmi.

533 3016 682 3072 Vers.
711 3018 763 3072 l.
785 3017 976 3072 Iudico
1000 3035 1098 3082 me,
1127 3018 1284 3086 Deus,
1317 3030 1363 3074 et
1385 3021 1618 3074 discerne
1644 3035 1850 3074 causam
1874 3036 2036 3075 meam

461 3106 519 3163 de
538 3109 682 3178 gente
710 3124 809 3162 non
841 3121 1042 3164 sancta.
1075 3109 1209 3164 Dum
1236 3112 1318 3165 vir
1345 3089 1514 3166 ﬁdelis
1545 3109 1704 3181 hujus
1727 3111 1906 3166 saeculi
1939 3112 2038 3166 ini-

461 3197 743 3268 quitatibus
762 3210 1062 3269 angeretur,
1089 3209 1144 3256 et
1167 3216 1290 3257 cum
1315 3202 1600 3258 incredulis
1630 3203 1841 3274 papulis
1861 3203 2036 3260 adhuc

2149 630 2377 685 miratur
2402 645 2566 701 quare
2593 631 2660 687 ab
2679 630 2914 687 adventu
2934 631 3164 700 Domini,
3190 633 3243 688 in
3261 647 3366 702 quo
3387 632 3718 704 judicaturus

2147 728 2231 775 est
2261 723 2544 790 mundum,
2573 722 2748 778 adhuc
2774 722 3019 778 videatur
3045 725 3260 793 repelli,
3301 739 3459 796 quem
3505 737 3720 796 propter

2147 812 2331 866 mundi
2359 828 2492 883 quas
2520 813 2820 883 patiebatur
2861 816 3166 884 angustias,
3218 831 3411 884 magno
3452 815 3718 871 desiderio

2145 904 2462 961 sustinebat.
2490 901 2769 962 Fortitudo
2799 915 2883 963 est
2915 908 3059 963 enim
3095 908 3433 964 considerata
3465 910 3721 978 periculo-

2148 1009 2266 1049 rqu
2292 1000 2588 1066 perpessio,
2615 1007 2669 1052 et
2702 998 2944 1053 laborum
2975 999 3238 1054 indefecta
3273 999 3532 1070 probatio.
3566 1000 3720 1057 Scie-

2148 1083 2240 1138 bat
2263 1087 2402 1140 enim
2433 1089 2514 1142 vir
2533 1089 2908 1144 sanctissimus
2936 1091 3156 1146 ulterius
3197 1107 3256 1147 se
3285 1091 3588 1147 contristari
3617 1109 3722 1150 non

2149 1190 2327 1244 posse,
2359 1178 2406 1233 si
2432 1178 2498 1232 ad
2521 1189 2776 1234 aeternam
2804 1179 2966 1236 futuri
2990 1183 3174 1236 seculi
3207 1184 3445 1252 requiem
3478 1183 3723 1252 perveni‘

2148 1275 2250 1322 ret.
2284 1267 2398 1324 Mos
2421 1269 2561 1323 enim
2593 1270 3010 1326 desiderantium
3041 1281 3123 1328 est
3151 1272 3216 1327 ab
3246 1273 3337 1327 illa
3358 1289 3418 1330 re
3445 1288 3503 1329 se
3534 1284 3722 1344 putare

2147 1357 2419 1428 depulsos,
2461 1359 2527 1415 ad
2561 1375 2720 1430 quam
2766 1363 2948 1417 venire
2997 1363 3254 1418 velociter
3295 1377 3404 1418 non
3453 1364 3721 1420 sinuntur.

2149 1448 2279 1519 Ejus
2305 1466 2516 1522 quoque
2561 1454 2639 1508 rei
2671 1455 2976 1524 explanatio
3015 1454 3211 1512 decora
3242 1456 3588 1527 subsequitur
3622 1455 3725 1512 :Et

2149 1558 2304 1609 quare
2343 1543 2675 1600 contristatae
2716 1537 2926 1613 incedo,
2972 1548 3099 1601 dum
3127 1547 3302 1618 afﬂigit
3341 1565 3421 1602 me
3457 1549 3724 1605 inimicus?

2151 1631 2342 1704 Utique
2389 1639 2441 1689 in
2481 1635 2584 1691 hoc
2621 1637 2824 1692 saeculo
2873 1639 3174 1693 contristati
3230 1639 3483 1695 incedunt
3529 1642 3723 1712 sancti,

2150 1726 2362 1796 quando
2387 1727 2724 1784 inimicorum
2749 1730 2953 1802 ﬂagella
2974 1732 3274 1788 srevissima
3289 1735 3581 1803 patiuntur.
3599 1735 3725 1793 Nam

2151 1834 2270 1874 cum
2318 1820 2409 1876 ille
2437 1821 2551 1877 dies
2597 1821 2947 1892 judicationis
2985 1827 3292 1894 advenerit,
3335 1828 3459 1883 talia
3506 1831 3725 1886 minime

2077 1919 2127 1980 Β
2153 1915 2526 1980 sustinebunt;
2561 1918 2683 1985 quia
2711 1918 2946 1972 inimicus
2974 1935 3092 1974 cum
3127 1921 3240 1974 suis
3279 1920 3604 1990 sequacibus
3636 1923 3725 1978 ab-

2077 2056 2085 2064 ,
2149 2005 2325 2060 solute
2359 2005 2720 2062 damnabitur.
2768 2008 3106 2079 QuaprOpter
3147 2011 3230 2065 vir
3259 2022 3478 2067 sanctus
3513 2012 3724 2069 deside-

2151 2105 2330 2150 ranter
2357 2095 2643 2166 expetebat
2672 2106 2909 2168 tempora
2942 2099 3052 2168 illa,
3077 2101 3127 2156 in
3149 2101 3344 2172 quibus
3373 2103 3470 2158 sibi
3496 2103 3724 2160 beatitu-

2147 2186 2327 2242 dinem
2357 2195 2580 2244 noverat
2607 2190 3015 2247 c0nferendam.

2220 2279 2372 2334 Vers.
2404 2280 2457 2334 4.
2486 2279 2674 2336 Emitte
2695 2283 2856 2336 lucem
2882 2291 3020 2336 tuam
3045 2291 3091 2337 et
3119 2283 3376 2337 veritatem
3402 2292 3538 2338 tuam
3567 2299 3589 2341 :
3619 2286 3724 2355 ipsa

2143 2385 2223 2424 me
2242 2370 2586 2437 deduxerunt,
2601 2379 2648 2425 et
2660 2374 2985 2426 adduxerunt
3002 2371 3051 2425 in
3069 2383 3289 2427 montem
3309 2383 3539 2429 sanctum
3556 2385 3738 2446 tuum,_

2145 2469 2191 2515 et
2217 2461 2272 2515 in
2301 2462 2680 2516 tabernaculum
2711 2469 2873 2518 tuum.
2909 2463 3003 2518 Hic
3042 2464 3214 2520 reddit
3243 2479 3455 2521 causam
3489 2467 3719 2524 tristitia:

2143 2555 2554 2622 submovendae;
2582 2564 2638 2610 ut
2660 2553 2818 2613 Pater
2837 2559 3020 2611 mittat
3047 2555 3232 2612 Filium
3265 2557 3329 2613 ad
3349 2559 3718 2630 judicandum,

2143 2647 2233 2717 qui
2263 2659 2346 2702 est
2375 2647 2463 2702 lux
2495 2655 2550 2702 et
2587 2649 2816 2716 veritas;
2867 2649 2983 2720 ipse
3026 2653 3166 2706 enim
3204 2651 3272 2706 de
3311 2667 3369 2708 se
3397 2651 3532 2709 dixit
3562 2672 3575 2706 :
3615 2655 3718 2725 Ego

2141 2755 2253 2793 sunt
2281 2737 2376 2793 tua:
2406 2741 2581 2794 mundi
2611 2739 2706 2812 (Jo
2744 2757 2796 2794 η.
2829 2757 2942 2806 VIII,
2979 2742 3117 2812 13);
3165 2751 3221 2800 et
3258 2745 3421 2801 alibi:
3455 2743 3569 2817 Ego
3611 2763 3717 2801 sum

2140 2832 2252 2898 via,
2281 2835 2495 2899 ueritas,
2539 2841 2586 2887 et
2623 2835 2726 2888 vita
2759 2833 2950 2904 (Joan.
2983 2851 3094 2902 xlv,
3125 2835 3212 2907 6).
3250 2835 3374 2894 Haec
3413 2839 3553 2894 enim
3600 2856 3715 2896 cum

2139 2923 2369 2988 venerit,
2393 2938 2510 2992 quae
2529 2932 2612 2979 est
2637 2923 2882 2980 Christus
2897 2925 3172 2995 Dominus,
3193 2945 3219 2982 a
3234 2929 3436 2985 sanctis
3459 2932 3577 3000 ejus
3610 2947 3717 2987 om-

2143 3012 2226 3067 nis
2273 3027 2472 3068 mmror
2519 3015 2846 3072 confusionis
2902 3017 3178 3086 abscedit,
3227 3019 3440 3091 quando
3502 3030 3717 3077 aeternae

2143 3103 2489 3160 beatitudinis
2515 3106 2743 3176 gloriaru
2775 3117 3196 3178 consequuntur.
3230 3109 3335 3167 Iste
3373 3127 3503 3182 ergo
3545 3113 3717 3169 ﬁdelis

2141 3210 2298 3264 quem
2323 3198 2572 3266 superius
2599 3198 2840 3254 diximus
2862 3200 3026 3271 loqui,
3058 3203 3330 3257 deductum
3357 3211 3412 3258 et
3436 3205 3716 3260 adductum

461 3297 599 3346 esset
631 3289 956 3347 habitatione
985 3293 1299 3362 permixtus,
1324 3294 1498 3350 subito
1521 3295 1697 3366 erupit
1727 3295 1779 3350 in
1808 3311 1990 3352 vocem
2017 3314 2032 3364 ;
2062 3285 2109 3350 C
2140 3305 2200 3344 se
2225 3290 2356 3346 dicit
2381 3292 2433 3344 in
2462 3301 2682 3345 montem
2719 3301 2981 3360 sanctum;
3009 3294 3110 3349 hoc
3139 3303 3222 3350 est
3259 3295 3324 3350 ad
3357 3297 3565 3351 ﬁrmam
3604 3311 3718 3353 cre-

461 3391 514 3438 at
567 3383 618 3434 in
642 3381 842 3453 judicio
874 3382 1085 3437 Domini
1117 3399 1274 3442 causa
1323 3387 1438 3453 ejus
1488 3395 1914 3457 sequestraretur
1967 3387 2037 3444 ab

461 3473 636 3544 Impiis
658 3515 672 3539 ,
701 3473 912 3544 quando
941 3459 1112 3546 agnos
1135 3486 1292 3544 ponet
1317 3476 1382 3531 ad
1405 3477 1700 3547 dexteram,
1737 3480 1916 3536 haedos
1944 3495 2038 3535 au-

462 3574 568 3620 tem
597 3567 884 3621 constituet
912 3565 976 3620 ad
1008 3559 1301 3622 sinistram.
1354 3568 1466 3624 Non
1489 3571 1630 3624 enim
1663 3572 1791 3640 petit
1820 3581 2036 3641 peccata

462 3671 552 3711 sua
604 3656 818 3722 discuti,
877 3657 970 3713 sed
1022 3660 1086 3713 ab
1120 3659 1418 3729 iniquorum
1469 3663 1741 3718 consortio
1796 3665 2034 3722 liberari.

463 3746 616 3802 Esset
637 3747 777 3802 enim
813 3748 1168 3818 periculosum
1193 3747 1370 3805 dicere
1406 3769 1417 3804 :
1449 3749 1639 3806 Judica
1670 3770 1766 3818 me,
1803 3755 1900 3809 nisi
1945 3754 2035 3808 ad-

462 3837 702 3904 didisset,
731 3847 776 3893 et
805 3839 1036 3895 discerne
1083 3857 1288 3894 causam
1319 3858 1503 3910 meam,
1534 3841 1582 3896 id
1609 3854 1688 3900 est
1717 3844 1895 3902 divide
1920 3861 2039 3915 per-

461 3929 767 3986 mixtionem
801 3947 996 4000 meam,
1028 3948 1184 4002 quam
1213 3934 1266 3988 in
1306 3935 1499 3990 satculo
1532 3935 1636 3989 isto
1681 3937 1940 4004 sustineo,
1984 3947 2039 3996 et

462 4023 741 4094 aliquando
759 4033 1094 4096 segregatum
1128 4041 1212 4080 me
1241 4027 1309 4081 ab
1338 4027 1531 4095 impiis,
1553 4027 1606 4083 in
1633 4029 1809 4099 populi
1833 4032 1906 4084 tui
1929 4031 2039 4087 ele-

461 4115 633 4171 ctione
677 4118 959 4174 constitue.
989 4118 1228 4186 Addidit,
1274 4120 1338 4175 de
1364 4127 1509 4191 gente
1558 4137 1658 4175 non
1705 4131 1900 4191 sancta,
1935 4124 2038 4180 hoc

461 4217 538 4262 est
570 4207 635 4262 de
665 4209 930 4277 perversis
972 4223 1035 4264 ac
1079 4210 1216 4266 male
1261 4211 1578 4268 viventibus.
1613 4211 1820 4269 Revera
1853 4225 2036 4270 sancta

461 4300 819 4363 conscientia,
881 4301 1092 4369 quando
1154 4317 1251 4357 uec
1308 4304 1361 4358 in
1417 4305 1585 4360 altero
1632 4308 1873 4360 contueri
1941 4322 2037 4375 po-

462 4396 617 4456 terat,
661 4404 781 4458 qute
813 4389 1004 4446 divinis
1033 4391 1188 4465 145
1225 4396 1504 4464 praeceptis
1551 4396 1910 4465 probabantur
1943 4396 2037 4451 ad-

463 4493 630 4535 versa.

532 4571 685 4628 Vers.
712 4571 767 4630 9..
799 4573 874 4626 Ab
901 4573 1106 4629 homine
1135 4574 1308 4645 iniquo
1350 4584 1397 4630 et
1431 4576 1608 4630 doloso
1638 4579 1774 4648 eripe
1803 4595 1902 4633 me.
1935 4579 2038 4634 Bo-

2141 3385 2422 3441 dulitatem
2476 3386 2684 3441 Domini
2740 3386 3080 3444 Salvatoris:
3131 3389 3248 3459 ejus
3291 3389 3478 3460 gloriae
3523 3400 3716 3448 cuncta

2143 3480 2410 3549 prabens,
2445 3493 2551 3534 nou
2583 3479 2781 3548 aliquid
2812 3479 2923 3534 suis
2953 3479 3156 3535 viribus
3185 3481 3520 3550 applicando.
3562 3481 3717 3551 Quod

2140 3580 2320 3626 autem
2353 3570 2590 3641 adjecit,
2621 3571 2748 3626 etin
2789 3572 3170 3626 tabernaculum
3197 3580 3372 3643 tuum,
3419 3572 3716 3629 Ecclesiam

2143 3661 2463 3717 catholicam
2487 3657 2752 3733 signiﬁcat
2778 3662 2830 3717 in
2858 3661 3046 3717 mundi
3087 3664 3238 3719 istius
3264 3663 3560 3719 certamine
3588 3679 3716 3720 cou-

2142 3757 2404 3823 stitutam,
2432 3771 2550 3826 qua:
2577 3755 2751 3811 adhuc
2780 3755 2985 3811 inimici
3031 3757 3178 3811 varia
3211 3755 3516 3826 fatigatione
3555 3772 3718 3812 vexa-

2150 3855 2256 3900 tur.
2299 3846 2404 3904 Sed
2437 3846 2738 3902 audivimus
2771 3845 3174 3914 tabernaaclum,
3205 3847 3495 3902 adversarii
3521 3861 3715 3903 cavea-

2142 3950 2262 3991 mus
2319 3936 2581 4004 insidias;
2629 3937 2882 4007 quoniam
2935 3937 3060 3992 dum
3115 3938 3168 3992 in
3218 3937 3582 3994 tabernaculis
3644 3940 3714 3994 sit

2145 4026 2416 4095 Ecclesia,
2450 4041 2547 4082 nos
2595 4041 2929 4098 nequaquam
2972 4041 3254 4098 possumus
3295 4030 3401 4084 otia
3439 4030 3717 4099 possidere

2140 4133 2350 4175 secura.
2394 4119 2547 4188 Quod
2583 4120 2968 4178 tabernaculum
3016 4121 3182 4176 Exodi
3239 4128 3420 4178 textus
3471 4121 3550 4176 sic
3598 4122 3717 4177 evi-

2142 4211 2284 4268 denti
2315 4213 2576 4268 relatione
2593 4211 3034 4282 depingit(Ea:od.
3054 4228 3194 4278 sxvr,
3220 4211 3270 4281 1)
3291 4229 3304 4276 ;
3331 4222 3387 4265 ιιι
3413 4227 3518 4266 non
3539 4213 3718 4268 solum

2144 4306 2380 4372 auribus,
2413 4306 2508 4361 sed
2543 4307 2678 4373 pene
2709 4305 2838 4375 ipsis
2865 4303 3170 4374 aspectibus
3200 4303 3473 4358 oﬁ‘eratnr.

2213 4397 2368 4453 Vere.
2404 4399 2460 4454 5.
2508 4397 2574 4451 Et
2613 4397 2834 4450 introibo
2878 4397 2945 4450 ad
2975 4397 3136 4450 altare
3175 4393 3294 4462 Dei,
3325 4398 3393 4449 ad
3439 4395 3603 4450 Deum
3632 4413 3719 4468 qut

2144 4488 2708 4563 latiﬁcatjuventutem
2735 4503 2898 4542 meam
2924 4502 2945 4542 :
2970 4487 3246 4557 conﬁtebor
3277 4487 3364 4540 tibi
3397 4488 3452 4540 in
3495 4488 3716 4552 cithara,

2144 4581 2303 4651 Deus,
2337 4580 2474 4636 Deus
2521 4597 2680 4635 meus.
2725 4579 2879 4635 Venit
2923 4580 2990 4634 ad
3041 4578 3334 4635 secundum
3371 4589 3570 4649 caput;
3625 4580 3716 4636 sed

461 4679 585 4718 num
616 4665 829 4734 quidem
865 4665 1216 4730 desiderium,
1246 4666 1340 4722 sed
1364 4668 1536 4723 adhuc
1576 4683 1680 4724 non
1715 4669 1874 4726 habet
1905 4680 2039 4726 tem-
2066 4676 2120 4736 D
2142 4672 2267 4726 dum
2295 4681 2348 4726 et
2371 4672 2456 4728 hic
2489 4672 2730 4727 Ecclesia
2762 4672 2925 4725 altare
2961 4673 3322 4738 habeat,'non
3365 4673 3559 4726 frustra
3591 4673 3718 4729 dicit

461 4773 575 4827 pus.
607 4758 718 4814 l‘loc
743 4760 886 4814 enim
917 4761 1056 4829 quod
1090 4761 1247 4814 modo
1271 4775 1298 4815 a
1332 4770 1518 4816 sancto
1545 4761 1646 4816 isto
1673 4763 2038 4830 qumritur,rin

461 4851 636 4904 futuro
661 4847 860 4918 judicio
889 4870 916 4906 a
951 4851 1192 4908 ﬁdelibus
1236 4854 1525 4909 invenitur.
1577 4853 1688 4910 Sed
1715 4853 1837 4910 talia
1869 4865 1923 4910 et
1953 4857 2039 4911 hic

461 4942 765 4997 desiderant
791 4945 880 5014 qui
907 4946 1110 5016 pacifici
1146 4961 1266 5002 esse
1295 4958 1622 5014 no~cuntur;
1655 4957 1712 5002 ut
1738 4946 1804 5002 ab
1833 4949 2039 5018 inquie-

462 5035 526 5090 tis
553 5034 795 5090 moribus
820 5038 1038 5105 cupiant
1069 5039 1263 5105 dividi,
1297 5055 1363 5095 ne
1395 5040 1604 5110 possint
1637 5041 1814 5112 aliqua
1851 5043 2034 5112 pravi-

460 5133 566 5180 tate
597 5125 789 5180 vitiari.
851 5125 970 5195 Ipse
1015 5139 1093 5183 est
1133 5131 1276 5184 enim
1317 5129 1531 5201 iniquus
1581 5139 1634 5186 et
1674 5131 1927 5198 dolosus,
1969 5132 2036 5187 de

460 5234 565 5288 quo
595 5220 838 5286 superius
863 5221 999 5276 dixit
1033 5241 1046 5278 :
1078 5223 1152 5278 De
1184 5233 1330 5294 gente
1358 5242 1459 5279 non
1481 5235 1676 5279 sancta.
1712 5224 1930 5292 Iniquus
1955 5235 2038 5282 est

461 5313 601 5366 enim
629 5313 717 5381 qui
743 5312 878 5366 mala
911 5313 1036 5368 facit
1059 5316 1318 5384 apertius,
1341 5316 1548 5370 dolosas
1568 5317 1656 5386 qui
1684 5317 1893 5371 occulta
1924 5333 2035 5371 ma-

461 5404 764 5459 chinatione
794 5414 1067 5475 grassatur
1099 5425 1111 5459 :
1148 5415 1204 5461 ut
1232 5415 1355 5461 sunt
1376 5422 1562 5462 omnes
1591 5408 1734 5477 quia
1765 5407 2032 5462 mandatis

463 5493 674 5549 Domini
701 5496 991 5565 probantur
1019 5497 1200 5552 alieni.

530 5586 682 5642 νει-ς.
709 5590 761 5643 '5.
799 5590 933 5656 Quia
961 5599 1016 5645 tu
1044 5607 1114 5660 es,
1169 5592 1308 5648 Deus
1338 5608 1498 5659 meus,
1533 5600 1580 5646 et
1603 5592 1850 5662 fortitudo
1881 5608 1990 5644 mea
2017 5608 2035 5646 :

459 5695 618 5752 quare
644 5699 722 5735 me
750 5685 982 5754 repulisti
1003 5687 1027 5739 Ρ
1051 5694 1099 5738 et
1124 5701 1284 5755 quare
1305 5685 1460 5738 tristis
1486 5686 1688 5748 incedo,
1715 5686 1835 5737 dum
1865 5685 2038 5754 affligit

459 5789 538 5829 me
587 5776 860 5831 inimicus?
908 5777 1237 5848 Frequenter
1285 5776 1422 5830 ratio
1472 5789 1691 5832 causam
1747 5777 2034 5846 prmcedit,

459 5880 602 5938 carpe
633 5867 824 5924 iterum
856 5870 1037 5938 juncta
1077 5867 1422 5938 subsequitur
1459 5884 1473 5921 :
1510 5867 1597 5922 hic
1627 5879 1802 5936 autem
1842 5884 2037 5938 prope.

747 6124 778 6148 ,ι
823 6135 826 6138 .

2145 4775 2265 4836 post
2295 4764 2696 4820 tabernaculum
2739 4765 2970 4832 positum
3001 4780 3014 4816 :
3045 4762 3274 4818 Introibo
3315 4765 3382 4817 ad
3409 4764 3576 4819 altare
3601 4763 3716 4821 Dei.

2145 4858 2240 4913 Est
2269 4859 2412 4914 enim
2442 4857 2711 4926 quoddam
2757 4855 2988 4911 sublime
3034 4857 3196 4910 altare
3217 4897 3232 4923 ,
3267 4857 3528 4926 nobisque
3576 4869 3718 4912 nunc

2143 4951 2451 5020 invisibile,
2484 4949 2572 5002 ubi
2618 4949 2720 5003 soli
2754 4947 2882 5017 justi
2933 4949 3226 5016 probantur
3257 4947 3540 5003 accedere.
3585 4947 3718 5003 Nam

2147 5044 2284 5098 inter
2327 5042 2432 5096 alia
2482 5040 2721 5095 membra
2773 5040 3146 5107 tabernaculi,
3196 5055 3318 5111 quae
3371 5040 3575 5094 famqu
3619 5055 3719 5096 suo

2144 5132 2309 5202 Moysi
2341 5131 2594 5187 Dominus
2615 5131 2868 5200 praecepit
2887 5131 3124 5197 efﬁcere,
3149 5131 3252 5186 hoc
3271 5147 3483 5203 quoque
3500 5133 3719 5188 eviden-

2147 5235 2226 5279 ter
2254 5221 2489 5276 ostendit
2535 5220 2721 5278 dicens
2749 5239 2762 5274 :
2796 5219 3003 5291 Inspice
3047 5231 3094 5275 et
3135 5223 3218 5292 fac
3244 5223 3522 5277 secundum
3551 5239 3718 5278 exent-

2143 5318 2257 5387 plar
2284 5317 2420 5384 quod
2448 5315 2535 5369 tibi
2559 5317 2614 5370 in
2643 5326 2814 5370 monte
2835 5325 3087 5370 ostensum
3109 5325 3184 5370 est
3216 5315 3413 5387 (Exod.
3441 5330 3572 5381 xxv,
3600 5315 3714 5385 40).

2145 5412 2241 5466 llic
2264 5412 2408 5466 enim
2441 5411 2606 5466 altare
2645 5412 2904 5467 Ecclesiae
2944 5410 3231 5467 indiscreta
3281 5413 3434 5472 turba
3483 5414 3719 5469 circum-

2144 5501 2328 5571 spicit;
2361 5502 2427 5558 ad
2454 5502 2581 5557 illud
2610 5514 2790 5558 autem
2822 5501 2888 5556 ad
2915 5503 3056 5571 quod
3101 5518 3162 5558 se
3188 5504 3240 5558 in
3273 5503 3452 5559 futuro
3479 5503 3610 5560 dicit
3636 5504 3718 5558 in-

2145 5603 2298 5657 trare,
2331 5593 2428 5648 soli
2458 5603 2678 5662 possunt
2711 5593 2820 5648 Deo
2852 5591 3030 5660 placiti
3059 5595 3359 5661 pervenire.
3384 5593 3560 5650 Altare
3575 5596 3716 5651 enim

2145 5682 2346 5737 dictum
2395 5689 2519 5748 est;
2549 5684 2698 5752 quasi
2731 5684 2852 5738 alta:
2889 5698 3017 5750 arte,
3049 5684 3131 5740 vel
3174 5687 3281 5740 alta
3303 5701 3412 5745 res.
3442 5687 3711 5757 Sequitur,

2147 5779 2214 5826 ad
2257 5773 2420 5829 Deum
2449 5777 2535 5845 qui
2570 5775 2796 5843 laetiﬁcat
2831 5778 3148 5846 juventutent
3177 5793 3360 5832 meam.
3389 5778 3715 5834 Iuventatem

2150 5869 2235 5924 hic
2260 5883 2353 5939 pro
2381 5871 2618 5927 novitate
2647 5870 2769 5924 vitae
2799 5867 2946 5939 ponit
2969 5879 3188 5949 propter
3222 5870 3504 5928 Dominum
3529 5871 3708 5929 Salve-
