  <div class='ocr_page' id='page_1' title='image "/cluster/home/n/w/nwhite01/storage/ocr_20150623/70/hvd.32044015469356/160.png"; bbox 0 0 4004 6342; ppageno 0'>
   <div class='ocr_carea' id='block_1_1' title="bbox 310 364 412 423">
    <p class='ocr_par' dir='ltr' id='par_1_1' title="bbox 310 364 412 423">
     <span class='ocr_line' id='line_1_1' title="bbox 310 364 412 423; baseline 0.039 -4"><span class='ocrx_word' id='word_1_1' title='bbox 310 364 412 423; x_wconf 79' lang='grc'><strong>509</strong></span> 
     </span>
    </p>
   </div>
   <div class='ocr_carea' id='block_1_2' title="bbox 1234 348 2637 447">
    <p class='ocr_par' dir='ltr' id='par_1_2' title="bbox 1234 348 2637 447">
     <span class='ocr_line' id='line_1_2' title="bbox 1234 348 2637 447; baseline -0.007 -29"><span class='ocrx_word' id='word_1_2' title='bbox 1234 356 1591 447; x_wconf 70' lang='lat' dir='ltr'><strong>EXPOSITIO</strong></span> <span class='ocrx_word' id='word_1_3' title='bbox 1622 356 1685 412; x_wconf 86' lang='lat' dir='ltr'><strong>IN</strong></span> <span class='ocrx_word' id='word_1_4' title='bbox 1726 355 2187 413; x_wconf 77' lang='lat' dir='ltr'><strong>PSALTERIUM.</strong></span> <span class='ocrx_word' id='word_1_5' title='bbox 2220 348 2416 411; x_wconf 84' lang='lat' dir='ltr'><strong>PSAL.</strong></span> <span class='ocrx_word' id='word_1_6' title='bbox 2457 354 2637 411; x_wconf 75' lang='lat' dir='ltr'><strong>XLIII.</strong></span> 
     </span>
    </p>
   </div>
   <div class='ocr_carea' id='block_1_3' title="bbox 3477 363 3579 418">
    <p class='ocr_par' dir='ltr' id='par_1_3' title="bbox 3477 363 3579 418">
     <span class='ocr_line' id='line_1_3' title="bbox 3477 363 3579 418; baseline 0 -1"><span class='ocrx_word' id='word_1_7' title='bbox 3477 363 3579 418; x_wconf 75' lang='lat'><strong>51&#39;)</strong></span> 
     </span>
    </p>
   </div>
   <div class='ocr_carea' id='block_1_4' title="bbox 310 462 3579 553">
    <p class='ocr_par' dir='ltr' id='par_1_4' title="bbox 310 462 3579 553">
     <span class='ocr_line' id='line_1_4' title="bbox 310 462 3579 553; baseline -0.003 -10"><span class='ocrx_word' id='word_1_8' title='bbox 310 496 482 542; x_wconf 89' lang='lat' dir='ltr'><strong>torem</strong></span> <span class='ocrx_word' id='word_1_9' title='bbox 506 521 525 551; x_wconf 88' lang='lat'><strong>,</strong></span> <span class='ocrx_word' id='word_1_10' title='bbox 570 479 659 553; x_wconf 92' lang='lat' dir='ltr'><strong>qui</strong></span> <span class='ocrx_word' id='word_1_11' title='bbox 708 479 885 536; x_wconf 87' lang='lat' dir='ltr'><strong>omnia</strong></span> <span class='ocrx_word' id='word_1_12' title='bbox 929 489 1186 548; x_wconf 83' lang='lat' dir='ltr'><strong>reparans</strong></span> <span class='ocrx_word' id='word_1_13' title='bbox 1232 475 1301 531; x_wconf 90' lang='lat' dir='ltr'><strong>de</strong></span> <span class='ocrx_word' id='word_1_14' title='bbox 1353 484 1615 531; x_wconf 90' lang='lat' dir='ltr'><strong>vetustate</strong></span> <span class='ocrx_word' id='word_1_15' title='bbox 1658 473 1889 539; x_wconf 83' lang='lat' dir='ltr'><strong>delecta,</strong></span> <span class='ocrx_word' id='word_1_16' title='bbox 1921 462 2212 536; x_wconf 66' lang='lat' dir='ltr'><strong>Aedicere</strong></span> <span class='ocrx_word' id='word_1_17' title='bbox 2236 512 2252 540; x_wconf 89' lang='lat'><strong>,</strong></span> <span class='ocrx_word' id='word_1_18' title='bbox 2294 473 2420 528; x_wconf 88' lang='lat' dir='ltr'><strong>dum</strong></span> <span class='ocrx_word' id='word_1_19' title='bbox 2452 481 2632 542; x_wconf 86' lang='lat' dir='ltr'><strong>patres</strong></span> <span class='ocrx_word' id='word_1_20' title='bbox 2678 475 2847 529; x_wconf 80' lang='lat' dir='ltr'><strong>nostri</strong></span> <span class='ocrx_word' id='word_1_21' title='bbox 2885 477 3005 539; x_wconf 83' lang='lat' dir='ltr'><strong>sine</strong></span> <span class='ocrx_word' id='word_1_22' title='bbox 3041 476 3215 548; x_wconf 86' lang='lat' dir='ltr'><strong>aliqua</strong></span> <span class='ocrx_word' id='word_1_23' title='bbox 3254 479 3579 537; x_wconf 74' lang='lat' dir='ltr'><strong>difﬁcultate</strong></span> 
     </span>
    </p>
   </div>
   <div class='ocr_carea' id='block_1_5' title="bbox 306 566 1886 643">
    <p class='ocr_par' dir='ltr' id='par_1_5' title="bbox 306 566 1886 643">
     <span class='ocr_line' id='line_1_5' title="bbox 306 566 1886 643; baseline -0.009 -9"><span class='ocrx_word' id='word_1_24' title='bbox 306 574 651 634; x_wconf 77' lang='lat' dir='ltr'><strong>credentibus</strong></span> <span class='ocrx_word' id='word_1_25' title='bbox 678 571 974 643; x_wconf 72' lang='lat' dir='ltr'><strong>iuventutis</strong></span> <span class='ocrx_word' id='word_1_26' title='bbox 1019 567 1251 623; x_wconf 82' lang='lat' dir='ltr'><strong>reddidit</strong></span> <span class='ocrx_word' id='word_1_27' title='bbox 1294 567 1681 622; x_wconf 84' lang='lat' dir='ltr'><strong>validissimam</strong></span> <span class='ocrx_word' id='word_1_28' title='bbox 1716 566 1886 621; x_wconf 83' lang='lat' dir='ltr'><strong>ﬁrmi-</strong></span> 
     </span>
    </p>
   </div>
   <div class='ocr_carea' id='block_1_6' title="bbox 308 658 1892 733">
    <p class='ocr_par' dir='ltr' id='par_1_6' title="bbox 308 658 1892 733">
     <span class='ocr_line' id='line_1_6' title="bbox 308 658 1892 733; baseline -0.009 -8"><span class='ocrx_word' id='word_1_29' title='bbox 308 679 494 733; x_wconf 84' lang='lat' dir='ltr'><strong>tatem.</strong></span> <span class='ocrx_word' id='word_1_30' title='bbox 520 666 659 723; x_wconf 87' lang='lat' dir='ltr'><strong>Ecce</strong></span> <span class='ocrx_word' id='word_1_31' title='bbox 689 665 778 719; x_wconf 90' lang='lat' dir='ltr'><strong>ille</strong></span> <span class='ocrx_word' id='word_1_32' title='bbox 806 662 1160 718; x_wconf 88' lang='lat' dir='ltr'><strong>contristatus</strong></span> <span class='ocrx_word' id='word_1_33' title='bbox 1182 659 1423 716; x_wconf 82' lang='lat' dir='ltr'><strong>cladibus</strong></span> <span class='ocrx_word' id='word_1_34' title='bbox 1452 658 1634 713; x_wconf 91' lang='lat' dir='ltr'><strong>mundi</strong></span> <span class='ocrx_word' id='word_1_35' title='bbox 1661 658 1728 713; x_wconf 91' lang='lat' dir='ltr'><strong>de</strong></span> <span class='ocrx_word' id='word_1_36' title='bbox 1751 658 1892 723; x_wconf 90' lang='lat' dir='ltr'><strong>bono</strong></span> 
     </span>
    </p>
   </div>
   <div class='ocr_carea' id='block_1_7' title="bbox 309 750 1894 827">
    <p class='ocr_par' dir='ltr' id='par_1_7' title="bbox 309 750 1894 827">
     <span class='ocr_line' id='line_1_7' title="bbox 309 750 1894 827; baseline -0.011 -9"><span class='ocrx_word' id='word_1_37' title='bbox 309 762 589 827; x_wconf 88' lang='lat' dir='ltr'><strong>intellectu</strong></span> <span class='ocrx_word' id='word_1_38' title='bbox 623 758 750 814; x_wconf 84' lang='lat' dir='ltr'><strong>fecit</strong></span> <span class='ocrx_word' id='word_1_39' title='bbox 790 756 1040 826; x_wconf 81' lang='lat' dir='ltr'><strong>gaudium</strong></span> <span class='ocrx_word' id='word_1_40' title='bbox 1071 754 1194 810; x_wconf 87' lang='lat' dir='ltr'><strong>sibi.</strong></span> <span class='ocrx_word' id='word_1_41' title='bbox 1229 751 1294 807; x_wconf 86' lang='lat' dir='ltr'><strong>In</strong></span> <span class='ocrx_word' id='word_1_42' title='bbox 1333 752 1530 807; x_wconf 77' lang='lat' dir='ltr'><strong>cithara</strong></span> <span class='ocrx_word' id='word_1_43' title='bbox 1573 766 1701 807; x_wconf 88' lang='lat' dir='ltr'><strong>vero</strong></span> <span class='ocrx_word' id='word_1_44' title='bbox 1731 750 1894 819; x_wconf 76' lang='lat' dir='ltr'><strong>conﬁ-</strong></span> 
     </span>
    </p>
   </div>
   <div class='ocr_carea' id='block_1_8' title="bbox 310 840 1891 921">
    <p class='ocr_par' dir='ltr' id='par_1_8' title="bbox 310 840 1891 921">
     <span class='ocr_line' id='line_1_8' title="bbox 310 840 1891 921; baseline -0.006 -14"><span class='ocrx_word' id='word_1_45' title='bbox 310 863 463 921; x_wconf 80' lang='lat' dir='ltr'><strong>tetur,</strong></span> <span class='ocrx_word' id='word_1_46' title='bbox 498 850 585 921; x_wconf 91' lang='lat' dir='ltr'><strong>qui</strong></span> <span class='ocrx_word' id='word_1_47' title='bbox 628 846 812 904; x_wconf 88' lang='lat' dir='ltr'><strong>mundi</strong></span> <span class='ocrx_word' id='word_1_48' title='bbox 859 846 1017 918; x_wconf 82' lang='lat' dir='ltr'><strong>hujus</strong></span> <span class='ocrx_word' id='word_1_49' title='bbox 1065 845 1287 900; x_wconf 87' lang='lat' dir='ltr'><strong>adversa</strong></span> <span class='ocrx_word' id='word_1_50' title='bbox 1334 843 1606 899; x_wconf 83' lang='lat' dir='ltr'><strong>sustinens</strong></span> <span class='ocrx_word' id='word_1_51' title='bbox 1656 857 1687 898; x_wconf 89' lang='lat' dir='ltr'><strong>a</strong></span> <span class='ocrx_word' id='word_1_52' title='bbox 1735 840 1891 897; x_wconf 90' lang='lat' dir='ltr'><strong>laude</strong></span> 
     </span>
    </p>
   </div>
   <div class='ocr_carea' id='block_1_9' title="bbox 310 938 921 1000">
    <p class='ocr_par' dir='ltr' id='par_1_9' title="bbox 310 938 921 1000">
     <span class='ocr_line' id='line_1_9' title="bbox 310 938 921 1000; baseline -0.015 1"><span class='ocrx_word' id='word_1_53' title='bbox 310 944 526 1000; x_wconf 88' lang='lat' dir='ltr'><strong>Domini</strong></span> <span class='ocrx_word' id='word_1_54' title='bbox 556 956 661 996; x_wconf 90' lang='lat' dir='ltr'><strong>non</strong></span> <span class='ocrx_word' id='word_1_55' title='bbox 694 938 921 994; x_wconf 83' lang='lat' dir='ltr'><strong>recedit.</strong></span> 
     </span>
    </p>
   </div>
   <div class='ocr_carea' id='block_1_10' title="bbox 383 1025 1893 1098">
    <p class='ocr_par' dir='ltr' id='par_1_10' title="bbox 383 1025 1893 1098">
     <span class='ocr_line' id='line_1_10' title="bbox 383 1025 1893 1098; baseline -0.007 -8"><span class='ocrx_word' id='word_1_56' title='bbox 383 1034 539 1090; x_wconf 76' lang='lat' dir='ltr'><strong>Vers.</strong></span> <span class='ocrx_word' id='word_1_57' title='bbox 561 1032 615 1089; x_wconf 83' lang='lat'><strong>6.</strong></span> <span class='ocrx_word' id='word_1_58' title='bbox 651 1034 823 1098; x_wconf 80' lang='lat' dir='ltr'><strong>Quare</strong></span> <span class='ocrx_word' id='word_1_59' title='bbox 853 1029 1015 1083; x_wconf 76' lang='lat' dir='ltr'><strong>tristis</strong></span> <span class='ocrx_word' id='word_1_60' title='bbox 1043 1044 1117 1094; x_wconf 84' lang='lat' dir='ltr'><strong>es,</strong></span> <span class='ocrx_word' id='word_1_61' title='bbox 1144 1027 1317 1081; x_wconf 84' lang='lat' dir='ltr'><strong>anima</strong></span> <span class='ocrx_word' id='word_1_62' title='bbox 1340 1025 1489 1081; x_wconf 77' lang='grc' dir='ltr'><strong>ηιιαῖ</strong></span> <span class='ocrx_word' id='word_1_63' title='bbox 1507 1032 1555 1079; x_wconf 89' lang='lat' dir='ltr'><strong>et</strong></span> <span class='ocrx_word' id='word_1_64' title='bbox 1581 1040 1741 1096; x_wconf 86' lang='lat' dir='ltr'><strong>quare</strong></span> <span class='ocrx_word' id='word_1_65' title='bbox 1773 1041 1893 1081; x_wconf 87' lang='lat' dir='ltr'><strong>con-</strong></span> 
     </span>
    </p>
   </div>
   <div class='ocr_carea' id='block_1_11' title="bbox 306 1126 634 1195">
    <p class='ocr_par' dir='ltr' id='par_1_11' title="bbox 306 1126 634 1195">
     <span class='ocr_line' id='line_1_11' title="bbox 306 1126 634 1195; baseline -0.018 -9"><span class='ocrx_word' id='word_1_66' title='bbox 306 1131 487 1195; x_wconf 85' lang='lat' dir='ltr'><strong>turbas</strong></span> <span class='ocrx_word' id='word_1_67' title='bbox 516 1126 634 1182; x_wconf 76' lang='lat' dir='ltr'><strong>me?</strong></span> 
     </span>
    </p>
   </div>
   <div class='ocr_carea' id='block_1_12' title="bbox 385 1209 1891 1288">
    <p class='ocr_par' dir='ltr' id='par_1_12' title="bbox 385 1209 1891 1288">
     <span class='ocr_line' id='line_1_12' title="bbox 385 1209 1891 1288; baseline -0.009 -13"><span class='ocrx_word' id='word_1_68' title='bbox 385 1222 543 1276; x_wconf 75' lang='lat' dir='ltr'><strong>Vers.</strong></span> <span class='ocrx_word' id='word_1_69' title='bbox 574 1220 625 1273; x_wconf 89' lang='lat'><strong>7.</strong></span> <span class='ocrx_word' id='word_1_70' title='bbox 658 1216 820 1288; x_wconf 88' lang='lat' dir='ltr'><strong>Spera</strong></span> <span class='ocrx_word' id='word_1_71' title='bbox 852 1216 907 1269; x_wconf 85' lang='lat' dir='ltr'><strong>in</strong></span> <span class='ocrx_word' id='word_1_72' title='bbox 932 1210 1101 1267; x_wconf 88' lang='lat' dir='ltr'><strong>Deum</strong></span> <span class='ocrx_word' id='word_1_73' title='bbox 1124 1211 1258 1287; x_wconf 90' lang='lat' dir='ltr'><strong>[ed.,</strong></span> <span class='ocrx_word' id='word_1_74' title='bbox 1290 1209 1702 1286; x_wconf 85' lang='lat' dir='ltr'><strong>Deo],quoniam</strong></span> <span class='ocrx_word' id='word_1_75' title='bbox 1728 1211 1891 1280; x_wconf 77' lang='lat' dir='ltr'><strong>conﬁ-</strong></span> 
     </span>
    </p>
   </div>
   <div class='ocr_carea' id='block_1_13' title="bbox 310 1301 1897 1371">
    <p class='ocr_par' dir='ltr' id='par_1_13' title="bbox 310 1301 1897 1371">
     <span class='ocr_line' id='line_1_13' title="bbox 310 1301 1897 1371; baseline -0.006 -4"><span class='ocrx_word' id='word_1_76' title='bbox 310 1313 453 1367; x_wconf 87' lang='lat' dir='ltr'><strong>tebor</strong></span> <span class='ocrx_word' id='word_1_77' title='bbox 478 1311 555 1365; x_wconf 85' lang='lat' dir='ltr'><strong>illi</strong></span> <span class='ocrx_word' id='word_1_78' title='bbox 585 1324 603 1363; x_wconf 91' lang='lat'><strong><em>:</em></strong></span> <span class='ocrx_word' id='word_1_79' title='bbox 631 1310 856 1362; x_wconf 84' lang='lat' dir='ltr'><strong>salutare</strong></span> <span class='ocrx_word' id='word_1_80' title='bbox 895 1306 1060 1359; x_wconf 74' lang='lat' dir='ltr'><strong>vultus</strong></span> <span class='ocrx_word' id='word_1_81' title='bbox 1089 1305 1188 1357; x_wconf 87' lang='lat' dir='ltr'><strong>mei</strong></span> <span class='ocrx_word' id='word_1_82' title='bbox 1212 1346 1228 1371; x_wconf 91' lang='lat'><strong>,</strong></span> <span class='ocrx_word' id='word_1_83' title='bbox 1262 1313 1305 1357; x_wconf 90' lang='lat' dir='ltr'><strong>et</strong></span> <span class='ocrx_word' id='word_1_84' title='bbox 1338 1301 1477 1357; x_wconf 89' lang='lat' dir='ltr'><strong>Deus</strong></span> <span class='ocrx_word' id='word_1_85' title='bbox 1516 1319 1680 1357; x_wconf 83' lang='lat' dir='ltr'><strong>meus.</strong></span> <span class='ocrx_word' id='word_1_86' title='bbox 1711 1301 1897 1358; x_wconf 82' lang='lat' dir='ltr'><strong>Memi-</strong></span> 
     </span>
    </p>
   </div>
   <div class='ocr_carea' id='block_1_14' title="bbox 312 1394 1892 1465">
    <p class='ocr_par' dir='ltr' id='par_1_14' title="bbox 312 1394 1892 1465">
     <span class='ocr_line' id='line_1_14' title="bbox 312 1394 1892 1465; baseline -0.009 -5"><span class='ocrx_word' id='word_1_87' title='bbox 312 1403 555 1460; x_wconf 90' lang='lat' dir='ltr'><strong>nerimus</strong></span> <span class='ocrx_word' id='word_1_88' title='bbox 587 1403 679 1455; x_wconf 87' lang='lat' dir='ltr'><strong>hos</strong></span> <span class='ocrx_word' id='word_1_89' title='bbox 701 1413 887 1453; x_wconf 87' lang='lat' dir='ltr'><strong>versus</strong></span> <span class='ocrx_word' id='word_1_90' title='bbox 908 1406 961 1451; x_wconf 92' lang='lat' dir='ltr'><strong>et</strong></span> <span class='ocrx_word' id='word_1_91' title='bbox 991 1398 1043 1451; x_wconf 90' lang='lat' dir='ltr'><strong>in</strong></span> <span class='ocrx_word' id='word_1_92' title='bbox 1072 1395 1280 1465; x_wconf 88' lang='lat' dir='ltr'><strong>psalmo</strong></span> <span class='ocrx_word' id='word_1_93' title='bbox 1310 1394 1586 1464; x_wconf 86' lang='lat' dir='ltr'><strong>superiore</strong></span> <span class='ocrx_word' id='word_1_94' title='bbox 1614 1394 1892 1465; x_wconf 89' lang='lat' dir='ltr'><strong>conscrip-</strong></span> 
     </span>
    </p>
   </div>
   <div class='ocr_carea' id='block_1_15' title="bbox 312 1484 1889 1561">
    <p class='ocr_par' dir='ltr' id='par_1_15' title="bbox 312 1484 1889 1561">
     <span class='ocr_line' id='line_1_15' title="bbox 312 1484 1889 1561; baseline -0.007 -11"><span class='ocrx_word' id='word_1_95' title='bbox 312 1504 421 1561; x_wconf 83' lang='lat' dir='ltr'><strong>tos,</strong></span> <span class='ocrx_word' id='word_1_96' title='bbox 457 1490 546 1546; x_wconf 87' lang='lat' dir='ltr'><strong>ubi</strong></span> <span class='ocrx_word' id='word_1_97' title='bbox 577 1488 1065 1560; x_wconf 85' lang='lat' dir='ltr'><strong>quinquepartitum</strong></span> <span class='ocrx_word' id='word_1_98' title='bbox 1092 1501 1214 1541; x_wconf 90' lang='lat' dir='ltr'><strong>esse</strong></span> <span class='ocrx_word' id='word_1_99' title='bbox 1236 1485 1468 1540; x_wconf 81' lang='lat' dir='ltr'><strong>diximus</strong></span> <span class='ocrx_word' id='word_1_100' title='bbox 1499 1484 1889 1558; x_wconf 82' lang='lat' dir='ltr'><strong>syllogismum.</strong></span> 
     </span>
    </p>
   </div>
   <div class='ocr_carea' id='block_1_16' title="bbox 312 1575 1895 1648">
    <p class='ocr_par' dir='ltr' id='par_1_16' title="bbox 312 1575 1895 1648">
     <span class='ocr_line' id='line_1_16' title="bbox 312 1575 1895 1648; baseline -0.006 -8"><span class='ocrx_word' id='word_1_101' title='bbox 312 1584 422 1640; x_wconf 89' lang='lat' dir='ltr'><strong>Sed</strong></span> <span class='ocrx_word' id='word_1_102' title='bbox 455 1580 901 1638; x_wconf 87' lang='lat' dir='ltr'><strong>considerandum</strong></span> <span class='ocrx_word' id='word_1_103' title='bbox 925 1586 1008 1633; x_wconf 89' lang='lat' dir='ltr'><strong>est</strong></span> <span class='ocrx_word' id='word_1_104' title='bbox 1037 1576 1178 1648; x_wconf 92' lang='lat' dir='ltr'><strong>quod</strong></span> <span class='ocrx_word' id='word_1_105' title='bbox 1206 1577 1362 1631; x_wconf 87' lang='lat' dir='ltr'><strong>istam</strong></span> <span class='ocrx_word' id='word_1_106' title='bbox 1412 1577 1677 1631; x_wconf 87' lang='lat' dir='ltr'><strong>tristitiam</strong></span> <span class='ocrx_word' id='word_1_107' title='bbox 1714 1575 1895 1631; x_wconf 77' lang='lat' dir='ltr'><strong>szeculi</strong></span> 
     </span>
    </p>
   </div>
   <div class='ocr_carea' id='block_1_17' title="bbox 316 1666 1894 1747">
    <p class='ocr_par' dir='ltr' id='par_1_17' title="bbox 316 1666 1894 1747">
     <span class='ocr_line' id='line_1_17' title="bbox 316 1666 1894 1747; baseline -0.008 -15"><span class='ocrx_word' id='word_1_108' title='bbox 316 1676 622 1747; x_wconf 82' lang='lat' dir='ltr'><strong>fugiendam</strong></span> <span class='ocrx_word' id='word_1_109' title='bbox 651 1682 702 1727; x_wconf 89' lang='lat' dir='ltr'><strong>et</strong></span> <span class='ocrx_word' id='word_1_110' title='bbox 732 1672 1042 1743; x_wconf 79' lang='lat' dir='ltr'><strong>frequenter</strong></span> <span class='ocrx_word' id='word_1_111' title='bbox 1070 1669 1354 1734; x_wconf 83' lang='lat' dir='ltr'><strong>admonet,</strong></span> <span class='ocrx_word' id='word_1_112' title='bbox 1386 1678 1439 1723; x_wconf 92' lang='lat' dir='ltr'><strong>et</strong></span> <span class='ocrx_word' id='word_1_113' title='bbox 1472 1666 1894 1724; x_wconf 87' lang='lat' dir='ltr'><strong>vehementissi-</strong></span> 
     </span>
    </p>
   </div>
   <div class='ocr_carea' id='block_1_18' title="bbox 318 1759 1929 1840">
    <p class='ocr_par' dir='ltr' id='par_1_18' title="bbox 318 1759 1929 1840">
     <span class='ocr_line' id='line_1_18' title="bbox 318 1759 1929 1840; baseline -0.01 -12"><span class='ocrx_word' id='word_1_114' title='bbox 318 1788 406 1828; x_wconf 88' lang='lat' dir='ltr'><strong>me</strong></span> <span class='ocrx_word' id='word_1_115' title='bbox 431 1771 746 1840; x_wconf 86' lang='lat' dir='ltr'><strong>persuadet;</strong></span> <span class='ocrx_word' id='word_1_116' title='bbox 794 1780 898 1821; x_wconf 90' lang='lat' dir='ltr'><strong>nec</strong></span> <span class='ocrx_word' id='word_1_117' title='bbox 949 1764 1221 1819; x_wconf 87' lang='lat' dir='ltr'><strong>immerito</strong></span> <span class='ocrx_word' id='word_1_118' title='bbox 1266 1761 1517 1831; x_wconf 90' lang='lat' dir='ltr'><strong>quoniam</strong></span> <span class='ocrx_word' id='word_1_119' title='bbox 1549 1761 1702 1815; x_wconf 87' lang='lat' dir='ltr'><strong>bonis</strong></span> <span class='ocrx_word' id='word_1_120' title='bbox 1732 1759 1893 1823; x_wconf 82' lang='lat' dir='ltr'><strong>rebus</strong></span> <span class='ocrx_word' id='word_1_121' title='bbox 1926 1830 1929 1833; x_wconf 11' lang='grc' dir='ltr'>δ</span> 
     </span>
    </p>
   </div>
   <div class='ocr_carea' id='block_1_19' title="bbox 1998 566 3575 642">
    <p class='ocr_par' dir='ltr' id='par_1_19' title="bbox 1998 566 3575 642">
     <span class='ocr_line' id='line_1_19' title="bbox 1998 566 3575 642; baseline 0.007 -23"><span class='ocrx_word' id='word_1_122' title='bbox 1998 566 2247 621; x_wconf 91' lang='lat' dir='ltr'><strong>inimicos</strong></span> <span class='ocrx_word' id='word_1_123' title='bbox 2278 581 2406 622; x_wconf 88' lang='lat' dir='ltr'><strong>suos</strong></span> <span class='ocrx_word' id='word_1_124' title='bbox 2434 566 2737 623; x_wconf 87' lang='lat' dir='ltr'><strong>habuerunt</strong></span> <span class='ocrx_word' id='word_1_125' title='bbox 2762 566 2898 638; x_wconf 89' lang='lat' dir='ltr'><strong>(Deo</strong></span> <span class='ocrx_word' id='word_1_126' title='bbox 2938 574 3253 642; x_wconf 59' lang='lat' dir='ltr'><strong>praestante)</strong></span> <span class='ocrx_word' id='word_1_127' title='bbox 3281 573 3575 642; x_wconf 90' lang='lat' dir='ltr'><strong>subjectos,</strong></span> 
     </span>
    </p>
   </div>
   <div class='ocr_carea' id='block_1_20' title="bbox 1995 656 3578 733">
    <p class='ocr_par' dir='ltr' id='par_1_20' title="bbox 1995 656 3578 733">
     <span class='ocr_line' id='line_1_20' title="bbox 1995 656 3578 733; baseline 0.006 -21"><span class='ocrx_word' id='word_1_128' title='bbox 1995 670 2057 712; x_wconf 90' lang='lat' dir='ltr'><strong>se</strong></span> <span class='ocrx_word' id='word_1_129' title='bbox 2088 671 2181 725; x_wconf 89' lang='lat' dir='ltr'><strong>per</strong></span> <span class='ocrx_word' id='word_1_130' title='bbox 2227 656 2576 725; x_wconf 82' lang='lat' dir='ltr'><strong>gravissimas</strong></span> <span class='ocrx_word' id='word_1_131' title='bbox 2633 658 2871 729; x_wconf 88' lang='lat' dir='ltr'><strong>martyrii</strong></span> <span class='ocrx_word' id='word_1_132' title='bbox 2908 675 3096 733; x_wconf 75' lang='lat' dir='ltr'><strong>pmoas</strong></span> <span class='ocrx_word' id='word_1_133' title='bbox 3146 662 3327 723; x_wconf 78' lang='lat' dir='ltr'><strong>divino</strong></span> <span class='ocrx_word' id='word_1_134' title='bbox 3357 681 3578 723; x_wconf 82' lang='lat' dir='ltr'><strong>munere</strong></span> 
     </span>
    </p>
   </div>
   <div class='ocr_carea' id='block_1_21' title="bbox 1994 748 3580 824">
    <p class='ocr_par' dir='ltr' id='par_1_21' title="bbox 1994 748 3580 824">
     <span class='ocr_line' id='line_1_21' title="bbox 1994 748 3580 824; baseline 0.008 -21"><span class='ocrx_word' id='word_1_135' title='bbox 1994 748 2334 819; x_wconf 89' lang='lat' dir='ltr'><strong>conquisisse</strong></span> <span class='ocrx_word' id='word_1_136' title='bbox 2362 751 2635 807; x_wconf 79' lang='lat' dir='ltr'><strong>victorias.</strong></span> <span class='ocrx_word' id='word_1_137' title='bbox 2662 750 2770 808; x_wconf 90' lang='lat' dir='ltr'><strong>Sed</strong></span> <span class='ocrx_word' id='word_1_138' title='bbox 2804 752 2887 807; x_wconf 86' lang='lat' dir='ltr'><strong>bic</strong></span> <span class='ocrx_word' id='word_1_139' title='bbox 2914 767 3048 824; x_wconf 82' lang='lat' dir='ltr'><strong>opus</strong></span> <span class='ocrx_word' id='word_1_140' title='bbox 3069 764 3152 811; x_wconf 87' lang='lat' dir='ltr'><strong>est</strong></span> <span class='ocrx_word' id='word_1_141' title='bbox 3172 755 3331 813; x_wconf 82' lang='lat' dir='ltr'><strong>altior</strong></span> <span class='ocrx_word' id='word_1_142' title='bbox 3346 758 3580 815; x_wconf 80' lang='lat' dir='ltr'><strong>intellec-</strong></span> 
     </span>
    </p>
   </div>
   <div class='ocr_carea' id='block_1_22' title="bbox 1999 840 3569 917">
    <p class='ocr_par' dir='ltr' id='par_1_22' title="bbox 1999 840 3569 917">
     <span class='ocr_line' id='line_1_22' title="bbox 1999 840 3569 917; baseline 0.011 -23"><span class='ocrx_word' id='word_1_143' title='bbox 1999 852 2099 908; x_wconf 87' lang='lat' dir='ltr'><strong>tus,</strong></span> <span class='ocrx_word' id='word_1_144' title='bbox 2129 850 2186 896; x_wconf 94' lang='lat' dir='ltr'><strong>ut</strong></span> <span class='ocrx_word' id='word_1_145' title='bbox 2215 840 2353 897; x_wconf 86' lang='lat' dir='ltr'><strong>facta</strong></span> <span class='ocrx_word' id='word_1_146' title='bbox 2386 842 2598 898; x_wconf 86' lang='lat' dir='ltr'><strong>Domini</strong></span> <span class='ocrx_word' id='word_1_147' title='bbox 2637 843 2703 899; x_wconf 90' lang='lat' dir='ltr'><strong>ad</strong></span> <span class='ocrx_word' id='word_1_148' title='bbox 2722 844 2965 917; x_wconf 79' lang='lat' dir='ltr'><strong>gloriosa</strong></span> <span class='ocrx_word' id='word_1_149' title='bbox 2992 848 3218 905; x_wconf 83' lang='lat' dir='ltr'><strong>consilia</strong></span> <span class='ocrx_word' id='word_1_150' title='bbox 3248 849 3569 911; x_wconf 77' lang='lat' dir='ltr'><strong>referamus.</strong></span> 
     </span>
    </p>
   </div>
   <div class='ocr_carea' id='block_1_23' title="bbox 1996 932 3577 1008">
    <p class='ocr_par' dir='ltr' id='par_1_23' title="bbox 1996 932 3577 1008">
     <span class='ocr_line' id='line_1_23' title="bbox 1996 932 3577 1008; baseline 0.006 -20"><span class='ocrx_word' id='word_1_151' title='bbox 1996 932 2177 989; x_wconf 91' lang='lat' dir='ltr'><strong>Primo</strong></span> <span class='ocrx_word' id='word_1_152' title='bbox 2226 933 2369 990; x_wconf 90' lang='lat' dir='ltr'><strong>enim</strong></span> <span class='ocrx_word' id='word_1_153' title='bbox 2402 935 2565 991; x_wconf 91' lang='lat' dir='ltr'><strong>maris</strong></span> <span class='ocrx_word' id='word_1_154' title='bbox 2610 934 2778 993; x_wconf 82' lang='lat' dir='ltr'><strong>Rubri</strong></span> <span class='ocrx_word' id='word_1_155' title='bbox 2812 937 3067 995; x_wconf 81' lang='lat' dir='ltr'><strong>miracula</strong></span> <span class='ocrx_word' id='word_1_156' title='bbox 3091 980 3107 1008; x_wconf 90' lang='lat'><strong>,</strong></span> <span class='ocrx_word' id='word_1_157' title='bbox 3139 946 3195 995; x_wconf 90' lang='lat' dir='ltr'><strong>et</strong></span> <span class='ocrx_word' id='word_1_158' title='bbox 3242 939 3577 999; x_wconf 65' lang='lat' dir='ltr'><strong>diversarum</strong></span> 
     </span>
    </p>
   </div>
   <div class='ocr_carea' id='block_1_24' title="bbox 1994 1025 3579 1099">
    <p class='ocr_par' dir='ltr' id='par_1_24' title="bbox 1994 1025 3579 1099">
     <span class='ocr_line' id='line_1_24' title="bbox 1994 1025 3579 1099; baseline 0.006 -20"><span class='ocrx_word' id='word_1_159' title='bbox 1994 1025 2233 1097; x_wconf 88' lang='lat' dir='ltr'><strong>gentium</strong></span> <span class='ocrx_word' id='word_1_160' title='bbox 2263 1025 2609 1081; x_wconf 78' lang='lat' dir='ltr'><strong>inelaborata:</strong></span> <span class='ocrx_word' id='word_1_161' title='bbox 2654 1027 2892 1082; x_wconf 61' lang='lat' dir='ltr'><strong>victoria:</strong></span> <span class='ocrx_word' id='word_1_162' title='bbox 2938 1030 3310 1099; x_wconf 87' lang='lat' dir='ltr'><strong>contigerunt;</strong></span> <span class='ocrx_word' id='word_1_163' title='bbox 3359 1040 3418 1085; x_wconf 91' lang='lat' dir='ltr'><strong>ut</strong></span> <span class='ocrx_word' id='word_1_164' title='bbox 3464 1040 3579 1089; x_wconf 88' lang='lat' dir='ltr'><strong>tam</strong></span> 
     </span>
    </p>
   </div>
   <div class='ocr_carea' id='block_1_25' title="bbox 1994 1115 3581 1199">
    <p class='ocr_par' dir='ltr' id='par_1_25' title="bbox 1994 1115 3581 1199">
     <span class='ocr_line' id='line_1_25' title="bbox 1994 1115 3581 1199; baseline 0.005 -28"><span class='ocrx_word' id='word_1_165' title='bbox 1994 1115 2205 1185; x_wconf 77' lang='lat' dir='ltr'><strong>insigne</strong></span> <span class='ocrx_word' id='word_1_166' title='bbox 2233 1118 2547 1199; x_wconf 86' lang='lat' dir='ltr'><strong>miraculum</strong></span> <span class='ocrx_word' id='word_1_167' title='bbox 2594 1117 2663 1173; x_wconf 90' lang='lat' dir='ltr'><strong>ad</strong></span> <span class='ocrx_word' id='word_1_168' title='bbox 2694 1117 3068 1176; x_wconf 80' lang='lat' dir='ltr'><strong>credulitatem</strong></span> <span class='ocrx_word' id='word_1_169' title='bbox 3100 1121 3298 1178; x_wconf 62' lang='lat' dir='ltr'><strong>divina</strong></span> <span class='ocrx_word' id='word_1_170' title='bbox 3326 1124 3581 1191; x_wconf 78' lang='lat' dir='ltr'><strong>potentia:</strong></span> 
     </span>
    </p>
   </div>
   <div class='ocr_carea' id='block_1_26' title="bbox 1996 1209 3581 1280">
    <p class='ocr_par' dir='ltr' id='par_1_26' title="bbox 1996 1209 3581 1280">
     <span class='ocr_line' id='line_1_26' title="bbox 1996 1209 3581 1280; baseline 0.005 -15"><span class='ocrx_word' id='word_1_171' title='bbox 1996 1209 2156 1266; x_wconf 83' lang='lat' dir='ltr'><strong>rudes</strong></span> <span class='ocrx_word' id='word_1_172' title='bbox 2186 1210 2412 1280; x_wconf 88' lang='lat' dir='ltr'><strong>populos</strong></span> <span class='ocrx_word' id='word_1_173' title='bbox 2458 1211 2725 1269; x_wconf 83' lang='lat' dir='ltr'><strong>invitaret.</strong></span> <span class='ocrx_word' id='word_1_174' title='bbox 2758 1211 2961 1267; x_wconf 87' lang='lat' dir='ltr'><strong>Deinde</strong></span> <span class='ocrx_word' id='word_1_175' title='bbox 2992 1213 3096 1269; x_wconf 88' lang='lat' dir='ltr'><strong>illis</strong></span> <span class='ocrx_word' id='word_1_176' title='bbox 3140 1222 3282 1271; x_wconf 86' lang='lat' dir='ltr'><strong>terra</strong></span> <span class='ocrx_word' id='word_1_177' title='bbox 3326 1212 3581 1273; x_wconf 85' lang='lat' dir='ltr'><strong>Chanaan</strong></span> 
     </span>
    </p>
   </div>
   <div class='ocr_carea' id='block_1_27' title="bbox 1994 1301 3577 1375">
    <p class='ocr_par' dir='ltr' id='par_1_27' title="bbox 1994 1301 3577 1375">
     <span class='ocr_line' id='line_1_27' title="bbox 1994 1301 3577 1375; baseline 0.006 -20"><span class='ocrx_word' id='word_1_178' title='bbox 1994 1301 2264 1372; x_wconf 89' lang='lat' dir='ltr'><strong>promissa</strong></span> <span class='ocrx_word' id='word_1_179' title='bbox 2295 1311 2396 1367; x_wconf 91' lang='lat' dir='ltr'><strong>est,</strong></span> <span class='ocrx_word' id='word_1_180' title='bbox 2420 1302 2510 1372; x_wconf 91' lang='lat' dir='ltr'><strong>qui</strong></span> <span class='ocrx_word' id='word_1_181' title='bbox 2540 1310 2694 1358; x_wconf 84' lang='lat' dir='ltr'><strong>erant</strong></span> <span class='ocrx_word' id='word_1_182' title='bbox 2721 1301 2906 1374; x_wconf 88' lang='lat' dir='ltr'><strong>utique</strong></span> <span class='ocrx_word' id='word_1_183' title='bbox 2928 1303 3027 1359; x_wconf 89' lang='lat' dir='ltr'><strong>sub</strong></span> <span class='ocrx_word' id='word_1_184' title='bbox 3054 1303 3194 1375; x_wconf 88' lang='lat' dir='ltr'><strong>lege.</strong></span> <span class='ocrx_word' id='word_1_185' title='bbox 3214 1304 3369 1365; x_wconf 78' lang='lat' dir='ltr'><strong>Nunc</strong></span> <span class='ocrx_word' id='word_1_186' title='bbox 3397 1316 3577 1364; x_wconf 88' lang='lat' dir='ltr'><strong>autem</strong></span> 
     </span>
    </p>
   </div>
   <div class='ocr_carea' id='block_1_28' title="bbox 1997 1395 3579 1469">
    <p class='ocr_par' dir='ltr' id='par_1_28' title="bbox 1997 1395 3579 1469">
     <span class='ocr_line' id='line_1_28' title="bbox 1997 1395 3579 1469; baseline 0.004 -20"><span class='ocrx_word' id='word_1_187' title='bbox 1997 1405 2272 1451; x_wconf 87' lang='lat' dir='ltr'><strong>crescente</strong></span> <span class='ocrx_word' id='word_1_188' title='bbox 2302 1395 2406 1451; x_wconf 89' lang='lat' dir='ltr'><strong>lide</strong></span> <span class='ocrx_word' id='word_1_189' title='bbox 2435 1397 2760 1469; x_wconf 84' lang='lat' dir='ltr'><strong>martyribus</strong></span> <span class='ocrx_word' id='word_1_190' title='bbox 2788 1398 3119 1468; x_wconf 80' lang='lat' dir='ltr'><strong>prosperitas</strong></span> <span class='ocrx_word' id='word_1_191' title='bbox 3146 1398 3419 1457; x_wconf 89' lang='lat' dir='ltr'><strong>mundana</strong></span> <span class='ocrx_word' id='word_1_192' title='bbox 3450 1402 3579 1457; x_wconf 80' lang='lat' dir='ltr'><strong>sub-</strong></span> 
     </span>
    </p>
   </div>
   <div class='ocr_carea' id='block_1_29' title="bbox 1998 1490 3578 1562">
    <p class='ocr_par' dir='ltr' id='par_1_29' title="bbox 1998 1490 3578 1562">
     <span class='ocr_line' id='line_1_29' title="bbox 1998 1490 3578 1562; baseline 0.006 -21"><span class='ocrx_word' id='word_1_193' title='bbox 1998 1495 2164 1541; x_wconf 83' lang='lat' dir='ltr'><strong>tracta</strong></span> <span class='ocrx_word' id='word_1_194' title='bbox 2191 1496 2312 1541; x_wconf 88' lang='lat' dir='ltr'><strong>est:</strong></span> <span class='ocrx_word' id='word_1_195' title='bbox 2351 1504 2417 1543; x_wconf 90' lang='lat' dir='ltr'><strong>ne</strong></span> <span class='ocrx_word' id='word_1_196' title='bbox 2458 1490 2668 1543; x_wconf 80' lang='lat' dir='ltr'><strong>venturi</strong></span> <span class='ocrx_word' id='word_1_197' title='bbox 2715 1491 2895 1544; x_wconf 69' lang='lat' dir='ltr'><strong>satculi</strong></span> <span class='ocrx_word' id='word_1_198' title='bbox 2940 1492 3081 1547; x_wconf 86' lang='lat' dir='ltr'><strong>bona</strong></span> <span class='ocrx_word' id='word_1_199' title='bbox 3134 1491 3364 1562; x_wconf 84' lang='lat' dir='ltr'><strong>tepidius</strong></span> <span class='ocrx_word' id='word_1_200' title='bbox 3410 1494 3578 1550; x_wconf 82' lang='lat' dir='ltr'><strong>imbe-</strong></span> 
     </span>
    </p>
   </div>
   <div class='ocr_carea' id='block_1_30' title="bbox 1999 1578 3578 1656">
    <p class='ocr_par' dir='ltr' id='par_1_30' title="bbox 1999 1578 3578 1656">
     <span class='ocr_line' id='line_1_30' title="bbox 1999 1578 3578 1656; baseline 0.007 -25"><span class='ocrx_word' id='word_1_201' title='bbox 1999 1578 2193 1633; x_wconf 89' lang='lat' dir='ltr'><strong>cillitas</strong></span> <span class='ocrx_word' id='word_1_202' title='bbox 2220 1580 2448 1635; x_wconf 89' lang='lat' dir='ltr'><strong>humana</strong></span> <span class='ocrx_word' id='word_1_203' title='bbox 2481 1581 2834 1651; x_wconf 89' lang='lat' dir='ltr'><strong>perquireret.</strong></span> <span class='ocrx_word' id='word_1_204' title='bbox 2864 1579 2987 1637; x_wconf 81' lang='lat' dir='ltr'><strong>Istis</strong></span> <span class='ocrx_word' id='word_1_205' title='bbox 3021 1583 3165 1638; x_wconf 87' lang='lat' dir='ltr'><strong>enim</strong></span> <span class='ocrx_word' id='word_1_206' title='bbox 3189 1584 3432 1641; x_wconf 64' lang='lat' dir='ltr'><strong>celestis</strong></span> <span class='ocrx_word' id='word_1_207' title='bbox 3459 1600 3578 1656; x_wconf 84' lang='lat' dir='ltr'><strong>reg-</strong></span> 
     </span>
    </p>
   </div>
   <div class='ocr_carea' id='block_1_31' title="bbox 1998 1671 3578 1742">
    <p class='ocr_par' dir='ltr' id='par_1_31' title="bbox 1998 1671 3578 1742">
     <span class='ocr_line' id='line_1_31' title="bbox 1998 1671 3578 1742; baseline 0.003 -19"><span class='ocrx_word' id='word_1_208' title='bbox 1998 1684 2065 1723; x_wconf 89' lang='lat' dir='ltr'><strong>na</strong></span> <span class='ocrx_word' id='word_1_209' title='bbox 2096 1671 2360 1738; x_wconf 90' lang='lat' dir='ltr'><strong>promissa</strong></span> <span class='ocrx_word' id='word_1_210' title='bbox 2412 1680 2556 1737; x_wconf 82' lang='lat' dir='ltr'><strong>sunt,</strong></span> <span class='ocrx_word' id='word_1_211' title='bbox 2589 1671 2678 1741; x_wconf 89' lang='lat' dir='ltr'><strong>qui</strong></span> <span class='ocrx_word' id='word_1_212' title='bbox 2730 1671 2831 1727; x_wconf 92' lang='lat' dir='ltr'><strong>sub</strong></span> <span class='ocrx_word' id='word_1_213' title='bbox 2888 1672 3059 1742; x_wconf 87' lang='lat' dir='ltr'><strong>gratia</strong></span> <span class='ocrx_word' id='word_1_214' title='bbox 3101 1686 3222 1729; x_wconf 89' lang='lat' dir='ltr'><strong>esse</strong></span> <span class='ocrx_word' id='word_1_215' title='bbox 3267 1686 3578 1730; x_wconf 90' lang='lat' dir='ltr'><strong>noscuntur.</strong></span> 
     </span>
    </p>
   </div>
   <div class='ocr_carea' id='block_1_32' title="bbox 2000 1761 3581 1837">
    <p class='ocr_par' dir='ltr' id='par_1_32' title="bbox 2000 1761 3581 1837">
     <span class='ocr_line' id='line_1_32' title="bbox 2000 1761 3581 1837; baseline 0.005 -22"><span class='ocrx_word' id='word_1_216' title='bbox 2000 1761 2335 1831; x_wconf 84' lang='lat' dir='ltr'><strong>Quapropter</strong></span> <span class='ocrx_word' id='word_1_217' title='bbox 2362 1762 2464 1818; x_wconf 91' lang='lat' dir='ltr'><strong>iste</strong></span> <span class='ocrx_word' id='word_1_218' title='bbox 2488 1763 2769 1817; x_wconf 79' lang='lat' dir='ltr'><strong>intellectu;</strong></span> <span class='ocrx_word' id='word_1_219' title='bbox 2798 1763 3117 1834; x_wconf 68' lang='lat' dir='ltr'><strong>quaerendus</strong></span> <span class='ocrx_word' id='word_1_220' title='bbox 3138 1772 3247 1834; x_wconf 86' lang='lat' dir='ltr'><strong>est,</strong></span> <span class='ocrx_word' id='word_1_221' title='bbox 3282 1766 3386 1821; x_wconf 89' lang='lat' dir='ltr'><strong>ista</strong></span> <span class='ocrx_word' id='word_1_222' title='bbox 3408 1766 3581 1837; x_wconf 84' lang='lat' dir='ltr'><strong>gratia</strong></span> 
     </span>
    </p>
   </div>
   <div class='ocr_carea' id='block_1_33' title="bbox 315 1847 3584 1935">
    <p class='ocr_par' dir='ltr' id='par_1_33' title="bbox 315 1847 3584 1935">
     <span class='ocr_line' id='line_1_33' title="bbox 315 1847 3584 1935; baseline -0.002 -14"><span class='ocrx_word' id='word_1_223' title='bbox 315 1880 531 1935; x_wconf 88' lang='lat' dir='ltr'><strong>semper</strong></span> <span class='ocrx_word' id='word_1_224' title='bbox 561 1862 783 1918; x_wconf 88' lang='lat' dir='ltr'><strong>adversa</strong></span> <span class='ocrx_word' id='word_1_225' title='bbox 810 1868 912 1915; x_wconf 91' lang='lat' dir='ltr'><strong>est.</strong></span> <span class='ocrx_word' id='word_1_226' title='bbox 948 1859 1048 1914; x_wconf 87' lang='lat' dir='ltr'><strong>Per</strong></span> <span class='ocrx_word' id='word_1_227' title='bbox 1081 1856 1216 1911; x_wconf 89' lang='lat' dir='ltr'><strong>hanc</strong></span> <span class='ocrx_word' id='word_1_228' title='bbox 1246 1856 1389 1911; x_wconf 92' lang='lat' dir='ltr'><strong>enim</strong></span> <span class='ocrx_word' id='word_1_229' title='bbox 1428 1855 1695 1925; x_wconf 76' lang='lat' dir='ltr'><strong>patientiae</strong></span> <span class='ocrx_word' id='word_1_230' title='bbox 1724 1854 1895 1910; x_wconf 86' lang='lat' dir='ltr'><strong>robur</strong></span> <span class='ocrx_word' id='word_1_231' title='bbox 1921 1847 1973 1909; x_wconf 88' lang='lat' dir='ltr'><strong>B</strong></span> <span class='ocrx_word' id='word_1_232' title='bbox 1998 1856 2332 1921; x_wconf 89' lang='lat' dir='ltr'><strong>contuenda;</strong></span> <span class='ocrx_word' id='word_1_233' title='bbox 2389 1856 2642 1924; x_wconf 88' lang='lat' dir='ltr'><strong>quoniam</strong></span> <span class='ocrx_word' id='word_1_234' title='bbox 2689 1870 2809 1927; x_wconf 70' lang='lat' dir='ltr'><strong>quae</strong></span> <span class='ocrx_word' id='word_1_235' title='bbox 2861 1870 3003 1911; x_wconf 88' lang='lat' dir='ltr'><strong>nunc</strong></span> <span class='ocrx_word' id='word_1_236' title='bbox 3052 1854 3187 1917; x_wconf 83' lang='lat' dir='ltr'><strong>fiunt</strong></span> <span class='ocrx_word' id='word_1_237' title='bbox 3226 1855 3301 1911; x_wconf 85' lang='lat' dir='ltr'><strong>ab</strong></span> <span class='ocrx_word' id='word_1_238' title='bbox 3351 1856 3584 1913; x_wconf 81' lang='lat' dir='ltr'><strong>Auctore</strong></span> 
     </span>
    </p>
   </div>
   <div class='ocr_carea' id='block_1_34' title="bbox 316 1947 1891 2026">
    <p class='ocr_par' dir='ltr' id='par_1_34' title="bbox 316 1947 1891 2026">
     <span class='ocr_line' id='line_1_34' title="bbox 316 1947 1891 2026; baseline -0.006 -15"><span class='ocrx_word' id='word_1_239' title='bbox 316 1956 607 2026; x_wconf 77' lang='lat' dir='ltr'><strong>frangitur,</strong></span> <span class='ocrx_word' id='word_1_240' title='bbox 650 1968 745 2025; x_wconf 91' lang='lat' dir='ltr'><strong>per</strong></span> <span class='ocrx_word' id='word_1_241' title='bbox 781 1953 919 2007; x_wconf 90' lang='lat' dir='ltr'><strong>hanc</strong></span> <span class='ocrx_word' id='word_1_242' title='bbox 959 1950 1235 2005; x_wconf 87' lang='lat' dir='ltr'><strong>cbaritatis</strong></span> <span class='ocrx_word' id='word_1_243' title='bbox 1283 1950 1461 2004; x_wconf 90' lang='lat' dir='ltr'><strong>lumen</strong></span> <span class='ocrx_word' id='word_1_244' title='bbox 1501 1947 1891 2018; x_wconf 75' lang='lat' dir='ltr'><strong>exstinguitur,</strong></span> 
     </span>
    </p>
   </div>
   <div class='ocr_carea' id='block_1_35' title="bbox 316 2040 1894 2119">
    <p class='ocr_par' dir='ltr' id='par_1_35' title="bbox 316 2040 1894 2119">
     <span class='ocr_line' id='line_1_35' title="bbox 316 2040 1894 2119; baseline -0.004 -18"><span class='ocrx_word' id='word_1_245' title='bbox 316 2063 413 2119; x_wconf 90' lang='lat' dir='ltr'><strong>per</strong></span> <span class='ocrx_word' id='word_1_246' title='bbox 446 2048 583 2101; x_wconf 90' lang='lat' dir='ltr'><strong>hanc</strong></span> <span class='ocrx_word' id='word_1_247' title='bbox 614 2046 727 2115; x_wconf 89' lang='lat' dir='ltr'><strong>spei</strong></span> <span class='ocrx_word' id='word_1_248' title='bbox 756 2050 952 2099; x_wconf 65' lang='lat' dir='ltr'><strong>nostrae</strong></span> <span class='ocrx_word' id='word_1_249' title='bbox 997 2040 1324 2097; x_wconf 88' lang='lat' dir='ltr'><strong>desiderium</strong></span> <span class='ocrx_word' id='word_1_250' title='bbox 1364 2042 1643 2112; x_wconf 89' lang='lat' dir='ltr'><strong>virtusque</strong></span> <span class='ocrx_word' id='word_1_251' title='bbox 1675 2040 1894 2095; x_wconf 88' lang='lat' dir='ltr'><strong>molles-</strong></span> 
     </span>
    </p>
   </div>
   <div class='ocr_carea' id='block_1_36' title="bbox 317 2130 1899 2203">
    <p class='ocr_par' dir='ltr' id='par_1_36' title="bbox 317 2130 1899 2203">
     <span class='ocr_line' id='line_1_36' title="bbox 317 2130 1899 2203; baseline -0.004 -10"><span class='ocrx_word' id='word_1_252' title='bbox 317 2139 416 2201; x_wconf 89' lang='lat' dir='ltr'><strong>cit;</strong></span> <span class='ocrx_word' id='word_1_253' title='bbox 449 2147 502 2193; x_wconf 91' lang='lat' dir='ltr'><strong>et</strong></span> <span class='ocrx_word' id='word_1_254' title='bbox 530 2136 703 2190; x_wconf 91' lang='lat' dir='ltr'><strong>omnis</strong></span> <span class='ocrx_word' id='word_1_255' title='bbox 733 2135 837 2189; x_wconf 90' lang='lat' dir='ltr'><strong>vita</strong></span> <span class='ocrx_word' id='word_1_256' title='bbox 867 2133 1230 2201; x_wconf 83' lang='lat' dir='ltr'><strong>confunditur,</strong></span> <span class='ocrx_word' id='word_1_257' title='bbox 1254 2130 1345 2186; x_wconf 90' lang='lat' dir='ltr'><strong>ubi</strong></span> <span class='ocrx_word' id='word_1_258' title='bbox 1374 2131 1487 2186; x_wconf 75' lang='lat' dir='ltr'><strong>hzec</strong></span> <span class='ocrx_word' id='word_1_259' title='bbox 1512 2131 1763 2203; x_wconf 87' lang='lat' dir='ltr'><strong>iniquitas</strong></span> <span class='ocrx_word' id='word_1_260' title='bbox 1783 2146 1899 2186; x_wconf 89' lang='lat' dir='ltr'><strong>ma-</strong></span> 
     </span>
    </p>
   </div>
   <div class='ocr_carea' id='block_1_37' title="bbox 318 2224 1897 2303">
    <p class='ocr_par' dir='ltr' id='par_1_37' title="bbox 318 2224 1897 2303">
     <span class='ocr_line' id='line_1_37' title="bbox 318 2224 1897 2303; baseline -0.004 -18"><span class='ocrx_word' id='word_1_261' title='bbox 318 2231 459 2303; x_wconf 84' lang='lat' dir='ltr'><strong>ligna</strong></span> <span class='ocrx_word' id='word_1_262' title='bbox 500 2240 795 2300; x_wconf 80' lang='lat' dir='ltr'><strong>grassatur.</strong></span> <span class='ocrx_word' id='word_1_263' title='bbox 838 2227 931 2282; x_wconf 90' lang='lat' dir='ltr'><strong>llla</strong></span> <span class='ocrx_word' id='word_1_264' title='bbox 972 2241 1099 2281; x_wconf 77' lang='lat' dir='ltr'><strong>vero</strong></span> <span class='ocrx_word' id='word_1_265' title='bbox 1133 2226 1345 2280; x_wconf 90' lang='lat' dir='ltr'><strong>tristitia</strong></span> <span class='ocrx_word' id='word_1_266' title='bbox 1388 2224 1603 2293; x_wconf 89' lang='lat' dir='ltr'><strong>vitalis,</strong></span> <span class='ocrx_word' id='word_1_267' title='bbox 1638 2227 1897 2280; x_wconf 87' lang='lat' dir='ltr'><strong>bonarum</strong></span> 
     </span>
    </p>
   </div>
   <div class='ocr_carea' id='block_1_38' title="bbox 319 2317 1901 2389">
    <p class='ocr_par' dir='ltr' id='par_1_38' title="bbox 319 2317 1901 2389">
     <span class='ocr_line' id='line_1_38' title="bbox 319 2317 1901 2389; baseline -0.005 -10"><span class='ocrx_word' id='word_1_268' title='bbox 319 2323 579 2380; x_wconf 87' lang='lat' dir='ltr'><strong>mentium</strong></span> <span class='ocrx_word' id='word_1_269' title='bbox 622 2334 762 2389; x_wconf 81' lang='lat' dir='ltr'><strong>pas,</strong></span> <span class='ocrx_word' id='word_1_270' title='bbox 804 2319 930 2388; x_wconf 81' lang='lat' dir='ltr'><strong>juge</strong></span> <span class='ocrx_word' id='word_1_271' title='bbox 971 2317 1258 2389; x_wconf 83' lang='lat' dir='ltr'><strong>gaudium,</strong></span> <span class='ocrx_word' id='word_1_272' title='bbox 1316 2317 1595 2372; x_wconf 88' lang='lat' dir='ltr'><strong>beatorum</strong></span> <span class='ocrx_word' id='word_1_273' title='bbox 1637 2318 1775 2373; x_wconf 78' lang='lat' dir='ltr'><strong>v0tis</strong></span> <span class='ocrx_word' id='word_1_274' title='bbox 1817 2326 1901 2372; x_wconf 90' lang='lat' dir='ltr'><strong>est</strong></span> 
     </span>
    </p>
   </div>
   <div class='ocr_carea' id='block_1_39' title="bbox 321 2405 1898 2481">
    <p class='ocr_par' dir='ltr' id='par_1_39' title="bbox 321 2405 1898 2481">
     <span class='ocr_line' id='line_1_39' title="bbox 321 2405 1898 2481; baseline -0.003 -13"><span class='ocrx_word' id='word_1_275' title='bbox 321 2413 571 2468; x_wconf 77' lang='lat' dir='ltr'><strong>maximis</strong></span> <span class='ocrx_word' id='word_1_276' title='bbox 600 2411 898 2481; x_wconf 77' lang='lat' dir='ltr'><strong>expetenda</strong></span> <span class='ocrx_word' id='word_1_277' title='bbox 928 2427 942 2477; x_wconf 89' lang='lat'><strong>;</strong></span> <span class='ocrx_word' id='word_1_278' title='bbox 995 2408 1062 2463; x_wconf 91' lang='lat' dir='ltr'><strong>de</strong></span> <span class='ocrx_word' id='word_1_279' title='bbox 1090 2424 1189 2479; x_wconf 88' lang='lat' dir='ltr'><strong>qua</strong></span> <span class='ocrx_word' id='word_1_280' title='bbox 1220 2408 1348 2463; x_wconf 90' lang='lat' dir='ltr'><strong>dicit</strong></span> <span class='ocrx_word' id='word_1_281' title='bbox 1390 2410 1675 2479; x_wconf 80' lang='lat' dir='ltr'><strong>Apostolus</strong></span> <span class='ocrx_word' id='word_1_282' title='bbox 1709 2426 1722 2462; x_wconf 87' lang='lat'><strong>:</strong></span> <span class='ocrx_word' id='word_1_283' title='bbox 1768 2405 1898 2463; x_wconf 87' lang='lat' dir='ltr'><strong>Fra-</strong></span> 
     </span>
    </p>
   </div>
   <div class='ocr_carea' id='block_1_40' title="bbox 320 2501 1900 2578">
    <p class='ocr_par' dir='ltr' id='par_1_40' title="bbox 320 2501 1900 2578">
     <span class='ocr_line' id='line_1_40' title="bbox 320 2501 1900 2578; baseline -0.003 -19"><span class='ocrx_word' id='word_1_284' title='bbox 320 2515 444 2573; x_wconf 83' lang='lat' dir='ltr'><strong>tres,</strong></span> <span class='ocrx_word' id='word_1_285' title='bbox 477 2506 697 2578; x_wconf 82' lang='lat' dir='ltr'><strong>gaudeo,</strong></span> <span class='ocrx_word' id='word_1_286' title='bbox 725 2519 825 2556; x_wconf 86' lang='lat' dir='ltr'><strong>non</strong></span> <span class='ocrx_word' id='word_1_287' title='bbox 853 2505 972 2573; x_wconf 85' lang='lat' dir='ltr'><strong>quia</strong></span> <span class='ocrx_word' id='word_1_288' title='bbox 1002 2503 1288 2555; x_wconf 83' lang='lat' dir='ltr'><strong>contristati</strong></span> <span class='ocrx_word' id='word_1_289' title='bbox 1317 2503 1435 2555; x_wconf 80' lang='lat' dir='ltr'><strong>estis</strong></span> <span class='ocrx_word' id='word_1_290' title='bbox 1457 2543 1472 2568; x_wconf 95' lang='lat'><strong>,</strong></span> <span class='ocrx_word' id='word_1_291' title='bbox 1511 2501 1599 2555; x_wconf 85' lang='lat' dir='ltr'><strong>sed</strong></span> <span class='ocrx_word' id='word_1_292' title='bbox 1628 2503 1746 2570; x_wconf 83' lang='lat' dir='ltr'><strong>quia</strong></span> <span class='ocrx_word' id='word_1_293' title='bbox 1775 2518 1900 2556; x_wconf 86' lang='lat' dir='ltr'><strong>con-</strong></span> 
     </span>
    </p>
   </div>
   <div class='ocr_carea' id='block_1_41' title="bbox 318 2595 1901 2667">
    <p class='ocr_par' dir='ltr' id='par_1_41' title="bbox 318 2595 1901 2667">
     <span class='ocr_line' id='line_1_41' title="bbox 318 2595 1901 2667; baseline -0.002 -16"><span class='ocrx_word' id='word_1_294' title='bbox 318 2599 509 2652; x_wconf 88' lang='lat' dir='ltr'><strong>tristati</strong></span> <span class='ocrx_word' id='word_1_295' title='bbox 541 2598 659 2650; x_wconf 86' lang='lat' dir='ltr'><strong>estis</strong></span> <span class='ocrx_word' id='word_1_296' title='bbox 689 2597 754 2648; x_wconf 83' lang='lat' dir='ltr'><strong>ad</strong></span> <span class='ocrx_word' id='word_1_297' title='bbox 779 2595 1128 2667; x_wconf 72' lang='lat' dir='ltr'><strong>pcenitentiam</strong></span> <span class='ocrx_word' id='word_1_298' title='bbox 1157 2609 1174 2646; x_wconf 91' lang='lat'><strong><em>:</em></strong></span> <span class='ocrx_word' id='word_1_299' title='bbox 1205 2595 1493 2647; x_wconf 82' lang='lat' dir='ltr'><strong>contristati</strong></span> <span class='ocrx_word' id='word_1_300' title='bbox 1514 2596 1647 2647; x_wconf 86' lang='lat' dir='ltr'><strong>enim</strong></span> <span class='ocrx_word' id='word_1_301' title='bbox 1678 2595 1795 2648; x_wconf 81' lang='lat' dir='ltr'><strong>estis</strong></span> <span class='ocrx_word' id='word_1_302' title='bbox 1821 2610 1901 2648; x_wconf 84' lang='lat' dir='ltr'><strong>se-</strong></span> 
     </span>
    </p>
   </div>
   <div class='ocr_carea' id='block_1_42' title="bbox 316 2682 1897 2755">
    <p class='ocr_par' dir='ltr' id='par_1_42' title="bbox 316 2682 1897 2755">
     <span class='ocr_line' id='line_1_42' title="bbox 316 2682 1897 2755; baseline -0.004 -13"><span class='ocrx_word' id='word_1_303' title='bbox 316 2690 548 2742; x_wconf 83' lang='lat' dir='ltr'><strong>cundum</strong></span> <span class='ocrx_word' id='word_1_304' title='bbox 580 2687 742 2740; x_wconf 89' lang='lat' dir='ltr'><strong>Deum</strong></span> <span class='ocrx_word' id='word_1_305' title='bbox 779 2684 861 2755; x_wconf 79' lang='lat' dir='ltr'><strong>(Il</strong></span> <span class='ocrx_word' id='word_1_306' title='bbox 888 2685 1009 2739; x_wconf 80' lang='lat' dir='ltr'><strong>Cor.</strong></span> <span class='ocrx_word' id='word_1_307' title='bbox 1036 2699 1126 2749; x_wconf 90' lang='lat' dir='ltr'><strong>vtt,</strong></span> <span class='ocrx_word' id='word_1_308' title='bbox 1145 2682 1224 2753; x_wconf 85' lang='lat'><strong>9).</strong></span> <span class='ocrx_word' id='word_1_309' title='bbox 1254 2683 1427 2738; x_wconf 89' lang='lat' dir='ltr'><strong>Unum</strong></span> <span class='ocrx_word' id='word_1_310' title='bbox 1452 2683 1662 2751; x_wconf 88' lang='lat' dir='ltr'><strong>quidem</strong></span> <span class='ocrx_word' id='word_1_311' title='bbox 1681 2698 1897 2748; x_wconf 88' lang='lat' dir='ltr'><strong>nomen,</strong></span> 
     </span>
    </p>
   </div>
   <div class='ocr_carea' id='block_1_43' title="bbox 315 2774 1902 2843">
    <p class='ocr_par' dir='ltr' id='par_1_43' title="bbox 315 2774 1902 2843">
     <span class='ocr_line' id='line_1_43' title="bbox 315 2774 1902 2843; baseline -0.006 -6"><span class='ocrx_word' id='word_1_312' title='bbox 315 2782 419 2837; x_wconf 88' lang='lat' dir='ltr'><strong>sed</strong></span> <span class='ocrx_word' id='word_1_313' title='bbox 449 2796 626 2837; x_wconf 91' lang='lat' dir='ltr'><strong>rerum</strong></span> <span class='ocrx_word' id='word_1_314' title='bbox 659 2780 869 2836; x_wconf 86' lang='lat' dir='ltr'><strong>diversa</strong></span> <span class='ocrx_word' id='word_1_315' title='bbox 900 2777 1161 2843; x_wconf 89' lang='lat' dir='ltr'><strong>conditio;</strong></span> <span class='ocrx_word' id='word_1_316' title='bbox 1194 2792 1317 2829; x_wconf 91' lang='lat' dir='ltr'><strong>nam</strong></span> <span class='ocrx_word' id='word_1_317' title='bbox 1348 2777 1483 2829; x_wconf 87' lang='lat' dir='ltr'><strong>sicut</strong></span> <span class='ocrx_word' id='word_1_318' title='bbox 1528 2775 1617 2829; x_wconf 90' lang='lat' dir='ltr'><strong>illa</strong></span> <span class='ocrx_word' id='word_1_319' title='bbox 1648 2776 1813 2829; x_wconf 91' lang='lat' dir='ltr'><strong>nutrit</strong></span> <span class='ocrx_word' id='word_1_320' title='bbox 1836 2774 1902 2828; x_wconf 88' lang='lat' dir='ltr'><strong>ad</strong></span> 
     </span>
    </p>
   </div>
   <div class='ocr_carea' id='block_1_44' title="bbox 316 2868 1899 2940">
    <p class='ocr_par' dir='ltr' id='par_1_44' title="bbox 316 2868 1899 2940">
     <span class='ocr_line' id='line_1_44' title="bbox 316 2868 1899 2940; baseline -0.005 -10"><span class='ocrx_word' id='word_1_321' title='bbox 316 2883 587 2939; x_wconf 87' lang='lat' dir='ltr'><strong>mortem,</strong></span> <span class='ocrx_word' id='word_1_322' title='bbox 616 2874 695 2927; x_wconf 91' lang='lat' dir='ltr'><strong>sic</strong></span> <span class='ocrx_word' id='word_1_323' title='bbox 733 2872 829 2927; x_wconf 89' lang='lat' dir='ltr'><strong>ista</strong></span> <span class='ocrx_word' id='word_1_324' title='bbox 860 2870 1044 2940; x_wconf 82' lang='lat' dir='ltr'><strong>dirigit</strong></span> <span class='ocrx_word' id='word_1_325' title='bbox 1090 2869 1156 2923; x_wconf 90' lang='lat' dir='ltr'><strong>ad</strong></span> <span class='ocrx_word' id='word_1_326' title='bbox 1208 2878 1519 2939; x_wconf 87' lang='lat' dir='ltr'><strong>perpetuam</strong></span> <span class='ocrx_word' id='word_1_327' title='bbox 1560 2868 1899 2938; x_wconf 83' lang='lat' dir='ltr'><strong>sospitatem.</strong></span> 
     </span>
    </p>
   </div>
   <div class='ocr_carea' id='block_1_45' title="bbox 858 2982 1364 3053">
    <p class='ocr_par' dir='ltr' id='par_1_45' title="bbox 858 2982 1364 3053">
     <span class='ocr_line' id='line_1_45' title="bbox 858 2982 1364 3053; baseline -0.006 -16"><span class='ocrx_word' id='word_1_328' title='bbox 858 2982 1128 3037; x_wconf 79' lang='lat' dir='ltr'><strong>Conclusio</strong></span> <span class='ocrx_word' id='word_1_329' title='bbox 1154 2983 1364 3053; x_wconf 86' lang='lat' dir='ltr'><strong>psalmi.</strong></span> 
     </span>
    </p>
   </div>
   <div class='ocr_carea' id='block_1_46' title="bbox 400 3092 1903 3167">
    <p class='ocr_par' dir='ltr' id='par_1_46' title="bbox 400 3092 1903 3167">
     <span class='ocr_line' id='line_1_46' title="bbox 400 3092 1903 3167; baseline -0.006 -12"><span class='ocrx_word' id='word_1_330' title='bbox 400 3098 458 3155; x_wconf 88' lang='lat' dir='ltr'><strong>In</strong></span> <span class='ocrx_word' id='word_1_331' title='bbox 485 3096 855 3167; x_wconf 83' lang='lat' dir='ltr'><strong>superioribus</strong></span> <span class='ocrx_word' id='word_1_332' title='bbox 883 3094 1111 3164; x_wconf 82' lang='lat' dir='ltr'><strong>psalmis</strong></span> <span class='ocrx_word' id='word_1_333' title='bbox 1142 3103 1361 3163; x_wconf 88' lang='lat' dir='ltr'><strong>propter</strong></span> <span class='ocrx_word' id='word_1_334' title='bbox 1406 3092 1764 3162; x_wconf 80' lang='lat' dir='ltr'><strong>perlectorum</strong></span> <span class='ocrx_word' id='word_1_335' title='bbox 1792 3093 1903 3146; x_wconf 84' lang='lat' dir='ltr'><strong>ani-</strong></span> 
     </span>
    </p>
   </div>
   <div class='ocr_carea' id='block_1_47' title="bbox 1990 1948 3586 2023">
    <p class='ocr_par' dir='ltr' id='par_1_47' title="bbox 1990 1948 3586 2023">
     <span class='ocr_line' id='line_1_47' title="bbox 1990 1948 3586 2023; baseline 0.004 -22"><span class='ocrx_word' id='word_1_336' title='bbox 1990 1961 2183 2023; x_wconf 89' lang='lat' dir='ltr'><strong>_rerum</strong></span> <span class='ocrx_word' id='word_1_337' title='bbox 2235 1963 2331 2018; x_wconf 90' lang='lat' dir='ltr'><strong>pro</strong></span> <span class='ocrx_word' id='word_1_338' title='bbox 2382 1948 2553 2003; x_wconf 87' lang='lat' dir='ltr'><strong>salute</strong></span> <span class='ocrx_word' id='word_1_339' title='bbox 2602 1958 2945 2015; x_wconf 91' lang='lat' dir='ltr'><strong>cunctorum,</strong></span> <span class='ocrx_word' id='word_1_340' title='bbox 2996 1949 3222 2006; x_wconf 86' lang='lat' dir='ltr'><strong>occultis</strong></span> <span class='ocrx_word' id='word_1_341' title='bbox 3268 1948 3586 2022; x_wconf 86' lang='lat' dir='ltr'><strong>plerumque</strong></span> 
     </span>
    </p>
   </div>
   <div class='ocr_carea' id='block_1_48' title="bbox 1994 2038 2989 2115">
    <p class='ocr_par' dir='ltr' id='par_1_48' title="bbox 1994 2038 2989 2115">
     <span class='ocr_line' id='line_1_48' title="bbox 1994 2038 2989 2115; baseline 0.004 -22"><span class='ocrx_word' id='word_1_342' title='bbox 1994 2039 2235 2115; x_wconf 82' lang='lat' dir='ltr'><strong>motibus</strong></span> <span class='ocrx_word' id='word_1_343' title='bbox 2261 2038 2396 2112; x_wconf 77' lang='lat' dir='ltr'><strong>Led.,</strong></span> <span class='ocrx_word' id='word_1_344' title='bbox 2424 2039 2621 2113; x_wconf 87' lang='lat' dir='ltr'><strong>modis]</strong></span> <span class='ocrx_word' id='word_1_345' title='bbox 2653 2040 2989 2099; x_wconf 89' lang='lat' dir='ltr'><strong>ordinantur.</strong></span> 
     </span>
    </p>
   </div>
   <div class='ocr_carea' id='block_1_49' title="bbox 2567 2151 2982 2224">
    <p class='ocr_par' dir='ltr' id='par_1_49' title="bbox 2567 2151 2982 2224">
     <span class='ocr_line' id='line_1_49' title="bbox 2567 2151 2982 2224; baseline 0.007 -17"><span class='ocrx_word' id='word_1_346' title='bbox 2567 2151 2768 2208; x_wconf 85' lang='lat' dir='ltr'><strong>Divisio</strong></span> <span class='ocrx_word' id='word_1_347' title='bbox 2799 2155 2982 2224; x_wconf 70' lang='lat' dir='ltr'><strong>psalm&#39;</strong></span> 
     </span>
    </p>
   </div>
   <div class='ocr_carea' id='block_1_50' title="bbox 2073 2265 3585 2340">
    <p class='ocr_par' dir='ltr' id='par_1_50' title="bbox 2073 2265 3585 2340">
     <span class='ocr_line' id='line_1_50' title="bbox 2073 2265 3585 2340; baseline 0.003 -19"><span class='ocrx_word' id='word_1_348' title='bbox 2073 2265 2197 2321; x_wconf 85' lang='lat' dir='ltr'><strong>Sive</strong></span> <span class='ocrx_word' id='word_1_349' title='bbox 2222 2274 2546 2338; x_wconf 74' lang='lat' dir='ltr'><strong>martyrum,</strong></span> <span class='ocrx_word' id='word_1_350' title='bbox 2576 2268 2690 2322; x_wconf 92' lang='lat' dir='ltr'><strong>sive</strong></span> <span class='ocrx_word' id='word_1_351' title='bbox 2715 2268 3086 2324; x_wconf 70' lang='lat' dir='ltr'><strong>confessorem</strong></span> <span class='ocrx_word' id='word_1_352' title='bbox 3108 2267 3274 2324; x_wconf 82' lang='lat' dir='ltr'><strong>verba</strong></span> <span class='ocrx_word' id='word_1_353' title='bbox 3303 2268 3585 2340; x_wconf 82' lang='lat' dir='ltr'><strong>suscipias,</strong></span> 
     </span>
    </p>
   </div>
   <div class='ocr_carea' id='block_1_51' title="bbox 1996 2359 3585 2429">
    <p class='ocr_par' dir='ltr' id='par_1_51' title="bbox 1996 2359 3585 2429">
     <span class='ocr_line' id='line_1_51' title="bbox 1996 2359 3585 2429; baseline 0.001 -14"><span class='ocrx_word' id='word_1_354' title='bbox 1996 2359 2287 2415; x_wconf 82' lang='lat' dir='ltr'><strong>considera</strong></span> <span class='ocrx_word' id='word_1_355' title='bbox 2316 2359 2583 2429; x_wconf 81' lang='lat' dir='ltr'><strong>psalmum</strong></span> <span class='ocrx_word' id='word_1_356' title='bbox 2613 2360 2843 2415; x_wconf 78' lang='lat' dir='ltr'><strong>mirabili</strong></span> <span class='ocrx_word' id='word_1_357' title='bbox 2862 2360 3265 2417; x_wconf 82' lang='lat' dir='ltr'><strong>constructione</strong></span> <span class='ocrx_word' id='word_1_358' title='bbox 3280 2362 3585 2417; x_wconf 83' lang='lat' dir='ltr'><strong>formatum.</strong></span> 
     </span>
    </p>
   </div>
   <div class='ocr_carea' id='block_1_52' title="bbox 1994 2450 3683 2529">
    <p class='ocr_par' dir='ltr' id='par_1_52' title="bbox 1994 2450 3683 2529">
     <span class='ocr_line' id='line_1_52' title="bbox 1994 2450 3683 2529; baseline 0.001 -24"><span class='ocrx_word' id='word_1_359' title='bbox 1994 2450 2061 2505; x_wconf 72' lang='lat' dir='ltr'><strong>In</strong></span> <span class='ocrx_word' id='word_1_360' title='bbox 2098 2451 2267 2520; x_wconf 85' lang='lat' dir='ltr'><strong>prima</strong></span> <span class='ocrx_word' id='word_1_361' title='bbox 2301 2459 2452 2520; x_wconf 90' lang='lat' dir='ltr'><strong>parte</strong></span> <span class='ocrx_word' id='word_1_362' title='bbox 2479 2450 2663 2505; x_wconf 87' lang='lat' dir='ltr'><strong>dicunt</strong></span> <span class='ocrx_word' id='word_1_363' title='bbox 2686 2450 2921 2506; x_wconf 89' lang='lat' dir='ltr'><strong>audiisse</strong></span> <span class='ocrx_word' id='word_1_364' title='bbox 2960 2458 3144 2522; x_wconf 82' lang='lat' dir='ltr'><strong>patres</strong></span> <span class='ocrx_word' id='word_1_365' title='bbox 3172 2464 3336 2516; x_wconf 84' lang='lat' dir='ltr'><strong>suos,</strong></span> <span class='ocrx_word' id='word_1_366' title='bbox 3378 2450 3587 2508; x_wconf 88' lang='lat' dir='ltr'><strong>Domini</strong></span> <span class='ocrx_word' id='word_1_367' title='bbox 3672 2508 3683 2529; x_wconf 61' lang='lat'><em>_</em></span> 
     </span>
    </p>
   </div>
   <div class='ocr_carea' id='block_1_53' title="bbox 2000 2542 3588 2614">
    <p class='ocr_par' dir='ltr' id='par_1_53' title="bbox 2000 2542 3588 2614">
     <span class='ocr_line' id='line_1_53' title="bbox 2000 2542 3588 2614; baseline 0.003 -19"><span class='ocrx_word' id='word_1_368' title='bbox 2000 2542 2187 2596; x_wconf 79' lang='lat' dir='ltr'><strong>favore</strong></span> <span class='ocrx_word' id='word_1_369' title='bbox 2210 2543 2424 2607; x_wconf 87' lang='lat' dir='ltr'><strong>collato,</strong></span> <span class='ocrx_word' id='word_1_370' title='bbox 2456 2556 2552 2611; x_wconf 91' lang='lat' dir='ltr'><strong>per</strong></span> <span class='ocrx_word' id='word_1_371' title='bbox 2577 2543 2881 2599; x_wconf 77' lang='lat' dir='ltr'><strong>innumeras</strong></span> <span class='ocrx_word' id='word_1_372' title='bbox 2904 2553 3094 2614; x_wconf 83' lang='lat' dir='ltr'><strong>gentes</strong></span> <span class='ocrx_word' id='word_1_373' title='bbox 3118 2544 3392 2600; x_wconf 88' lang='lat' dir='ltr'><strong>visualiter</strong></span> <span class='ocrx_word' id='word_1_374' title='bbox 3415 2546 3588 2614; x_wconf 81' lang='lat' dir='ltr'><strong>egisse</strong></span> 
     </span>
    </p>
   </div>
   <div class='ocr_carea' id='block_1_54' title="bbox 1994 2633 3588 2706">
    <p class='ocr_par' dir='ltr' id='par_1_54' title="bbox 1994 2633 3588 2706">
     <span class='ocr_line' id='line_1_54' title="bbox 1994 2633 3588 2706; baseline 0.006 -24"><span class='ocrx_word' id='word_1_375' title='bbox 1994 2633 2288 2697; x_wconf 72' lang='lat' dir='ltr'><strong>victorias;</strong></span> <span class='ocrx_word' id='word_1_376' title='bbox 2321 2648 2380 2688; x_wconf 90' lang='lat' dir='ltr'><strong>se</strong></span> <span class='ocrx_word' id='word_1_377' title='bbox 2406 2642 2583 2688; x_wconf 87' lang='lat' dir='ltr'><strong>autem</strong></span> <span class='ocrx_word' id='word_1_378' title='bbox 2611 2634 2929 2703; x_wconf 85' lang='lat' dir='ltr'><strong>profitentur</strong></span> <span class='ocrx_word' id='word_1_379' title='bbox 2951 2638 3003 2690; x_wconf 91' lang='lat' dir='ltr'><strong>in</strong></span> <span class='ocrx_word' id='word_1_380' title='bbox 3027 2634 3236 2691; x_wconf 88' lang='lat' dir='ltr'><strong>Domini</strong></span> <span class='ocrx_word' id='word_1_381' title='bbox 3259 2636 3588 2706; x_wconf 75' lang='lat' dir='ltr'><strong>judicatiorie</strong></span> 
     </span>
    </p>
   </div>
   <div class='ocr_carea' id='block_1_55' title="bbox 2003 2723 3588 2794">
    <p class='ocr_par' dir='ltr' id='par_1_55' title="bbox 2003 2723 3588 2794">
     <span class='ocr_line' id='line_1_55' title="bbox 2003 2723 3588 2794; baseline 0.001 -15"><span class='ocrx_word' id='word_1_382' title='bbox 2003 2735 2287 2781; x_wconf 83' lang='lat' dir='ltr'><strong>venturam</strong></span> <span class='ocrx_word' id='word_1_383' title='bbox 2319 2723 2385 2778; x_wconf 91' lang='lat' dir='ltr'><strong>de</strong></span> <span class='ocrx_word' id='word_1_384' title='bbox 2428 2725 2658 2780; x_wconf 88' lang='lat' dir='ltr'><strong>inimicis</strong></span> <span class='ocrx_word' id='word_1_385' title='bbox 2697 2726 2809 2780; x_wconf 88' lang='lat' dir='ltr'><strong>suis</strong></span> <span class='ocrx_word' id='word_1_386' title='bbox 2849 2736 3220 2794; x_wconf 82' lang='lat' dir='ltr'><strong>competenter</strong></span> <span class='ocrx_word' id='word_1_387' title='bbox 3256 2726 3441 2782; x_wconf 90' lang='lat' dir='ltr'><strong>videre</strong></span> <span class='ocrx_word' id='word_1_388' title='bbox 3474 2727 3588 2780; x_wconf 87' lang='lat' dir='ltr'><strong>vin-</strong></span> 
     </span>
    </p>
   </div>
   <div class='ocr_carea' id='block_1_56' title="bbox 2006 2816 3585 2885">
    <p class='ocr_par' dir='ltr' id='par_1_56' title="bbox 2006 2816 3585 2885">
     <span class='ocr_line' id='line_1_56' title="bbox 2006 2816 3585 2885; baseline 0.001 -15"><span class='ocrx_word' id='word_1_389' title='bbox 2006 2818 2203 2870; x_wconf 84' lang='lat' dir='ltr'><strong>dictam</strong></span> <span class='ocrx_word' id='word_1_390' title='bbox 2237 2833 2251 2868; x_wconf 90' lang='lat'><strong>:</strong></span> <span class='ocrx_word' id='word_1_391' title='bbox 2282 2816 2377 2871; x_wconf 79' lang='lat' dir='ltr'><strong>ubi</strong></span> <span class='ocrx_word' id='word_1_392' title='bbox 2398 2830 2503 2870; x_wconf 90' lang='lat' dir='ltr'><strong>non</strong></span> <span class='ocrx_word' id='word_1_393' title='bbox 2532 2829 2661 2870; x_wconf 89' lang='lat' dir='ltr'><strong>areu</strong></span> <span class='ocrx_word' id='word_1_394' title='bbox 2681 2854 2697 2881; x_wconf 90' lang='lat'><strong>,</strong></span> <span class='ocrx_word' id='word_1_395' title='bbox 2729 2827 2819 2871; x_wconf 88' lang='lat' dir='ltr'><strong>aut</strong></span> <span class='ocrx_word' id='word_1_396' title='bbox 2856 2818 3035 2885; x_wconf 83' lang='lat' dir='ltr'><strong>gladio</strong></span> <span class='ocrx_word' id='word_1_397' title='bbox 3058 2819 3309 2873; x_wconf 88' lang='lat' dir='ltr'><strong>inimicus</strong></span> <span class='ocrx_word' id='word_1_398' title='bbox 3333 2818 3585 2883; x_wconf 85' lang='lat' dir='ltr'><strong>vincitur,</strong></span> 
     </span>
    </p>
   </div>
   <div class='ocr_carea' id='block_1_57' title="bbox 2000 2911 3588 2982">
    <p class='ocr_par' dir='ltr' id='par_1_57' title="bbox 2000 2911 3588 2982">
     <span class='ocr_line' id='line_1_57' title="bbox 2000 2911 3588 2982; baseline 0.001 -16"><span class='ocrx_word' id='word_1_399' title='bbox 2000 2912 2099 2967; x_wconf 86' lang='lat' dir='ltr'><strong>sed</strong></span> <span class='ocrx_word' id='word_1_400' title='bbox 2122 2912 2238 2966; x_wconf 90' lang='lat' dir='ltr'><strong>sola</strong></span> <span class='ocrx_word' id='word_1_401' title='bbox 2263 2911 2474 2965; x_wconf 88' lang='lat' dir='ltr'><strong>Domini</strong></span> <span class='ocrx_word' id='word_1_402' title='bbox 2500 2912 2889 2981; x_wconf 85' lang='lat' dir='ltr'><strong>disceptatione</strong></span> <span class='ocrx_word' id='word_1_403' title='bbox 2916 2919 3220 2982; x_wconf 86' lang='lat' dir='ltr'><strong>superatur.</strong></span> <span class='ocrx_word' id='word_1_404' title='bbox 3251 2913 3339 2969; x_wconf 82' lang='lat' dir='ltr'><strong>Sic</strong></span> <span class='ocrx_word' id='word_1_405' title='bbox 3370 2914 3588 2969; x_wconf 86' lang='lat' dir='ltr'><strong>distinc-</strong></span> 
     </span>
    </p>
   </div>
   <div class='ocr_carea' id='block_1_58' title="bbox 2008 3003 3588 3076">
    <p class='ocr_par' dir='ltr' id='par_1_58' title="bbox 2008 3003 3588 3076">
     <span class='ocr_line' id='line_1_58' title="bbox 2008 3003 3588 3076; baseline 0.001 -19"><span class='ocrx_word' id='word_1_406' title='bbox 2008 3012 2061 3057; x_wconf 89' lang='lat' dir='ltr'><strong>te</strong></span> <span class='ocrx_word' id='word_1_407' title='bbox 2085 3018 2282 3073; x_wconf 86' lang='lat' dir='ltr'><strong>genera</strong></span> <span class='ocrx_word' id='word_1_408' title='bbox 2307 3003 2690 3059; x_wconf 81' lang='lat' dir='ltr'><strong>beneﬁciorum</strong></span> <span class='ocrx_word' id='word_1_409' title='bbox 2723 3013 2947 3074; x_wconf 89' lang='lat' dir='ltr'><strong>utraque</strong></span> <span class='ocrx_word' id='word_1_410' title='bbox 2976 3004 3305 3072; x_wconf 82' lang='lat' dir='ltr'><strong>referuntur,</strong></span> <span class='ocrx_word' id='word_1_411' title='bbox 3329 3019 3448 3076; x_wconf 84' lang='lat' dir='ltr'><strong>quae</strong></span> <span class='ocrx_word' id='word_1_412' title='bbox 3474 3020 3588 3061; x_wconf 87' lang='lat' dir='ltr'><strong>ser-</strong></span> 
     </span>
    </p>
   </div>
   <div class='ocr_carea' id='block_1_59' title="bbox 2007 3098 3590 3167">
    <p class='ocr_par' dir='ltr' id='par_1_59' title="bbox 2007 3098 3590 3167">
     <span class='ocr_line' id='line_1_59' title="bbox 2007 3098 3590 3167; baseline 0.001 -16"><span class='ocrx_word' id='word_1_413' title='bbox 2007 3098 2089 3151; x_wconf 90' lang='lat' dir='ltr'><strong>vis</strong></span> <span class='ocrx_word' id='word_1_414' title='bbox 2120 3098 2236 3152; x_wconf 92' lang='lat' dir='ltr'><strong>suis</strong></span> <span class='ocrx_word' id='word_1_415' title='bbox 2280 3098 2537 3152; x_wconf 88' lang='lat' dir='ltr'><strong>Dominus</strong></span> <span class='ocrx_word' id='word_1_416' title='bbox 2567 3106 2821 3166; x_wconf 67' lang='lat' dir='ltr'><strong>prmstare</strong></span> <span class='ocrx_word' id='word_1_417' title='bbox 2861 3098 3128 3167; x_wconf 80' lang='lat' dir='ltr'><strong>dignatur.</strong></span> <span class='ocrx_word' id='word_1_418' title='bbox 3176 3099 3425 3155; x_wconf 89' lang='lat' dir='ltr'><strong>Secundo</strong></span> <span class='ocrx_word' id='word_1_419' title='bbox 3473 3100 3590 3153; x_wconf 91' lang='lat' dir='ltr'><strong>loco</strong></span> 
     </span>
    </p>
   </div>
   <div class='ocr_carea' id='block_1_60' title="bbox 323 3182 3589 3293">
    <p class='ocr_par' dir='ltr' id='par_1_60' title="bbox 323 3182 3589 3293">
     <span class='ocr_line' id='line_1_60' title="bbox 323 3182 3589 3293; baseline 0 -48"><span class='ocrx_word' id='word_1_420' title='bbox 323 3208 443 3250; x_wconf 82' lang='lat' dir='ltr'><strong>mos</strong></span> <span class='ocrx_word' id='word_1_421' title='bbox 490 3190 556 3245; x_wconf 89' lang='lat' dir='ltr'><strong>ad</strong></span> <span class='ocrx_word' id='word_1_422' title='bbox 610 3188 821 3244; x_wconf 86' lang='lat' dir='ltr'><strong>virtutis</strong></span> <span class='ocrx_word' id='word_1_423' title='bbox 866 3186 1081 3242; x_wconf 87' lang='lat' dir='ltr'><strong>culmen</strong></span> <span class='ocrx_word' id='word_1_424' title='bbox 1134 3184 1421 3255; x_wconf 88' lang='lat' dir='ltr'><strong>erigendos</strong></span> <span class='ocrx_word' id='word_1_425' title='bbox 1452 3182 1646 3238; x_wconf 90' lang='lat' dir='ltr'><strong>multas</strong></span> <span class='ocrx_word' id='word_1_426' title='bbox 1677 3182 1903 3251; x_wconf 76' lang='lat' dir='ltr'><strong>legimus</strong></span> <span class='ocrx_word' id='word_1_427' title='bbox 1932 3228 1977 3293; x_wconf 65' lang='grc' dir='ltr'>Ο</span> <span class='ocrx_word' id='word_1_428' title='bbox 2009 3189 2341 3243; x_wconf 86' lang='lat' dir='ltr'><strong>diversarum</strong></span> <span class='ocrx_word' id='word_1_429' title='bbox 2365 3188 2768 3254; x_wconf 85' lang='lat' dir='ltr'><strong>necessitatum,</strong></span> <span class='ocrx_word' id='word_1_430' title='bbox 2802 3203 2920 3259; x_wconf 69' lang='lat' dir='ltr'><strong>quae</strong></span> <span class='ocrx_word' id='word_1_431' title='bbox 2952 3191 3005 3244; x_wconf 88' lang='lat' dir='ltr'><strong>in</strong></span> <span class='ocrx_word' id='word_1_432' title='bbox 3034 3190 3139 3245; x_wconf 90' lang='lat' dir='ltr'><strong>isto</strong></span> <span class='ocrx_word' id='word_1_433' title='bbox 3157 3192 3359 3245; x_wconf 57' lang='lat' dir='ltr'><strong>saeculo</strong></span> <span class='ocrx_word' id='word_1_434' title='bbox 3391 3192 3589 3260; x_wconf 88' lang='lat' dir='ltr'><strong>patiun-</strong></span> 
     </span>
    </p>
   </div>
   <div class='ocr_carea' id='block_1_61' title="bbox 322 3274 1902 3349">
    <p class='ocr_par' dir='ltr' id='par_1_61' title="bbox 322 3274 1902 3349">
     <span class='ocr_line' id='line_1_61' title="bbox 322 3274 1902 3349; baseline -0.008 -8"><span class='ocrx_word' id='word_1_435' title='bbox 322 3283 653 3342; x_wconf 80' lang='lat' dir='ltr'><strong>introductas</strong></span> <span class='ocrx_word' id='word_1_436' title='bbox 680 3295 802 3336; x_wconf 90' lang='lat' dir='ltr'><strong>esse</strong></span> <span class='ocrx_word' id='word_1_437' title='bbox 836 3292 1127 3349; x_wconf 87' lang='lat' dir='ltr'><strong>personas,</strong></span> <span class='ocrx_word' id='word_1_438' title='bbox 1164 3278 1324 3332; x_wconf 90' lang='lat' dir='ltr'><strong>modo</strong></span> <span class='ocrx_word' id='word_1_439' title='bbox 1364 3274 1696 3342; x_wconf 87' lang='lat' dir='ltr'><strong>Ecclesiam,</strong></span> <span class='ocrx_word' id='word_1_440' title='bbox 1741 3275 1902 3330; x_wconf 89' lang='lat' dir='ltr'><strong>modo</strong></span> 
     </span>
    </p>
   </div>
   <div class='ocr_carea' id='block_1_62' title="bbox 323 3365 1903 3448">
    <p class='ocr_par' dir='ltr' id='par_1_62' title="bbox 323 3365 1903 3448">
     <span class='ocr_line' id='line_1_62' title="bbox 323 3365 1903 3448; baseline -0.008 -17"><span class='ocrx_word' id='word_1_441' title='bbox 323 3376 696 3448; x_wconf 67' lang='lat' dir='ltr'><strong>paenitentem,</strong></span> <span class='ocrx_word' id='word_1_442' title='bbox 720 3370 880 3427; x_wconf 82' lang='lat' dir='ltr'><strong>modo</strong></span> <span class='ocrx_word' id='word_1_443' title='bbox 907 3370 1250 3440; x_wconf 83' lang='lat' dir='ltr'><strong>prophetam,</strong></span> <span class='ocrx_word' id='word_1_444' title='bbox 1270 3367 1429 3422; x_wconf 91' lang='lat' dir='ltr'><strong>modo</strong></span> <span class='ocrx_word' id='word_1_445' title='bbox 1454 3365 1712 3432; x_wconf 86' lang='lat' dir='ltr'><strong>ldithum,</strong></span> <span class='ocrx_word' id='word_1_446' title='bbox 1745 3365 1903 3420; x_wconf 89' lang='lat' dir='ltr'><strong>modo</strong></span> 
     </span>
    </p>
   </div>
   <div class='ocr_carea' id='block_1_63' title="bbox 324 3459 1897 3537">
    <p class='ocr_par' dir='ltr' id='par_1_63' title="bbox 324 3459 1897 3537">
     <span class='ocr_line' id='line_1_63' title="bbox 324 3459 1897 3537; baseline -0.011 -12"><span class='ocrx_word' id='word_1_447' title='bbox 324 3467 465 3525; x_wconf 80' lang='lat' dir='ltr'><strong>ﬁlios</strong></span> <span class='ocrx_word' id='word_1_448' title='bbox 492 3466 651 3533; x_wconf 89' lang='lat' dir='ltr'><strong>Core,</strong></span> <span class='ocrx_word' id='word_1_449' title='bbox 683 3477 879 3537; x_wconf 78' lang='lat' dir='ltr'><strong>magna</strong></span> <span class='ocrx_word' id='word_1_450' title='bbox 918 3461 1193 3532; x_wconf 62' lang='lat' dir='ltr'><strong>patientia:</strong></span> <span class='ocrx_word' id='word_1_451' title='bbox 1224 3461 1423 3515; x_wconf 88' lang='lat' dir='ltr'><strong>virtute</strong></span> <span class='ocrx_word' id='word_1_452' title='bbox 1471 3459 1852 3529; x_wconf 87' lang='lat' dir='ltr'><strong>proloquentes</strong></span> <span class='ocrx_word' id='word_1_453' title='bbox 1886 3474 1897 3508; x_wconf 91' lang='lat'>:</span> 
     </span>
    </p>
   </div>
   <div class='ocr_carea' id='block_1_64' title="bbox 326 3550 1900 3617">
    <p class='ocr_par' dir='ltr' id='par_1_64' title="bbox 326 3550 1900 3617">
     <span class='ocr_line' id='line_1_64' title="bbox 326 3550 1900 3617; baseline -0.009 0"><span class='ocrx_word' id='word_1_454' title='bbox 326 3576 471 3617; x_wconf 90' lang='lat' dir='ltr'><strong>nunc</strong></span> <span class='ocrx_word' id='word_1_455' title='bbox 497 3566 677 3614; x_wconf 85' lang='lat' dir='ltr'><strong>autem</strong></span> <span class='ocrx_word' id='word_1_456' title='bbox 718 3570 899 3612; x_wconf 88' lang='lat' dir='ltr'><strong>sermo</strong></span> <span class='ocrx_word' id='word_1_457' title='bbox 942 3554 1229 3611; x_wconf 88' lang='lat' dir='ltr'><strong>mediocris</strong></span> <span class='ocrx_word' id='word_1_458' title='bbox 1259 3568 1322 3608; x_wconf 90' lang='lat' dir='ltr'><strong>ac</strong></span> <span class='ocrx_word' id='word_1_459' title='bbox 1360 3551 1534 3607; x_wconf 88' lang='lat' dir='ltr'><strong>lenior</strong></span> <span class='ocrx_word' id='word_1_460' title='bbox 1582 3550 1900 3613; x_wconf 79' lang='lat' dir='ltr'><strong>adhibetur,</strong></span> 
     </span>
    </p>
   </div>
   <div class='ocr_carea' id='block_1_65' title="bbox 324 3639 1903 3724">
    <p class='ocr_par' dir='ltr' id='par_1_65' title="bbox 324 3639 1903 3724">
     <span class='ocr_line' id='line_1_65' title="bbox 324 3639 1903 3724; baseline -0.009 -15"><span class='ocrx_word' id='word_1_461' title='bbox 324 3652 415 3724; x_wconf 86' lang='lat' dir='ltr'><strong>qui</strong></span> <span class='ocrx_word' id='word_1_462' title='bbox 443 3650 511 3707; x_wconf 77' lang='lat' dir='ltr'><strong>ad</strong></span> <span class='ocrx_word' id='word_1_463' title='bbox 537 3650 795 3706; x_wconf 87' lang='lat' dir='ltr'><strong>devotum</strong></span> <span class='ocrx_word' id='word_1_464' title='bbox 823 3648 1085 3717; x_wconf 88' lang='lat' dir='ltr'><strong>pertineat</strong></span> <span class='ocrx_word' id='word_1_465' title='bbox 1109 3644 1511 3707; x_wconf 85' lang='lat' dir='ltr'><strong>Christianum;</strong></span> <span class='ocrx_word' id='word_1_466' title='bbox 1546 3650 1603 3697; x_wconf 92' lang='lat' dir='ltr'><strong>ut</strong></span> <span class='ocrx_word' id='word_1_467' title='bbox 1630 3654 1789 3697; x_wconf 89' lang='lat' dir='ltr'><strong>nemo</strong></span> <span class='ocrx_word' id='word_1_468' title='bbox 1819 3639 1903 3695; x_wconf 90' lang='lat' dir='ltr'><strong>vel</strong></span> 
     </span>
    </p>
   </div>
   <div class='ocr_carea' id='block_1_66' title="bbox 325 3732 1902 3803">
    <p class='ocr_par' dir='ltr' id='par_1_66' title="bbox 325 3732 1902 3803">
     <span class='ocr_line' id='line_1_66' title="bbox 325 3732 1902 3803; baseline -0.008 -4"><span class='ocrx_word' id='word_1_469' title='bbox 325 3742 607 3799; x_wconf 85' lang='lat' dir='ltr'><strong>imbecillis</strong></span> <span class='ocrx_word' id='word_1_470' title='bbox 637 3741 705 3796; x_wconf 88' lang='lat' dir='ltr'><strong>de</strong></span> <span class='ocrx_word' id='word_1_471' title='bbox 731 3754 827 3795; x_wconf 84' lang='lat' dir='ltr'><strong>sua</strong></span> <span class='ocrx_word' id='word_1_472' title='bbox 851 3736 1223 3794; x_wconf 81' lang='lat' dir='ltr'><strong>mediocritate</strong></span> <span class='ocrx_word' id='word_1_473' title='bbox 1248 3735 1476 3801; x_wconf 84' lang='lat' dir='ltr'><strong>dittidat,</strong></span> <span class='ocrx_word' id='word_1_474' title='bbox 1504 3732 1719 3803; x_wconf 90' lang='lat' dir='ltr'><strong>quando</strong></span> <span class='ocrx_word' id='word_1_475' title='bbox 1740 3746 1902 3787; x_wconf 89' lang='lat' dir='ltr'><strong>unus-</strong></span> 
     </span>
    </p>
   </div>
   <div class='ocr_carea' id='block_1_67' title="bbox 324 3829 1903 3907">
    <p class='ocr_par' dir='ltr' id='par_1_67' title="bbox 324 3829 1903 3907">
     <span class='ocr_line' id='line_1_67' title="bbox 324 3829 1903 3907; baseline -0.007 -16"><span class='ocrx_word' id='word_1_476' title='bbox 324 3839 552 3907; x_wconf 84' lang='lat' dir='ltr'><strong>quisque</strong></span> <span class='ocrx_word' id='word_1_477' title='bbox 580 3833 781 3899; x_wconf 88' lang='lat' dir='ltr'><strong>reperit</strong></span> <span class='ocrx_word' id='word_1_478' title='bbox 805 3833 870 3887; x_wconf 88' lang='lat' dir='ltr'><strong>ad</strong></span> <span class='ocrx_word' id='word_1_479' title='bbox 893 3831 1034 3903; x_wconf 87' lang='lat' dir='ltr'><strong>quod</strong></span> <span class='ocrx_word' id='word_1_480' title='bbox 1060 3845 1154 3900; x_wconf 88' lang='lat' dir='ltr'><strong>per</strong></span> <span class='ocrx_word' id='word_1_481' title='bbox 1167 3830 1258 3885; x_wconf 89' lang='lat' dir='ltr'><strong>Dei</strong></span> <span class='ocrx_word' id='word_1_482' title='bbox 1287 3829 1511 3899; x_wconf 83' lang='lat' dir='ltr'><strong>gratiam</strong></span> <span class='ocrx_word' id='word_1_483' title='bbox 1530 3842 1699 3897; x_wconf 87' lang='lat' dir='ltr'><strong>prona</strong></span> <span class='ocrx_word' id='word_1_484' title='bbox 1724 3835 1903 3881; x_wconf 84' lang='lat' dir='ltr'><strong>mente</strong></span> 
     </span>
    </p>
   </div>
   <div class='ocr_carea' id='block_1_68' title="bbox 327 3921 1905 3989">
    <p class='ocr_par' dir='ltr' id='par_1_68' title="bbox 327 3921 1905 3989">
     <span class='ocr_line' id='line_1_68' title="bbox 327 3921 1905 3989; baseline -0.005 -6"><span class='ocrx_word' id='word_1_485' title='bbox 327 3928 561 3984; x_wconf 78' lang='lat' dir='ltr'><strong>Iestinet.</strong></span> <span class='ocrx_word' id='word_1_486' title='bbox 582 3927 716 3981; x_wconf 79' lang='lat' dir='ltr'><strong>Nam</strong></span> <span class='ocrx_word' id='word_1_487' title='bbox 742 3935 797 3982; x_wconf 89' lang='lat' dir='ltr'><strong>et</strong></span> <span class='ocrx_word' id='word_1_488' title='bbox 816 3926 904 3980; x_wconf 88' lang='lat' dir='ltr'><strong>isti</strong></span> <span class='ocrx_word' id='word_1_489' title='bbox 934 3924 1265 3980; x_wconf 81' lang='lat' dir='ltr'><strong>desideranti</strong></span> <span class='ocrx_word' id='word_1_490' title='bbox 1295 3922 1362 3978; x_wconf 87' lang='lat' dir='ltr'><strong>ad</strong></span> <span class='ocrx_word' id='word_1_491' title='bbox 1388 3922 1523 3978; x_wconf 79' lang='lat' dir='ltr'><strong>atria</strong></span> <span class='ocrx_word' id='word_1_492' title='bbox 1556 3921 1765 3976; x_wconf 90' lang='lat' dir='ltr'><strong>Domini</strong></span> <span class='ocrx_word' id='word_1_493' title='bbox 1789 3935 1905 3989; x_wconf 88' lang='lat' dir='ltr'><strong>per-</strong></span> 
     </span>
    </p>
   </div>
   <div class='ocr_carea' id='block_1_69' title="bbox 327 4015 1900 4091">
    <p class='ocr_par' dir='ltr' id='par_1_69' title="bbox 327 4015 1900 4091">
     <span class='ocr_line' id='line_1_69' title="bbox 327 4015 1900 4091; baseline -0.008 -13"><span class='ocrx_word' id='word_1_494' title='bbox 327 4022 533 4084; x_wconf 82' lang='lat' dir='ltr'><strong>venire.</strong></span> <span class='ocrx_word' id='word_1_495' title='bbox 566 4019 1006 4091; x_wconf 81' lang='lat' dir='ltr'><strong>quadragesimus</strong></span> <span class='ocrx_word' id='word_1_496' title='bbox 1035 4016 1305 4073; x_wconf 87' lang='lat' dir='ltr'><strong>secundus</strong></span> <span class='ocrx_word' id='word_1_497' title='bbox 1332 4015 1568 4071; x_wconf 79' lang='lat' dir='ltr'><strong>calculos</strong></span> <span class='ocrx_word' id='word_1_498' title='bbox 1588 4020 1900 4081; x_wconf 78' lang='lat' dir='ltr'><strong>competen-</strong></span> 
     </span>
    </p>
   </div>
   <div class='ocr_carea' id='block_1_70' title="bbox 330 4103 1903 4184">
    <p class='ocr_par' dir='ltr' id='par_1_70' title="bbox 330 4103 1903 4184">
     <span class='ocr_line' id='line_1_70' title="bbox 330 4103 1903 4184; baseline -0.008 -16"><span class='ocrx_word' id='word_1_499' title='bbox 330 4124 413 4169; x_wconf 87' lang='lat' dir='ltr'><strong>ter</strong></span> <span class='ocrx_word' id='word_1_500' title='bbox 444 4122 653 4184; x_wconf 89' lang='lat' dir='ltr'><strong>aptatus</strong></span> <span class='ocrx_word' id='word_1_501' title='bbox 680 4121 783 4167; x_wconf 89' lang='lat' dir='ltr'><strong>est.</strong></span> <span class='ocrx_word' id='word_1_502' title='bbox 811 4110 927 4166; x_wconf 85' lang='lat' dir='ltr'><strong>Tali</strong></span> <span class='ocrx_word' id='word_1_503' title='bbox 951 4109 1095 4166; x_wconf 86' lang='lat' dir='ltr'><strong>enim</strong></span> <span class='ocrx_word' id='word_1_504' title='bbox 1123 4122 1349 4165; x_wconf 88' lang='lat' dir='ltr'><strong>numero</strong></span> <span class='ocrx_word' id='word_1_505' title='bbox 1378 4106 1686 4161; x_wconf 89' lang='lat' dir='ltr'><strong>mansiones</strong></span> <span class='ocrx_word' id='word_1_506' title='bbox 1717 4103 1823 4157; x_wconf 80' lang='lat' dir='ltr'><strong>illae</strong></span> <span class='ocrx_word' id='word_1_507' title='bbox 1850 4103 1903 4157; x_wconf 86' lang='lat' dir='ltr'><strong>in</strong></span> 
     </span>
    </p>
   </div>
   <div class='ocr_carea' id='block_1_71' title="bbox 332 4192 1903 4265">
    <p class='ocr_par' dir='ltr' id='par_1_71' title="bbox 332 4192 1903 4265">
     <span class='ocr_line' id='line_1_71' title="bbox 332 4192 1903 4265; baseline -0.007 -6"><span class='ocrx_word' id='word_1_508' title='bbox 332 4216 516 4258; x_wconf 87' lang='lat' dir='ltr'><strong>eremo</strong></span> <span class='ocrx_word' id='word_1_509' title='bbox 536 4212 755 4258; x_wconf 73' lang='lat' dir='ltr'><strong>sacratze</strong></span> <span class='ocrx_word' id='word_1_510' title='bbox 776 4192 896 4257; x_wconf 78' lang='lat' dir='ltr'><strong>sunt</strong></span> <span class='ocrx_word' id='word_1_511' title='bbox 918 4200 1290 4255; x_wconf 68' lang='lat' dir='ltr'><strong>Hebraeorum.</strong></span> <span class='ocrx_word' id='word_1_512' title='bbox 1305 4195 1720 4265; x_wconf 83' lang='lat' dir='ltr'><strong>Quadragesima</strong></span> <span class='ocrx_word' id='word_1_513' title='bbox 1743 4194 1903 4248; x_wconf 87' lang='lat' dir='ltr'><strong>etiam</strong></span> 
     </span>
    </p>
   </div>
   <div class='ocr_carea' id='block_1_72' title="bbox 328 4285 1907 4367">
    <p class='ocr_par' dir='ltr' id='par_1_72' title="bbox 328 4285 1907 4367">
     <span class='ocr_line' id='line_1_72' title="bbox 328 4285 1907 4367; baseline -0.008 -16"><span class='ocrx_word' id='word_1_514' title='bbox 328 4295 559 4351; x_wconf 88' lang='lat' dir='ltr'><strong>secunda</strong></span> <span class='ocrx_word' id='word_1_515' title='bbox 590 4296 937 4367; x_wconf 86' lang='lat' dir='ltr'><strong>generatione</strong></span> <span class='ocrx_word' id='word_1_516' title='bbox 966 4292 1034 4347; x_wconf 88' lang='lat' dir='ltr'><strong>ab</strong></span> <span class='ocrx_word' id='word_1_517' title='bbox 1064 4290 1334 4347; x_wconf 76' lang='lat' dir='ltr'><strong>Abraham</strong></span> <span class='ocrx_word' id='word_1_518' title='bbox 1370 4288 1628 4343; x_wconf 87' lang='lat' dir='ltr'><strong>Dominus</strong></span> <span class='ocrx_word' id='word_1_519' title='bbox 1658 4285 1907 4340; x_wconf 84' lang='lat' dir='ltr'><strong>Salvator</strong></span> 
     </span>
    </p>
   </div>
   <div class='ocr_carea' id='block_1_73' title="bbox 320 4378 1907 4454">
    <p class='ocr_par' dir='ltr' id='par_1_73' title="bbox 320 4378 1907 4454">
     <span class='ocr_line' id='line_1_73' title="bbox 320 4378 1907 4454; baseline -0.008 -11"><span class='ocrx_word' id='word_1_520' title='bbox 320 4388 568 4454; x_wconf 69' lang='lat' dir='ltr'><strong>advenit,</strong></span> <span class='ocrx_word' id='word_1_521' title='bbox 629 4397 684 4441; x_wconf 90' lang='lat' dir='ltr'><strong>et</strong></span> <span class='ocrx_word' id='word_1_522' title='bbox 726 4385 980 4441; x_wconf 85' lang='lat' dir='ltr'><strong>mundum</strong></span> <span class='ocrx_word' id='word_1_523' title='bbox 1031 4397 1129 4438; x_wconf 90' lang='lat' dir='ltr'><strong>sua</strong></span> <span class='ocrx_word' id='word_1_524' title='bbox 1182 4380 1488 4437; x_wconf 88' lang='lat' dir='ltr'><strong>visitatione</strong></span> <span class='ocrx_word' id='word_1_525' title='bbox 1533 4378 1795 4442; x_wconf 86' lang='lat' dir='ltr'><strong>salvavit;</strong></span> <span class='ocrx_word' id='word_1_526' title='bbox 1849 4384 1907 4432; x_wconf 91' lang='lat' dir='ltr'><strong>ut</strong></span> 
     </span>
    </p>
   </div>
   <div class='ocr_carea' id='block_1_74' title="bbox 326 4470 1905 4545">
    <p class='ocr_par' dir='ltr' id='par_1_74' title="bbox 326 4470 1905 4545">
     <span class='ocr_line' id='line_1_74' title="bbox 326 4470 1905 4545; baseline -0.007 -9"><span class='ocrx_word' id='word_1_527' title='bbox 326 4481 524 4536; x_wconf 88' lang='lat' dir='ltr'><strong>merito</strong></span> <span class='ocrx_word' id='word_1_528' title='bbox 552 4490 609 4535; x_wconf 89' lang='lat' dir='ltr'><strong>et</strong></span> <span class='ocrx_word' id='word_1_529' title='bbox 631 4479 732 4533; x_wconf 87' lang='lat' dir='ltr'><strong>iste</strong></span> <span class='ocrx_word' id='word_1_530' title='bbox 761 4478 936 4532; x_wconf 75' lang='lat' dir='ltr'><strong>fidelis</strong></span> <span class='ocrx_word' id='word_1_531' title='bbox 961 4476 1026 4531; x_wconf 90' lang='lat' dir='ltr'><strong>ad</strong></span> <span class='ocrx_word' id='word_1_532' title='bbox 1062 4489 1283 4545; x_wconf 87' lang='lat' dir='ltr'><strong>regnum</strong></span> <span class='ocrx_word' id='word_1_533' title='bbox 1317 4470 1525 4528; x_wconf 89' lang='lat' dir='ltr'><strong>Domini</strong></span> <span class='ocrx_word' id='word_1_534' title='bbox 1556 4478 1905 4540; x_wconf 78' lang='lat' dir='ltr'><strong>perventurus</strong></span> 
     </span>
    </p>
   </div>
   <div class='ocr_carea' id='block_1_75' title="bbox 324 4565 1896 4641">
    <p class='ocr_par' dir='ltr' id='par_1_75' title="bbox 324 4565 1896 4641">
     <span class='ocr_line' id='line_1_75' title="bbox 324 4565 1896 4641; baseline -0.006 -14"><span class='ocrx_word' id='word_1_535' title='bbox 324 4572 594 4640; x_wconf 82' lang='lat' dir='ltr'><strong>credatur,</strong></span> <span class='ocrx_word' id='word_1_536' title='bbox 625 4573 717 4641; x_wconf 91' lang='lat' dir='ltr'><strong>qui</strong></span> <span class='ocrx_word' id='word_1_537' title='bbox 744 4571 965 4640; x_wconf 87' lang='lat' dir='ltr'><strong>pristino</strong></span> <span class='ocrx_word' id='word_1_538' title='bbox 993 4569 1072 4624; x_wconf 91' lang='lat' dir='ltr'><strong>illi</strong></span> <span class='ocrx_word' id='word_1_539' title='bbox 1098 4581 1324 4623; x_wconf 90' lang='lat' dir='ltr'><strong>numero</strong></span> <span class='ocrx_word' id='word_1_540' title='bbox 1348 4565 1582 4622; x_wconf 82' lang='lat' dir='ltr'><strong>sociatus</strong></span> <span class='ocrx_word' id='word_1_541' title='bbox 1610 4578 1733 4620; x_wconf 87' lang='lat' dir='ltr'><strong>esse</strong></span> <span class='ocrx_word' id='word_1_542' title='bbox 1762 4577 1896 4632; x_wconf 82' lang='lat' dir='ltr'><strong>cog-</strong></span> 
     </span>
    </p>
   </div>
   <div class='ocr_carea' id='block_1_76' title="bbox 324 4657 1902 4733">
    <p class='ocr_par' dir='ltr' id='par_1_76' title="bbox 324 4657 1902 4733">
     <span class='ocr_line' id='line_1_76' title="bbox 324 4657 1902 4733; baseline -0.004 -15"><span class='ocrx_word' id='word_1_543' title='bbox 324 4665 583 4719; x_wconf 77' lang='lat' dir='ltr'><strong>noscitur.</strong></span> <span class='ocrx_word' id='word_1_544' title='bbox 617 4665 815 4718; x_wconf 89' lang='lat' dir='ltr'><strong>Omnes</strong></span> <span class='ocrx_word' id='word_1_545' title='bbox 857 4676 987 4733; x_wconf 83' lang='lat' dir='ltr'><strong>ergo</strong></span> <span class='ocrx_word' id='word_1_546' title='bbox 1020 4662 1109 4716; x_wconf 86' lang='lat' dir='ltr'><strong>hic</strong></span> <span class='ocrx_word' id='word_1_547' title='bbox 1144 4662 1370 4715; x_wconf 83' lang='lat' dir='ltr'><strong>virtutes</strong></span> <span class='ocrx_word' id='word_1_548' title='bbox 1394 4698 1410 4723; x_wconf 88' lang='lat'><strong>,</strong></span> <span class='ocrx_word' id='word_1_549' title='bbox 1448 4672 1637 4714; x_wconf 85' lang='lat' dir='ltr'><strong>omnes</strong></span> <span class='ocrx_word' id='word_1_550' title='bbox 1666 4657 1902 4712; x_wconf 87' lang='lat' dir='ltr'><strong>delecta-</strong></span> 
     </span>
    </p>
   </div>
   <div class='ocr_carea' id='block_1_77' title="bbox 324 4749 1905 4817">
    <p class='ocr_par' dir='ltr' id='par_1_77' title="bbox 324 4749 1905 4817">
     <span class='ocr_line' id='line_1_77' title="bbox 324 4749 1905 4817; baseline -0.004 -7"><span class='ocrx_word' id='word_1_551' title='bbox 324 4759 503 4812; x_wconf 83' lang='lat' dir='ltr'><strong>tiones</strong></span> <span class='ocrx_word' id='word_1_552' title='bbox 549 4758 747 4812; x_wconf 85' lang='lat' dir='ltr'><strong>invenit</strong></span> <span class='ocrx_word' id='word_1_553' title='bbox 775 4755 952 4811; x_wconf 85' lang='lat' dir='ltr'><strong>anima</strong></span> <span class='ocrx_word' id='word_1_554' title='bbox 999 4752 1202 4817; x_wconf 86' lang='lat' dir='ltr'><strong>Iidelis;</strong></span> <span class='ocrx_word' id='word_1_555' title='bbox 1235 4761 1292 4806; x_wconf 91' lang='lat' dir='ltr'><strong>ut</strong></span> <span class='ocrx_word' id='word_1_556' title='bbox 1329 4749 1601 4807; x_wconf 87' lang='lat' dir='ltr'><strong>consolari</strong></span> <span class='ocrx_word' id='word_1_557' title='bbox 1644 4763 1706 4805; x_wconf 89' lang='lat' dir='ltr'><strong>se</strong></span> <span class='ocrx_word' id='word_1_558' title='bbox 1729 4762 1793 4803; x_wconf 90' lang='lat' dir='ltr'><strong>ac</strong></span> <span class='ocrx_word' id='word_1_559' title='bbox 1819 4763 1905 4803; x_wconf 87' lang='lat' dir='ltr'><strong>re-</strong></span> 
     </span>
    </p>
   </div>
   <div class='ocr_carea' id='block_1_78' title="bbox 324 4842 1901 4920">
    <p class='ocr_par' dir='ltr' id='par_1_78' title="bbox 324 4842 1901 4920">
     <span class='ocr_line' id='line_1_78' title="bbox 324 4842 1901 4920; baseline -0.006 -14"><span class='ocrx_word' id='word_1_560' title='bbox 324 4865 512 4907; x_wconf 86' lang='lat' dir='ltr'><strong>creare</strong></span> <span class='ocrx_word' id='word_1_561' title='bbox 542 4866 636 4920; x_wconf 89' lang='lat' dir='ltr'><strong>per</strong></span> <span class='ocrx_word' id='word_1_562' title='bbox 676 4850 770 4905; x_wconf 91' lang='lat' dir='ltr'><strong>Dei</strong></span> <span class='ocrx_word' id='word_1_563' title='bbox 815 4848 1040 4920; x_wconf 81' lang='lat' dir='ltr'><strong>gratiam</strong></span> <span class='ocrx_word' id='word_1_564' title='bbox 1076 4846 1242 4916; x_wconf 89' lang='lat' dir='ltr'><strong>possit</strong></span> <span class='ocrx_word' id='word_1_565' title='bbox 1266 4887 1281 4913; x_wconf 93' lang='lat'><strong>,</strong></span> <span class='ocrx_word' id='word_1_566' title='bbox 1314 4843 1558 4915; x_wconf 90' lang='lat' dir='ltr'><strong>quisquis</strong></span> <span class='ocrx_word' id='word_1_567' title='bbox 1608 4842 1901 4912; x_wconf 87' lang='lat' dir='ltr'><strong>igniculum</strong></span> 
     </span>
    </p>
   </div>
   <div class='ocr_carea' id='block_1_79' title="bbox 325 4942 1313 5011">
    <p class='ocr_par' dir='ltr' id='par_1_79' title="bbox 325 4942 1313 5011">
     <span class='ocr_line' id='line_1_79' title="bbox 325 4942 1313 5011; baseline -0.01 -8"><span class='ocrx_word' id='word_1_568' title='bbox 325 4948 479 5004; x_wconf 90' lang='lat' dir='ltr'><strong>illum</strong></span> <span class='ocrx_word' id='word_1_569' title='bbox 498 4948 695 5003; x_wconf 70' lang='lat' dir='ltr'><strong>divina:</strong></span> <span class='ocrx_word' id='word_1_570' title='bbox 720 4943 997 5000; x_wconf 87' lang='lat' dir='ltr'><strong>cliaritatis</strong></span> <span class='ocrx_word' id='word_1_571' title='bbox 1024 4942 1313 5011; x_wconf 86' lang='lat' dir='ltr'><strong>acceperit.</strong></span> 
     </span>
    </p>
   </div>
   <div class='ocr_carea' id='block_1_80' title="bbox 577 5050 1646 5118">
    <p class='ocr_par' dir='ltr' id='par_1_80' title="bbox 577 5050 1646 5118">
     <span class='ocr_line' id='line_1_80' title="bbox 577 5050 1646 5118; baseline -0.011 1"><span class='ocrx_word' id='word_1_572' title='bbox 577 5059 937 5118; x_wconf 74' lang='lat' dir='ltr'><strong>EXPOSI&#39;I‘IO</strong></span> <span class='ocrx_word' id='word_1_573' title='bbox 984 5058 1049 5113; x_wconf 85' lang='lat' dir='ltr'><strong>IN</strong></span> <span class='ocrx_word' id='word_1_574' title='bbox 1100 5053 1421 5113; x_wconf 78' lang='lat' dir='ltr'><strong>PSALMUM</strong></span> <span class='ocrx_word' id='word_1_575' title='bbox 1461 5050 1646 5107; x_wconf 78' lang='lat' dir='ltr'><strong>XLIII.</strong></span> 
     </span>
    </p>
   </div>
   <div class='ocr_carea' id='block_1_81' title="bbox 399 5171 1833 5299">
    <p class='ocr_par' dir='ltr' id='par_1_81' title="bbox 399 5171 1833 5299">
     <span class='ocr_line' id='line_1_81' title="bbox 399 5171 1833 5299; baseline -0.008 -64"><span class='ocrx_word' id='word_1_576' title='bbox 399 5178 467 5235; x_wconf 82' lang='lat' dir='ltr'><strong>In</strong></span> <span class='ocrx_word' id='word_1_577' title='bbox 505 5181 697 5251; x_wconf 80' lang='lat' dir='ltr'><strong>ﬁnem,</strong></span> <span class='ocrx_word' id='word_1_578' title='bbox 728 5195 820 5250; x_wconf 89' lang='lat' dir='ltr'><strong>pro</strong></span> <span class='ocrx_word' id='word_1_579' title='bbox 844 5178 965 5247; x_wconf 81' lang='lat' dir='ltr'><strong>ﬁliis</strong></span> <span class='ocrx_word' id='word_1_580' title='bbox 1004 5174 1230 5299; x_wconf 30' lang='lat' dir='ltr'><strong>CgreOdad</strong></span> <span class='ocrx_word' id='word_1_581' title='bbox 1254 5171 1566 5227; x_wconf 85' lang='lat' dir='ltr'><strong>intellectum</strong></span> <span class='ocrx_word' id='word_1_582' title='bbox 1606 5171 1833 5239; x_wconf 78' lang='lat' dir='ltr'><strong>psalmus</strong></span> 
     </span>
     <span class='ocr_line' id='line_1_82' title="bbox 1076 5261 1211 5299; baseline 0 0"><span class='ocrx_word' id='word_1_583' title='bbox 1076 5261 1152 5299; x_wconf 87' lang='lat' dir='ltr'><strong>avt</strong></span> <span class='ocrx_word' id='word_1_584' title='bbox 1198 5285 1211 5299; x_wconf 97' lang='lat'><strong>.</strong></span> 
     </span>
    </p>
   </div>
   <div class='ocr_carea' id='block_1_82' title="bbox 1076 5261 1211 5300">
    <p class='ocr_par' dir='ltr' id='par_1_82' title="bbox 1076 5261 1211 5300">
     <span class='ocr_line' id='line_1_83' title="bbox 1076 5261 1211 5300; baseline 0.007 -1"><span class='ocrx_word' id='word_1_585' title='bbox 1076 5261 1211 5300; x_wconf 84' lang='lat' dir='ltr'><strong>avia.</strong></span> 
     </span>
    </p>
   </div>
   <div class='ocr_carea' id='block_1_83' title="bbox 403 5352 1902 5438">
    <p class='ocr_par' dir='ltr' id='par_1_83' title="bbox 403 5352 1902 5438">
     <span class='ocr_line' id='line_1_84' title="bbox 403 5352 1902 5438; baseline -0.01 -19"><span class='ocrx_word' id='word_1_586' title='bbox 403 5363 563 5438; x_wconf 64' lang='grc'><strong>146</strong></span> <span class='ocrx_word' id='word_1_587' title='bbox 613 5360 861 5418; x_wconf 77' lang='lat' dir='ltr'><strong>Proxime</strong></span> <span class='ocrx_word' id='word_1_588' title='bbox 914 5361 966 5414; x_wconf 89' lang='lat' dir='ltr'><strong>iti</strong></span> <span class='ocrx_word' id='word_1_589' title='bbox 1013 5353 1422 5427; x_wconf 86' lang='lat' dir='ltr'><strong>quadragesimo</strong></span> <span class='ocrx_word' id='word_1_590' title='bbox 1469 5353 1642 5423; x_wconf 89' lang='lat' dir='ltr'><strong>primo</strong></span> <span class='ocrx_word' id='word_1_591' title='bbox 1694 5352 1902 5423; x_wconf 90' lang='lat' dir='ltr'><strong>psalmo</strong></span> 
     </span>
    </p>
   </div>
   <div class='ocr_carea' id='block_1_84' title="bbox 329 5445 1895 5529">
    <p class='ocr_par' dir='ltr' id='par_1_84' title="bbox 329 5445 1895 5529">
     <span class='ocr_line' id='line_1_85' title="bbox 329 5445 1895 5529; baseline -0.01 -17"><span class='ocrx_word' id='word_1_592' title='bbox 329 5458 462 5529; x_wconf 86' lang='lat' dir='ltr'><strong>quid</strong></span> <span class='ocrx_word' id='word_1_593' title='bbox 493 5456 799 5526; x_wconf 75' lang='lat' dir='ltr'><strong>significent</strong></span> <span class='ocrx_word' id='word_1_594' title='bbox 850 5452 946 5521; x_wconf 81' lang='lat' dir='ltr'><strong>ﬁlii</strong></span> <span class='ocrx_word' id='word_1_595' title='bbox 975 5449 1103 5505; x_wconf 84' lang='lat' dir='ltr'><strong>Core</strong></span> <span class='ocrx_word' id='word_1_596' title='bbox 1146 5447 1473 5502; x_wconf 84' lang='lat' dir='ltr'><strong>sufficienter</strong></span> <span class='ocrx_word' id='word_1_597' title='bbox 1512 5445 1743 5499; x_wconf 87' lang='lat' dir='ltr'><strong>edictum</strong></span> <span class='ocrx_word' id='word_1_598' title='bbox 1793 5451 1895 5498; x_wconf 91' lang='lat' dir='ltr'><strong>est.</strong></span> 
     </span>
    </p>
   </div>
   <div class='ocr_carea' id='block_1_85' title="bbox 326 5535 1903 5609">
    <p class='ocr_par' dir='ltr' id='par_1_85' title="bbox 326 5535 1903 5609">
     <span class='ocr_line' id='line_1_86' title="bbox 326 5535 1903 5609; baseline -0.012 -1"><span class='ocrx_word' id='word_1_599' title='bbox 326 5549 480 5608; x_wconf 78' lang='lat' dir='ltr'><strong>Nunc</strong></span> <span class='ocrx_word' id='word_1_600' title='bbox 506 5560 681 5603; x_wconf 82' lang='lat' dir='ltr'><strong>autem</strong></span> <span class='ocrx_word' id='word_1_601' title='bbox 714 5547 781 5600; x_wconf 85' lang='lat' dir='ltr'><strong>ad</strong></span> <span class='ocrx_word' id='word_1_602' title='bbox 804 5543 1118 5598; x_wconf 75' lang='lat' dir='ltr'><strong>intellectura</strong></span> <span class='ocrx_word' id='word_1_603' title='bbox 1145 5553 1284 5593; x_wconf 90' lang='lat' dir='ltr'><strong>novo</strong></span> <span class='ocrx_word' id='word_1_604' title='bbox 1311 5537 1525 5609; x_wconf 90' lang='lat' dir='ltr'><strong>quidem</strong></span> <span class='ocrx_word' id='word_1_605' title='bbox 1567 5538 1775 5603; x_wconf 87' lang='lat' dir='ltr'><strong>ordine,</strong></span> <span class='ocrx_word' id='word_1_606' title='bbox 1808 5535 1903 5590; x_wconf 92' lang='lat' dir='ltr'><strong>sed</strong></span> 
     </span>
    </p>
   </div>
   <div class='ocr_carea' id='block_1_86' title="bbox 323 5632 1905 5706">
    <p class='ocr_par' dir='ltr' id='par_1_86' title="bbox 323 5632 1905 5706">
     <span class='ocr_line' id='line_1_87' title="bbox 323 5632 1905 5706; baseline -0.012 -5"><span class='ocrx_word' id='word_1_607' title='bbox 323 5659 437 5701; x_wconf 82' lang='lat' dir='ltr'><strong>non</strong></span> <span class='ocrx_word' id='word_1_608' title='bbox 470 5642 641 5696; x_wconf 90' lang='lat' dir='ltr'><strong>otiose</strong></span> <span class='ocrx_word' id='word_1_609' title='bbox 670 5640 880 5693; x_wconf 88' lang='lat' dir='ltr'><strong>videtur</strong></span> <span class='ocrx_word' id='word_1_610' title='bbox 908 5636 1203 5706; x_wconf 88' lang='lat' dir='ltr'><strong>adjectum;</strong></span> <span class='ocrx_word' id='word_1_611' title='bbox 1231 5632 1351 5687; x_wconf 90' lang='lat' dir='ltr'><strong>ideo</strong></span> <span class='ocrx_word' id='word_1_612' title='bbox 1374 5641 1429 5684; x_wconf 91' lang='lat' dir='ltr'><strong>ut</strong></span> <span class='ocrx_word' id='word_1_613' title='bbox 1457 5636 1905 5706; x_wconf 71' lang='lat' dir='ltr'><strong>commemoraret</strong></span> 
     </span>
    </p>
   </div>
   <div class='ocr_carea' id='block_1_87' title="bbox 328 5698 1899 5802">
    <p class='ocr_par' dir='ltr' id='par_1_87' title="bbox 328 5698 1899 5802">
     <span class='ocr_line' id='line_1_88' title="bbox 328 5698 1899 5802; baseline -0.011 -9"><span class='ocrx_word' id='word_1_614' title='bbox 328 5698 475 5793; x_wconf 76' lang='lat' dir='ltr'><strong>Iiunc</strong></span> <span class='ocrx_word' id='word_1_615' title='bbox 528 5734 787 5802; x_wconf 82' lang='lat' dir='ltr'><strong>psalmum</strong></span> <span class='ocrx_word' id='word_1_616' title='bbox 841 5698 1146 5799; x_wconf 78' lang='lat' dir='ltr'><strong>diligentius</strong></span> <span class='ocrx_word' id='word_1_617' title='bbox 1201 5698 1598 5795; x_wconf 57' lang='lat' dir='ltr'><strong>inquirendum.</strong></span> <span class='ocrx_word' id='word_1_618' title='bbox 1658 5723 1899 5778; x_wconf 84' lang='lat' dir='ltr'><strong>Audituri</strong></span> 
     </span>
    </p>
   </div>
   <div class='ocr_carea' id='block_1_88' title="bbox 266 5816 1905 5896">
    <p class='ocr_par' dir='ltr' id='par_1_88' title="bbox 266 5816 1905 5896">
     <span class='ocr_line' id='line_1_89' title="bbox 266 5816 1905 5896; baseline -0.009 -9"><span class='ocrx_word' id='word_1_619' title='bbox 329 5842 516 5887; x_wconf 85' lang='lat' dir='ltr'><strong>sumus</strong></span> <span class='ocrx_word' id='word_1_620' title='bbox 545 5833 829 5896; x_wconf 76' lang='lat' dir='ltr'><strong>martyres,</strong></span> <span class='ocrx_word' id='word_1_621' title='bbox 865 5824 975 5877; x_wconf 86' lang='lat' dir='ltr'><strong>sive</strong></span> <span class='ocrx_word' id='word_1_622' title='bbox 1006 5819 1364 5887; x_wconf 85' lang='lat' dir='ltr'><strong>confessores,</strong></span> <span class='ocrx_word' id='word_1_623' title='bbox 1387 5817 1437 5873; x_wconf 92' lang='lat' dir='ltr'><strong>id</strong></span> <span class='ocrx_word' id='word_1_624' title='bbox 1462 5826 1543 5873; x_wconf 85' lang='lat' dir='ltr'><strong>est</strong></span> <span class='ocrx_word' id='word_1_625' title='bbox 1568 5816 1705 5873; x_wconf 83' lang='lat' dir='ltr'><strong>lilios</strong></span> <span class='ocrx_word' id='word_1_626' title='bbox 1730 5817 1905 5872; x_wconf 88' lang='lat' dir='ltr'><strong>crucis</strong></span> 
     </span>
    </p>
   </div>
   <div class='ocr_carea' id='block_1_89' title="bbox 2010 3284 3591 3352">
    <p class='ocr_par' dir='ltr' id='par_1_89' title="bbox 2010 3284 3591 3352">
     <span class='ocr_line' id='line_1_90' title="bbox 2010 3284 3591 3352; baseline 0.003 -15"><span class='ocrx_word' id='word_1_627' title='bbox 2010 3293 2116 3347; x_wconf 88' lang='lat' dir='ltr'><strong>tur,</strong></span> <span class='ocrx_word' id='word_1_628' title='bbox 2146 3292 2410 3338; x_wconf 87' lang='lat' dir='ltr'><strong>tormenta</strong></span> <span class='ocrx_word' id='word_1_629' title='bbox 2428 3284 2803 3352; x_wconf 89' lang='lat' dir='ltr'><strong>dinumerant;</strong></span> <span class='ocrx_word' id='word_1_630' title='bbox 2834 3300 2935 3343; x_wconf 86' lang='lat' dir='ltr'><strong>nec</strong></span> <span class='ocrx_word' id='word_1_631' title='bbox 2956 3295 3137 3342; x_wconf 88' lang='lat' dir='ltr'><strong>tamen</strong></span> <span class='ocrx_word' id='word_1_632' title='bbox 3156 3300 3215 3343; x_wconf 88' lang='lat' dir='ltr'><strong>se</strong></span> <span class='ocrx_word' id='word_1_633' title='bbox 3242 3287 3488 3342; x_wconf 84' lang='lat' dir='ltr'><strong>mandata</strong></span> <span class='ocrx_word' id='word_1_634' title='bbox 3512 3287 3591 3342; x_wconf 88' lang='lat' dir='ltr'><strong>di-</strong></span> 
     </span>
    </p>
   </div>
   <div class='ocr_carea' id='block_1_90' title="bbox 2007 3376 3589 3449">
    <p class='ocr_par' dir='ltr' id='par_1_90' title="bbox 2007 3376 3589 3449">
     <span class='ocr_line' id='line_1_91' title="bbox 2007 3376 3589 3449; baseline 0.004 -22"><span class='ocrx_word' id='word_1_635' title='bbox 2007 3377 2128 3429; x_wconf 77' lang='lat' dir='ltr'><strong>vina</strong></span> <span class='ocrx_word' id='word_1_636' title='bbox 2160 3376 2479 3443; x_wconf 79' lang='lat' dir='ltr'><strong>proﬁtentur</strong></span> <span class='ocrx_word' id='word_1_637' title='bbox 2498 3377 2719 3441; x_wconf 89' lang='lat' dir='ltr'><strong>oblitos,</strong></span> <span class='ocrx_word' id='word_1_638' title='bbox 2743 3379 3033 3445; x_wconf 82' lang='lat' dir='ltr'><strong>quominus</strong></span> <span class='ocrx_word' id='word_1_639' title='bbox 3067 3379 3121 3434; x_wconf 91' lang='lat' dir='ltr'><strong>in</strong></span> <span class='ocrx_word' id='word_1_640' title='bbox 3161 3381 3358 3435; x_wconf 92' lang='lat' dir='ltr'><strong>virtute</strong></span> <span class='ocrx_word' id='word_1_641' title='bbox 3383 3379 3589 3449; x_wconf 84' lang='lat' dir='ltr'><strong>patien-</strong></span> 
     </span>
    </p>
   </div>
   <div class='ocr_carea' id='block_1_91' title="bbox 2006 3466 3590 3538">
    <p class='ocr_par' dir='ltr' id='par_1_91' title="bbox 2006 3466 3590 3538">
     <span class='ocr_line' id='line_1_92' title="bbox 2006 3466 3590 3538; baseline 0.003 -19"><span class='ocrx_word' id='word_1_642' title='bbox 2006 3467 2094 3519; x_wconf 78' lang='lat' dir='ltr'><strong>tiae</strong></span> <span class='ocrx_word' id='word_1_643' title='bbox 2124 3475 2489 3534; x_wconf 78' lang='lat' dir='ltr'><strong>perseverent.</strong></span> <span class='ocrx_word' id='word_1_644' title='bbox 2514 3466 2698 3523; x_wconf 90' lang='lat' dir='ltr'><strong>Tertio</strong></span> <span class='ocrx_word' id='word_1_645' title='bbox 2739 3479 3031 3538; x_wconf 85' lang='lat' dir='ltr'><strong>precantur</strong></span> <span class='ocrx_word' id='word_1_646' title='bbox 3064 3471 3349 3536; x_wconf 72' lang='lat' dir='ltr'><strong>auxilium,</strong></span> <span class='ocrx_word' id='word_1_647' title='bbox 3398 3477 3457 3525; x_wconf 90' lang='lat' dir='ltr'><strong>ut</strong></span> <span class='ocrx_word' id='word_1_648' title='bbox 3504 3469 3590 3524; x_wconf 84' lang='lat' dir='ltr'><strong>hic</strong></span> 
     </span>
    </p>
   </div>
   <div class='ocr_carea' id='block_1_92' title="bbox 2004 3556 3589 3633">
    <p class='ocr_par' dir='ltr' id='par_1_92' title="bbox 2004 3556 3589 3633">
     <span class='ocr_line' id='line_1_93' title="bbox 2004 3556 3589 3633; baseline 0.005 -24"><span class='ocrx_word' id='word_1_649' title='bbox 2004 3558 2238 3625; x_wconf 73' lang='lat' dir='ltr'><strong>graviter</strong></span> <span class='ocrx_word' id='word_1_650' title='bbox 2259 3556 2474 3613; x_wconf 71' lang='lat' dir='ltr'><strong>afﬂictis</strong></span> <span class='ocrx_word' id='word_1_651' title='bbox 2498 3560 2920 3618; x_wconf 84' lang='lat' dir='ltr'><strong>resurrectionis</strong></span> <span class='ocrx_word' id='word_1_652' title='bbox 2960 3570 3207 3633; x_wconf 82' lang='lat' dir='ltr'><strong>tempore</strong></span> <span class='ocrx_word' id='word_1_653' title='bbox 3226 3562 3424 3619; x_wconf 84' lang='lat' dir='ltr'><strong>debeat</strong></span> <span class='ocrx_word' id='word_1_654' title='bbox 3456 3559 3589 3617; x_wconf 85' lang='lat' dir='ltr'><strong>sub-</strong></span> 
     </span>
    </p>
   </div>
   <div class='ocr_carea' id='block_1_93' title="bbox 2006 3652 2194 3707">
    <p class='ocr_par' dir='ltr' id='par_1_93' title="bbox 2006 3652 2194 3707">
     <span class='ocr_line' id='line_1_94' title="bbox 2006 3652 2194 3707; baseline 0 -2"><span class='ocrx_word' id='word_1_655' title='bbox 2006 3652 2194 3707; x_wconf 87' lang='lat' dir='ltr'><strong>veniri.</strong></span> 
     </span>
    </p>
   </div>
   <div class='ocr_carea' id='block_1_94' title="bbox 2542 3765 3053 3840">
    <p class='ocr_par' dir='ltr' id='par_1_94' title="bbox 2542 3765 3053 3840">
     <span class='ocr_line' id='line_1_95' title="bbox 2542 3765 3053 3840; baseline 0.002 -19"><span class='ocrx_word' id='word_1_656' title='bbox 2542 3765 2810 3839; x_wconf 72' lang='lat' dir='ltr'><strong>Expositio</strong></span> <span class='ocrx_word' id='word_1_657' title='bbox 2848 3770 3053 3840; x_wconf 87' lang='lat' dir='ltr'><strong>psalmi.</strong></span> 
     </span>
    </p>
   </div>
   <div class='ocr_carea' id='block_1_95' title="bbox 2084 3884 3593 3953">
    <p class='ocr_par' dir='ltr' id='par_1_95' title="bbox 2084 3884 3593 3953">
     <span class='ocr_line' id='line_1_96' title="bbox 2084 3884 3593 3953; baseline -0.002 -14"><span class='ocrx_word' id='word_1_658' title='bbox 2084 3884 2233 3941; x_wconf 71' lang='lat' dir='ltr'><strong>Vers.</strong></span> <span class='ocrx_word' id='word_1_659' title='bbox 2279 3885 2326 3938; x_wconf 85' lang='lat' dir='ltr'><strong>I.</strong></span> <span class='ocrx_word' id='word_1_660' title='bbox 2375 3885 2538 3952; x_wconf 85' lang='lat' dir='ltr'><strong>Deus,</strong></span> <span class='ocrx_word' id='word_1_661' title='bbox 2582 3885 2791 3939; x_wconf 86' lang='lat' dir='ltr'><strong>auribus</strong></span> <span class='ocrx_word' id='word_1_662' title='bbox 2835 3886 3020 3939; x_wconf 83' lang='lat' dir='ltr'><strong>nostris</strong></span> <span class='ocrx_word' id='word_1_663' title='bbox 3060 3885 3384 3953; x_wconf 82' lang='lat' dir='ltr'><strong>audivimus,</strong></span> <span class='ocrx_word' id='word_1_664' title='bbox 3423 3892 3593 3953; x_wconf 81' lang='lat' dir='ltr'><strong>patres</strong></span> 
     </span>
    </p>
   </div>
   <div class='ocr_carea' id='block_1_96' title="bbox 2007 3973 3592 4045">
    <p class='ocr_par' dir='ltr' id='par_1_96' title="bbox 2007 3973 3592 4045">
     <span class='ocr_line' id='line_1_97' title="bbox 2007 3973 3592 4045; baseline -0.003 -14"><span class='ocrx_word' id='word_1_665' title='bbox 2007 3977 2169 4031; x_wconf 81' lang='lat' dir='ltr'><strong>nostri</strong></span> <span class='ocrx_word' id='word_1_666' title='bbox 2193 3976 2622 4029; x_wconf 84' lang='lat' dir='ltr'><strong>annuntiaverunt</strong></span> <span class='ocrx_word' id='word_1_667' title='bbox 2650 3976 2793 4029; x_wconf 87' lang='lat' dir='ltr'><strong>nobis</strong></span> <span class='ocrx_word' id='word_1_668' title='bbox 2836 3991 2961 4045; x_wconf 82' lang='lat' dir='ltr'><strong>Opus</strong></span> <span class='ocrx_word' id='word_1_669' title='bbox 2992 3976 3129 4045; x_wconf 81' lang='lat' dir='ltr'><strong>quod</strong></span> <span class='ocrx_word' id='word_1_670' title='bbox 3178 3982 3420 4045; x_wconf 84' lang='lat' dir='ltr'><strong>operatus</strong></span> <span class='ocrx_word' id='word_1_671' title='bbox 3459 3989 3512 4030; x_wconf 81' lang='lat' dir='ltr'><strong>cs</strong></span> <span class='ocrx_word' id='word_1_672' title='bbox 3536 3973 3592 4028; x_wconf 76' lang='lat' dir='ltr'><strong>in</strong></span> 
     </span>
    </p>
   </div>
   <div class='ocr_carea' id='block_1_97' title="bbox 2009 4062 3588 4135">
    <p class='ocr_par' dir='ltr' id='par_1_97' title="bbox 2009 4062 3588 4135">
     <span class='ocr_line' id='line_1_98' title="bbox 2009 4062 3588 4135; baseline -0.002 -14"><span class='ocrx_word' id='word_1_673' title='bbox 2009 4067 2183 4120; x_wconf 70' lang='lat' dir='ltr'><strong>diebus</strong></span> <span class='ocrx_word' id='word_1_674' title='bbox 2208 4082 2403 4132; x_wconf 84' lang='lat' dir='ltr'><strong>eorum,</strong></span> <span class='ocrx_word' id='word_1_675' title='bbox 2436 4066 2490 4118; x_wconf 83' lang='lat' dir='ltr'><strong>in</strong></span> <span class='ocrx_word' id='word_1_676' title='bbox 2517 4065 2691 4118; x_wconf 86' lang='lat' dir='ltr'><strong>diebus</strong></span> <span class='ocrx_word' id='word_1_677' title='bbox 2715 4066 2960 4133; x_wconf 86' lang='lat' dir='ltr'><strong>antiquis.</strong></span> <span class='ocrx_word' id='word_1_678' title='bbox 2991 4064 3172 4121; x_wconf 85' lang='lat' dir='ltr'><strong>Primo</strong></span> <span class='ocrx_word' id='word_1_679' title='bbox 3201 4064 3397 4135; x_wconf 87' lang='lat' dir='ltr'><strong>posuit,</strong></span> <span class='ocrx_word' id='word_1_680' title='bbox 3424 4062 3588 4127; x_wconf 87' lang='lat' dir='ltr'><strong>Deus,</strong></span> 
     </span>
    </p>
   </div>
   <div class='ocr_carea' id='block_1_98' title="bbox 2008 4154 3592 4228">
    <p class='ocr_par' dir='ltr' id='par_1_98' title="bbox 2008 4154 3592 4228">
     <span class='ocr_line' id='line_1_99' title="bbox 2008 4154 3592 4228; baseline 0 -17"><span class='ocrx_word' id='word_1_681' title='bbox 2008 4156 2150 4228; x_wconf 92' lang='lat' dir='ltr'><strong>quod</strong></span> <span class='ocrx_word' id='word_1_682' title='bbox 2181 4157 2388 4210; x_wconf 90' lang='lat' dir='ltr'><strong>initium</strong></span> <span class='ocrx_word' id='word_1_683' title='bbox 2413 4164 2505 4210; x_wconf 89' lang='lat' dir='ltr'><strong>aut</strong></span> <span class='ocrx_word' id='word_1_684' title='bbox 2532 4155 2687 4210; x_wconf 76' lang='lat' dir='ltr'><strong>laetus</strong></span> <span class='ocrx_word' id='word_1_685' title='bbox 2714 4154 2875 4209; x_wconf 89' lang='lat' dir='ltr'><strong>homo</strong></span> <span class='ocrx_word' id='word_1_686' title='bbox 2899 4156 3042 4222; x_wconf 75' lang='lat' dir='ltr'><strong>facit,</strong></span> <span class='ocrx_word' id='word_1_687' title='bbox 3072 4167 3164 4211; x_wconf 90' lang='lat' dir='ltr'><strong>aut</strong></span> <span class='ocrx_word' id='word_1_688' title='bbox 3194 4155 3486 4211; x_wconf 74' lang='lat' dir='ltr'><strong>afﬂictione</strong></span> <span class='ocrx_word' id='word_1_689' title='bbox 3514 4157 3592 4212; x_wconf 91' lang='lat' dir='ltr'><strong>ui-</strong></span> 
     </span>
    </p>
   </div>
   <div class='ocr_carea' id='block_1_99' title="bbox 2010 4246 3589 4318">
    <p class='ocr_par' dir='ltr' id='par_1_99' title="bbox 2010 4246 3589 4318">
     <span class='ocr_line' id='line_1_100' title="bbox 2010 4246 3589 4318; baseline 0.002 -16"><span class='ocrx_word' id='word_1_690' title='bbox 2010 4248 2115 4303; x_wconf 90' lang='lat' dir='ltr'><strong>mia</strong></span> <span class='ocrx_word' id='word_1_691' title='bbox 2148 4247 2437 4302; x_wconf 88' lang='lat' dir='ltr'><strong>sauciatus.</strong></span> <span class='ocrx_word' id='word_1_692' title='bbox 2471 4247 2574 4303; x_wconf 91' lang='lat' dir='ltr'><strong>Sed</strong></span> <span class='ocrx_word' id='word_1_693' title='bbox 2608 4263 2725 4318; x_wconf 71' lang='lat' dir='ltr'><strong>qua:</strong></span> <span class='ocrx_word' id='word_1_694' title='bbox 2752 4246 2948 4303; x_wconf 91' lang='lat' dir='ltr'><strong>dicturi</strong></span> <span class='ocrx_word' id='word_1_695' title='bbox 2972 4258 3148 4317; x_wconf 88' lang='lat' dir='ltr'><strong>erant,</strong></span> <span class='ocrx_word' id='word_1_696' title='bbox 3176 4264 3243 4305; x_wconf 89' lang='lat' dir='ltr'><strong>ne</strong></span> <span class='ocrx_word' id='word_1_697' title='bbox 3272 4257 3589 4318; x_wconf 87' lang='lat' dir='ltr'><strong>putarentur</strong></span> 
     </span>
    </p>
   </div>
   <div class='ocr_carea' id='block_1_100' title="bbox 2009 4338 3591 4412">
    <p class='ocr_par' dir='ltr' id='par_1_100' title="bbox 2009 4338 3591 4412">
     <span class='ocr_line' id='line_1_101' title="bbox 2009 4338 3591 4412; baseline -0.001 -16"><span class='ocrx_word' id='word_1_698' title='bbox 2009 4340 2280 4412; x_wconf 70' lang='lat' dir='ltr'><strong>ambigua,</strong></span> <span class='ocrx_word' id='word_1_699' title='bbox 2312 4339 2538 4393; x_wconf 86' lang='lat' dir='ltr'><strong>audiisse</strong></span> <span class='ocrx_word' id='word_1_700' title='bbox 2566 4353 2625 4394; x_wconf 91' lang='lat' dir='ltr'><strong>se</strong></span> <span class='ocrx_word' id='word_1_701' title='bbox 2654 4338 2887 4409; x_wconf 85' lang='lat' dir='ltr'><strong>propriis</strong></span> <span class='ocrx_word' id='word_1_702' title='bbox 2917 4338 3129 4395; x_wconf 80' lang='lat' dir='ltr'><strong>auribus</strong></span> <span class='ocrx_word' id='word_1_703' title='bbox 3153 4339 3365 4406; x_wconf 91' lang='lat' dir='ltr'><strong>dicunt,</strong></span> <span class='ocrx_word' id='word_1_704' title='bbox 3398 4349 3457 4395; x_wconf 89' lang='lat' dir='ltr'><strong>ut</strong></span> <span class='ocrx_word' id='word_1_705' title='bbox 3485 4355 3591 4396; x_wconf 90' lang='lat' dir='ltr'><strong>ma-</strong></span> 
     </span>
    </p>
   </div>
   <div class='ocr_carea' id='block_1_101' title="bbox 2003 4431 3588 4506">
    <p class='ocr_par' dir='ltr' id='par_1_101' title="bbox 2003 4431 3588 4506">
     <span class='ocr_line' id='line_1_102' title="bbox 2003 4431 3588 4506; baseline 0.001 -17"><span class='ocrx_word' id='word_1_706' title='bbox 2003 4434 2096 4506; x_wconf 86' lang='lat' dir='ltr'><strong>jor</strong></span> <span class='ocrx_word' id='word_1_707' title='bbox 2122 4433 2257 4489; x_wconf 85' lang='lat' dir='ltr'><strong>ﬁdes</strong></span> <span class='ocrx_word' id='word_1_708' title='bbox 2281 4432 2358 4489; x_wconf 90' lang='lat' dir='ltr'><strong>rei</strong></span> <span class='ocrx_word' id='word_1_709' title='bbox 2383 4433 2647 4504; x_wconf 86' lang='lat' dir='ltr'><strong>potuisset</strong></span> <span class='ocrx_word' id='word_1_710' title='bbox 2673 4431 2899 4504; x_wconf 89' lang='lat' dir='ltr'><strong>acquiri.</strong></span> <span class='ocrx_word' id='word_1_711' title='bbox 2929 4432 2995 4489; x_wconf 89' lang='lat' dir='ltr'><strong>Et</strong></span> <span class='ocrx_word' id='word_1_712' title='bbox 3018 4434 3301 4491; x_wconf 87' lang='lat' dir='ltr'><strong>considera</strong></span> <span class='ocrx_word' id='word_1_713' title='bbox 3329 4434 3452 4505; x_wconf 88' lang='lat' dir='ltr'><strong>quia</strong></span> <span class='ocrx_word' id='word_1_714' title='bbox 3480 4448 3588 4491; x_wconf 89' lang='lat' dir='ltr'><strong>non</strong></span> 
     </span>
    </p>
   </div>
   <div class='ocr_carea' id='block_1_102' title="bbox 2006 4525 3592 4599">
    <p class='ocr_par' dir='ltr' id='par_1_102' title="bbox 2006 4525 3592 4599">
     <span class='ocr_line' id='line_1_103' title="bbox 2006 4525 3592 4599; baseline 0.001 -17"><span class='ocrx_word' id='word_1_715' title='bbox 2006 4527 2234 4599; x_wconf 85' lang='lat' dir='ltr'><strong>juvenes</strong></span> <span class='ocrx_word' id='word_1_716' title='bbox 2261 4541 2434 4599; x_wconf 87' lang='lat' dir='ltr'><strong>neque</strong></span> <span class='ocrx_word' id='word_1_717' title='bbox 2466 4526 2837 4582; x_wconf 90' lang='lat' dir='ltr'><strong>adolescentes</strong></span> <span class='ocrx_word' id='word_1_718' title='bbox 2865 4525 2967 4582; x_wconf 90' lang='lat' dir='ltr'><strong>sibi</strong></span> <span class='ocrx_word' id='word_1_719' title='bbox 2997 4526 3179 4582; x_wconf 90' lang='lat' dir='ltr'><strong>dicunt</strong></span> <span class='ocrx_word' id='word_1_720' title='bbox 3202 4527 3459 4583; x_wconf 86' lang='lat' dir='ltr'><strong>retulisse</strong></span> <span class='ocrx_word' id='word_1_721' title='bbox 3475 4542 3592 4596; x_wconf 63' lang='lat' dir='ltr'><strong>quae</strong></span> 
     </span>
    </p>
   </div>
   <div class='ocr_carea' id='block_1_103' title="bbox 1928 4596 3593 4690">
    <p class='ocr_par' dir='ltr' id='par_1_103' title="bbox 1928 4596 3593 4690">
     <span class='ocr_line' id='line_1_104' title="bbox 1928 4596 3593 4690; baseline -0.001 -13"><span class='ocrx_word' id='word_1_722' title='bbox 1928 4596 1983 4658; x_wconf 67' lang='grc' dir='ltr'><strong>θ</strong></span> <span class='ocrx_word' id='word_1_723' title='bbox 2009 4622 2146 4677; x_wconf 91' lang='lat' dir='ltr'><strong>facta</strong></span> <span class='ocrx_word' id='word_1_724' title='bbox 2187 4630 2342 4687; x_wconf 89' lang='lat' dir='ltr'><strong>sunt;</strong></span> <span class='ocrx_word' id='word_1_725' title='bbox 2385 4620 2478 4676; x_wconf 88' lang='lat' dir='ltr'><strong>sed</strong></span> <span class='ocrx_word' id='word_1_726' title='bbox 2518 4631 2687 4690; x_wconf 84' lang='lat' dir='ltr'><strong>patres</strong></span> <span class='ocrx_word' id='word_1_727' title='bbox 2714 4620 2800 4690; x_wconf 90' lang='lat' dir='ltr'><strong>qui</strong></span> <span class='ocrx_word' id='word_1_728' title='bbox 2827 4618 3260 4674; x_wconf 89' lang='lat' dir='ltr'><strong>consideratione</strong></span> <span class='ocrx_word' id='word_1_729' title='bbox 3298 4617 3379 4672; x_wconf 89' lang='lat' dir='ltr'><strong>sui</strong></span> <span class='ocrx_word' id='word_1_730' title='bbox 3422 4619 3593 4675; x_wconf 89' lang='lat' dir='ltr'><strong>nomi-</strong></span> 
     </span>
    </p>
   </div>
   <div class='ocr_carea' id='block_1_104' title="bbox 2004 4703 3589 4781">
    <p class='ocr_par' dir='ltr' id='par_1_104' title="bbox 2004 4703 3589 4781">
     <span class='ocr_line' id='line_1_105' title="bbox 2004 4703 3589 4781; baseline -0.005 -13"><span class='ocrx_word' id='word_1_731' title='bbox 2004 4714 2087 4768; x_wconf 90' lang='lat' dir='ltr'><strong>nis</strong></span> <span class='ocrx_word' id='word_1_732' title='bbox 2114 4711 2358 4767; x_wconf 82' lang='lat' dir='ltr'><strong>all&#39;ectum</strong></span> <span class='ocrx_word' id='word_1_733' title='bbox 2391 4719 2636 4781; x_wconf 87' lang='lat' dir='ltr'><strong>poterant</strong></span> <span class='ocrx_word' id='word_1_734' title='bbox 2666 4709 2865 4763; x_wconf 84' lang='lat' dir='ltr'><strong>habere</strong></span> <span class='ocrx_word' id='word_1_735' title='bbox 2895 4707 3137 4765; x_wconf 84' lang='lat' dir='ltr'><strong>veritatis</strong></span> <span class='ocrx_word' id='word_1_736' title='bbox 3168 4706 3298 4779; x_wconf 65' lang='grc' dir='ltr'><strong>[σόη</strong></span> <span class='ocrx_word' id='word_1_737' title='bbox 3332 4703 3589 4780; x_wconf 87' lang='lat' dir='ltr'><strong>pietatis].</strong></span> 
     </span>
    </p>
   </div>
   <div class='ocr_carea' id='block_1_105' title="bbox 2003 4798 3583 4874">
    <p class='ocr_par' dir='ltr' id='par_1_105' title="bbox 2003 4798 3583 4874">
     <span class='ocr_line' id='line_1_106' title="bbox 2003 4798 3583 4874; baseline -0.003 -15"><span class='ocrx_word' id='word_1_738' title='bbox 2003 4805 2354 4874; x_wconf 80' lang='lat' dir='ltr'><strong>Subjunctum</strong></span> <span class='ocrx_word' id='word_1_739' title='bbox 2385 4812 2467 4857; x_wconf 90' lang='lat' dir='ltr'><strong>est</strong></span> <span class='ocrx_word' id='word_1_740' title='bbox 2494 4843 2508 4868; x_wconf 94' lang='lat'><strong>,</strong></span> <span class='ocrx_word' id='word_1_741' title='bbox 2542 4803 2737 4867; x_wconf 84' lang='lat' dir='ltr'><strong>nostri,</strong></span> <span class='ocrx_word' id='word_1_742' title='bbox 2774 4800 2860 4868; x_wconf 88' lang='lat' dir='ltr'><strong>qui</strong></span> <span class='ocrx_word' id='word_1_743' title='bbox 2892 4801 3002 4855; x_wconf 88' lang='lat' dir='ltr'><strong>suis</strong></span> <span class='ocrx_word' id='word_1_744' title='bbox 3039 4799 3258 4854; x_wconf 91' lang='lat' dir='ltr'><strong>omnino</strong></span> <span class='ocrx_word' id='word_1_745' title='bbox 3282 4798 3583 4855; x_wconf 83' lang='lat' dir='ltr'><strong>certissima</strong></span> 
     </span>
    </p>
   </div>
   <div class='ocr_carea' id='block_1_106' title="bbox 2004 4888 3589 4964">
    <p class='ocr_par' dir='ltr' id='par_1_106' title="bbox 2004 4888 3589 4964">
     <span class='ocr_line' id='line_1_107' title="bbox 2004 4888 3589 4964; baseline -0.003 -15"><span class='ocrx_word' id='word_1_746' title='bbox 2004 4895 2185 4949; x_wconf 81' lang='lat' dir='ltr'><strong>dicere</strong></span> <span class='ocrx_word' id='word_1_747' title='bbox 2215 4895 2532 4964; x_wconf 84' lang='lat' dir='ltr'><strong>potuissent.</strong></span> <span class='ocrx_word' id='word_1_748' title='bbox 2565 4891 3013 4945; x_wconf 80' lang='lat' dir='ltr'><strong>Annuntiaverunt</strong></span> <span class='ocrx_word' id='word_1_749' title='bbox 3064 4888 3209 4944; x_wconf 87' lang='lat' dir='ltr'><strong>nobis</strong></span> <span class='ocrx_word' id='word_1_750' title='bbox 3239 4905 3258 4943; x_wconf 90' lang='lat'><strong><em>:</em></strong></span> <span class='ocrx_word' id='word_1_751' title='bbox 3298 4888 3351 4944; x_wconf 90' lang='lat' dir='ltr'><strong>id</strong></span> <span class='ocrx_word' id='word_1_752' title='bbox 3380 4899 3463 4944; x_wconf 86' lang='lat' dir='ltr'><strong>est</strong></span> <span class='ocrx_word' id='word_1_753' title='bbox 3502 4904 3589 4945; x_wconf 77' lang='lat' dir='ltr'><strong>re-</strong></span> 
     </span>
    </p>
   </div>
   <div class='ocr_carea' id='block_1_107' title="bbox 2014 4977 3593 5054">
    <p class='ocr_par' dir='ltr' id='par_1_107' title="bbox 2014 4977 3593 5054">
     <span class='ocr_line' id='line_1_108' title="bbox 2014 4977 3593 5054; baseline -0.004 -15"><span class='ocrx_word' id='word_1_754' title='bbox 2014 4985 2252 5040; x_wconf 87' lang='lat' dir='ltr'><strong>tulerunt</strong></span> <span class='ocrx_word' id='word_1_755' title='bbox 2282 4983 2545 5038; x_wconf 78' lang='lat' dir='ltr'><strong>beneficia</strong></span> <span class='ocrx_word' id='word_1_756' title='bbox 2586 4998 2703 5054; x_wconf 69' lang='lat' dir='ltr'><strong>qua:</strong></span> <span class='ocrx_word' id='word_1_757' title='bbox 2736 4980 2848 5035; x_wconf 91' lang='lat' dir='ltr'><strong>suis</strong></span> <span class='ocrx_word' id='word_1_758' title='bbox 2892 4978 3121 5049; x_wconf 83' lang='lat' dir='ltr'><strong>posteris</strong></span> <span class='ocrx_word' id='word_1_759' title='bbox 3145 4979 3210 5034; x_wconf 91' lang='lat' dir='ltr'><strong>ad</strong></span> <span class='ocrx_word' id='word_1_760' title='bbox 3251 4978 3460 5035; x_wconf 88' lang='lat' dir='ltr'><strong>laudem</strong></span> <span class='ocrx_word' id='word_1_761' title='bbox 3489 4977 3593 5034; x_wconf 78' lang='lat' dir='ltr'><strong>Do-</strong></span> 
     </span>
    </p>
   </div>
   <div class='ocr_carea' id='block_1_108' title="bbox 2014 5070 3589 5143">
    <p class='ocr_par' dir='ltr' id='par_1_108' title="bbox 2014 5070 3589 5143">
     <span class='ocr_line' id='line_1_109' title="bbox 2014 5070 3589 5143; baseline -0.002 -12"><span class='ocrx_word' id='word_1_762' title='bbox 2014 5078 2143 5132; x_wconf 92' lang='lat' dir='ltr'><strong>mini</strong></span> <span class='ocrx_word' id='word_1_763' title='bbox 2174 5078 2457 5133; x_wconf 90' lang='lat' dir='ltr'><strong>voluerunt</strong></span> <span class='ocrx_word' id='word_1_764' title='bbox 2495 5090 2619 5130; x_wconf 88' lang='lat' dir='ltr'><strong>esse</strong></span> <span class='ocrx_word' id='word_1_765' title='bbox 2650 5075 2945 5128; x_wconf 81' lang='lat' dir='ltr'><strong>manifesta.</strong></span> <span class='ocrx_word' id='word_1_766' title='bbox 2978 5070 3081 5127; x_wconf 85' lang='lat' dir='ltr'><strong>Sed</strong></span> <span class='ocrx_word' id='word_1_767' title='bbox 3135 5070 3259 5128; x_wconf 90' lang='lat' dir='ltr'><strong>licet</strong></span> <span class='ocrx_word' id='word_1_768' title='bbox 3292 5072 3381 5127; x_wconf 90' lang='lat' dir='ltr'><strong>Dei</strong></span> <span class='ocrx_word' id='word_1_769' title='bbox 3411 5072 3589 5143; x_wconf 91' lang='lat' dir='ltr'><strong>quoti-</strong></span> 
     </span>
    </p>
   </div>
   <div class='ocr_carea' id='block_1_109' title="bbox 2010 5162 3585 5239">
    <p class='ocr_par' dir='ltr' id='par_1_109' title="bbox 2010 5162 3585 5239">
     <span class='ocr_line' id='line_1_110' title="bbox 2010 5162 3585 5239; baseline -0.003 -14"><span class='ocrx_word' id='word_1_770' title='bbox 2010 5170 2167 5225; x_wconf 89' lang='lat' dir='ltr'><strong>diana</strong></span> <span class='ocrx_word' id='word_1_771' title='bbox 2212 5171 2277 5225; x_wconf 88' lang='lat' dir='ltr'><strong>sit</strong></span> <span class='ocrx_word' id='word_1_772' title='bbox 2325 5184 2487 5239; x_wconf 81' lang='lat' dir='ltr'><strong>opera</strong></span> <span class='ocrx_word' id='word_1_773' title='bbox 2520 5165 2774 5220; x_wconf 89' lang='lat' dir='ltr'><strong>mundum</strong></span> <span class='ocrx_word' id='word_1_774' title='bbox 2806 5164 2915 5219; x_wconf 88' lang='lat' dir='ltr'><strong>suis</strong></span> <span class='ocrx_word' id='word_1_775' title='bbox 2957 5163 3236 5222; x_wconf 82' lang='lat' dir='ltr'><strong>beneficiis</strong></span> <span class='ocrx_word' id='word_1_776' title='bbox 3262 5162 3543 5222; x_wconf 89' lang='lat' dir='ltr'><strong>continere</strong></span> <span class='ocrx_word' id='word_1_777' title='bbox 3568 5205 3585 5232; x_wconf 92' lang='lat'><strong>,</strong></span> 
     </span>
    </p>
   </div>
   <div class='ocr_carea' id='block_1_110' title="bbox 2009 5256 3659 5328">
    <p class='ocr_par' dir='ltr' id='par_1_110' title="bbox 2009 5256 3659 5328">
     <span class='ocr_line' id='line_1_111' title="bbox 2009 5256 3659 5328; baseline -0.005 -9"><span class='ocrx_word' id='word_1_778' title='bbox 2009 5275 2070 5318; x_wconf 90' lang='lat' dir='ltr'><strong>ut</strong></span> <span class='ocrx_word' id='word_1_779' title='bbox 2098 5263 2279 5319; x_wconf 90' lang='lat' dir='ltr'><strong>omnia</strong></span> <span class='ocrx_word' id='word_1_780' title='bbox 2307 5261 2599 5317; x_wconf 89' lang='lat' dir='ltr'><strong>constituta</strong></span> <span class='ocrx_word' id='word_1_781' title='bbox 2629 5259 2746 5328; x_wconf 89' lang='lat' dir='ltr'><strong>lege</strong></span> <span class='ocrx_word' id='word_1_782' title='bbox 2776 5256 3065 5314; x_wconf 89' lang='lat' dir='ltr'><strong>decurrant</strong></span> <span class='ocrx_word' id='word_1_783' title='bbox 3090 5276 3104 5325; x_wconf 81' lang='lat'><strong>;</strong></span> <span class='ocrx_word' id='word_1_784' title='bbox 3137 5268 3312 5316; x_wconf 92' lang='lat' dir='ltr'><strong>tamen</strong></span> <span class='ocrx_word' id='word_1_785' title='bbox 3356 5269 3485 5317; x_wconf 90' lang='lat' dir='ltr'><strong>tunc</strong></span> <span class='ocrx_word' id='word_1_786' title='bbox 3512 5260 3593 5313; x_wconf 88' lang='lat' dir='ltr'><strong>di-</strong></span> <span class='ocrx_word' id='word_1_787' title='bbox 3644 5302 3659 5327; x_wconf 68' lang='lat'><strong>,</strong></span> 
     </span>
    </p>
   </div>
   <div class='ocr_carea' id='block_1_111' title="bbox 2012 5351 3649 5426">
    <p class='ocr_par' dir='ltr' id='par_1_111' title="bbox 2012 5351 3649 5426">
     <span class='ocr_line' id='line_1_112' title="bbox 2012 5351 3649 5426; baseline -0.004 -12"><span class='ocrx_word' id='word_1_788' title='bbox 2012 5361 2184 5414; x_wconf 88' lang='lat' dir='ltr'><strong>cimus</strong></span> <span class='ocrx_word' id='word_1_789' title='bbox 2205 5372 2327 5413; x_wconf 88' lang='lat' dir='ltr'><strong>eum</strong></span> <span class='ocrx_word' id='word_1_790' title='bbox 2357 5362 2656 5426; x_wconf 86' lang='lat' dir='ltr'><strong>operatum,</strong></span> <span class='ocrx_word' id='word_1_791' title='bbox 2681 5351 2891 5424; x_wconf 88' lang='lat' dir='ltr'><strong>quando</strong></span> <span class='ocrx_word' id='word_1_792' title='bbox 2914 5352 3127 5421; x_wconf 85' lang='lat' dir='ltr'><strong>aliquod</strong></span> <span class='ocrx_word' id='word_1_793' title='bbox 3148 5354 3355 5423; x_wconf 87' lang='lat' dir='ltr'><strong>signum</strong></span> <span class='ocrx_word' id='word_1_794' title='bbox 3380 5352 3592 5409; x_wconf 88' lang='lat' dir='ltr'><strong>novita-</strong></span> <span class='ocrx_word' id='word_1_795' title='bbox 3642 5412 3649 5422; x_wconf 58' lang='grc'><em>,</em></span> 
     </span>
    </p>
   </div>
   <div class='ocr_carea' id='block_1_112' title="bbox 2012 5446 3593 5517">
    <p class='ocr_par' dir='ltr' id='par_1_112' title="bbox 2012 5446 3593 5517">
     <span class='ocr_line' id='line_1_113' title="bbox 2012 5446 3593 5517; baseline -0.003 -9"><span class='ocrx_word' id='word_1_796' title='bbox 2012 5454 2082 5508; x_wconf 90' lang='lat' dir='ltr'><strong>tis</strong></span> <span class='ocrx_word' id='word_1_797' title='bbox 2124 5447 2445 5506; x_wconf 86' lang='lat' dir='ltr'><strong>ostenderit.</strong></span> <span class='ocrx_word' id='word_1_798' title='bbox 2500 5446 2682 5501; x_wconf 84' lang='lat' dir='ltr'><strong>Patres</strong></span> <span class='ocrx_word' id='word_1_799' title='bbox 2711 5462 2839 5517; x_wconf 88' lang='lat' dir='ltr'><strong>ergo</strong></span> <span class='ocrx_word' id='word_1_800' title='bbox 2880 5461 3005 5502; x_wconf 88' lang='lat' dir='ltr'><strong>suos</strong></span> <span class='ocrx_word' id='word_1_801' title='bbox 3045 5447 3293 5502; x_wconf 90' lang='lat' dir='ltr'><strong>retulisse</strong></span> <span class='ocrx_word' id='word_1_802' title='bbox 3330 5456 3593 5504; x_wconf 85' lang='lat' dir='ltr'><strong>testantur</strong></span> 
     </span>
    </p>
   </div>
   <div class='ocr_carea' id='block_1_113' title="bbox 2014 5538 3592 5615">
    <p class='ocr_par' dir='ltr' id='par_1_113' title="bbox 2014 5538 3592 5615">
     <span class='ocr_line' id='line_1_114' title="bbox 2014 5538 3592 5615; baseline -0.004 -17"><span class='ocrx_word' id='word_1_803' title='bbox 2014 5561 2161 5615; x_wconf 85' lang='lat' dir='ltr'><strong>opus,</strong></span> <span class='ocrx_word' id='word_1_804' title='bbox 2195 5542 2330 5610; x_wconf 86' lang='lat' dir='ltr'><strong>quod</strong></span> <span class='ocrx_word' id='word_1_805' title='bbox 2357 5549 2594 5613; x_wconf 81' lang='lat' dir='ltr'><strong>operatus</strong></span> <span class='ocrx_word' id='word_1_806' title='bbox 2616 5548 2686 5593; x_wconf 76' lang='lat' dir='ltr'><strong>est</strong></span> <span class='ocrx_word' id='word_1_807' title='bbox 2712 5538 2848 5594; x_wconf 78' lang='lat' dir='ltr'><strong>Deus</strong></span> <span class='ocrx_word' id='word_1_808' title='bbox 2870 5540 2925 5594; x_wconf 87' lang='lat' dir='ltr'><strong>in</strong></span> <span class='ocrx_word' id='word_1_809' title='bbox 2955 5539 3132 5595; x_wconf 80' lang='lat' dir='ltr'><strong>diebus</strong></span> <span class='ocrx_word' id='word_1_810' title='bbox 3152 5554 3360 5602; x_wconf 80' lang='lat' dir='ltr'><strong>eorum;</strong></span> <span class='ocrx_word' id='word_1_811' title='bbox 3382 5538 3484 5594; x_wconf 90' lang='lat' dir='ltr'><strong>hoc</strong></span> <span class='ocrx_word' id='word_1_812' title='bbox 3508 5547 3592 5593; x_wconf 91' lang='lat' dir='ltr'><strong>est</strong></span> 
     </span>
    </p>
   </div>
   <div class='ocr_carea' id='block_1_114' title="bbox 2010 5626 3591 5702">
    <p class='ocr_par' dir='ltr' id='par_1_114' title="bbox 2010 5626 3591 5702">
     <span class='ocr_line' id='line_1_115' title="bbox 2010 5626 3591 5702; baseline -0.004 -14"><span class='ocrx_word' id='word_1_813' title='bbox 2010 5637 2064 5689; x_wconf 85' lang='lat' dir='ltr'><strong>in</strong></span> <span class='ocrx_word' id='word_1_814' title='bbox 2095 5634 2283 5688; x_wconf 85' lang='lat' dir='ltr'><strong>diebus</strong></span> <span class='ocrx_word' id='word_1_815' title='bbox 2318 5626 2540 5701; x_wconf 80' lang='lat' dir='ltr'><strong>antiquis</strong></span> <span class='ocrx_word' id='word_1_816' title='bbox 2566 5676 2579 5699; x_wconf 91' lang='lat'><strong>,</strong></span> <span class='ocrx_word' id='word_1_817' title='bbox 2611 5631 2823 5702; x_wconf 86' lang='lat' dir='ltr'><strong>quando</strong></span> <span class='ocrx_word' id='word_1_818' title='bbox 2848 5630 3197 5686; x_wconf 88' lang='lat' dir='ltr'><strong>lsraeliticum</strong></span> <span class='ocrx_word' id='word_1_819' title='bbox 3230 5631 3478 5701; x_wconf 90' lang='lat' dir='ltr'><strong>populum</strong></span> <span class='ocrx_word' id='word_1_820' title='bbox 3527 5628 3591 5683; x_wconf 90' lang='lat' dir='ltr'><strong>il-</strong></span> 
     </span>
    </p>
   </div>
   <div class='ocr_carea' id='block_1_115' title="bbox 2012 5720 3587 5792">
    <p class='ocr_par' dir='ltr' id='par_1_115' title="bbox 2012 5720 3587 5792">
     <span class='ocr_line' id='line_1_116' title="bbox 2012 5720 3587 5792; baseline -0.003 -12"><span class='ocrx_word' id='word_1_821' title='bbox 2012 5727 2198 5780; x_wconf 74' lang='lat' dir='ltr'><strong>lmsum</strong></span> <span class='ocrx_word' id='word_1_822' title='bbox 2233 5739 2327 5792; x_wconf 90' lang='lat' dir='ltr'><strong>per</strong></span> <span class='ocrx_word' id='word_1_823' title='bbox 2367 5723 2531 5778; x_wconf 88' lang='lat' dir='ltr'><strong>maris</strong></span> <span class='ocrx_word' id='word_1_824' title='bbox 2562 5720 2724 5776; x_wconf 85' lang='lat' dir='ltr'><strong>Rubri</strong></span> <span class='ocrx_word' id='word_1_825' title='bbox 2753 5722 2950 5776; x_wconf 85' lang='lat' dir='ltr'><strong>fluenta</strong></span> <span class='ocrx_word' id='word_1_826' title='bbox 2971 5720 3236 5787; x_wconf 81' lang='lat' dir='ltr'><strong>traduxit,</strong></span> <span class='ocrx_word' id='word_1_827' title='bbox 3267 5729 3322 5775; x_wconf 94' lang='lat' dir='ltr'><strong>et</strong></span> <span class='ocrx_word' id='word_1_828' title='bbox 3353 5720 3587 5775; x_wconf 82' lang='lat' dir='ltr'><strong>hostium</strong></span> 
     </span>
    </p>
   </div>
   <div class='ocr_carea' id='block_1_116' title="bbox 2013 5807 3588 5883">
    <p class='ocr_par' dir='ltr' id='par_1_116' title="bbox 2013 5807 3588 5883">
     <span class='ocr_line' id='line_1_117' title="bbox 2013 5807 3588 5883; baseline -0.004 -11"><span class='ocrx_word' id='word_1_829' title='bbox 2013 5831 2233 5872; x_wconf 88' lang='lat' dir='ltr'><strong>suorum</strong></span> <span class='ocrx_word' id='word_1_830' title='bbox 2264 5816 2382 5871; x_wconf 87' lang='lat' dir='ltr'><strong>sine</strong></span> <span class='ocrx_word' id='word_1_831' title='bbox 2404 5814 2588 5868; x_wconf 90' lang='lat' dir='ltr'><strong>labore</strong></span> <span class='ocrx_word' id='word_1_832' title='bbox 2619 5812 2833 5883; x_wconf 81' lang='lat' dir='ltr'><strong>preprio</strong></span> <span class='ocrx_word' id='word_1_833' title='bbox 2864 5809 2992 5866; x_wconf 86' lang='lat' dir='ltr'><strong>fecit</strong></span> <span class='ocrx_word' id='word_1_834' title='bbox 3028 5824 3149 5866; x_wconf 86' lang='lat' dir='ltr'><strong>esse</strong></span> <span class='ocrx_word' id='word_1_835' title='bbox 3194 5810 3441 5864; x_wconf 88' lang='lat' dir='ltr'><strong>victores.</strong></span> <span class='ocrx_word' id='word_1_836' title='bbox 3479 5807 3588 5865; x_wconf 81' lang='lat' dir='ltr'><strong>Hoc</strong></span> 
     </span>
    </p>
   </div>
  </div>
