3996 6346
1751 159 1804 172 ι’.)
1823 157 1897 170 μηδ’...

436 265 523 323 Sil

1630 208 1706 310 it.
1746 253 2024 313 ausum
2057 254 2467 315 CASSIODORI

3584 256 3699 318 312

436 380 811 453 argumentum
866 373 1064 431 dicitur
1098 373 1143 430 Α
1198 371 1355 429 dictis
1401 369 1666 443 factisque
1709 370 2007 441 majorum,
2036 370 2304 443 Ajudicii
2333 380 2579 444 tempore
2607 378 2816 432 constat
2842 373 3087 432 ﬁdelibus
3104 372 3525 432 concedendum.
3554 372 3699 433 Nam

401 497 404 500 ~
438 471 651 545 quando
679 469 970 527 testimonii
992 467 1199 538 pondus
1228 464 1544 536 gravissima
1573 470 1787 537 patrum
1829 472 2014 537 aucto-

439 566 598 623 ritate
630 564 893 621 ﬁrmatur.

509 656 664 713 Vere.
691 654 747 710 2.
782 653 970 708 Manus
1005 658 1095 705 tua
1122 656 1291 724 gentes
1329 649 1660 722 disperdidit,
1698 656 1748 705 et
1770 650 2018 720 plantasti

442 763 527 804 eos
556 762 578 804 :
607 745 829 819 amisisti
867 743 1103 815 populos,
1136 751 1186 797 et
1220 742 1454 813 repulisti
1488 757 1593 795 eos.
1626 740 1763 797 Hinc
1796 757 2020 799 enume-

440 841 578 898 ratio
606 840 799 895 decora
826 835 1091 906 procedit,
1124 842 1321 905 quanta
1351 832 1647 889 Israelitico
1677 835 1875 904 populo
1903 835 2013 889 vir-

444 938 535 987 tus
551 926 1098 997 divina'prtestiterit;
1133 932 1191 979 ut
1212 925 1470 980 beneﬁcia
1495 924 1710 979 Domini
1734 936 1788 981 et
1813 926 1870 981 in
1895 939 2021 996 pro-

372 1070 388 1085 .
444 1021 614 1092 aperis
631 1018 810 1083 rebus,
823 1026 877 1072 et
907 1017 959 1071 in
985 1016 1226 1071 adversis
1250 1031 1371 1087 qua:
1392 1015 1633 1071 dicturus
1655 1024 1740 1073 est
1763 1015 2021 1073 manifes-

442 1115 552 1170 tius
580 1113 906 1169 elucescant.
939 1110 1041 1165 Per
1064 1125 1270 1163 manum
1303 1109 1466 1180 (sicut
1490 1123 1635 1178 saepe
1664 1108 1868 1164 dictum
1910 1110 2020 1180 est)

443 1204 771 1276 signiﬁcatur
817 1209 1086 1273 potestas;
1142 1199 1264 1270 quia
1312 1214 1407 1268 per
1449 1199 1807 1270 tropologiam
1856 1214 2022 1255 manu

442 1298 654 1354 Domini
695 1304 883 1369 gentes
930 1293 1235 1349 referuntur
1280 1292 1514 1362 afﬂictae,
1570 1308 1667 1363 per
1712 1308 1873 1362 quam
1922 1308 2020 1351 nos

444 1391 677 1447 maxime
721 1389 959 1444 solemus
999 1387 1230 1457 operari.
1274 1386 1606 1443 Exeuntibus
1636 1388 1779 1443 enim
1812 1389 2016 1444 Amor-

444 1486 634 1554 rhaeis,
669 1487 755 1541 vel
782 1484 992 1540 caeteris
1019 1482 1087 1537 de
1112 1482 1343 1553 propriis
1384 1482 1565 1553 terris,
1601 1481 1811 1537 Hebraei
1837 1483 1889 1538 in
1929 1498 2022 1540 eo—

444 1593 566 1635 rum
596 1576 813 1633 sedibus
841 1576 1089 1645 leguntur
1112 1588 1233 1630 esse
1260 1574 1505 1644 plantati.
1555 1572 1792 1628 Plantati
1818 1575 1981 1644 plane
2003 1615 2020 1641 ,

446 1669 541 1741 qui
570 1682 825 1739 processu
850 1666 1055 1721 dierum
1079 1680 1303 1721 munere
1336 1664 1550 1720 Domini
1598 1666 1891 1721 crementis
1934 1665 2021 1736 ju-

2117 465 2207 535 qui
2238 464 2402 520 nimia
2429 466 2637 522 fuerant
2657 466 2947 523 afﬂictione
2972 466 3231 534 confecti,
3261 474 3543 524 resumunt
3571 471 3700 525 ani-

2119 572 2289 627 mum,
2331 567 2385 613 et
2414 559 2607 615 futuris
2635 574 2694 616 se
2721 560 2993 631 prosperis
3025 557 3377 615 consolantur
3402 557 3647 615 dicentes
3677 573 3697 614 :

2118 645 2188 703 In
2214 657 2262 704 te
2287 649 2519 706 inimicos
2548 658 2747 706 nostros
2773 650 3146 706 ventilabintus.
3187 648 3393 706 Inimics
3417 648 3707 708 umﬁlandi

2119 750 2243 797 sunt
2272 742 2455 797 divino
2486 743 2711 812 judicio,
2753 743 2967 815 quando
2994 758 3177 799 aream
3204 757 3355 799 suam
3397 742 3705 800 ventilabro

2119 832 2519 903 disceptatimtis
2536 833 2788 911 Salvator
2829 843 3014 891 noster
3040 835 3336 901 excutiens,
3383 834 3562 907 paleas
3606 848 3705 891 se-

2119 934 2361 997 questrat
2384 941 2415 982 a
2443 926 2703 997 frugibus.
2735 926 3014 999 Sequitur,
3049 936 3098 983 et
3122 928 3177 982 in
3208 928 3414 983 nomine
3446 936 3531 981 tuo
3554 942 3713 999 sper-

2120 1033 2299 1074 nemus
2324 1018 2646 1089 insurgentes
2679 1020 2733 1074 in
2762 1036 2879 1075 nos.
2915 1019 3066 1077 Tunc
3088 1018 3503 1077 contemnuntur
3527 1020 3714 1076 insur-

2121 1119 2313 1183 gentes,
2354 1112 2408 1168 id
2436 1119 2522 1168 est
2549 1113 2771 1184 spiritus
2802 1113 3085 1182 immundi,
3126 1113 3344 1186 quando
3368 1113 3561 1171 laedere
3593 1128 3712 1171 non

2122 1200 2398 1258 valebunt.
2458 1201 2615 1259 Modo
2667 1204 2811 1260 enim
2860 1204 2940 1260 illi
2988 1204 3292 1275 despiciunt
3332 1220 3467 1277 quos
3515 1214 3716 1275 postea

2118 1293 2247 1364 justi
2296 1296 2630 1364 spernendos
2659 1310 2781 1353 esse
2815 1296 3157 1369 iudicabunt.
3198 1295 3334 1352 Illud
3383 1298 3524 1352 enim
3556 1298 3717 1369 quod

2121 1401 2312 1443 manus
2333 1387 2543 1444 Domini
2562 1397 2753 1459 gentes
2775 1389 3049 1460 dispersit,
3077 1389 3220 1461 quod
3248 1388 3505 1444 Hebraeos
3526 1389 3581 1444 in
3618 1402 3715 1445 se—

2121 1481 2279 1538 dibus
2317 1497 2505 1537 eorum
2559 1483 2838 1553 plantavit,
2896 1483 3042 1554 quod
3075 1484 3153 1539 eis
3190 1482 3409 1539 donavit
3458 1483 3717 1537 inimicos

2120 1573 2239 1629 sine
2266 1573 2444 1642 aliquo
2484 1572 2668 1629 labore
2697 1587 2973 1643 superare,
3021 1573 3087 1629 ad
3119 1572 3263 1629 istud
3302 1572 3535 1645 pertinet
3563 1582 3716 1628 tem-

2121 1678 2243 1735 pus.
2299 1664 2413 1719 Hoc
2453 1672 2630 1720 autem
2660 1663 2803 1736 quod
2833 1664 3115 1720 ventilandi
3139 1672 3256 1719 sunt
3297 1664 3512 1731 inimici,
3562 1663 3717 1735 quod

448 1761 603 1833 gibus
630 1760 975 1833 augebantur.
1008 1759 1197 1830 Amisit
1218 1764 1394 1812 autem
1415 1758 1630 1829 populos
1656 1757 2015 1827 adversarios,
2044 1763 2096 1826 Β
2122 1758 2290 1815 hostis
2318 1759 2743 1816 contemnendus
2776 1759 3049 1830 antiquus,
3083 1760 3320 1828 pertinet
3350 1756 3417 1812 ad
3443 1756 3716 1827 judicium

449 1870 572 1912 cum
602 1852 938 1909 sacerdotum
968 1850 1112 1907 tubis
1141 1851 1458 1907 canentibus
1478 1851 1619 1907 muri
1648 1850 1866 1907 Jeric'no
1892 1867 2022 1909 cou-

450 1945 676 2017 fragosae
704 1944 850 1999 vocis
877 1945 1055 1999 sonitu
1085 1951 1407 1998 corruerunt
1449 1940 1597 2014 (los.
1621 1957 1697 2009 vr,
1725 1942 1857 2013 20);
1888 1957 2023 2014 quos

450 2042 520 2098 de
539 2040 751 2098 civitate
774 2046 984 2094 constat
1010 2036 1296 2108 expulsos,
1327 2035 1541 2107 quando
1567 2037 1726 2093 tantis
1752 2036 2023 2094 miraculis

450 2135 715 2192 obsistere
742 2132 1111 2205 nequiverunt.

523 2225 677 2283 Vers.
707 2226 762 2281 5.
796 2224 919 2280 Non
943 2226 1080 2280 enim
1124 2223 1180 2278 in
1210 2222 1385 2294 gladio
1424 2237 1516 2277 suo
1554 2222 1886 2294 possederunt
1917 2228 2024 2277 ter-

450 2334 584 2385 ram,
610 2326 658 2373 et
686 2317 950 2372 brachium
983 2331 1157 2371 eorum
1182 2331 1287 2370 non
1312 2315 1523 2370 salvavit
1542 2330 1645 2369 eos.
1678 2314 1756 2372 Ne
1778 2324 2027 2385 putarent

452 2409 665 2467 Hebraei
695 2410 1112 2478 triumphatores
1138 2408 1251 2463 suis
1277 2422 1339 2463 se
1363 2406 1564 2463 viribus
1591 2406 1878 2475 exstitisse,
1903 2422 2028 2478 pro-

453 2501 673 2557 ﬁtentur
702 2500 821 2556 illos
858 2515 965 2555 non
1004 2500 1058 2554 in
1096 2516 1188 2555 suo
1228 2499 1406 2570 gladio
1435 2499 1598 2555 fuisse
1635 2499 1901 2565 victores,
1928 2513 2029 2555 nec

453 2600 650 2648 terram
680 2594 917 2665 gentium
948 2593 1050 2648 sibi
1085 2592 1302 2663 propria
1351 2592 1666 2649 fortitudine
1704 2591 2023 2649 vindicasse.

456 2685 738 2740 Brachium
794 2700 893 2755 pro
939 2685 1133 2741 robore
1160 2684 1380 2755 dicitur,
1407 2685 1658 2755 quoniam
1708 2685 1826 2756 ipso
1872 2686 2029 2741 dimi-

452 2786 609 2835 cante
630 2788 911 2850 pugnatur.
944 2778 1048 2834 Sed
1095 2778 1238 2835 istud
1267 2778 1527 2833 brachium
1573 2793 1679 2835 non
1706 2793 1801 2834 eos
1832 2778 1901 2833 ab
1926 2778 2029 2835 ini-

451 2868 607 2924 micis
628 2868 858 2926 liberare
884 2869 1202 2940 praevaluit,
1233 2883 1367 2940 quos
1407 2871 1715 2939 specialiter
1740 2870 1913 2926 virtus
1941 2870 2027 2927 di-

452 2962 574 3018 vina
602 2963 833 3019 saluauit.
858 2962 948 3020 Sic
975 2963 1101 3019 dum
1126 2964 1472 3020 Hebraeorum
1499 2974 1649 3021 actus
1668 2975 2028 3036 exponuntur,

453 3053 687 3111 humano
714 3057 894 3126 generi
921 3057 1157 3126 proﬁcua
1186 3056 1428 3113 doctrina
1455 3066 1757 3127 praestatur.

2126 1852 2358 1906 futurum
2389 1890 2407 1919 ,
2446 1850 2537 1906 ubi
2580 1850 2700 1906 talis
2741 1859 2822 1907 est
2858 1850 3087 1906 victoria
3128 1849 3398 1923 facienda,
3444 1858 3501 1906 ut
3526 1848 3717 1924 omnia

2130 1942 2426 2014 probentur
2450 1942 2726 1999 subruisse
2751 1940 3069 1998 certamina.

2200 2034 2355 2092 Vers.
2385 2037 2440 2092 7.
2480 2035 2605 2091 Non
2626 2037 2763 2092 enim
2791 2037 2843 2090 in
2869 2051 2995 2090 arcu
3018 2050 3131 2090 meo
3150 2034 3389 2105 sperabo,
3429 2040 3479 2089 et
3504 2030 3720 2105 gladius

2127 2148 2274 2188 meus
2313 2148 2420 2187 non
2447 2124 2662 2187 salv'abit
2692 2148 2791 2187 me.
2849 2131 2981 2187 Fide
3015 2140 3071 2188 et
3109 2129 3414 2186 humilitate
3453 2132 3721 2181 consueta

2126 2226 2258 2283 dicit
2286 2226 2578 2282 multitudo
2603 2235 2912 2283 sanctorum
2954 2228 3006 2283 in
3036 2226 3200 2291 armis
3233 2240 3296 2282 se
3321 2238 3429 2280 non
3466 2228 3722 2291 speratu-

2128 2334 2242 2375 ram
2268 2332 2387 2374 esse
2415 2320 2663 2375 terrenis.
2716 2318 2878 2374 Arcus
2907 2320 3049 2374 enim
3089 2325 3171 2374 est
3198 2314 3507 2388 praesidium
3537 2313 3720 2370 bella-

2132 2410 2288 2479 toris,
2320 2408 2373 2464 in
2397 2424 2505 2479 quo
2534 2423 2686 2465 mens
2713 2408 2942 2465 humana
2971 2408 3210 2465 conﬁdit.
3245 2406 3582 2463 Prmliatores
3612 2418 3719 2464 au-

2132 2510 2240 2559 tem
2288 2501 2544 2557 mundani
2595 2502 2713 2573 plus
2763 2501 2831 2557 de
2875 2501 3051 2573 gladio
3094 2491 3447 2573 praesumunt.
3501 2496 3715 2565 Sagitta

2129 2595 2272 2651 enim
2302 2595 2615 2666 plerumque
2644 2596 2917 2651 incassum
2963 2594 3227 2660 mittitur;
3268 2590 3414 2649 ensis
3438 2603 3569 2645 vero
3595 2602 3721 2644 cer-

2130 2686 2351 2742 tissimae
2395 2687 2587 2742 mortis
2637 2695 2891 2757 operatur
2924 2685 3195 2742 eﬁ'ectum.
3247 2682 3586 2752 Quapropter
3613 2693 3722 2735 nec

2132 2778 2307 2850 ipsum
2330 2779 2431 2835 sibi
2456 2778 2711 2835 auxilium
2742 2778 2882 2836 ferre
2901 2778 3051 2847 dicit,
3076 2776 3219 2849 quod
3242 2776 3297 2832 in
3320 2774 3465 2833 bello
3487 2771 3721 2830 credunt

2129 2871 2378 2930 homines
2404 2873 2469 2929 ad
2501 2872 2806 2945 praesidium
2840 2874 2959 2943 plus
2988 2872 3186 2928 valere.

2196 2965 2685 3022 Yers.8.Liberasti
2715 2966 2850 3021 enim
2877 2982 2968 3021 nos
2996 2982 3059 3021 ea:
3092 2966 3247 3037 [ωδε.
3279 2966 3369 3033 A.,
3390 2967 3482 3033 Β..
3509 2963 3601 3033 F.,
3628 2959 3721 3035 de]

2129 3058 2463 3131 aﬁligentibus
2494 3075 2587 3114 nos
2619 3075 2638 3115 :
2681 3068 2731 3113 et
2774 3075 2856 3114 eos
2893 3059 2981 3130 qui
3019 3075 3112 3113 nos
3143 3058 3360 3113 oderunt
3406 3055 3719 3129 confudisti.

525 3146 678 3204 Vers.
710 3149 767 3206 4.
785 3147 890 3206 Sed
918 3150 1127 3205 dextera
1151 3158 1259 3218 tua,
1280 3159 1329 3206 et
1353 3150 1618 3206 brachium
1638 3162 1804 3223 tuum,
1828 3160 1876 3208 et
1903 3152 2027 3208 illu-
2049 3142 2098 3209 C
2128 3148 2465 3206 Conﬁdentia
2497 3149 2623 3205 fidei
2656 3148 2830 3204 futura
2855 3164 2949 3219 pro
2975 3149 3260 3219 praeteritis
3291 3149 3503 3215 dicunt,
3576 3161 3722 3218 quo-

454 3239 669 3295 minatio
693 3240 861 3296 uultus
902 3244 1025 3299 tui:
1060 3244 1301 3315 quoniam
1337 3244 1648 3316 complacuit
1676 3245 1767 3300 tibi
1809 3246 1861 3301 in
1899 3246 2025 3304 illis.

456 3330 567 3387 Sed
591 3333 796 3388 dextera
826 3344 933 3401 tua,
960 3342 1006 3390 et
1027 3336 1290 3392 brachium
1312 3346 1479 3406 tuum,
1507 3346 1555 3392 et
1583 3339 1892 3394 illuminatio
1915 3338 2029 3393 vul-

455 3435 536 3482 tus
582 3428 678 3494 tui,
710 3428 1068 3485 communiter
1113 3429 1443 3486 reddendum
1488 3437 1611 3500 est,
1664 3430 1878 3486 saluauit
1921 3446 2025 3489 eos.

454 3519 682 3576 Dextera
711 3520 853 3575 enim
873 3521 1138 3592 significat
1167 3536 1480 3593 prosperam
1505 3528 1736 3593 partem,
1760 3522 2029 3578 brachium

454 3609 858 3678 fortitudinem,
888 3613 1198 3669 illuminatio
1242 3614 1561 3682 consilium,
1607 3629 1727 3684 qua:
1769 3614 2027 3672 Dominus

455 3701 823 3772 praeliautibus
852 3703 1080 3773 confert,
1115 3705 1329 3775 quando
1358 3705 1637 3762 victoriam
1681 3705 1884 3763 donare
1911 3706 2028 3777 dig-

454 3803 636 3851 natur.
668 3795 773 3852 Sed
822 3812 891 3853 ne
917 3798 1225 3855 diceretur:
1254 3799 1440 3856 Patres
1484 3800 1649 3858 vestri
1690 3814 1790 3857 suo
1837 3801 2028 3858 merito

451 3886 791 3959 placuerunt,
814 3889 934 3945 ideo
960 3898 1086 3946 sunt
1116 3899 1261 3947 tanta
1286 3907 1319 3947 a
1348 3892 1577 3949 Domino
1605 3894 1916 3961 consecuti;
1946 3896 2029 3951 in-

451 3980 573 4036 tulit
600 3995 709 4037 non
738 3982 948 4039 meritis
967 3982 1149 4040 datum
1168 4024 1185 4051 ,
1216 3984 1310 4041 sed
1347 3985 1469 4056 quia
1499 3986 1572 4043 ita
1613 3986 1725 4043 Deo
1750 3987 1823 4044 sit
1862 3987 2028 4059 placi-

450 4080 562 4129 tum
585 4115 601 4142 ,
627 4075 778 4146 cujus
801 4084 884 4132 est
912 4078 1197 4149 gratuitum
1226 4093 1387 4136 omne
1415 4079 1557 4150 quod
1605 4089 1841 4150 praestat.
1874 4082 2029 4139 Com-

450 4164 644 4236 placuit
677 4168 837 4223 etiam
877 4168 933 4222 in
980 4168 1117 4237 illis,
1159 4171 1371 4241 quando
1398 4171 1467 4227 de
1518 4179 1631 4228 toto
1667 4172 1868 4229 mundo
1911 4174 2024 4230 sola

450 4269 583 4327 gens
608 4256 777 4313 electa
810 4266 915 4325 est,
946 4259 1012 4315 de
1040 4275 1144 4331 qua
1170 4260 1418 4317 Salvator
1439 4263 1699 4320 Dominus
1721 4264 2021 4323 adveniret.

520 4344 675 4402 Vers.
708 4346 764 4403 5.
799 4346 875 4401 Tu
914 4365 965 4402 es
994 4350 1105 4419 ipse
1133 4351 1245 4407 Rea:
1270 4368 1412 4409 meus
1440 4362 1488 4410 et
1529 4354 1669 4410 Deus
1720 4371 1893 4425 meus,
1940 4358 2027 4427 qui

2129 3238 2275 3293 niam
2314 3240 2456 3307 apud
2487 3252 2583 3294 eos
2613 3253 2718 3294 non
2746 3246 2831 3294 est
2874 3238 3117 3309 dubium,
3165 3238 3306 3310 quod
3336 3238 3586 3294 absolute
3622 3253 3720 3295 n04

2127 3337 2255 3384 runt
2293 3342 2413 3384 esse
2436 3335 2747 3384 venturum.
2797 3327 3112 3384 Liberandos
3155 3343 3284 3398 ergo
3330 3343 3391 3385 se
3433 3328 3621 3384 dicunt
3661 3330 3722 3386 in

2130 3420 2368 3478 secundo
2405 3422 2639 3477 adventu
2670 3422 2882 3477 Domini
2933 3437 2964 3477 a
3015 3423 3391 3493 persecutione
3428 3423 3722 3491 spirituum

2132 3514 2514 3586 pessimorum,
2554 3514 2769 3585 quieos
2808 3514 2896 3570 hic
2925 3515 3308 3585 multiplicibus
3337 3512 3547 3571 insidiis
3582 3512 3722 3569 affli-
3802 3520 3811 3527 '

2131 3622 2256 3679 gere
2284 3622 2392 3662 non
2423 3606 2715 3663 desistunt.
2745 3606 2897 3663 Tunc
2924 3607 3069 3663 enim
3100 3608 3259 3678 plane
3289 3606 3539 3662 liberandi
3568 3617 3721 3672 sunt,

2128 3698 2342 3770 quando
2365 3699 2433 3755 ab
2467 3713 2654 3755 eorum
2697 3707 2961 3770 potestate
2983 3700 3259 3768 tollentur,
3299 3708 3357 3755 ut
3387 3698 3613 3755 ulterius
3638 3699 3721 3755 eis

2136 3806 2247 3849 non
2266 3792 2426 3850 liceat
2452 3791 2522 3849 de
2548 3792 2912 3849 innocentium
2938 3792 3250 3864 fatigatione
3274 3790 3545 3865 gaudere;
3572 3790 3720 3862 quod

2130 3884 2188 3942 in
2216 3886 2322 3943 isto
2363 3894 2512 3942 certe
2553 3885 2754 3941 saeculo
2798 3886 3117 3958 generaliter
3156 3900 3263 3941 non
3304 3893 3479 3955 potest
3526 3899 3719 3955 prove-

2129 3981 2267 4039 nire.
2301 3982 2699 4053 Confunduntur
2723 3983 2887 4038 etiam
2914 3982 3007 4052 qui
3034 3981 3221 4037 beatos
3245 3978 3478 4035 oderunt
3502 3995 3518 4046 ;
3544 3992 3718 4049 quan-

2129 4072 2201 4130 do
2219 4072 2297 4129 illi
2327 4081 2526 4129 mterna
2547 4072 2753 4129 ultione
2775 4072 3120 4139 damnantur,
3145 4073 3322 4143 justus
3347 4077 3528 4127 autem
3550 4069 3718 4126 calo-

2129 4180 2249 4221 rum
2278 4179 2442 4236 regna
2468 4165 2756 4235 recipiunt.

2203 4259 2360 4317 Vera.
2393 4259 2447 4317 9.
2492 4260 2559 4315 In
2580 4258 2689 4314 Deo
2718 4258 3042 4314 laudabimur
3063 4266 3168 4313 tota
3195 4257 3278 4312 die
3305 4272 3323 4311 :
3353 4264 3400 4311 et
3425 4256 3478 4310 in
3508 4255 3717 4310 nomine

2131 4356 2217 4403 tuo
2247 4350 2598 4420 conﬁtebimur
2639 4351 2693 4405 in
2720 4349 2929 4405 sarcula.
2980 4348 3081 4416 Qui
3107 4348 3315 4415 dicunt,
3362 4346 3714 4415 laudabimur,

448 4437 666 4494 mandas
691 4437 909 4517 salutem
934 4439 1115 4497 Jacob.
1145 4440 1279 4500 Cum
1302 4444 1565 4502 dixissent
1606 4446 1701 4503 ﬁlii
1731 4447 1890 4517 Core,
1923 4447 2027 4505 hoc
2131 4440 2184 4496 in
2211 4440 2387 4497 futuro
2414 4456 2475 4499 se
2506 4442 2823 4513 proﬁtentur
2850 4456 2972 4498 esse
3004 4439 3413 4511 pradicandos;
3459 4438 3556 4495 sed
3594 4437 3716 4494 sine

362 4552 363 4555 η
446 4540 531 4589 est
558 4530 784 4603 populus
802 4514 1092 4591 beatorum
1120 4553 1133 4590 :
1158 4536 1241 4591 Tu
1290 4552 1343 4593 es
1371 4538 1481 4608 ipse
1507 4538 1622 4595 Rex
1661 4554 1825 4610 meus,
1856 4514 1910 4598 id
1941 4550 2024 4599 εει
2048 4544 2105 4608 p
2130 4533 2434 4605 arrogantia
2478 4534 2761 4606 designant
2798 4535 3023 4605 gloriam
3072 4548 3246 4604 suam,
3297 4532 3389 4604 qui
3431 4548 3490 4589 se
3518 4532 3572 4586 in
3604 4530 3717 4587 Deo

445 4623 703 4681 Dominus
731 4633 786 4681 et
820 4624 1084 4696 Salvator,
1115 4629 1201 4683 cui
1242 4643 1439 4686 nomen
1481 4631 1621 4702 regis
1682 4631 2023 4691 manifestum
2130 4634 2397 4682 testantur
2421 4644 2530 4683 esse
2550 4628 2858 4682 laudandos.
2890 4626 3021 4682 Tota
3041 4626 3125 4681 die
3153 4633 3467 4697 perpetuum
3496 4632 3713 4696 tempus

380 4794 391 4801 κ
445 4723 528 4772 est
554 4717 841 4775 convenire
866 4734 882 4785 ;
911 4717 1154 4787 Addidit,
1181 4729 1229 4775 et
1272 4719 1413 4776 Deus
1442 4738 1624 4789 meus;
1653 4738 1722 4779 ne
1748 4724 2025 4784 dubitares
2135 4722 2395 4790 ostendit,
2426 4722 2567 4793 quod
2594 4737 2702 4779 non
2724 4722 2889 4778 habet
2913 4730 3149 4788 noctem,
3180 4718 3319 4791 quod
3349 4718 3406 4774 in
3433 4717 3524 4774 illa
3554 4729 3711 4774 aeter-

444 4810 732 4867 Dominum
756 4811 937 4868 Iesum
966 4810 1238 4868 Christum
1274 4814 1364 4883 qui
1393 4821 1447 4869 et
1471 4815 1609 4884 patri
1648 4825 1835 4873 nostro
1862 4818 2026 4875 Iacob
2131 4815 2301 4873 nitate
2346 4817 2649 4886 proveniet,
2692 4816 2781 4871 ubi
2821 4815 2947 4888 juge
2991 4816 3317 4887 praeconium
3366 4813 3711 4885 cognoscitur

444 4902 661 4957 salutem
686 4904 948 4973 propitius
971 4905 1288 4970 transmisit,
1335 4905 1549 4976 quando
1576 4922 1697 4961 eum
1746 4907 1869 4964 fecit
1896 4923 2021 4965 cum
2132 4925 2252 4966 esse
2290 4910 2595 4966 beatorum.
2620 4909 2724 4967 Sed
2752 4924 2818 4966 ne
2842 4909 3097 4966 crederes
3123 4909 3329 4964 etiosos
3356 4908 3587 4973 futuros,
3616 4905 3708 4977 qui

444 4994 633 5064 angelo
660 4993 888 5065 gloriosa
910 4998 1311 5055 concertatione
1340 4998 1555 5054 luctari.
1587 4998 1857 5055 Mandavit
1877 5002 2020 5057 enim
2126 5017 2187 5060 se
2233 5006 2289 5059 in
2330 5003 2439 5059 Deo
2474 5002 2733 5059 dixerunt
2776 5018 2882 5060 esse
2925 5002 3234 5069 laudandos,
3285 5000 3605 5073 proﬁtentur
3647 5014 3709 5056 se

442 5085 520 5141 illi
558 5085 799 5154 salutem,
831 5088 1043 5158 quando
1070 5089 1273 5145 audivit
1309 5104 1405 5160 per
1450 5092 1696 5160 angelum
1729 5091 1887 5146 :Jam
1920 5109 2021 5148 non
2088 5097 2099 5108 '
2126 5112 2338 5169 quoque
2359 5097 2628 5168 praeconia
2654 5097 2863 5153 Domini
2879 5095 3081 5169 jugiter
3101 5108 3393 5166 personare
3417 5111 3430 5148 :
3454 5091 3706 5163 quoniam

441 5175 625 5229 diceris
650 5173 834 5245 Iacob,
862 5177 951 5231 sed
973 5176 1147 5233 Israel
1175 5178 1327 5252 (Gen.
1354 5197 1530 5246 xxxn,
1550 5181 1666 5250 28).
1692 5180 1822 5235 Nam
1853 5184 2021 5249 quod-
2127 5191 2243 5260 ipsa
2270 5197 2353 5246 est
2379 5191 2648 5246 beatitudo
2666 5190 2934 5261 justorum
2963 5190 3247 5246 Dominuut
3272 5188 3490 5244 laudare
3513 5200 3700 5258 perpe-

440 5264 575 5320 lihet
603 5264 735 5322 illud
784 5276 981 5324 nostra:
1036 5271 1326 5326 voluntatis
1362 5270 1513 5341 147
1561 5271 1858 5338 arbitrium,
1909 5289 2014 5332 non

2132 5288 2247 5348 Lue;
2288 5283 2505 5337 satietas
2530 5297 2648 5352 quae
2684 5297 2954 5354 nunquam
2983 5282 3132 5337 novit
3162 5282 3363 5337 habere
3384 5279 3661 5335 fastidium
3686 5295 3702 5345 ;

441 5369 537 5423 Per
565 5369 685 5427 n05,
711 5357 807 5415 κά
837 5373 932 5431 Per
956 5359 1113 5417 aliam
1140 5361 1519 5417 consuevimus
1540 5361 1796 5419 mandare
1824 5379 2016 5435 perso-
2120 5371 2292 5429 fames
2313 5388 2434 5445 quae
2460 5372 2529 5429 de
2548 5372 2873 5431 abstinentia
2900 5381 3074 5429 matre
3094 5387 3202 5429 non
3226 5372 3503 5438 nascitur;
3532 5368 3697 5425 avidi-

440 5460 586 5504 nam.
2121 5474 2203 5523 tas
2228 5482 2351 5538 qua:
2380 5467 2449 5523 de
2471 5467 2677 5539 jejunio
2704 5481 2808 5523 non
2839 5474 3073 5524 creatur.

515 5539 670 5599 Vers.
711 5542 766 5600 6.
805 5541 874 5600 In
896 5552 945 5601 te
969 5544 1203 5600 inimicos
1223 5551 1421 5601 nostros
1447 5544 1843 5615 ventilabimus;
1882 5558 1930 5605 et
1959 5552 2015 5607 in

438 5636 641 5691 nomine
678 5646 765 5695 tuo
792 5655 1085 5712 spernemus
1122 5639 1439 5710 insurgentes
1482 5639 1535 5695 in
1575 5656 1684 5695 nos.
1737 5639 2016 5699 Venerunt

438 5740 698 5804 martyres
724 5732 791 5788 ad
822 5731 954 5790 illud
979 5746 1149 5805 genus
1178 5730 1515 5791 liberationis
1542 5732 1820 5805 eximium,
1869 5735 2009 5807 quod

2192 5559 2346 5616 Vers.
2373 5561 2461 5615 10.
2504 5558 2659 5615 Nunc
2687 5572 2853 5615 autem
2875 5558 3111 5629 repulisti
3149 5563 3198 5615 et
3245 5556 3524 5627 confudisti
3562 5568 3696 5610 nos:

2119 5659 2167 5705 et
2198 5668 2299 5705 non
2326 5653 2600 5724 egretﬁeris
2623 5652 2762 5709 Deus
2789 5654 2840 5708 in
2862 5653 3130 5708 virtutibus
3156 5652 3367 5707 nostris.
3396 5650 3522 5708 Post
3547 5648 3693 5734 illam

2122 5740 2286 5801 futuri
2318 5744 2502 5804 saeculi
2534 5745 2947 5804 inenarrabilem
2974 5746 3409 5816 retributionem,
3437 5740 3692 5803 venerunt
