4004 6342
225 291 315 388 εςιὲ

1113 311 1469 375 EXPOSITIO
1506 310 1573 369 IN
1609 311 2072 374 PSALTERIUM.
2102 315 2294 375 PSAL.
2337 312 2523 372 XLI".

3351 317 3456 376 514

227 452 290 527 pii
311 452 557 520 martyres
580 449 648 499 ad
672 441 960 500 secundam
987 447 1215 512 partem.
1266 439 1510 497 dicentes
1543 453 1639 511 per
1666 438 1766 494 hos
1795 438 1851 501 Α
1874 436 2030 491 detur
2056 437 2299 505 accipere
2324 436 2492 503 Deus,
2538 448 2661 492 cum
2687 435 2824 493 bene
2850 436 3057 494 meritis
3085 437 3299 511 populis
3328 439 3458 495 sub-

227 556 332 606 octo
383 553 560 598 versus
609 535 893 593 inferiores
947 550 1084 606 quas
1137 531 1463 589 afflictiones
1520 533 1774 603 praesenti
1874 529 2025 598 jugat
2050 527 2313 583 inﬁdeles.
2359 527 2544 582 Tradit
2573 529 2714 584 enim
2746 529 3096 602 irreligiosos,
3127 539 3186 588 ut
3216 531 3458 601 acquirat

225 652 441 712 tempore
467 633 825 698 sustinebant,
859 639 915 686 et
941 643 1212 700 nunquam
1243 642 1274 682 a
1305 626 1518 681 Domini
1553 638 1777 680 venera-

229 737 351 790 tione
375 731 626 786 ullatenus
655 725 1025 782 discedebant.
1059 723 1188 790 Quae
1221 721 1392 791 ﬁgura
1434 719 1632 773 dicitur
1665 732 1777 773 em-

225 827 403 897 phasis,
431 822 480 876 id
505 830 587 876 est
608 817 970 890 exaggeratio,
1000 813 1219 886 quando
1239 827 1352 868 rem
1385 810 1616 881 aliquam
1647 809 1778 864 mul-

224 922 280 975 tis
302 920 351 972 in
372 930 524 972 unum
551 911 792 969 collectis
820 908 1102 965 doloribus
1132 907 1456 976 allegamus,
1510 913 1568 958 ut
1600 903 1777 958 bene-

224 1011 478 1066 volentiam
507 1005 704 1075 judicis
736 1003 1064 1058 enumeratis
1093 998 1486 1056 calamitatibus
1512 998 1774 1066 impetre-

222 1118 340 1159 mus.
390 1097 621 1154 Dicendo
650 1099 793 1150 enim
823 1113 835 1147 :
873 1093 1027 1148 Nunc
1054 1101 1244 1157 autem,
1281 1090 1580 1161 signiﬁcant
1613 1103 1673 1143 se
1709 1088 1778 1143 de

219 1191 386 1248 futuris
427 1188 756 1258 temporibus
798 1184 958 1255 paulo
1003 1193 1128 1239 ante
1175 1181 1401 1238 dixisse.
1446 1181 1512 1235 Et
1557 1180 1777 1234 intuere

219 1299 356 1356 quam
401 1281 630 1336 mirabili
671 1277 863 1334 ordine
912 1286 1103 1332 cuncta
1152 1275 1460 1330 decurrant.
1517 1271 1778 1342 liepulisti

216 1373 454 1446 signiﬁcat
496 1372 812 1428 dilationem
860 1384 1020 1441 quam
1075 1368 1281 1423 sanctis
1334 1365 1622 1436 provenire
1671 1377 1778 1418 non

215 1470 413 1525 dubium
442 1476 525 1522 est
581 1482 594 1520 :
649 1466 770 1536 quia
799 1480 905 1521 non
941 1465 1049 1531 hic,
1103 1463 1197 1518 sed
1231 1463 1284 1518 in
1315 1461 1494 1516 futuro
1523 1461 1628 1515 illis
1659 1475 1782 1530 per-

214 1563 336 1616 fecta
382 1557 657 1614 beatitudo
703 1556 1053 1628 promittitur.
1110 1554 1403 1625 Confudisti
1455 1553 1601 1607 illam
1652 1551 1784 1607 dicit

213 1653 478 1723 gloriosam
496 1648 874 1706 confusionem
899 1663 1058 1719 quam
1076 1656 1346 1718 martyres
1377 1645 1632 1712 subeunt,
1657 1657 1781 1698 cum

213 1744 401 1813 injuriis
436 1741 772 1811 affliguntur,
828 1739 1060 1794 fustibus
1103 1738 1482 1802 verberantur,
1539 1743 1593 1790 et
1635 1734 1784 1788 velut

1879 617 2274 674 devotissimos.
2291 617 2608 690 Tunclﬁs
2619 627 2792 675 autem
2815 622 2964 690 quasi
2977 622 3085 677 sine
3105 621 3267 691 pretio
3287 621 3459 677 vendit

1879 714 2042 777 Deus,
2075 713 2287 782 quando
2314 711 2625 782 alienigenis
2647 713 2989 783 af‘fligendum
3015 714 3178 769 tradit
3201 713 3456 785 populum

1879 803 2260 862 Christianum.
2298 803 2447 870 Quod
2481 804 2539 857 fit
2571 805 2878 875 frequenter
2904 807 3115 862 occulto
3136 806 3336 877 judicio
3366 813 3459 862 aut

1881 899 1945 954 ad
1968 899 2295 970 probationis
2322 898 2597 964 meritum,
2621 907 2711 952 aut
2730 899 2795 953 ad
2817 899 3165 955 correctionis
3187 899 3458 956 effectum.

1881 993 1948 1048 Et
1994 1002 2116 1047 nota
2154 993 2256 1047 hoc
2294 1005 2460 1061 genus
2507 991 2795 1046 locutionis
2833 993 2973 1048 inter
3014 993 3226 1064 prepria
3267 993 3460 1049 divinat

1880 1084 2169 1155 Scriptum
2209 1084 2628 1150 connumerari;
2681 1091 2739 1138 ut
2784 1084 2990 1139 dicatur
3033 1086 3330 1151 venditum,
3369 1085 3459 1142 ubi

1882 1193 1987 1233 non
2015 1185 2228 1232 constat
2254 1177 2480 1247 pretium
2508 1177 2714 1232 datum.
2741 1176 2982 1246 Addidit,
3009 1186 3060 1231 et
3086 1195 3186 1232 non
3211 1179 3306 1249 fuit
3329 1179 3462 1232 mul-

1881 1270 2044 1324 titudo
2073 1270 2124 1323 in
2154 1269 2628 1322 commutationibus
2665 1284 2861 1323 eorum.
2913 1267 3170 1323 Homines
3197 1269 3286 1338 qui
3316 1283 3463 1323 com-

1882 1371 2109 1429 mutant,
2153 1361 2365 1416 traditae
2395 1362 2470 1415 rei
2508 1363 2654 1430 paria
2687 1370 3129 1429 consequuntur;
3177 1360 3265 1416 hic
3285 1369 3461 1414 autem

1883 1456 1995 1511 Deo
2039 1455 2181 1510 nulla
2225 1452 2508 1508 multitudo
2551 1453 2708 1522 pretii
2746 1452 2800 1506 in
2839 1461 3001 1507 tantae
3042 1453 3120 1507 rei
3151 1468 3465 1522 compensa-

1884 1549 2030 1604 tione
2063 1547 2328 1617 provenit,
2372 1546 2583 1618 quando
2605 1544 2894 1600 Christiani
2935 1552 3062 1598 sunt
3095 1544 3302 1610 traditi,
3338 1543 3466 1598 dum

1885 1653 2256 1712 persecutores
2299 1657 2483 1698 eorum
2515 1642 2742 1697 Domino
2772 1657 2876 1696 non
2909 1641 3202 1712 probentur
3239 1644 3465 1710 accepti.

1886 1735 2167 1804 Quomodo
2193 1737 2336 1792 enim
2368 1750 2496 1791 vero
2520 1735 2631 1790 Deo
2662 1742 2910 1804 poterant
2943 1749 3065 1791 esse
3092 1734 3253 1806 grati,
3288 1733 3468 1804 profa-

212 1837 503 1891 criminibus
536 1833 756 1889 obnoxii
803 1833 965 1888 morti
1019 1846 1125 1905 non
1167 1831 1418 1886 desinunt
1466 1826 1775 1896 mancipari.
1812 1836 1860 1896 Β
1887 1835 1970 1888 nis
1991 1830 2458 1902 superstitionibus
2487 1829 2755 1885 involuti?

212 1927 277 1982 De
315 1927 499 1982 talibus
547 1940 761 1996 quoque
810 1925 942 1979 dicit
970 1924 1308 1994 Apostolus:
1358 1921 1554 1987 Quibus
1594 1921 1779 1991 dignus

211 2034 302 2072 non
329 2027 433 2073 erat
459 2019 685 2071 mundus
719 2015 904 2087 (Hebr.
931 2031 1007 2082 xi,
1045 2016 1161 2085 58).
1187 2014 1294 2070 Sed
1316 2014 1524 2082 respice
1553 2011 1695 2082 quod
1725 2011 1780 2066 in

212 2109 300 2163 isto
328 2110 526 2165 saeculo
554 2117 822 2180 martyres
860 2108 999 2162 inter
1021 2107 1230 2178 iniquos
1264 2106 1512 2162 homines
1547 2103 1778 2160 confun-

211 2198 420 2266 duntur,
484 2200 639 2269 impii
685 2210 862 2256 autem
912 2199 1050 2268 apud
1085 2213 1273 2254 verum
1310 2198 1552 2254 Judicem
1597 2195 1782 2252 aeterni

211 2293 468 2361 epprobrii
524 2292 765 2363 pondera
816 2290 1174 2347 sustinebunt.
1231 2290 1336 2346 Sed
1394 2290 1494 2345 ista
1538 2288 1784 2345 confusio

208 2385 451 2452 perducet
482 2385 550 2439 ad
579 2385 800 2455 gloriam
833 2404 846 2440 :
879 2385 967 2439 illa
998 2398 1126 2439 vero
1150 2382 1217 2438 ad
1241 2383 1399 2438 exitia
1431 2381 1780 2451 sempiterna.

209 2477 340 2532 Nunc
368 2488 551 2533 autem
580 2479 717 2534 Deus
755 2495 856 2532 non
893 2478 1150 2550 egreditur
1178 2478 1233 2532 in
1275 2477 1542 2530 virtutibus
1579 2483 1783 2544 marty-

207 2583 327 2636 rum,
361 2569 582 2639 quando
605 2584 699 2625 eos
730 2568 1164 2624 tribulationibus
1207 2567 1408 2634 subdit,
1456 2575 1512 2621 et
1557 2564 1786 2620 diversis

209 2664 543 2734 passionibus
567 2661 750 2717 tradit.
782 2662 934 2717 Tunc
963 2661 1106 2716 enim
1138 2659 1489 2733 egrediebatur
1510 2659 1564 2711 in
1588 2657 1788 2711 uirtuti-

205 2757 278 2811 bus
338 2756 724 2820 Hebraeorum,
761 2753 976 2824 quando
998 2752 1116 2809 sine
1144 2753 1330 2808 labore
1357 2751 1612 2821 prostrati
1639 2760 1784 2816 sunt,

205 2850 279 2918 qui
318 2865 379 2905 se
409 2858 606 2904 contra
638 2849 866 2904 electum
895 2847 1152 2919 populum
1185 2846 1393 2916 erigere
1421 2851 1781 2900 tentaverunt.

206 2943 341 3005 Ouod
371 2942 441 2997 ad
479 2941 908 2998 consolationem
952 2942 1120 2997 sancti
1150 2939 1334 3011 populi
1369 2938 1639 3008 pertinere
1680 2951 1786 2991 non

207 3033 411 3090 dubium
437 3043 524 3090 est
549 3051 564 3101 ;
595 3050 662 3090 ne
687 3036 807 3106 quis
829 3042 1010 3104 patres
1030 3048 1157 3090 suos
1184 3031 1529 3087 felicissimos
1550 3028 1788 3099 graviter

207 3126 377 3194 ferret,
407 3143 535 3183 eum
566 3127 680 3198 ipse
706 3127 917 3181 Domini
943 3125 1392 3197 permissionibus
1422 3121 1714 3191 affligatur.

1958 1931 2108 1987 Vers.
2136 1931 2221 1986 14.
2264 1929 2495 1984 Posuisti
2518 1947 2610 1986 nos
2639 1931 2692 1985 in
2709 1931 3037 2002 Opprobrium
3058 1929 3236 1984 vicinis
3260 1930 3466 1998 nostris,

1885 2021 2109 2077 derisum
2131 2029 2176 2075 et
2202 2030 2549 2091 contemptum
2581 2022 2658 2075 Itis
2679 2023 2766 2091 qui
2798 2023 2850 2075 in
2880 2021 3094 2075 circuitu
3129 2029 3302 2075 nostro
3330 2029 3468 2075 sunt.

1885 2114 2222 2168 Enumerant
2273 2121 2470 2182 quanta
2513 2114 2727 2168 fuerant
2756 2113 3046 2170 afflictione
3091 2113 3358 2184 perculsi;
3416 2120 3472 2170 ut

1886 2208 2025 2264 inter
2062 2222 2328 2262 aerumnas
2359 2207 2680 2278 multiplices
2718 2207 3016 2262 devotionis
3045 2206 3277 2278 qualitas
3305 2221 3472 2276 auge-

1885 2310 2055 2356 retur.
2090 2299 2282 2357 Gravis
2309 2300 2452 2356 enim
2481 2307 2565 2356 est
2589 2299 2812 2355 afflictio
2833 2315 2989 2370 quam
3021 2299 3253 2370 patimur
3285 2314 3313 2354 a
3336 2299 3471 2354 vici-

1886 2393 1987 2460 nis,
2017 2392 2140 2464 quia
2189 2407 2295 2448 non
2328 2393 2641 2449 transitorie
2661 2394 2876 2461 dicitur,
2904 2393 3046 2464 quod
3071 2408 3098 2448 a
3121 2394 3474 2449 circumstan-

1886 2487 2030 2541 tibus
2069 2485 2268 2556 jugiter
2305 2486 2616 2556 imputatur.
2657 2485 2788 2541 Nam
2829 2485 2972 2555 quod
3016 2486 3151 2543 dicit
3186 2505 3199 2542 :
3249 2485 3475 2542 Posuisti

1888 2594 2002 2644 nos,
2048 2577 2287 2632 ostendit
2332 2578 2663 2632 immobilem
2693 2579 3024 2648 passionem.
3067 2577 3142 2633 lbi
3181 2577 3322 2632 enim
3351 2577 3474 2632 diu-

1891 2677 2077 2723 turnus
2102 2669 2223 2738 quis
2254 2682 2375 2723 esse
2402 2669 2660 2735 creditur,
2693 2669 2783 2724 ubi
2811 2653 2864 2724 et
2891 2670 3098 2738 positus
3129 2669 3478 2739 approbatur.

1895 2758 2243 2830 Opprobrium
2270 2768 2455 2813 contra
2497 2759 2727 2828 probum
2762 2759 2992 2829 positum
3024 2768 3108 2814 est
3138 2775 3153 2823 ;
3197 2773 3318 2812 nam
3343 2759 3479 2814 sicut

1891 2851 2067 2906 omnia
2101 2850 2263 2920 proba
2285 2850 2478 2906 decora
2505 2859 2652 2917 sunt,
2675 2849 2750 2905 sic
2774 2849 3075 2905 indecentia
3101 2857 3294 2904 cuneta
3322 2863 3480 2904 mon-

1893 2952 2128 2998 strantur
2159 2943 2467 3012 opprobria.
2519 2941 2624 2996 Sed
2667 2942 2808 2997 istud
2846 2942 3176 3012 approbrium
3206 2956 3310 2997 non
3364 2949 3481 2998 erat

1891 3042 2018 3090 ante
2073 3041 2418 3104 conspectum
2453 3033 2687 3102 Domini,
2733 3034 2826 3089 sed
2875 3041 3001 3089 ante
3045 3032 3231 3088 oculos
3274 3033 3482 3088 vicino-

1895 3143 2044 3197 rum,
2097 3129 2185 3197 qui
2245 3127 2332 3182 illa
2376 3136 2635 3183 noverant
2690 3127 2954 3198 judicare,
3007 3142 3126 3198 quae
3161 3128 3482 3198 depravatus

273 3218 422 3273 Vers.
457 3219 548 3274 11.
593 3219 828 3273 Avertisti
868 3233 960 3273 nos
993 3226 1268 3272 retrorsum
1302 3231 1408 3286 pro:
1442 3215 1661 3269 inimicis
1691 3229 1788 3267 ηο·
1820 3233 1868 3301 C
1901 3235 2094 3278 sensus
2138 3221 2427 3276 docebatur
2475 3220 2772 3276 advertere.
2826 3219 3037 3276 Derisus
3079 3235 3207 3276 vero
3252 3236 3355 3277 vox
3400 3229 3483 3278 est

208 3311 314 3364 stris
338 3327 357 3364 :
385 3318 434 3365 et
458 3313 546 3382 qui
584 3326 676 3365 nos
697 3311 915 3367 oderunt
947 3311 1256 3383 diripiebant
1295 3310 1411 3365 sibi.
1453 3313 1690 3364 Aversos
1733 3321 1793 3363 se

209 3401 256 3456 in
285 3403 384 3459 hoc
416 3404 628 3460 mundo
655 3413 779 3460 ante
801 3404 1050 3460 inimicos
1074 3419 1200 3460 suos
1231 3418 1352 3460 esse
1386 3411 1669 3470 testantur,
1698 3402 1791 3472 qui

210 3494 604 3567 insequentium
627 3496 940 3552 discrimina
968 3497 1292 3552 vitaverunt.
1334 3497 1507 3552 Averti
1538 3505 1621 3552 est
1648 3496 1794 3552 enim

211 3584 410 3641 hostem
444 3589 725 3643 carnalem
753 3587 979 3659 fugere;
1017 3589 1155 3643 sicut
1190 3596 1516 3658 prazceptum
1551 3596 1636 3643 est
1680 3604 1695 3642 :
1735 3587 1798 3643 Si

212 3693 290 3732 vos
318 3681 573 3748 persecuti
618 3681 809 3752 fuerint
855 3680 910 3733 in
942 3678 1036 3733 hac
1065 3681 1289 3746 civitate,
1345 3680 1503 3750 fugite
1550 3685 1604 3732 in
1641 3679 1800 3732 aliam

213 3769 421 3838 (Matth.
456 3789 518 3840 x,
550 3772 672 3844 25).
718 3773 969 3843 Sequitur
1013 3788 1029 3828 :
1073 3771 1140 3826 Et
1175 3772 1261 3842 qui
1288 3788 1379 3826 nos
1413 3773 1630 3826 oderunt
1665 3771 1800 3825 diri-

212 3860 406 3928 piebant
450 3864 569 3918 sibi.
621 3862 732 3918 Hoc
762 3863 898 3918 solet
929 3861 1124 3932 fugatis
1148 3875 1451 3932 emergere,
1489 3870 1546 3915 ut
1572 3862 1623 3914 in
1652 3859 1800 3916 dire-

212 3953 441 4022 ptionem
472 3957 823 4028 praedamque
846 3957 1059 4024 cadant,
1090 3956 1181 4027 qui
1204 3956 1445 4012 hostibus
1469 3956 1688 4013 minime
1717 3969 1802 4011 re-

212 4046 402 4104 sistere
432 4055 760 4120 potuerunt.{

280 4143 440 4200 Vers.
476 4147 566 4201 l2.
613 4147 809 4202 Dedisti
849 4164 940 4202 nos
984 4157 1227 4218 tanquam
1257 4163 1369 4202 oves
1399 4148 1468 4201 ad
1498 4163 1664 4202 escam
1695 4147 1802 4220 led.

211 4237 467 4310 escarum]
497 4257 510 4294 :
547 4248 592 4294 et
614 4241 664 4293 in
690 4241 916 4311 gentibus
939 4239 1226 4308 dispersisti
1267 4255 1380 4296 nos.
1417 4240 1548 4296 Cum
1579 4239 1760 4294 dicunt
1788 4256 1804 4299 :

211 4326 430 4397 Dedisti,
480 4333 781 4404 significant
814 4335 990 4389 omnia
1021 4334 1200 4389 divina
1241 4341 1504 4405 potestate
1534 4334 1806 4391 distribui.

212 4420 411 4481 Ferunt
440 4429 587 4482 enim
621 4428 844 4484 traditos
872 4444 930 4486 se
960 4431 1208 4501 gentibus
1238 4439 1487 4502 tanquam
1519 4432 1682 4502 lupis,
1716 4432 1806 4503 qui

212 4518 369 4574 molle
393 4535 564 4590 pecus
587 4521 846 4577 devorare
871 4531 1218 4579 consuerunt.
1245 4522 1378 4578 Esca
1393 4524 1536 4579 enim
1565 4523 1808 4594 luporum

1899 3314 2122 3372 confusa
2153 3314 2374 3382 laetitiae,
2415 3314 2813 3369 insultationem
2837 3328 2988 3369 suam
3022 3313 3370 3370 immoderata
3400 3313 3484 3371 hi-

1897 3407 2110 3463 laritate
2137 3405 2476 3462 denuntians.
2525 3403 2851 3477 Cantemmus
2883 3405 3146 3477 signiﬁcat
3192 3407 3484 3476 abjectissi-

1899 3515 2041 3558 mam
2067 3500 2356 3566 vilitatem,
2392 3513 2552 3569 quam
2581 3508 2846 3571 martyres
2869 3497 3080 3554 Domini
3109 3497 3288 3554 traditi
3311 3498 3484 3554 diver-

1903 3594 1979 3650 sis
2020 3592 2359 3665 passiouibus
2403 3592 2761 3648 sustinebant.
2820 3592 2922 3659 Qui
2965 3592 3018 3645 in
3063 3591 3277 3647 circuitu
3310 3600 3486 3647 nostro

1901 3693 2062 3751 sunt;
2103 3683 2309 3740 scilicet
2334 3683 2577 3739 inﬁdeles
2605 3692 2658 3739 et
2686 3681 2921 3753 perfidos
2955 3682 3192 3753 exponit,
3231 3682 3320 3754 qui
3355 3696 3487 3753 qua-

1902 3791 2219 3848 quaversum
2251 3790 2466 3846 semper
2515 3775 2811 3842 ambulant,
2867 3788 2968 3832 nec
3008 3775 3289 3832 nobiscum
3331 3782 3480 3830 recto

1903 3868 2151 3941 dogmate
2175 3868 2508 3940 gradiuntur.

1975 3973 2129 4030 Vers.
2164 3974 2248 4028 15.
2297 3971 2527 4025 Posuisti
2567 3987 2660 4025 nos
2697 3971 2752 4024 in
2776 3969 3165 4024 similitudinem
3205 3968 3436 4042 gentibus
3468 3986 3488 4025 :

1907 4065 2290 4118 commotionem
2314 4063 2495 4132 capitis
2518 4062 2570 4115 in
2591 4062 2838 4132 plebibus.
2887 4060 3115 4130 Respice
3147 4076 3240 4130 per
3267 4060 3484 4130 ﬁguram

1907 4154 2257 4223 anaphoram,
2285 4169 2402 4222 quae
2421 4152 2607 4208 Latine
2628 4152 2816 4207 relatio
2828 4151 3044 4217 dicitur,
3076 4151 3295 4208 verbum
3316 4153 3488 4223 ipsum

1910 4244 2196 4310 iteratum;
2250 4244 2299 4299 id
2341 4251 2422 4299 est
2451 4243 2686 4314 posuisti,
2729 4241 2872 4313 quod
2921 4243 2974 4296 in
3005 4243 3177 4312 capite
3207 4241 3491 4298 anterioris

1909 4349 2095 4391 versus
2119 4334 2230 4404 jam
2275 4334 2475 4391 dictum
2520 4341 2638 4401 est;
2683 4341 2742 4388 ut
2790 4332 3040 4405 frequens
3086 4333 3334 4414 repetitio
3383 4333 3491 4388 vim

1913 4427 2176 4498 passionis
2207 4433 2511 4498 exaggeret.
2539 4424 2799 4498 Martyres
2826 4425 2974 4482 enim
3003 4424 3056 4480 in
3083 4421 3490 4480 similitudinem

1915 4519 2112 4577 Christi
2137 4521 2386 4592 gentibus
2415 4527 2628 4576 constat
2656 4521 2950 4590 appositos,
2978 4518 3194 4589 quando
3220 4533 3313 4573 eos
3344 4530 3490 4571 com-

215 4620 294 4666 est
317 4614 500 4670 ovium
530 4625 811 4672 mansueta
839 4617 1184 4688 simplicitas;
1210 4632 1330 4689 quae
1353 4618 1674 4689 martyribus
1705 4632 1810 4673 me—
1837 4628 1892 4689 Β
1915 4614 2133 4685 paribus
2174 4615 2346 4684 poenis
2384 4623 2438 4670 et
2483 4612 2810 4668 cruciatibus
2853 4611 3160 4666 affecerunt.
3211 4609 3493 4664 Commotio

215 4704 313 4757 rito
358 4716 730 4776 comparatur,
787 4709 876 4778 qui
924 4724 953 4763 a
1001 4710 1437 4779 persecutoribus
1479 4711 1590 4766 suis
1639 4709 1809 4765 occidi

215 4794 326 4850 sine
363 4799 864 4855 concertationibus
910 4802 1275 4872 acquiescunt.
1337 4801 1612 4872 Sequitur,
1659 4809 1706 4854 et
1759 4801 1813 4854 in

216 4889 445 4956 gentibus
486 4892 782 4961 dispersisti
825 4907 937 4946 nos.
997 4893 1247 4949 Diversos
1275 4894 1576 4964 signiﬁcant
1606 4894 1810 4963 ﬁdeles,

219 4994 348 5050 quos
370 4984 538 5039 modo
572 4995 870 5056 martyrum
901 4985 1061 5042 deflet
1090 4987 1282 5058 pietas,
1316 4988 1404 5058 qui
1427 4988 1674 5059 gentibus
1698 4997 1811 5042 tra-

222 5073 338 5141 diti,
389 5077 703 5133 libertatem
734 5093 884 5134 snam
912 5095 1033 5134 eum
1067 5081 1402 5149 patrimoniis
1442 5081 1804 5151 perdiderunt.

221 5165 370 5232 Quod
403 5169 576 5224 variis
599 5171 926 5240 temporibus
955 5171 1022 5226 de
1051 5170 1367 5226 Christianis
1398 5172 1608 5242 populis
1636 5172 1810 5227 divina

217 5257 627 5329 dispensatione
673 5260 968 5332 perfectum
1011 5269 1134 5327 est;
1184 5268 1242 5316 ut
1285 5277 1378 5331 per
1411 5263 1811 5319 tribulationum

222 5356 542 5422 temporalia
572 5343 730 5422 mala,
773 5357 1023 5422 gloriosa:
1055 5355 1399 5412 beatitudinis
1442 5357 1580 5412 bona
1620 5373 1813 5415 conse-

219 5458 454 5519 quantur
485 5459 712 5507 :nterna.

286 5540 449 5598 Vers.
489 5545 579 5598 l3.
625 5544 915 5600 Vendidisti
955 5543 1204 5617 populum
1225 5552 1370 5598 tuum
1393 5542 1503 5598 sine
1527 5543 1730 5613 pretio:
1773 5551 1820 5598 et

219 5653 320 5691 non
346 5640 449 5708 fuit
471 5639 751 5694 multitudo
772 5639 825 5693 in
851 5637 1329 5694 commutationibus
1356 5651 1554 5691 eorum.
1579 5635 1692 5690 Hoc
1713 5648 1821 5690 non

221 5729 488 5788 debemus
516 5733 762 5803 accipere
799 5733 902 5788 sub
932 5733 1294 5803 increpatione
1318 5729 1544 5796 dictum,
1575 5729 1669 5785 sed
1701 5743 1821 5801 my-

221 5823 378 5896 stica,
409 5832 476 5882 ut
495 5823 663 5897 solet,
693 5825 954 5892 allusione
979 5824 1263 5904 prolatum.
1295 5822 1538 5880 Pretium
1569 5820 1711 5880 enim
1742 5819 1822 5878 vi-

1913 4723 2043 4764 vero
2070 4709 2251 4774 capitis
2289 4707 2623 4762 inimicorum
2649 4713 2705 4760 et
2731 4704 3054 4774 martyribus
3082 4702 3321 4772 contigit,
3373 4716 3493 4772 quas

1916 4801 2051 4856 facta
2082 4808 2162 4855 est
2207 4799 2261 4854 in
2303 4799 2553 4869 passione
2591 4796 2802 4852 Domini
2843 4794 3179 4860 Salvatoris;
3233 4793 3371 4849 sicut
3413 4793 3492 4848 le-

1913 4894 2093 4966 gitur:
2149 4891 2330 4948 Locuti
2372 4901 2489 4948 sunt
2534 4892 2681 4948 labiis
2711 4901 2757 4947 et
2801 4897 3064 4946 moverunt
3113 4898 3262 4961 caput
3317 4887 3493 4961 (Psal.

1914 5001 2023 5052 xxi,
2059 4983 2139 5054 8).

1991 5077 2143 5133 Vers.
2171 5076 2259 5132 16.
2305 5075 2435 5131 Tota
2465 5076 2547 5131 die
2571 5073 2870 5130 uerecundia
2913 5089 3029 5129 mea
3065 5082 3244 5129 contra
3284 5090 3364 5130 me
3399 5083 3494 5142 est,

1915 5183 1962 5230 et
2001 5175 2234 5245 confusio
2275 5174 2442 5228 vultus
2487 5172 2588 5225 mei
2615 5170 2812 5239 operuit
2852 5184 2948 5224 me.
3001 5168 3149 5226 Solet
3175 5170 3495 5226 verecundia

1918 5267 1984 5323 ad
2014 5275 2343 5322 momentum
2371 5263 2576 5330 venire,
2607 5273 2660 5317 et
2681 5262 2826 5317 brevi
2851 5272 3090 5334 tempore
3110 5262 3292 5319 sedata
3323 5263 3499 5318 disce-

1915 5358 2067 5415 dere.
2120 5356 2225 5412 Ista
2255 5370 2382 5412 vero
2420 5354 2737 5425 gravissima
2766 5354 2883 5422 fuit,
2923 5370 3043 5426 quae
3068 5355 3265 5424 jugiter
3293 5366 3501 5424 perma-

1925 5455 2105 5511 nebat.
2141 5453 2269 5507 Erat
2292 5452 2446 5507 enim=
2465 5458 2587 5506 ante
2612 5449 2799 5505 oculos
2825 5449 3005 5520 populi
3032 5448 3204 5504 sancti
3233 5444 3498 5502 immode-

1926 5554 2041 5601 rata
2069 5543 2409 5610 verecundia,
2436 5540 2833 5613 vehemensque
2856 5539 3122 5608 confusio,
3147 5537 3358 5610 quando
3378 5537 3503 5592 illos

1926 5637 2024 5692 sibi
2053 5637 2248 5708 iugiter
2278 5635 2537 5692 insultare
2567 5636 2839 5700 cernebat,
2879 5647 3013 5704 quos
3043 5631 3234 5701 impios
3258 5643 3379 5686 esse
3408 5641 3503 5683 co-

1928 5736 2204 5797 gnoverat.
2259 5727 2325 5782 Et
2353 5727 2589 5793 intuere,
2637 5724 2924 5795 descriptio
2962 5721 3302 5778 verecundiae
3343 5730 3503 5787 quam

1930 5818 2124 5879 decora
2150 5817 2516 5890 consequitur.
2559 5816 2693 5878 Nam
2722 5817 2949 5889 quodam
2983 5813 3144 5885 pallio
3174 5804 3506 5868 confusionis
