3996 6346
547 393 654 457 515

1733 391 1802 450 Μ.
1842 390 2124 451 Αυῐιειιι
2163 387 2564 449 CASSIODORI

3702 387 3812 452 516

544 522 748 577 Vultum
781 531 936 575 suum
967 515 1096 572 dicit
1121 517 1454 582 coopertum,
1492 510 1619 564 dum
1650 505 1791 564 nube
1828 507 2118 577 sanguinea
2151 507 2208 567 Α
2237 517 2426 557 revera
2458 500 2549 556 ﬁlii
2579 509 2733 556 erant
2757 498 3115 556 sanCIissima:
3142 500 3339 571 cruciS,
3381 516 3504 558 cum
3535 503 3654 561 talia
3680 519 3812 578 sen-

544 613 704 669 facies
727 614 843 683 ejus
875 607 1199 664 inflammata
1221 601 1482 658 rutilavit.
1520 599 1624 658 Sed
1653 614 1774 656 cum
1803 598 1960 667 dicit,
1991 613 2116 665 ope-

543 709 648 763 ruit
673 723 774 773 me,
801 719 904 760 non
932 702 1102 758 solum
1128 696 1571 767 permutationem
1599 693 1801 760 vultus,
1836 689 1931 746 sed
1961 691 2119 746 etiam

553 801 714 855 totius
741 794 980 865 corporis
1002 788 1252 847 indicavit
1282 788 1583 843 horrorem.

616 913 766 968 Vers.
792 910 876 964 17.
907 907 951 962 Α
980 921 1095 962 voce
1121 903 1473 975 exprobrantis
1494 910 1542 956 et
1562 899 1872 970 obloquentis
1893 912 1914 954 :
1935 915 1969 952 a
1993 897 2125 968 facie

547 1006 736 1062 inimici
761 1013 809 1060 et
849 1000 1212 1073 persequentis.
1255 999 1431 1067 Usque
1459 995 1525 1050 ad
1559 996 1716 1050 istum
1751 1007 1962 1048 versum
1992 1005 2124 1046 con-

546 1097 768 1154 fusionis
816 1094 961 1150 illius
1006 1091 1297 1159 descriptio
1345 1098 1650 1158 perseverat
1691 1103 1704 1142 :
1749 1101 1892 1142 nunc
1934 1083 2127 1140 dicitur

549 1187 689 1243 unde
723 1187 868 1242 venit
911 1185 1004 1242 ille
1045 1196 1233 1239 roseus
1272 1181 1518 1248 amicuts,
1572 1181 1660 1250 qui
1709 1178 1904 1234 nudam
1938 1178 2124 1233 faciem

545 1279 746 1334 coloris
777 1277 860 1332 sui
892 1275 1124 1346 tegmine
1157 1273 1432 1330 vestiebat.
1485 1270 1813 1344 Exprobrare
1851 1280 1934 1328 est
1961 1271 2017 1324 in
2047 1269 2125 1326 fa-

544 1370 680 1424 ciem
727 1367 1070 1428 maledicere.
1119 1366 1270 1434 quasi
1314 1363 1560 1418 indecora
1607 1363 1828 1417 crimina
1878 1361 2126 1432 jaculari.

550 1459 775 1530 Obloqui
826 1467 910 1514 est
955 1459 1162 1514 absenti
1203 1457 1508 1522 detrahere,
1559 1465 1612 1510 et
1660 1454 1850 1509 doloso
1895 1454 2128 1522 aliquem

546 1567 801 1609 sermone
831 1552 1096 1606 mordere.
1133 1550 1175 1604 A
1207 1550 1335 1619 facie
1356 1549 1568 1612 inimici,
1608 1546 1663 1610 id
1693 1556 1774 1601 est
1796 1547 1922 1601 dum
1954 1546 2131 1616 proxi-

545 1661 686 1700 mum
716 1645 866 1700 videt
904 1643 994 1713 qui
1035 1658 1154 1698 eum
1187 1641 1486 1710 capitaliter
1529 1639 1656 1694 odit.
1710 1638 1777 1692 Et
1805 1653 1872 1692 ne
1913 1645 2129 1706 putares

546 1734 913 1792 adversarium
947 1735 1143 1800 levem,
1199 1731 1422 1796 addidit,
1473 1739 1520 1784 et
1563 1729 1944 1799 persequentis;
1987 1726 2128 1796 quod

545 1827 724 1881 odium
755 1826 1009 1897 probatur
1039 1824 1359 1879 acerrimum
1384 1837 1398 1887 ;
1433 1820 1555 1890 quia
1583 1834 1688 1874 non
1717 1818 1889 1873 solum
1930 1832 2122 1886 corpus

2233 596 2457 651 tiebant.

2301 689 2454 746 Vers.
2471 687 2560 745 20.
2593 688 2847 757 Quoniam
2868 687 3151 745 humiliasti
3167 706 3258 743 nos
3280 689 3332 742 in
3357 687 3466 743 loco
3487 691 3774 762 aﬁiictionis
3788 706 3810 749 .'

2229 793 2275 837 et
2301 781 2563 851 coeperuit
2590 798 2680 835 nos
2703 781 2881 848 umbra
2901 781 3099 838 mortis.
3131 781 3380 836 Reddunt
3405 798 3620 839 causam
3646 799 3812 854 quare

2229 875 2367 928 viam
2390 883 2444 927 et
2469 873 2691 928 semitas
2718 873 3042 929 asseruerint
3064 873 3227 928 fuisse
3255 873 3454 930 divisas
3481 889 3498 941 ;
3528 887 3810 946 propterea

2230 965 2351 1035 quia
2380 963 2511 1019 sein
2543 964 2652 1017 loco
2674 963 2964 1034 aﬂlictionis
2984 1006 2998 1031 ,
3033 963 3084 1019 id
3111 973 3193 1018 est
3222 965 3272 1018 in
3303 965 3405 1024 isto
3431 967 3627 1021 mundo
3652 967 3817 1023 humi-

2229 1057 2385 1112 liatos
2424 1071 2548 1132 esse
2571 1064 2858 1125 testantur,
2893 1058 2982 1128 qui
3011 1068 3092 1113 est
3117 1057 3364 1114 ﬁdelibus
3401 1061 3542 1115 locus
3577 1063 3811 1132 afﬂictio.

2230 1151 2328 1216 nis,
2363 1148 2504 1216 unde
2525 1149 2863 1218 compunctio
2884 1150 3118 1204 nascitur
3149 1159 3204 1206 et
3233 1151 3519 1220 pmnitudo
3545 1151 3812 1208 succedit.

2231 1243 2503 1316 Sequitur,
2553 1254 2603 1300 st
2641 1245 2901 1317 coeperuit
2931 1261 3024 1300 nos
3053 1246 3233 1299 umbra
3255 1246 3454 1300 mortis.
3501 1244 3638 1312 Viue
3667 1245 3816 1302 istius

2230 1339 2514 1391 transitum
2535 1337 2739 1401 dicunt,
2779 1336 2870 1406 qui
2905 1335 3106 1392 sanctis
3136 1343 3190 1390 et
3217 1335 3593 1406 peccatoribus
3625 1336 3816 1405 proba-

2231 1437 2319 1483 tur
2344 1444 2464 1484 esse
2512 1431 2832 1485 communis.
2887 1429 3155 1484 Craterum
3209 1443 3337 1483 vera
3383 1443 3528 1483 mors
3577 1428 3672 1484 illa
3721 1437 3813 1496 est,

2231 1535 2332 1592 qua
2369 1519 2526 1592 149
2557 1521 2700 1590 impii
2724 1529 2920 1575 :eterna
2952 1520 3296 1574 damnatione
3324 1521 3642 1589 puniuntur.

2303 1613 2454 1669 Vers.
2479 1611 2568 1667 ‘Zl.
2615 1612 2674 1669 Si
2715 1613 2857 1666 obliti
2888 1628 3061 1666 sumus
3111 1627 3294 1664 nomen
3325 1609 3421 1664 Dei
3451 1610 3612 1664 nostri
3637 1625 3656 1664 :
3679 1619 3754 1665 .et
3778 1613 3817 1665 si

2231 1707 2568 1776 expendimus
2599 1721 2780 1758 ntanus
2809 1713 3007 1758 nostras
3037 1704 3105 1758 ad
3132 1703 3286 1757 Deum
3309 1703 3561 1758 alienum.
3590 1702 3717 1773 Ipse
3736 1713 3816 1758 est

2251 1799 2556 1853 intellectus
2587 1813 2742 1868 quem
2774 1798 2955 1852 titulus
2981 1797 3116 1851 dixit
3148 1795 3394 1851 absolute
3439 1794 3680 1878 ﬁdelium
3706 1813 3722 1861 ;
3767 1807 3818 1850 ut

545 1881 902 1986 exstinguere,
951 1915 1042 1971 sed
1085 1917 1225 1986 ipsas
1251 1881 1464 1968 animas
1487 1912 1712 1982 cupiunt
1739 1924 1832 1965 sua
1865 1881 2124 1980 pravitate
2155 1881 2202 1942 Β
2229 1889 2395 1945 Dem“
2420 1891 2658 1986 ηθδοῖθξη
2686 1890 2938 1986 {memmi
2963 1903 3062 1944 nec
3082 1887 3466 1986 (ξωίνξδεεηίυτ
3481 1903 3631 1986 θὲιξπηι
3674 1887 3819 1986 Cum

535 2007 829 2063 trucidare.

611 2129 768 2185 Vers.
803 2127 890 2185 18.
934 2126 1061 2182 Haec
1105 2127 1276 2183 omnia
1301 2135 1542 2182 uenerunt
1563 2142 1720 2197 super
1741 2140 1856 2192 nos,
1895 2133 1943 2180 et
1981 2123 2126 2179 obliti

535 2232 642 2288 non
666 2234 842 2274 sumus
863 2226 912 2272 te
937 2233 956 2272 :
978 2227 1022 2272 et
1050 2217 1223 2286 inique
1250 2234 1353 2272 non
1381 2219 1575 2289 egimus
1604 2218 1659 2271 in
1685 2225 1980 2273 testamento
2011 2226 2121 2269 tuo.

541 2309 819 2366 Venerunt
847 2309 943 2364 ﬁlii
970 2309 1109 2364 Core
1143 2308 1212 2364 ad
1259 2307 1606 2378 professionis
1645 2323 1756 2362 suae
1791 2305 2124 2376 gloriosissi-

545 2419 690 2474 mam
736 2401 1047 2472 ﬁrmitatem
1073 2418 1110 2470 ;.
1146 2411 1204 2456 ut
1243 2399 1524 2457 ostendant
1554 2398 1707 2456 nobis
1733 2398 1936 2468 quasvis
1989 2397 2124 2452 mala

543 2509 650 2554 non
679 2509 777 2549 nos
805 2495 1002 2550 debere
1031 2508 1061 2548 a
1091 2493 1286 2549 Christi
1317 2492 1484 2564 gratia
1525 2506 1810 2562 segregare
1835 2508 1848 2554 ;
1881 2491 2019 2545 sicut
2045 2488 2128 2544 di-

542 2586 614 2640 cit
645 2585 932 2654 Aposwlus
961 2603 971 2637 :
1007 2585 1133 2653 Quis
1161 2601 1252 2638 nos
1279 2583 1532 2654 separabit
1560 2601 1592 2638 a
1612 2584 1861 2637 charitate
1881 2581 2074 2636 Christi
2103 2582 2129 2635 .9

542 2676 852 2746 Tributatio,
883 2693 951 2731 an
982 2677 1242 2750 angustia,
1274 2693 1342 2731 an
1371 2679 1553 2746 (ames,
1593 2693 1665 2730 an
1705 2676 1913 2730 auditas
1941 2675 2122 2745 (Rom.

540 2783 650 2838 vni,
677 2770 814 2841 55)?
841 2779 948 2826 etc.
1003 2769 1239 2826 Dicendo
1275 2769 1440 2833 enim,
1489 2769 1597 2824 lucc
1627 2770 1819 2839 omnia,
1863 2767 1930 2824 ad
1961 2782 2123 2824 unum

539 2861 800 2932 colligunt
838 2876 958 2934 qua:
999 2871 1170 2918 tractu
1209 2862 1488 2932 superiore
1533 2861 1822 2926 dixerunt;
1878 2870 1934 2916 ut
1962 2863 2008 2917 si
2036 2861 2124 2918 di-

538 2967 724 3023 spersa
752 2952 920 3010 levius
947 2955 1342 3024 acciperentur,
1389 2954 1446 3009 in
1490 2969 1653 3008 unum
1690 2953 1962 3008 cumulum
1995 2968 2126 3009 con-

541 3051 753 3114 grcgata
776 3043 1214 3112 grandescerent.
1262 3044 1413 3110 Quod
1449 3056 1823 3112 argumentum
1855 3044 2053 3100 dicitur
2080 3045 2125 3100 Α

541 3137 841 3203 tormentis,
871 3137 1086 3204 quando
1111 3152 1210 3206 per
1237 3146 1316 3192 tot
1345 3137 1485 3191 mala
1511 3152 1846 3208 nequaquam
1885 3137 2120 3194 ﬁdelium

541 3229 750 3284 animus
784 3234 954 3297 potuit
1001 3229 1298 3285 immutari.
1361 3227 1612 3284 Venerunt
1642 3246 1797 3300 super
1829 3247 1942 3297 nos,
1971 3233 2120 3301 quasi

541 3319 652 3374 fera
701 3321 980 3388 terribilis,
1031 3322 1181 3390 quasi
1228 3320 1422 3376 ﬂuvius
1467 3323 1826 3380 turbulentus.
1890 3324 1952 3376 Et
1993 3325 2119 3394 quia

541 3411 688 3470 Solet.
705 3412 884 3483 gravis
912 3412 1183 3468 tribulatio
1213 3412 1277 3468 de
1300 3413 1494 3468 animis
1525 3414 1777 3482 abjicere,
1819 3413 1963 3482 .quod
1997 3423 2122 3470 ante

537 3507 658 3581 quis
686 3507 833 3564 visus
875 3516 957 3562 est
998 3507 1331 3572 credidisse;
1383 3507 1642 3578 adjiciunt
1681 3523 1788 3562 non
1837 3522 1897 3563 se
1926 3507 2121 3568 oblitos

535 3597 707 3676 fuisse
722 3597 1001 3672 Dominum
1027 3599 1164 3654 inter
1195 3605 1300 3652 tatu
1325 3597 1645 3667 multiplices
1667 3613 1930 3654 terumnas
1955 3614 1971 3651 :
1995 3597 2120 3654 dum

541 3691 713 3761 magis
755 3690 1060 3770 iniquorum
1109 3693 1484 3762 persecutione
1511 3695 1787 3760 commoti,
1839 3708 1868 3746 a
1901 3693 2122 3750 Domino

539 3787 734 3860 iugiter
763 3788 1018 3844 auxilium
1050 3789 1401 3859 postularent.
1452 3788 1726 3858 Sequitur,
1753 3798 1801 3844 et
1824 3791 1994 3860 inique
2023 3807 2124 3846 non

540 3880 733 3951 egimus
755 3880 807 3934 in
838 3889 1134 3935 testamento
1165 3888 1298 3947 tuo;
1344 3880 1446 3936 hoc
1482 3890 1565 3936 est
1588 3881 1728 3951 quod
1759 3882 2029 3948 dixerunt,
2075 3893 2124 3938 et

541 3972 684 4028 obliti
712 3990 812 4028 non
852 3991 1024 4028 sumus
1052 3983 1117 4028 te.
1172 3973 1305 4042 Nam
1337 3974 1426 4044 qui
1463 3974 1612 4028 illum
1644 3982 1826 4030 mente
1870 3975 2124 4045 retinent,

540 4073 656 4140 ejus
684 4076 1059 4123 testamentum
1091 4067 1336 4123 nesciunt
1364 4067 1625 4122 oblivisci.
1652 4067 1754 4122 Sed
1779 4083 1898 4122 cum
1925 4067 2124 4125 Latina:

542 4157 824 4216 locutionis
851 4161 938 4228 sit,
975 4169 1032 4215 ut
1067 4159 1310 4215 dicamus
1341 4159 1495 4216 obliti
1531 4173 1635 4214 non
1668 4175 1853 4214 sumus
1883 4159 1976 4226 tui,
2024 4159 2127 4215 hoc

543 4252 815 4322 proprium
845 4252 1038 4307 divina:
1067 4252 1356 4323 Scriptura:
1385 4260 1468 4308 est
1495 4251 1635 4322 quod
1674 4253 1748 4305 ait
1773 4273 1786 4308 :
1836 4251 1994 4306 οὺιίιὶ
2025 4269 2126 4306 non

543 4357 715 4396 sumus
746 4352 808 4397 te.

619 4460 771 4518 Vers.
798 4457 884 4516 l9.
927 4459 996 4515 Et
1030 4477 1131 4515 non
1153 4463 1359 4517 recessit
1391 4471 1528 4517 retro
1555 4477 1643 4517 cor
1665 4473 1892 4518 nostrum
1916 4479 1935 4519 :
1965 4473 2010 4520 et
2040 4465 2132 4519 de-

540 4552 745 4608 stinasti
771 4552 979 4606 semitas
1005 4563 1206 4607 nostras
1234 4569 1266 4606 a
1293 4553 1372 4606 via
1401 4562 1510 4606 tua.
1559 4553 1727 4608 Retro
1760 4555 1896 4610 redit
1917 4570 2009 4611 cor
2035 4571 2129 4611 eo-

2234 1982 2437 2038 nomini
2466 1981 2644 2037 crucis
2688 1981 3042 2051 impressione
3086 1979 3248 2036 dicati
3302 1989 3445 2034 sunt.
3501 1979 3637 2034 Nam
3685 1980 3818 2052 quod

2233 2074 2436 2130 addunt
2479 2091 2492 2128 :
2545 2073 2610 2127 Et
2649 2075 2694 2128 si
2729 2075 3074 2144 expendimus
3104 2089 3286 2129 manus
3313 2083 3512 2128 nostras
3556 2073 3625 2127 ad
3659 2071 3818 2126 Deum

2228 2169 2472 2236 alienum,
2526 2177 2770 2223 orantem
2819 2167 3155 2250 describunt,
3210 2169 3299 2240 qui
3352 2171 3520 2226 tensis
3571 2169 3814 2234 manibus

2228 2275 2444 2316 crucem
2472 2261 2642 2330 ipsam
2665 2275 2824 2329 quam
2854 2259 3033 2317 fronte
3063 2261 3275 2328 recipit,
3320 2262 3563 2332 corporis
3591 2263 3683 2318 sui
3723 2262 3819 2319 for-

2229 2368 2314 2408 ma
2348 2353 2603 2434 restituit.
2650 2353 2763 2408 Hoc
2798 2355 2940 2409 enim
2977 2354 3276 2412 ﬁdelissimi
3333 2369 3440 2412 non
3481 2355 3682 2424 alieno,
3734 2357 3818 2413 sed

2231 2459 2329 2500 suo
2364 2445 2589 2501 Domino
2629 2446 2810 2516 utique
2842 2446 3148 2516 faciebant;
3182 2456 3240 2504 ut
3266 2449 3669 2519 perseverantia
3701 2449 3814 2504 illos

2232 2537 2416 2594 ﬁdeles
2447 2549 2734 2610 assereret,
2785 2541 2876 2610 qui
2921 2541 3111 2596 mutati
3150 2541 3228 2598 tet
3263 2541 3682 2598 adversitatibus
3721 2559 3817 2600 non

2229 2627 2478 2684 fuissent.

2302 2719 2456 2776 Vers.
2479 2720 2570 2775 22.
2606 2720 2796 2777 Nonne
2819 2722 2955 2780 Deus
2981 2725 3203 2796 requiret
3227 2726 3326 2782 ista
3347 2726 3374 2794 1’
3400 2727 3510 2797 ipse
3532 2728 3674 2782 enim
3694 2727 3819 2785 norit

2232 2813 2432 2867 occulta
2465 2814 2656 2868 cordis.
2707 2813 2914 2882 Nonne,
2943 2830 3062 2870 cum
3095 2817 3337 2890 pondere
3374 2819 3820 2888 pronuntiandum

2229 2914 2312 2961 est
2342 2907 2640 2977 :quoniam
2665 2907 3038 2978 gravissimum
3069 2921 3152 2966 est
3180 2911 3318 2980 apud
3347 2911 3666 2978 Dominum,
3706 2912 3820 2967 siin

2229 3004 2344 3072 ejus
2374 3003 2631 3075 religione
2675 3015 2951 3074 peccetur.
3009 3006 3285 3080 Requirere
3330 3016 3510 3068 autem
3563 3006 3820 3071 solemus,

2232 3095 2446 3164 quando
2496 3095 2583 3150 illa
2627 3095 2998 3151 desideramus
3048 3111 3363 3166 agnoscere,
3416 3112 3538 3174 quas
3584 3108 3820 3154 noetram

2230 3186 2476 3241 novimus
2504 3185 2894 3243 conscientiam
2921 3204 3024 3244 non
3051 3196 3256 3245 tenere.
3281 3187 3421 3244 Deus
3446 3197 3627 3245 autem
3649 3189 3823 3245 sciens

2151 3269 2198 3334 C
2228 3281 2458 3350 requirit,
2493 3294 2601 3336 non
2628 3289 2684 3336 ut
2711 3281 2824 3352 ipse
2849 3282 3046 3353 aliquid
3073 3298 3269 3338 novum
3293 3282 3481 3350 discat,
3516 3283 3614 3339 sed
3645 3292 3709 3340 ut
3735 3297 3825 3339 nos

2232 3369 2390 3426 faciat
2420 3387 2538 3442 qua:
2575 3381 2704 3428 sunt
2748 3373 3019 3428 oblivione
3067 3375 3276 3444 sepulta
3319 3389 3676 3445 cognoscere.
3739 3374 3822 3432 Sic

2229 3473 2285 3520 et
2312 3466 2541 3521 Abralta:
2569 3466 2769 3522 dictttm
2793 3477 2874 3522 est
2901 3486 2913 3520 :
2950 3467 3108 3522 Nunc
3130 3471 3360 3540 cognovi,
3389 3468 3637 3537 quoniam
3676 3469 3824 3523 times

2230 3555 2398 3611 Deum
2423 3566 2566 3612 tuum
2587 3557 2743 3631 (Gen.
2763 3559 2933 3629 xxn);
2964 3559 3114 3631 quasi
3137 3560 3226 3615 ille
3249 3558 3452 3629 aliquid
3480 3573 3546 3614 ex
3573 3570 3823 3631 tempore

2231 3647 2502 3713 didicerit,
2529 3650 2618 3720 qui
2635 3658 2760 3706 ante
2779 3651 2975 3706 saecula
3001 3659 3193 3706 cuncta
3218 3649 3508 3722 praescivit.
3541 3647 3824 3722 Sequitur:

2232 3735 2369 3802 Ista,
2423 3738 2473 3793 id
2517 3749 2597 3794 est
2639 3756 2758 3811 quae
2787 3741 3031 3810 superius
3075 3741 3324 3797 dixerat:
3379 3741 3442 3797 Si
3468 3740 3616 3795 obliti
3653 3758 3828 3797 sumus

2231 3845 2414 3882 nomen
2439 3828 2534 3883 Dei
2563 3831 2721 3884 nostri
2752 3846 2771 3884 :
2808 3839 2854 3884 et
2885 3831 2932 3884 si
2957 3831 3296 3900 expendimus
3324 3847 3505 3886 manus
3531 3841 3740 3886 nostras
3765 3830 3828 3886 ad

2237 3915 2397 3970 Deum
2444 3918 2691 3974 alienum.
2733 3918 2802 3972 Et
2841 3918 3093 3986 quoniam
3141 3918 3397 3988 agebatur
3426 3917 3494 3974 de
3538 3919 3829 3991 religionis

2234 4008 2452 4074 affectu,
2479 4009 2565 4079 qui
2597 4025 2700 4065 non
2734 4011 2906 4066 solum
2932 4011 3220 4067 devotione
3240 4013 3508 4084 corporis,
3537 4014 3636 4068 sed
3663 4015 3828 4084 magis

2234 4102 2439 4174 geritur
2481 4103 2662 4158 cordis
2707 4118 2923 4168 arcano,
2975 4105 3042 4159 ad
3072 4104 3377 4160 Divinitatis
3415 4106 3684 4172 notitiam,
3747 4108 3829 4162 ubi

2236 4195 2413 4250 omnis
2438 4196 2648 4252 festinat
2681 4197 2980 4266 integritas,
3010 4207 3364 4254 cucurrerunt
3388 4198 3634 4254 dicentes
3669 4218 3681 4254 :
3712 4198 3831 4270 Ipse

2238 4289 2373 4341 enim
2405 4289 2545 4343 norit
2574 4289 2772 4343 occulta
2800 4289 2989 4343 cordis.

2310 4380 2566 4437 Vers.23.
2604 4382 2863 4448 Quoniam
2886 4391 3092 4453 propter
3113 4392 3160 4436 te
3177 4381 3549 4453 mortiﬁcamur
3571 4392 3682 4439 tota
3705 4386 3789 4440 die
3814 4425 3828 4448 ,

2237 4469 2474 4524 cstimati
2501 4486 2677 4524 sumus
2707 4480 2763 4527 ut
2795 4487 2906 4525 oves
2937 4472 3224 4526 occisionis.
3259 4472 3548 4542 Exponunt
3574 4475 3670 4528 illa
3707 4476 3834 4530 bea-

2239 4562 2430 4617 tissimi
2460 4578 2577 4630 quze
2609 4564 2814 4618 orculta
2839 4565 3089 4621 dixerunt
3115 4608 3131 4631 ,
3168 4566 3290 4636 quia
3322 4585 3424 4623 non
3461 4569 3836 4625 moriebantur

539 4660 661 4702 rum
692 4646 782 4716 qui
805 4645 874 4701 de
902 4646 1109 4700 Domini
1135 4647 1374 4702 bonitate
1399 4647 1708 4717 desperant,
1751 4657 1805 4705 et
1847 4660 2033 4719 putant
2061 4651 2130 4707 il-
2158 4657 2212 4717 D
2240 4671 2336 4726 pro
2366 4657 2545 4726 aliquo
2579 4655 2818 4713 facinore
2869 4670 3202 4729 perpetrato,
3241 4662 3334 4716 sed
3377 4677 3560 4717 amore
3605 4664 3834 4731 divino;

541 4738 652 4794 lum
686 4751 926 4811 rogatum
951 4756 1059 4796 non
1088 4755 1423 4802 succurrere.
1455 4746 1541 4812 qui
1572 4747 1729 4800 etiam
1761 4761 1865 4801 non
1901 4750 2132 4817 petenti-

542 4829 643 4885 bus
657 4833 998 4901 cognoscitur
1015 4832 1323 4888 subvenire.
1343 4834 1494 4900 Quod
1518 4835 1604 4888 isti
1630 4836 1853 4892 minime
1872 4837 2132 4905 fecerunt,

509 4919 634 4996 iqui
663 4935 814 4992 spem
860 4925 912 4978 in
948 4925 1172 4980 Domino
1215 4925 1410 4980 habere
1455 4927 1662 4996 probati
1710 4939 1854 4983 sunt.
1905 4930 2134 4984 Semitas

544 5027 674 5066 vero
706 5014 790 5069 hic
817 5017 870 5068 in
896 5017 1037 5069 malo
1062 5018 1259 5084 posuit,
1287 5018 1412 5072 dum
1438 5019 1530 5085 ait,
1577 5029 1798 5089 nostras,
1831 5023 1980 5090 quasi
2016 5040 2134 5078 um-

543 5106 734 5178 brosos
763 5116 818 5162 et
843 5108 1196 5176 voluptuosos
1226 5113 1417 5180 calles,
1471 5128 1607 5182 quos
1635 5114 1840 5184 fragilis
1871 5117 1994 5170 terit
2033 5115 2133 5169 hu-

543 5201 798 5254 manitas.
851 5199 998 5268 Ipsos
1026 5204 1166 5258 enim
1197 5218 1583 5271 commeamus,
1613 5207 1827 5275 quando
1856 5222 1885 5260 a
1922 5209 2132 5263 Domini

537 5289 782 5360 jussione
809 5289 1160 5346 traducimur.
1206 5292 1302 5347 Via
1334 5309 1462 5350 vero
1505 5311 1536 5350 a
1570 5297 1822 5350 violentia
1864 5314 2134 5366 nuncupa-

545 5391 649 5448 tur,
680 5399 799 5454 quze
827 5384 1021 5442 merito
1043 5384 1240 5442 Christi
1277 5388 1473 5442 dicitur
1503 5405 1516 5440 :
1560 5390 1812 5458 quoniam
1846 5401 1900 5444 et
1925 5393 1991 5445 ab
2019 5392 2135 5462 ejus

545 5476 810 5544 ﬁdelibus,
861 5479 1093 5536 sicutab
1139 5481 1258 5549 ipso
1300 5480 1501 5536 factum
1532 5490 1633 5548 est,
1687 5483 1740 5537 in
1782 5486 2036 5541 ternmuis
2077 5498 2135 5542 et

545 5569 978 5628 tribulationibus
1007 5572 1330 5627 ambulatur.
1371 5573 1714 5644 Quapropter
1741 5576 2020 5644 aptissime
2053 5578 2133 5632 di-

539 5673 738 5720 cuntur
759 5665 1001 5722 humana:
1025 5667 1218 5721 semita:
1247 5682 1276 5720 a
1300 5667 1384 5720 via
1411 5681 1641 5736 superna
1665 5669 1854 5725 divisae
1880 5690 1891 5724 :
1920 5672 2135 5741 quando

541 5757 646 5813 ille
687 5755 888 5814 ducunt
923 5757 989 5813 ad
1038 5757 1408 5812 detestabilem
1460 5769 1708 5830 tuortem,
1761 5761 1874 5817 haec
1922 5765 2134 5819 confert

541 5849 663 5908 sine
688 5850 854 5907 dubio
875 5847 1288 5920 desiderabilem
1314 5849 1654 5922 sospitatem.
1695 5853 1849 5918 Unde
1879 5854 1975 5913 ﬁlii
1997 5854 2134 5915 Core

2242 4760 2296 4805 ut
2324 4750 2609 4806 credulitas
2637 4752 2919 4807 Trinititis
2971 4755 3325 4809 saluberrima
3373 4757 3624 4826 gentibus
3669 4773 3838 4830 auge-

2242 4855 2408 4897 retur.
2441 4845 2610 4899 Morte
2637 4859 2765 4898 vero
2792 4844 2932 4899 afﬁci
2961 4855 3043 4901 est
3072 4861 3168 4915 per
3190 4846 3376 4918 longas
3399 4831 3680 4917 passiones
3705 4864 3840 4920 prte~

2239 4935 2407 4990 sentis
2427 4935 2550 4990 vita:
2577 4936 2778 4990 exitum
2809 4937 3076 5018 reperire;
3118 4938 3258 5005 quod
3292 4938 3509 5005 perfecti
3537 4937 3839 4995 Christiani

2243 5027 2462 5092 faciunt,
2521 5028 2610 5097 qui
2657 5029 2916 5085 districtis
2966 5030 3434 5088 observationibus
3489 5031 3834 5104 affliguntur.

2237 5118 2369 5173 Nam
2409 5127 2468 5173 ut
2496 5119 2598 5175 hoc
2629 5122 2797 5192 magis
2838 5122 3064 5177 deberes
3099 5123 3404 5193 advertere,
3452 5124 3687 5194 addidit,
3723 5138 3838 5182 tota

2240 5212 2361 5277 die;
2388 5215 2526 5282 quod
2561 5230 2668 5270 non
2696 5225 3124 5272 momentaneam
3161 5227 3413 5284 mortem,
3442 5218 3534 5275 sed
3570 5233 3670 5288 per
3700 5221 3842 5276 uni-

2240 5319 2456 5359 versum
2486 5307 2607 5361 vita:
2637 5315 2848 5377 tempus
2881 5317 3210 5376 protractum
3251 5309 3404 5364 nobis
3443 5309 3680 5364 fidelium
3734 5311 3842 5366 de-

2242 5395 2472 5450 claruret
2499 5397 2745 5452 exitium.
2776 5397 2996 5453 Intende
3022 5400 3162 5468 quod
3186 5403 3446 5470 sequitur,
3478 5401 3725 5456 wstimati
3753 5420 3845 5456 su-

2246 5504 2357 5540 mus
2382 5499 2433 5540 ut
2456 5505 2570 5542 ours
2594 5491 2882 5543 occisionis.
2918 5489 3055 5554 Ovis,
3090 5493 3213 5561 quia
3247 5507 3356 5547 non
3381 5493 3540 5548 habet
3567 5508 3719 5547 arma
3747 5509 3844 5548 re-

2245 5581 2572 5649 Sultationis,
2606 5584 2912 5652 raptoribus
2944 5585 3056 5638 suis
3086 5588 3344 5655 probatur
3370 5601 3489 5642 esse
3518 5588 3842 5642 temnibilis.

2245 5675 2359 5730 Non
2383 5678 2522 5731 enim
2556 5687 2646 5731 aut
2676 5693 2842 5732 cornu
2873 5677 3038 5744 valet,
3087 5689 3177 5733 aut
3208 5679 3370 5735 dente
3399 5681 3700 5749 contendit,
3743 5691 3842 5737 aut

2247 5769 2367 5838 fuga
2400 5769 2715 5837 prtesumit;
2766 5770 2858 5824 sed
2892 5770 3138 5827 manibus
3177 5772 3399 5828 latronis
3441 5773 3708 5844 patienter
3737 5789 3841 5830 ac-

2249 5862 2498 5933 quiescit,
2530 5862 2654 5920 dum
2685 5862 2829 5922 nulla
2855 5877 2915 5922 se
2943 5863 3300 5924 reluctatione
3340 5865 3596 5928 defendit.
3639 5869 3731 5926 Sic
3759 5868 3842 5925 fa-
