4004 6342
185 432 273 495 317
1083 427 1444 486 EXPOSITIO
1486 427 1548 484 IN
1591 425 2049 483 PSAIJERIUM.
2093 425 2286 483 PSAL.
2329 424 2510 483 XLIV.
3320 426 3425 489 '5l8

186 545 303 603 mn“
333 541 524 599 Christ;
548 538 694 597 νειυι
722 556 833 596 oves
852 541 1101 596 mstimati
1124 550 1246 596 sunt
1277 542 1411 596 mori
1437 556 1451 606 ;
1494 539 1741 609 quoniam
1775 538 1828 600 Λ
1851 534 2143 602 luminodo,
2175 552 2406 606 exsurge,
2434 542 2637 605 ponunt
2658 575 2674 601 ,
2718 540 2774 589 ut
2805 531 2949 589 illam
2972 539 3422 599 resurrectionem

183 642 285 696 sine
310 635 649 693 contentione
677 633 852 704 aliqua
885 634 1202 689 videbantur
1228 633 1421 688 occidi.
1845 625 2144 694 intelligere
2173 626 2516 691 deberemus,
2557 626 2611 680 in
2639 640 2743 696 qua
2786 626 3053 684 destructa
3085 633 3427 700 cognoscitur

244 732 389 786 Vers.
418 727 506 783 24.
549 726 804 797 Exsurge,
836 744 993 798 quare
1021 726 1297 792 obdormis,
1331 720 1603 778 Domine?
1652 740 1740 777 ex—
1844 717 2072 771 humana
2096 719 2395 789 capliVilas.
2438 718 2529 771 illo
2559 720 2706 773 enim
2742 728 3057 789 resurgente
3088 722 3281 792 adiuti,
3330 725 3423 779 illo

181 838 313 893 surge
334 830 378 874 et
410 836 469 872 ne
498 818 716 889 repellas
742 834 833 871 nos
861 819 913 871 in
944 819 1117 886 ﬁnem.
1152 818 1471 870 Enumerata
1498 813 1740 867 mnltitn-
1843 810 1907 863 ad
1963 811 2129 864 caelos
2180 809 2502 864 ascendente
2552 809 2762 864 liberati
2792 824 2997 864 sumus.
3071 811 3268 868 Verum
3310 814 3428 871 hac

180 914 293 968 diue
322 913 647 981 passionum,
695 919 958 964 venerunt
993 908 1083 963 ﬁlii
1115 909 1255 962 Core
1284 907 1347 961 ad
1378 908 1588 962 tertiam
1619 920 1741 974 par-
1844 904 2024 959 omnia
2048 903 2201 958 nobis
2243 903 2470 958 contulit
2492 917 2596 956 non
2625 911 2840 971 propter
2871 906 3122 960 meritum
3160 916 3423 972 nostrum,

180 1015 270 1059 tem
294 1046 309 1071 ,
339 1001 427 1056 ubi
455 1010 600 1056 tanto
621 999 892 1055 desiderio
914 999 1165 1053 auxilium
1196 1007 1463 1069 qurernnt,
1497 1006 1552 1051 ut
1578 997 1740 1051 etiam
1844 999 1938 1053 sed
1970 1006 2181 1067 propter
2209 1013 2393 1051 nomen
2424 1012 2591 1050 suum.
2625 995 2750 1050 ideo
2775 997 2919 1051 enim
2944 997 3188 1054 Salvator
3212 999 3425 1068 dicitur,

179 1097 441 1152 Dominum
496 1096 831 1151 obdormisse
872 1104 1316 1149 commemorent.
1391 1094 1519 1161 Qua:
1575 1094 1740 1163 figura
1845 1090 1966 1159 quia
1991 1102 2089 1159 per
2116 1090 2338 1160 gratiam
2373 1089 2584 1158 pietatis
2614 1101 2725 1140 suae
2750 1088 2922 1142 salvat
2947 1087 3209 1146 infirmos.

178 1188 481 1245 catachresis
508 1196 610 1250 est,
641 1202 800 1257 quam
822 1194 969 1241 recte
998 1185 1230 1240 dicimus
1256 1185 1589 1249 abusionem,
1621 1197 1741 1252 qute

177 1282 314 1339 rebus
338 1296 531 1336 nomen
554 1281 856 1336 commodat
878 1280 1137 1335 alienum.
1175 1279 1290 1333 Non
1317 1279 1458 1334 enim
1484 1279 1593 1333 Deo
1614 1292 1743 1332 con-

177 1377 299 1431 venit
325 1390 619 1445 exsurgere,
669 1374 757 1443 qui
803 1388 1073 1444 nunquam
1123 1372 1363 1428 noscitur
1406 1386 1563 1441 posse
1618 1370 1744 1425 dor-

176 1471 291 1524 mire
342 1487 357 1524 :
408 1457 500 1522 sed
558 1468 707 1523 illum
758 1468 995 1523 humano
1050 1484 1147 1523 usu
1198 1467 1435 1522 dormire
1487 1466 1743 1533 dicimus,

176 1560 366 1630 quando
398 1559 728 1631 exspectatio
762 1569 946 1614 nostra
989 1560 1169 1614 divina
1209 1558 1615 1629 dispensatione
1642 1556 1743 1611 dif-

174 1652 343 1706 fertur.
398 1650 534 1705 Nam
578 1653 620 1705 si
663 1653 958 1721 potentiam
992 1650 1289 1721 majestatis
1320 1651 1438 1720 ejus
1479 1650 1741 1719 inquiras,

2380 1229 2653 1301 Conclusio
2695 1230 2900 1300 psalmi.

1923 1371 2063 1429 Ecce
2092 1372 2244 1428 nobis
2272 1371 2499 1426 ﬁliorum
2525 1372 2661 1428 Core
2691 1371 2941 1427 salutaria
2961 1371 3103 1428 dicta
3129 1370 3427 1427 fulserunt:

1848 1478 1976 1520 ecce
2023 1464 2179 1519 nobis
2230 1464 2628 1519 ecclesiasticus
2683 1464 2816 1518 ordo
2870 1464 3097 1519 Domino
3163 1463 3433 1520 revelanto

1851 1558 2125 1627 lampavit.
2182 1558 2366 1612 Patres
2402 1557 2543 1611 enim
2586 1565 2802 1611 nostros
2830 1557 2899 1612 ab
2924 1555 3156 1611 inimicis
3185 1559 3299 1613 suis
3338 1572 3434 1627 per

1848 1651 2101 1704 miracula
2134 1648 2412 1703 visualiter
2442 1649 2694 1703 liberatos
2720 1662 2840 1703 esse
2869 1649 3258 1717 cognovimus;
3291 1665 3433 1705 nunc

175 1743 320 1798 hahes
362 1742 824 1798 evidentissimum
868 1742 1068 1797 dictum
1118 1761 1130 1795 :
1189 1742 1323 1797 Ecce
1378 1759 1478 1795 non
1530 1742 1743 1815 dormit,
1848 1755 2023 1799 autem
2056 1742 2240 1797 ﬁdeles
2288 1758 2382 1813 per
2428 1744 2709 1813 passiones
2744 1757 3051 1813 corporum,
3105 1750 3159 1796 et
3192 1742 3433 1798 tristitias

175 1852 310 1903 neque
329 1836 571 1889 dormitat
598 1837 684 1906 qui
714 1837 934 1889 custodit
966 1834 1331 1905 IsraellPsal.
1364 1850 1490 1901 cxx,
1526 1835 1604 1902 5).
1636 1833 1738 1889 Re-
1849 1836 2145 1891 animarum
2174 1835 2237 1889 ad
2269 1845 2527 1891 aeternam
2551 1836 2789 1906 requiem
2823 1834 3100 1905 pervenire
3119 1834 3433 1901 didicimus;

174 1928 348 1996 petitur
381 1943 639 1995 exsurge;
688 1938 745 1981 ut
786 1926 975 1996 quibus
1007 1926 1152 1982 videt
1199 1928 1433 1997 pericula
1470 1941 1740 1992 crescere,
1774 1931 1821 1989 B
1849 1936 1905 1982 ut
1936 1937 2175 1996 tempore
2205 1941 2301 1981 suo
2332 1934 2619 1996 utrumque
2647 1926 2841 1981 factum
2875 1925 3109 1980 humano
3138 1928 3320 1995 generi
3344 1939 3435 1980 co-

174 2035 264 2075 non
307 2020 612 2077 dissimulet
656 2021 961 2075 subvenire.
1005 2020 1282 2092 Sequitur,
1333 2029 1380 2074 et
1420 2037 1483 2074 ne
1520 2019 1740 2092 repellas
1842 2027 2192 2091 gnosceretur
2242 2033 2360 2074 esse
2418 2018 2761 2088 proficuum;
2824 2033 2925 2073 nec
2973 2018 3193 2073 deberet
3238 2018 3434 2089 aliquis

174 2129 248 2166 nos
275 2114 322 2165 in
365 2113 558 2182 ﬁnem;
604 2120 661 2167 nt
688 2112 733 2166 si
764 2112 939 2167 adhuc
975 2112 1060 2166 hic
1091 2113 1330 2166 aestimas
1360 2111 1736 2177 differendum,
1844 2115 2015 2185 queri,
2069 2127 2189 2167 cum
2229 2127 2290 2169 se
2320 2112 2603 2167 mundanis
2652 2113 2911 2168 aerumnis
2959 2120 3308 2183 cognosceret
3348 2112 3432 2168 in-

174 2221 224 2259 ue
246 2206 427 2275 repelle
457 2207 721 2274 inrﬁnem,
743 2205 830 2260 ubi
855 2206 1094 2261 consistit
1129 2205 1365 2267 muneris
1390 2205 1466 2259 tui
1495 2206 1739 2259 universa
1844 2206 2070 2276 gravari.
2099 2205 2366 2261 Libertate
2391 2221 2603 2277 quoque
2623 2206 2939 2261 innocentia!
2972 2206 3128 2277 150
3148 2195 3436 2278 insurgun'

173 2296 429 2367 perfectio,
457 2296 545 2352 ubi
575 2306 699 2352 sunt
727 2298 944 2367 praemia
970 2298 1271 2365 beatorum,
1296 2297 1387 2351 ubi
1411 2299 1742 2369 martyribus
1844 2309 1899 2354 et
1936 2310 2229 2370 martyrum
2267 2313 2443 2363 voces,
2483 2300 2572 2353 ubi
2604 2299 2842 2355 dormire
2871 2310 2925 2355 et
2966 2302 3211 2357 oblivisci
3243 2303 3437 2357 dicitur
3510 2286 3517 2295 ’

173 2404 371 2447 coronas
402 2401 793 2462 prteparantnr.

230 2480 376 2535 Vers.
408 2483 502 2538 25.
546 2484 717 2548 Quare
741 2484 925 2553 faciem
974 2491 1114 2537 tuam
1153 2483 1337 2537 avertis
1370 2499 1390 2538 :
1434 2482 1743 2536 Oblivisceris

171 2572 376 2641 inapiam
403 2583 631 2629 nostram
653 2584 698 2630 et
725 2574 1105 2629 tribulationem
1134 2584 1381 2629 nostram.
1421 2575 1572 2629 Malis
1607 2589 1745 2643 pra:-

171 2662 391 2727 sentibus
428 2665 714 2733 ingravati,
755 2681 906 2719 more
934 2666 1211 2720 beatorum
1244 2666 1297 2719 in
1339 2664 1500 2720 ﬂebili
1536 2665 1741 2734 sulipli-

171 2756 363 2810 catione
408 2756 706 2825 persistunt
742 2756 984 2812 dicentes
1017 2774 1030 2810 :
1064 2756 1241 2823 Quare
1271 2772 1369 2811 nos
1396 2758 1578 2810 tandiu
1605 2758 1748 2811 aesti-

169 2862 267 2900 mas
295 2846 649 2912 ditl'erendos,
683 2855 740 2902 ut
762 2848 1032 2916 respicere
1058 2863 1161 2902 non
1188 2849 1449 2912 credaris,
1482 2863 1599 2902 cum
1624 2849 1750 2903 sul)-

172 2941 337 2996 venire
364 2939 688 3003 distuleris?
718 2940 991 3010 Sequitur,
1040 2940 1349 2995 Oblivisceris
1386 2941 1614 3011 inapiam
1652 2958 1746 2994 no-

154 3042 348 3107 stram;
388 3030 498 3086 hoc
520 3040 603 3086 est
634 3031 717 3086 cui
742 3047 1109 3086 consueveras
1138 3032 1449 3097 subvenire,
1482 3048 1638 3102 quam
1671 3033 1749 3087 sic

172 3120 217 3177 in
246 3123 359 3180 aliis
388 3137 566 3187 amas,
593 3132 649 3176 ut
671 3132 724 3177 te
750 3123 963 3189 inapcm
994 3122 1164 3177 dicas.
1204 3122 1408 3177 Venisti
1432 3125 1574 3178 enim
1598 3122 1749 3177 ditis-

172 3214 345 3282 simus,
393 3222 452 3269 nt
504 3222 703 3270 nostra:
751 3214 1064 3285 indigentiae
1108 3213 1447 3270 subvenires.
1508 3214 1744 3282 Addidit,

173 3309 537 3379 tribulationem
564 3319 813 3376 nostram,
864 3308 1016 3376 cujus
1046 3308 1282 3363 clemens
1319 3323 1531 3378 semper
1569 3310 1745 3377 inspe-
1775 3308 1821 3372 C

172 3405 273 3454 ctor
292 3408 407 3466 est;
435 3401 577 3454 sicut
600 3399 652 3453 in
680 3400 1115 3469 quinquagesimo
1147 3401 1353 3470 psalmo
1378 3400 1616 3456 dicturus
1641 3410 1745 3455 est:

174 3489 261 3546 Cor
283 3494 562 3548 contritum
602 3502 647 3546 et
678 3492 999 3547 humiliatum
1030 3492 1170 3549 Deus
1207 3512 1308 3548 non
1347 3496 1541 3567 spernit
1574 3494 1749 3566 (Psal.

176 3600 224 3652 ι,
250 3587 352 3657 lii).
403 3587 569 3642 Tales
604 3586 747 3642 enim
778 3601 951 3641 causa:
976 3586 1116 3657 apud
1144 3587 1293 3641 illum
1328 3588 1473 3657 pium
1506 3587 1749 3642 iudicem

179 3676 448 3746 plurimum
484 3676 687 3745 valent,
721 3678 812 3747 qui
844 3676 1090 3732 humanis
1116 3678 1481 3746 cOgnitoribus
1520 3677 1752 3749 proban-

177 3777 252 3823 tur
273 3785 385 3827 esse
416 3771 750 3827 temnibiles.
1152 3792 1165 3795 "

242 3858 384 3916 Vers.
412 3861 510 3917 ‘26.
553 3861 810 3927 Quoniam
848 3864 1120 3919 humiliata
1147 3873 1219 3918 est
1254 3864 1308 3917 in
1339 3864 1547 3934 pulvere
1576 3865 1750 3917 anima

178 3962 383 4007 nostra:
421 3955 642 4009 adluesit
670 3957 722 4009 in
764 3965 897 4010 terra
925 3965 1098 4011 venter
1135 3965 1327 4010 noster.
1380 3955 1507 4011 Post
1545 3972 1750 4012 moram

179 4047 547 4114 exauditionis,
602 4050 703 4119 pia:
746 4059 949 4106 mentes
978 4066 1084 4105 non
1116 4050 1182 4105 ad
1221 4050 1609 4118 desperationis
1656 4066 1752 4104 au-

182 4134 400 4204 daciam,
445 4139 542 4195 sed
565 4142 629 4195 ad
655 4142 924 4197 continuae
952 4144 1214 4197 orationis
1237 4142 1487 4196 salutaria
1524 4158 1585 4197 se
1629 4151 1751 4197 vota

177 4242 463 4288 verterunt.
494 4234 590 4290 Hic
615 4237 759 4290 enim
784 4234 1081 4290 satisfactio
1104 4235 1333 4289 assiduae
1355 4234 1751 4303 deprecationis

181 4328 477 4394 exponitur.
526 4327 829 4385 Curvantur
857 4329 998 4385 enim
1030 4330 1081 4382 in
1115 4328 1411 4398 pulverem.
1444 4330 1535 4399 qui
1567 4327 1751 4384 cinere

181 4426 325 4483 supra
349 4431 405 4473 se
426 4432 613 4489 sparso
638 4420 843 4475 animas
866 4434 992 4474 suas
1017 4427 1358 4488 peccatorum
1383 4418 1753 4475 recordatione

184 4503 512 4564 discruciant.
541 4510 814 4581 Sequitur,
850 4511 1068 4565 adhcesit
1094 4512 1148 4565 in
1179 4519 1317 4564 terra
1342 4521 1513 4566 venter
1536 4519 1708 4565 noster
1732 4526 1751 4575 ;

185 4600 312 4667 quod
354 4604 536 4675 utique
585 4604 763 4661 facere
811 4606 989 4660 solent
1032 4607 1123 4676 qui
1154 4607 1311 4675 longa
1357 4607 1599 4661 oratione
1628 4620 1752 4675 pro-

1851 2390 2013 2446 Deus.
2070 2390 2220 2457 Quod
2265 2390 2466 2445 dictum
2511 2405 2619 2445 non
2651 2391 2979 2460 increpative
3014 2391 3175 2447 debet
3204 2392 3430 2460 suscipi,

1849 2481 1941 2536 sed
1976 2478 2262 2538 :ill‘ectuosa
2286 2483 2557 2537 voluntate
2584 2482 2849 2552 depromi.
2875 2484 3005 2551 Quae
3036 2485 3195 2539 etiam
3224 2483 3278 2537 in
3302 2476 3436 2537 libro

1849 2573 1951 2630 Job
1976 2574 2407 2644 frequentissime
2438 2576 2820 2645 reperiuntur;
2875 2583 2932 2630 ut
2956 2576 3059 2629 nisi
3100 2589 3163 2631 ea
3188 2576 3436 2645 prudenti

1850 2664 2191 2736 indagatione
2216 2668 2588 2735 conspexeris,
2631 2681 2738 2721 non
2773 2668 3192 2737 supplicationes
3236 2666 3437 2722 intelli-

1851 2772 1963 2827 ges,
2002 2757 2093 2813 sed
2116 2758 2383 2826 querelas.
2418 2757 2616 2812 Verum
2648 2760 2747 2812 ista
2778 2758 3056 2813 moderata
3089 2758 3437 2827 praesumptio

1848 2850 2114 2921 iustorum
2142 2850 2338 2904 sinceri
2360 2849 2536 2903 cordis
2560 2850 2769 2904 videtur
2792 2849 3109 2919 depromere
3130 2849 3436 2918 puritatem,

1853 2955 1911 2999 ut
1940 2944 2254 3014 simplicitas
2282 2944 2440 2997 animi
2467 2945 2673 3011 pondus
2706 2944 2863 2998 illatae
2894 2942 3144 2998 videatur
3170 2955 3438 3011 exponere

1854 3038 2142 3108 passionis.
2169 3037 2258 3092 Sic
2282 3037 2332 3091 in
2357 3036 2649 3105 Scripturis
2670 3037 2860 3091 divinis
2883 3036 3094 3106 quoties
3118 3036 3220 3091 tale
3240 3036 3438 3091 dictum

1855 3130 2051 3206 aliquid
2085 3131 2408 3192 invenimus,
2450 3137 2504 3183 et
2527 3128 2812 3183 clementia
2841 3126 3170 3183 dominantis
3200 3126 3437 3183 ostendi-

1856 3235 1964 3291 tur,
2003 3235 2054 3279 et
2085 3223 2438 3293 supplicantis
2468 3223 2670 3291 puritas
2698 3222 2981 3278 indicatur.

2070 3354 2083 3362 ’
2145 3365 2497 3421 EXPOSITIO
2519 3363 2586 3421 IN
2614 3364 2940 3422 PSALMUM
2971 3361 3153 3420 XLIV.

1854 3506 1918 3562 In
1959 3509 2133 3578 ﬁnem,
2181 3524 2272 3579 pro
2305 3509 2383 3562 his
2420 3509 2507 3578 qui
2534 3507 3154 3579 contmutabuntur.ﬁliis
3179 3503 3306 3561 Core
3368 3504 3437 3558 ad

2175 3580 2515 3657 inﬂlectum,
2547 3582 2801 3634 canticum
2824 3596 2917 3651 pro
2946 3578 3149 3633 dilecto.

1928 3691 2213 3747 Videamus
2236 3692 2360 3762 quid
2393 3692 2505 3746 hcce
2532 3693 2690 3747 verba
2720 3690 2871 3746 nobis
2896 3690 3204 3760 singillatim
3231 3689 3439 3746 discus~

1854 3797 1912 3837 sa
1946 3784 2242 3852 parturiant
2281 3801 2291 3835 :
2337 3783 2462 3852 quia
2496 3782 2683 3836 titulus
2722 3782 2912 3850 psalmi
2943 3781 3231 3835 multorum
3263 3779 3439 3836 nomi-

1854 3890 1981 3929 num
2012 3875 2423 3943 congregatione
2456 3876 2694 3942 prolixus
2717 3883 2819 3928 est.
2880 3872 2947 3926 In
2988 3874 3139 3941 ﬁnem
3170 3887 3314 3939 same
3358 3870 3439 3925 di-

1852 3978 1998 4023 ctum
2022 3978 2103 4022 cst
2133 3967 2514 4036 perfectionem
2549 3965 2875 4034 signiﬁcare,
2910 3964 3010 4017 hoc
3044 3974 3126 4018 est
3156 3962 3439 4017 Dominum

1852 4061 2209 4116 Salvatorem.
2266 4060 2374 4113 Pro
2399 4060 2476 4112 Itis
2505 4060 2592 4126 qui
2634 4057 3079 4111 rommutabuntur
3122 4056 3244 4123 ﬁliis
3284 4054 3437 4121 Core,

1855 4152 1955 4206 hoc
1985 4152 2218 4205 declarat
2253 4168 2265 4204 :
2299 4151 2420 4220 quia
2453 4151 2543 4203 lilii
2566 4150 2743 4204 crucis
2768 4149 2821 4204 in
2852 4148 3097 4203 Ecclesia
3128 4160 3440 4216 permanen-

1854 4252 1957 4305 tes,
1997 4241 2064 4296 de
2092 4241 2306 4295 tristitia
2350 4240 2537 4294 mundi
2572 4238 2727 4309 hujus
2750 4238 3050 4293 transibunt
3090 4238 3155 4292 ad
3185 4237 3436 4309 gaudium

1855 4334 2263 4402 sempiternum.
2307 4331 2388 4386 At!
2410 4333 2721 4385 intellectum
2755 4336 3031 4396 canticum,
3066 4340 3268 4386 textum
3300 4329 3441 4399 psal-

1853 4425 1925 4479 mi
1970 4423 2257 4493 signiﬁcat,
2300 4424 2391 4492 qui
2442 4422 2736 4476 trahendus
2785 4434 2865 4476 est
2909 4422 2975 4476 ad
3029 4423 3434 4492 intelligentiam

1855 4528 2168 4581 supernam,
2202 4516 2252 4567 in
2283 4528 2385 4583 qua
2416 4512 2711 4567 futurarum
2748 4527 2930 4567 rerum
2964 4523 3295 4567 sacramenta
3329 4512 3438 4580 spi-

1855 4609 2029 4662 ritah‘a
2072 4610 2437 4663 continentur.
2498 4606 2604 4661 Pro
2647 4606 2834 4661 dilecto
2874 4605 3002 4674 ﬁlio,
3057 4605 3168 4658 vult
3208 4603 3433 4672 intelligi

185 4693 342 4763 strati,
394 4704 502 4751 tota
535 4699 777 4765 corporis
804 4696 1064 4751 eﬂ'nsione
1107 4697 1421 4752 tenduntur.
1477 4697 1753 4753 Adhwrere
1782 4690 1830 4750 Β
1860 4700 2142 4756 Dominum
2166 4698 2458 4764 Christum,
2488 4699 2555 4753 de
2577 4712 2683 4769 quo
2706 4698 2875 4751 Patris
2906 4711 3008 4750 vox
3035 4697 3270 4751 insonuit
3295 4710 3308 4747 :
3344 4694 3444 4747 Hic

188 4783 315 4838 enim
340 4793 516 4852 terrae,
559 4788 826 4858 signiﬁcat
854 4790 905 4843 in
945 4787 1279 4843 orationibus
1320 4788 1521 4843 diutius
1561 4790 1754 4843 immo-

186 4877 302 4945 rari,
346 4896 438 4950 per
464 4896 598 4952 quas
628 4882 921 4937 efficaciter
962 4891 1183 4951 peccata
1207 4883 1513 4936 vincuntur.
1565 4881 1753 4952 Magna

190 4970 318 5028 enim
342 4987 524 5031 contra
548 4975 820 5032 diabolum
852 4994 996 5031 arma
1022 4989 1146 5033 sunt
1171 4978 1357 5033 in'suis
1383 4978 1584 5033 viribus
1609 4980 1747 5033 ﬁdu—

188 5063 310 5121 ciam
331 5083 430 5123 non
463 5069 664 5126 habere
688 5112 702 5138 ,
731 5076 823 5127 sed
842 5071 1005 5128 Deum
1036 5087 1246 5143 rogare,
1267 5073 1357 5143 qni
1386 5072 1750 5129 adversarium

191 5164 345 5227 possit
372 5167 697 5236 opprimere.

255 5252 398 5311 Vers.
428 5256 517 5312 27.
555 5257 807 5331 Exsurge,
842 5259 1078 5325 Domine,
1104 5261 1295 5332 adjuva
1334 5277 1426 5315 nos
1455 5278 1473 5315 :
1514 5272 1560 5316 et
1592 5260 1753 5316 libera

192 5360 271 5401 nos
294 5362 492 5419 prapter
516 5369 700 5408 nomen
729 5366 891 5409 tuum.
918 5353 1224 5422 Magnarum
1250 5342 1599 5409 alﬁictiontim
1627 5370 1752 5409 sua-

191 5438 423 5497 vissimus
447 5444 570 5499 ﬁnis
593 5443 879 5511 adhibetur
907 5462 921 5511 ;
965 5453 1023 5499 ut
1052 5453 1236 5514 petant
1265 5458 1323 5498 se
1348 5446 1755 5499 resurrectionis

195 5527 460 5589 dominicae
484 5535 651 5605 gloria
677 5536 915 5605 liberari,
946 5535 1036 5591 ubi
1061 5536 1300 5590 omnium
1324 5533 1753 5591 Christianorum

193 5632 305 5692 Spes
337 5629 592 5695 probatur
623 5631 865 5700 agnosci.
901 5628 1135 5700 Exsurge
1176 5638 1355 5684 autem
1395 5645 1498 5683 non
1525 5630 1589 5682 ad
1626 5630 1751 5684 dor-

194 5718 474 5790 mitionem,
520 5726 617 5781 sed
646 5725 711 5780 ad
756 5724 1207 5781 resurrectionem
1240 5735 1319 5779 est
1366 5725 1541 5795 pmins
1585 5725 1752 5793 appii-

194 5811 427 5869 cundum.
462 5815 631 5887 Supra
663 5819 829 5882 enim.
856 5820 943 5873 ubi
975 5834 1097 5874 eum
1130 5820 1276 5886 quasi
1301 5820 1538 5875 excitare
1565 5817 1754 5872 volue-

1861 4807 1934 4851 est
1967 4795 2137 4851 Filius
2174 4814 2315 4851 meus
2345 4798 2581 4863 dilectus,
2632 4799 2684 4851 in
2716 4813 2815 4868 quo
2844 4796 2970 4850 mihi
3000 4795 3123 4848 bene
3161 4790 3445 4860 complacui

1867 4889 2083 4959 (Matth.
2128 4905 2206 4955 ιιι,
2251 4891 2358 4959 l7).
2391 4890 2547 4945 Istius
2578 4904 2718 4944 nunc
2753 4887 3026 4958 Spiritales
3063 4886 3263 4954 nuptias
3306 4884 3445 4937 refe-

1866 4993 2075 5048 runtur,
2128 4983 2280 5038 istius
2317 4992 2435 5037 vota
2485 4982 2809 5052 epithalamii
2863 4980 3019 5034 laude
3068 4978 3442 5041 celebrantur;

1860 5079 2009 5148 Cujus
2034 5078 2206 5132 virtus
2228 5079 2365 5132 ultra
2394 5093 2580 5132 omnes
2612 5077 2836 5150 virtutes
2863 5083 2965 5141 est,
3000 5071 3337 5144 pulchritudo
3361 5085 3445 5125 su-

1860 5186 1953 5241 pra
2006 5185 2190 5225 omnes
2238 5171 2481 5238 decores,
2541 5168 2777 5237 potentia
2827 5166 3221 5234 inenarrabilis,
3277 5163 3446 5233 pietas

1860 5264 2165 5329 singu'aris.
2197 5261 2242 5317 Ο
2273 5264 2421 5317 beata
2454 5275 2668 5330 sponsa,
2698 5274 2815 5327 qua:
2846 5267 3007 5313 tanta:
3035 5258 3295 5323 majestati
3321 5271 3445 5325 pro-

1860 5353 2006 5408 baris
2052 5370 2174 5409 esse
2204 5358 2507 5422 conjuncta,
2543 5366 2647 5404 non
2675 5351 2933 5404 societate
2962 5349 3189 5417 carnali,
3243 5347 3336 5402 sed
3370 5347 3448 5400 in-

1864 5447 2102 5501 violabili
2123 5445 2499 5514 conjunctione
2513 5442 2818 5496 charitatis!
2849 5442 3074 5507 Quando
3098 5441 3173 5494 illi
3198 5438 3447 5508 copulata

1861 5553 1982 5595 esse
2024 5539 2387 5603 cogitnsccris,
2422 5535 2509 5605 qui
2554 5544 2604 5589 te
2652 5549 2749 5589 suo
2792 5533 3223 5603 Splendidissimo
3252 5530 3450 5584 lumine

1865 5633 2131 5687 radiavit?
2186 5633 2519 5699 Quapropter
2548 5629 2818 5684 Divinitati
2859 5626 3205 5683 devotissime
3245 5625 3449 5693 suppli-

1866 5734 2163 5791 cantis,“
2196 5724 2356 5779 corde
2388 5724 2740 5778 mundissimo
2777 5722 2843 5775 ad
2884 5720 3236 5789 inspectivum
3272 5718 3449 5768 lumen

1866 5819 2062 5882 evecti,
2120 5824 2320 5872 sanctae
2357 5814 2582 5886 Sponsa“:
2628 5815 2840 5885 nuptias
2880 5808 3230 5883 spiritualiter
3266 5803 3451 5862 audia-

195 5910 328 5975 ‘runt,
375 5908 576 5969 dictum
609 5919 693 5969 est
724 5929 738 5967 :
775 5915 943 5981 Quare
978 5913 1278 5969 obdormis.’
1333 5914 1416 5971 hic
1445 5921 1624 5971 autem
1671 5926 1759 5968 so-
1870 5927 1989 5969 mus
