4004 6342
501 376 599 436 519
666 368 669 369 ν

1064 490 1260 549 Diuisio
1300 489 1506 564 psalmi.

566 585 889 645 leestibus
927 585 1099 658 epulis
1137 584 1399 657 propheta
1436 581 1734 655 saginatus,
1779 584 1837 637 et
1880 578 2073 635 futurae

499 676 873 752 gratulationis
915 676 1172 748 qualitate
1214 674 1528 746 completus,
1573 670 1839 745 prasconia
1862 668 2075 726 Domini

498 779 945 831 seeructaturum
988 768 1290 841 promittit;
1331 777 1390 825 ut
1428 767 1569 825 unde
1608 768 1725 839 ipse
1759 765 1935 823 fuerat
1961 779 2074 823 cm-

500 863 621 922 lesti
648 864 890 935 largitate
917 863 1163 931 satiatus,
1218 861 1343 917 inde
1369 869 1425 917 et
1449 859 1621 917 fidelis
1647 858 1874 931 papulas
1903 858 2074 915 abun-

500 959 809 1015 dantissime
850 965 1159 1028 pasceretur
1192 970 1209 1009 :
1249 954 1649 1025 epithalamium
1687 953 1953 1023 quoddam
1986 966 2079 1007 su-

499 1063 744 1121 pernum,
789 1056 850 1104 ut
876 1048 1071 1104 dictum
1101 1056 1205 1113 εει,
1248 1045 1471 1117 nuptiali
1503 1044 1860 1102 exsultatione
1888 1057 2080 1100 conce-

498 1140 733 1196 lebrans.
749 1134 1159 1210 Epithalamium
1171 1152 1298 1193 vero
1314 1137 1695 1208 interpretatur
1706 1135 1822 1192 laus
1838 1133 2075 1201 thalami,

499 1248 616 1304 qua:
647 1233 856 1302 Sponso
885 1231 1093 1289 caelesti
1123 1228 1506 1287 consuetudine
1536 1226 1883 1283 humanitatis
1916 1224 2078 1281 oll'er-

499 1332 604 1381 tur.
644 1323 821 1380 Prima
859 1338 983 1394 pars
1013 1322 1128 1393 ejus
1153 1330 1381 1393 quatuor
1409 1320 1583 1376 modis
1609 1317 1803 1387 Sponsi
1842 1316 2082 1372 continet

499 1417 705 1486 laudes,
739 1416 793 1473 id
820 1425 901 1472 est
929 1416 1141 1473 Domini
1167 1415 1487 1472 Salvatoris.
1516 1412 1763 1470 Secunda
1790 1410 1955 1467 simili
1978 1426 2079 1467 nu-

498 1523 648 1564 mero
696 1515 926 1578 quatuor
972 1506 1214 1576 partibus
1255 1504 1495 1577 mysticis
1539 1502 1826 1559 virtutibus
1871 1501 2079 1572 Sponsa

435 1590 449 1667 ζ
500 1598 817 1670 prmdicatur
843 1598 1085 1655 Ecclesia
1112 1614 1127 1664 ;
1168 1596 1379 1653 scilicet
1416 1611 1534 1667 qum
1560 1598 1616 1653 in
1644 1602 1955 1652 sanctorum
1984 1594 2082 1649 bo-

438 1672 445 1708 ἶ
502 1690 706 1744 minum
729 1688 1055 1745 adunatione
1075 1688 1339 1744 consistit.
1374 1687 1486 1744 lloc
1512 1701 1723 1759 quoque
1751 1684 2083 1757 sapientissi-

500 1795 619 1836 mus
648 1778 902 1837 Salomon
923 1780 979 1835 in
1010 1779 1148 1835 libro
1167 1780 1258 1851 qui
1287 1779 1584 1850 appellatur
1612 1776 1888 1834 Canticum
1920 1775 2083 1832 canti-

1673 369 1746 429 Μ.
1787 361 2068 429 Αυκειιι
2099 356 2501 423 CASSIODORI

2105 489 2163 551 Α
2184 481 2241 536 in
2268 486 2534 535 attentum.
2562 473 2740 532 Finito
2765 484 3052 547 prommto,
3081 476 3138 529 et
3156 474 3529 543 competenter
3547 470 3760 543 populis

3650 352 3757 412 320

2176 571 2244 628 ad
2269 567 2519 626 audiendi
2543 567 2782 624 studium
2811 563 3115 634 concitatis,
3164 563 3363 621 factum
3385 571 3469 620 est
3487 562 3557 620 de
3586 562 3761 619 incar-

2178 666 2396 721 natione
2427 660 2639 719 Domini
2668 658 2841 715 laudis
2867 657 3076 714 initium
3104 673 3121 725 ;
3152 665 3213 713 ut
3246 670 3341 728 per
3362 671 3522 728 quam
3558 654 3763 712 merui-

2179 772 2299 814 mus
2328 754 2630 812 Divinitatis
2661 767 2857 809 arcana
2886 765 3232 823 cognoscere,
3266 765 3364 822 per
3391 750 3566 822 ipsam
3598 749 3765 808 debe-

2177 869 2364 912 remus
2404 860 2460 910 et
2505 851 2774 923 prmconia
2819 856 2984 905 tantas
3035 847 3332 921 majestatis
3368 847 3575 903 audire.
3632 847 3766 914 Quae

2180 947 2388 1018 species
2431 944 2623 1012 laudis,
2667 941 2807 1013 apud
2834 950 3078 998 oratores
3110 943 3155 996 Δ
3186 941 3352 997 forma
3385 940 3599 996 dicitur.
3656 938 3764 996 Sed

2179 1053 2299 1095 cum
2329 1037 2383 1093 in
2411 1037 2544 1093 lsaia
2588 1035 2835 1107 legatur:
2868 1033 3107 1089 Vidimus
3141 1048 3257 1088 eum
3300 1038 3350 1086 et
3398 1047 3503 1086 non
3546 1029 3767 1084 habebat

2178 1133 2392 1205 speciem
2416 1147 2579 1202 neque
2622 1130 2860 1184 decorem
2904 1144 2922 1183 :
2962 1127 3051 1181 sed
3078 1126 3269 1199 species
3296 1124 3465 1180 vultus
3510 1126 3622 1193 ejus
3652 1124 3767 1179 sine

2180 1226 2370 1280 honore
2403 1224 2603 1297 abjecta
2632 1236 2740 1291 pra:
2768 1220 3000 1275 omnibus
3030 1218 3320 1274 hominibus
3353 1218 3487 1288 (lsa.
3523 1232 3636 1282 Lm,
3670 1215 3763 1286 9);

2182 1314 2344 1386 queri
2374 1319 2572 1384 potest,
2602 1326 2700 1367 cur
2730 1311 2817 1367 hic
2850 1325 3013 1381 super
3040 1324 3211 1380 genus
3239 1308 3529 1365 humanum
3553 1308 3767 1378 specio-

2183 1406 2431 1461 sissimus
2456 1404 2840 1461 describatur?
2893 1402 3011 1459 Non
3040 1402 3161 1473 quia
3203 1400 3372 1458 forma
3411 1402 3531 1472 ejus
3569 1401 3767 1459 decore

2183 1497 2341 1553 lactei
2373 1496 2572 1573 coloris
2611 1496 2800 1563 eluxit,
2847 1503 2940 1551 aut
2974 1494 3113 1552 ﬂavo
3155 1495 3304 1550 crine
3344 1494 3623 1563 lampavit,
3674 1501 3769 1550 aut

2181 1588 2375 1661 insigni
2416 1598 2619 1647 statura
2666 1588 3019 1659 praeminuit;
3076 1587 3171 1643 sed
3221 1587 3483 1643 veraciter
3529 1588 3769 1644 humano

2181 1698 2379 1755 genere
2409 1683 2680 1750 pulchrior
2709 1682 2826 1749 fuit,
2857 1681 2981 1753 quia
3010 1691 3229 1753 peccata
3258 1696 3365 1737 non
3397 1679 3601 1736 habuit.
3633 1680 3772 1737 illud

2183 1781 2329 1836 enim
2356 1777 2505 1835 recte
2533 1779 2819 1849 speciosum
2848 1777 3065 1847 dicitur,
3106 1777 3249 1850 quod
3270 1778 3440 1848 gratia
3469 1776 3770 1833 mundissi-

497 1886 680 1929 corum
719 1873 997 1929 notissima
1024 1871 1256 1929 lectione
1286 1871 1591 1943 descripsit.
1634 1869 1789 1927 Unde
1814 1877 1870 1925 et
1894 1882 1992 1924 nos
2022 1868 2078 1923 in
2109 1874 2157 1937 Β
2184 1888 2286 1929 mre
2331 1871 2575 1944 puritatis
2623 1880 2883 1937 ornatur;
2943 1871 3188 1942 quamvis
3235 1870 3393 1927 Pater
3436 1869 3773 1939 Augustinus

496 1966 748 2035 praesenti
793 1965 1023 2036 psalmo,
1069 1972 1228 2037 prout
1267 1963 1418 2020 locus
1464 1962 1689 2033 expetit,
1744 1961 1866 2016 libri
1907 1960 2078 2031 ipsius

497 2059 740 2129 exempla
765 2058 1081 2129 jungimus;
1128 2066 1189 2114 ut
1215 2056 1344 2113 licet
1382 2056 1761 2127 praedicatores
1786 2055 1942 2110 divisi
1970 2054 2079 2111 sint

498 2151 852 2221 temporibus,
879 2143 1172 2209 concordia
1201 2158 1381 2206 tamen
1408 2148 1704 2221 prophetia:
1730 2161 1894 2203 unum
1915 2146 2078 2203 locuti

499 2256 615 2299 esse
637 2243 937 2302 videantur.

1025 2332 1296 2407 Expositio
1324 2332 1533 2406 psalmi.

574 2426 791 2484 VersJ.
835 2426 1097 2484 Eructauit
1136 2443 1222 2484 cor
1246 2442 1416 2483 meum
1439 2424 1645 2482 uerbum
1680 2423 1916 2481 bonum:
1964 2422 2079 2479 dico

499 2533 589 2591 ego
618 2534 771 2587 Opera
800 2535 913 2573 mea
936 2518 1084 2590 Regi.

574 2610 794 2668 VersJ.
834 2612 1037 2684 Lingua
1063 2628 1175 2668 mea
1192 2611 1422 2670 calamus
1448 2613 1649 2677 scriba,
1681 2611 1921 2667 velociter
1950 2612 2079 2668 scri-

497 2704 675 2760 bentis.
698 2703 833 2761 Cum
855 2704 1259 2777 intelligentiam
1280 2720 1427 2763 suam
1449 2707 1709 2777 pr0pheta
1732 2714 2082 2777 cognosceret

495 2794 659 2852 divini
706 2798 947 2854 muneris
991 2797 1235 2856 claritate
1286 2796 1417 2873 [ed.,
1444 2796 1728 2871 charitate]
1786 2797 2077 2869 perfusam,

495 2888 863 2959 magnitudine
908 2890 1079 2962 ipsius
1126 2889 1496 2963 gratulationis
1535 2891 1879 2962 compulsus;
1937 2889 2081 2962 quod

497 2982 735 3040 dicturus
762 2993 881 3041 erat
909 2994 1033 3042 ante
1062 2985 1320 3052 laudavit,
1352 3000 1461 3041 non
1491 2986 1741 3053 elationis
1761 2986 1960 3053 studio,
1984 2988 2080 3043 sed

498 3083 671 3131 motus
701 3076 937 3132 veritatis
966 3077 1242 3133 instinctu.
1289 3075 1556 3132 Eructaeit
1581 3077 1834 3143 dicimus,
1865 3076 2082 3149 quando

498 3167 710 3223 satietas
733 3167 899 3222 multa
920 3166 1160 3224 ciborum
1184 3168 1514 3239 digestioues
1546 3146 1931 3225 saluberrimas
1958 3146 2082 3226 e‘va—

2182 1964 2416 2035 speciem
2443 1961 2683 2033 corporis
2708 1961 2825 2032 ejus
2865 1961 3004 2018 dicat
3051 1962 3217 2018 fuisse
3255 1960 3605 2017 laudabilem.
3662 1959 3772 2017 Sed

2183 2056 2485 2128 exemplum
2513 2056 2663 2112 lsaize
2690 2070 2852 2126 supra
2882 2055 3117 2126 positum
3141 2054 3208 2110 ad
3242 2054 3507 2125 passionis
3537 2052 3660 2123 ejus
3686 2067 3773 2109 re-

2184 2150 2305 2205 tulit
2328 2158 2541 2220 tempus
2562 2149 2777 2220 quando
2799 2156 2856 2205 et
2890 2147 3130 2217 colaphis
3160 2161 3353 2215 caesus,
3400 2154 3453 2203 et
3478 2147 3651 2217 spinis
3680 2158 3774 2202 co-

2182 2252 2426 2311 ronatus,
2469 2251 2526 2299 et
2550 2244 2723 2313 sputis
2759 2241 2951 2314 legitur
2978 2256 3101 2298 esse
3141 2241 3469 2313 complutus.
3528 2240 3774 2296 Ecclesia

2185 2348 2312 2390 vero
2328 2348 2445 2405 quae
2460 2334 2669 2390 Domini
2685 2332 2976 2390 Salvatoris
2988 2333 3325 2405 portat151
3339 2332 3629 2403 imaginem
3653 2373 3670 2398 ,
3694 2332 3774 2387 sic

2183 2426 2375 2496 legitur
2399 2427 2454 2483 in
2482 2426 2721 2483 Canticis
2749 2426 3080 2483 canticorum
3107 2441 3123 2479 :
3157 2424 3329 2480 Fusca
3366 2441 3479 2479 sum
3506 2432 3553 2479 et
3579 2424 3775 2480 decors

2183 2517 2357 2590 (Cant.
2390 2533 2429 2585 ι,
2461 2516 2559 2590 4);
2602 2516 2655 2573 id
2698 2524 2784 2574 est
2826 2520 2973 2588 fusca
3000 2529 3228 2586 corpore
3266 2514 3487 2581 carnali,
3540 2516 3775 2585 formosa

2183 2609 2494 2666 cmlestibus
2514 2608 2739 2665 meritis.
2767 2608 3010 2680 thuare
3031 2608 3315 2678 speciosum
3332 2606 3529 2663 dixerit
3549 2607 3772 2679 probat:

2183 2702 2328 2774 quia,
2353 2702 2601 2774 loquente
2622 2700 2855 2770 Christo,
2883 2716 2977 2772 per
2997 2701 3224 2774 gratiam
3247 2700 3358 2758 Deo
3382 2690 3776 2761 reconciliatus

2183 2804 2266 2853 est
2293 2795 2543 2852 mundus.
2569 2794 2706 2864 Quid
2736 2808 2864 2866 ergo
2890 2794 3068 2866 potuit
3088 2794 3140 2849 in
3166 2793 3401 2851 humano
3420 2808 3623 2866 genere
3651 2810 3777 2854 esse

2184 2888 2380 2958 simile,
2437 2902 2598 2959 quam
2651 2888 2826 2958 ipsum
2880 2886 3219 2943 incarnatum
3275 2886 3613 2956 conspicere,
3673 2902 3777 2959 per
3852 2887 3861 2894 ’

2185 2994 2343 3051 quem
2370 2979 2760 3063 redemptionis
2789 2978 2989 3036 donum
3014 2987 3157 3035 totus
3184 2964 3610 3051 orbis‘accepit?
3642 2979 3779 3037 Nam

2185 3074 2264 3130 sic
2294 3074 2362 3130 de
2402 3074 2520 3146 ipso
2564 3084 2618 3131 et
2649 3072 2937 3144 praedictus
2984 3074 3118 3129 liber
3147 3072 3456 3130 Salomonis
3484 3074 3731 3130 enumiat
3763 3092 3775 3129 :

2148 3240 2151 3241 ν
2189 3166 2351 3222 Labia
2378 3174 2467 3223 tua
2495 3176 2544 3222 et
2571 3166 2771 3238 loquela
2791 3175 2881 3221 tua
2901 3168 3147 3238 speciosa.
3177 3167 3454 3240 Sequitur,
3487 3167 3780 3241 Propterea

499 3266 671 3329 porat.
715 3258 822 3315 Sed
853 3274 1010 3330 quam
1039 3261 1247 3331 magnis
1289 3261 1654 3332 spiritualibus
1699 3263 1874 3333 epulis
1911 3262 2084 3319 fuerat
2108 3266 2155 3331 ο
2188 3256 2442 3314 benedixit
2469 3265 2518 3313 te
2536 3256 2677 3313 Deus
2706 3258 2759 3311 in
2784 3265 3028 3312 reternum
3056 3256 3230 3330 (Cant.
3265 3274 3337 3327 ιν,
3358 3259 3437 3329 3).
3463 3256 3780 3331 Pmpterea,

501 3352 579 3407 vir
608 3354 709 3411 iste
735 3354 1062 3425 completus,
1098 3364 1157 3410 ut
1182 3363 1289 3411 tam
1318 3353 1448 3410 boni
1480 3354 1662 3411 odoris
1691 3362 1964 3411 eructaret
1993 3370 2084 3411 ar-

498 3460 692 3502 canum
721 3449 735 3503 ι
768 3446 869 3503 Cor
896 3464 1085 3518 meum,
1121 3448 1302 3505 sinum
1329 3449 1525 3505 mentis
1554 3449 1813 3521 intellige.
1852 3446 2082 3504 Verbum

499 3540 706 3609 bonum,
733 3540 930 3597 Filium
962 3542 1057 3599 Dei
1078 3542 1229 3608 dicit,
1268 3543 1338 3599 de
1366 3558 1471 3616 quo
1492 3543 1728 3621 Joanws
1756 3544 2084 3615 evangelista

496 3629 611 3687 ait:
642 3629 711 3686 In
749 3634 1005 3705 principio
1031 3643 1139 3690 erat
1175 3634 1422 3703 Verbum,
1468 3644 1516 3690 et
1559 3635 1785 3691 Verbum
1810 3644 1918 3691 erat
1944 3636 2087 3707 apud
2132 3668 2135 3671 λ

495 3720 686 3792 Deum,
716 3731 763 3780 et
791 3722 930 3779 Deus
953 3734 1061 3781 erat
1102 3725 1325 3782 Verbum
1369 3724 1553 3794 (locu.
1586 3743 1624 3795 ι,
1657 3728 1734 3797 1).
1770 3727 1889 3798 ipsa
1919 3728 2085 3784 etiam

496 3816 563 3873 de
591 3833 651 3874 se
681 3818 891 3876 Veritas
924 3820 1057 3878 dicit
1100 3838 1115 3877 :
1174 3823 1340 3878 Nemo
1383 3822 1572 3891 bonus,
1618 3824 1721 3879 uisi
1765 3824 1908 3879 solus
1948 3824 2086 3880 Deus

502 3912 695 3984 (Marc.
721 3931 774 3981 x,
810 3914 923 3987 18).
950 3916 1122 3989 Opera
1143 3932 1274 3975 vero
1293 3919 1347 3975 id
1374 3929 1456 3976 est
1474 3920 1787 3990 opusculum
1812 3922 2087 3992 propheta;

492 4005 613 4073 fuit,
643 4007 838 4077 psalmi
870 4008 1027 4080 hujus
1061 4010 1312 4068 decoram
1342 4014 1742 4070 contextionem
1780 4012 2083 4071 ministerio

492 4115 609 4157 suae
632 4101 777 4158 vocis
806 4102 1024 4172 oll'erre,
1056 4112 1112 4160 et
1138 4120 1233 4176 per
1257 4120 1515 4178 organum
1538 4108 1733 4178 .ingua:
1757 4106 2080 4179 quibusdam

490 4194 706 4251 calamis
737 4195 916 4252 divina
947 4198 1114 4253 verba
1144 4212 1420 4255 resonare.
1464 4197 1618 4255 Hanc
1645 4199 1790 4256 enim
1820 4198 2085 4269 praedica-

491 4283 690 4337 tionem
721 4282 848 4353 Regi
877 4284 1046 4341 dicere
1082 4286 1364 4355 gestiebat,
1400 4302 1560 4357 quam
1589 4287 1657 4343 de
1695 4287 1814 4357 ejus
1844 4288 2085 4344 admira-

490 4370 583 4428 bili
598 4371 989 4443 claritatejmss.
1007 4377 1095 4443 A.,
1112 4375 1204 4443 B.,
1221 4376 1315 4447 F.,
1330 4377 1606 4450 charitate]
1623 4386 1962 4448 conceperat.
1974 4379 2083 4437 Sed

489 4479 556 4520 ne
582 4465 702 4536 quis
728 4472 941 4535 putaret
960 4466 1161 4536 aliquid
1186 4482 1312 4523 eum
1337 4484 1402 4524 ex
1430 4470 1644 4540 propria
1672 4469 1951 4527 voluntate
2000 4470 2081 4527 di-

488 4565 717 4622 cturum,
743 4557 996 4630 [linguam
1041 4571 1192 4613 suam
1242 4559 1423 4614 scriba:
1464 4560 1664 4615 calamo
1714 4562 2076 4631 comparavit,

2188 3349 2337 3419 dicit,
2398 3359 2618 3422 propter
2665 3351 3076 3421 prmdicationes
3120 3352 3368 3421 eximias,
3426 3360 3482 3408 et
3519 3340 3781 3423 pietatem

2192 3442 2519 3501 omnimodis
2567 3444 2927 3515 singularem;
2982 3444 3107 3515 quia
3153 3445 3288 3501 nulli
3337 3445 3629 3517 quidquam
3677 3462 3781 3518 pro

2188 3533 2401 3592 meritis
2425 3534 2672 3602 contulit,
2715 3535 2812 3591 sed
2840 3536 3021 3593 omnia
3050 3549 3149 3592 sua
3172 3537 3349 3608 potius
3375 3537 3617 3595 bonitate
3646 3552 3777 3595 con-

2187 3628 2370 3685 cessit.
2399 3626 2721 3685 Benedictus
2748 3635 2832 3684 est
2855 3628 2998 3683 enim
3030 3628 3087 3684 in
3109 3637 3401 3698 aeternum,
3439 3630 3595 3701 cujus
3624 3632 3780 3702 regni

2188 3737 2295 3778 non
2324 3723 2427 3779 erit
2456 3722 2596 3778 ﬁnis.
2630 3723 2776 3779 Bene
2798 3731 2977 3780 autem
3006 3723 3208 3781 dictum
3239 3734 3322 3781 est
3352 3741 3383 3779 a
3408 3725 3580 3781 forma
3606 3728 3780 3782 servi.

2188 3815 2458 3871 Benedixit
2485 3823 2532 3871 te
2562 3814 2723 3884 Deus,
2774 3831 2892 3886 qua:
2923 3826 2979 3872 et
3006 3816 3315 3887 passionem
3344 3814 3585 3889 pertulit,
3626 3826 3683 3875 et
3711 3817 3781 3875 ad

2187 3922 2354 3989 regna
2383 3908 2640 3965 caelorum
2669 3908 2929 3979 pervenit.

2282 3924 2354 3989 na
2383 3924 2640 3965 castorum
2669 3924 2929 3979 pervenit.

2251 3924 2426 4059 ἱεῖς.
2462 4003 2518 4059 4.
2557 4003 2833 4074 Accingere
2874 4001 3051 4074 gladio
3091 4012 3179 4058 tuo
3219 4004 3358 4059 circa
3403 4004 3569 4074 femur
3611 4013 3778 4072 tuum,

2188 4092 2533 4165 potentissime
2562 4110 2593 4148 :7
2611 4094 2776 4164 specie
2812 4102 2901 4147 tua
2937 4100 2986 4149 et
3014 4093 3401 4163 pulchritudine
3430 4102 3535 4147 tua.
3568 4094 3777 4149 Secun-

2186 4184 2289 4243 dus
2332 4186 2700 4243 intromittitur
2746 4188 2939 4244 modus
2987 4187 3159 4244 laudis
3206 4187 3421 4244 Domini
3459 4186 3769 4256 Salvatoris.

2187 4281 2278 4352 qui
2304 4280 2498 4339 dicitur
2526 4284 2568 4337 Α
2610 4290 2893 4352 potestate.
2938 4282 3021 4338 Ad
3061 4282 3246 4338 nescio
3283 4281 3427 4337 enim
3466 4279 3609 4350 quod
3639 4294 3773 4350 gau‘

2185 4375 2333 4432 dium
2391 4376 2654 4445 propheta
2699 4374 3018 4444 subvectus:
3065 4383 3317 4445 precatur
3375 4373 3659 4429 Dominum
3720 4378 3778 4428 ut

2186 4471 2525 4535 exspectatus
2547 4464 2796 4535 gentibus
2817 4466 3034 4522 tandem
3054 4464 3442 4521 saluberrimus
3464 4473 3774 4534 appareret.

2184 4556 2326 4614 Dicit
2352 4556 2498 4612 enim
2521 4572 2537 4611 :
2564 4556 2838 4628 Accingere
2863 4555 3037 4629 gladio
3064 4568 3169 4611 tuo.
3200 4556 3509 4626 Metaphora
3538 4571 3570 4610 a
3598 4554 3777 4610 bella-

488 4663 604 4719 que
644 4649 723 4704 sic
766 4647 975 4705 dictura
1018 4657 1102 4705 est
1142 4648 1370 4707 fideliter
1396 4649 1628 4720 Spiritus
1665 4653 1836 4706 sancti
1887 4652 2075 4721 verba,
2103 4675 2160 4736 ι)
2186 4656 2305 4707 tore
2347 4657 2637 4721 concepta.
2672 4650 2763 4722 qui
2807 4651 3156 4707 dimicaturus
3194 4649 3371 4720 gladio
3416 4647 3665 4719 cingitur,
3718 4656 3779 4704 ut

486 4739 931 4811 quemadmodum
960 4755 1155 4798 sensus
1198 4742 1365 4798 nostri
1399 4751 1520 4799 vota
1552 4743 1794 4799 calamus
1821 4742 2079 4801 describit

489 4832 541 4888 in
587 4834 792 4893 charta.
846 4835 1082 4903 Addidit,
1137 4837 1374 4892 uelociter
1412 4837 1717 4901 scribentis;
1764 4853 1925 4909 quem
1979 4853 2078 4895 nos

487 4927 655 4997 magis
707 4930 971 4986 notarium
1030 4930 1288 4987 debemus
1343 4931 1611 5001 accipere,
1666 4931 1755 5001 qui
1815 4930 2076 4988 velociter

490 5019 651 5074 verba
689 5022 932 5093 suscipit,
963 5033 1017 5079 et
1039 5023 1196 5080 citius
1224 5023 1405 5079 audita
1439 5024 1769 5080 transcribit.
1806 5024 2073 5081 Conside-

486 5110 714 5166 randum
741 5127 873 5168 vero
897 5116 1149 5185 quoniam
1176 5115 1260 5172 hic
1299 5116 1597 5187 prophetim
1624 5116 1794 5172 virtus
1820 5116 2071 5174 ostendi-

487 5209 589 5270 tur,
625 5218 746 5274 qum
774 5219 880 5260 non
909 5207 1008 5262 sub
1028 5210 1265 5264 cruciatu
1293 5209 1525 5266 humano
1553 5210 1751 5280 cogitat
1776 5252 1792 5279 ,
1820 5210 1915 5266 sed
1950 5213 2072 5269 sine

487 5293 668 5366 aliquo
713 5295 897 5353 labore
924 5297 1226 5358 Divinitatis
1264 5300 1417 5373 jussa
1462 5302 1721 5373 divulgat.
1774 5301 2071 5361 Audiamus

484 5401 628 5443 nunc
648 5388 962 5459 prophetam
980 5390 1309 5461 epithalamii
1335 5393 1453 5450 sine
1471 5392 1780 5449 adulatione
1799 5392 2068 5451 dicturum

484 5476 715 5547 laudem,
768 5494 889 5551 quae
929 5480 1063 5537 nihil
1108 5483 1211 5538 nisi
1258 5494 1547 5555 exaggerat
1595 5485 1899 5551 veritatem,
1950 5502 2077 5557 qua:

487 5570 633 5627 salva
666 5572 969 5645 integritate
993 5574 1294 5644 blanditur;
1328 5587 1383 5634 et
1408 5580 1653 5649 quamvis
1684 5563 1877 5652 magna
1904 5581 2064 5650 dicat,

483 5680 591 5724 non
613 5676 793 5725 tamen
818 5669 997 5727 omnia
1025 5671 1357 5729 sufficienter
1384 5683 1684 5731 enumerat.

555 5754 688 5823 Vers
708 5766 762 5823 5.
805 5767 1080 5840 Speciosus
1104 5770 1272 5840 forma
1295 5783 1402 5840 pra
1426 5768 1549 5839 ﬁliis
1570 5769 1856 5840 hominum,
1880 5770 1984 5841 di/f
1980 5788 2070 5827 usa

483 5862 559 5913 est
585 5859 755 5930 gratia
791 5861 848 5917 in
876 5861 1023 5919 labiis
1052 5861 1153 5920 tuis
1179 5878 1200 5921 :
1244 5870 1522 5934 prapterea
1548 5861 1808 5921 benedixit
1846 5872 1895 5924 te
1923 5863 2070 5924 Deus

2185 4753 2493 4818 prosternat
2543 4745 2837 4801 inimicum.
2888 4743 2993 4800 Sed
3048 4744 3135 4799 hic
3181 4744 3411 4815 gladium
3460 4755 3776 4809 sermonem

2181 4838 2579 4909 prtedicationis
2627 4836 2885 4892 debemus
2936 4836 3208 4905 accipere,
3261 4834 3329 4889 de
3379 4849 3484 4905 quo
3539 4834 3656 4905 ipse
3717 4833 3776 4888 in

2180 4929 2473 5001 Evangelio
2511 4934 2738 4985 testatur
2770 4945 2782 4979 :
2817 4925 2942 4981 Non
2980 4927 3095 4981 veni
3139 4942 3316 4998 pacem
3355 4926 3554 4980 mittere
3583 4925 3639 4978 in
3667 4932 3773 4978 ter-

2177 5040 2309 5090 ram,
2336 5023 2425 5078 sed
2452 5021 2682 5093 gladium
2703 5018 2919 5091 (Matth.
2951 5036 3008 5087 x,
3039 5019 3162 5090 54);
3193 5029 3247 5075 et
3278 5020 3564 5091 Apostolus
3588 5019 3719 5074 dicit
3753 5035 3770 5073 :

2180 5116 2248 5169 Et
2275 5114 2506 5187 gladium
2532 5114 2763 5183 spiritus,
2794 5114 2933 5184 quod
2966 5122 3040 5170 est
3080 5114 3285 5169 verbum
3323 5112 3418 5167 Dei
3443 5111 3657 5187 (Ephes.
3690 5127 3771 5180 γι,

2177 5206 2292 5279 l7).
2322 5204 2540 5261 Gladius
2582 5214 2760 5262 autem
2805 5207 3005 5264 dicitur
3046 5220 3228 5263 sermo
3259 5205 3377 5273 Dei,
3413 5205 3534 5274 quia
3572 5218 3773 5273 corpu-

2175 5300 2318 5357 lenta
2358 5298 2501 5379 vitiis
2539 5298 2701 5359 corda
2742 5299 3019 5356 hominum
3055 5300 3162 5355 ictu
3190 5312 3300 5355 suae
3329 5299 3545 5354 virtutis
3573 5298 3773 5354 irrum-

2146 5472 2149 5473 ν
2175 5394 2283 5467 pit;
2309 5384 2409 5451 nec
2429 5401 2609 5466 potest
2629 5394 2966 5451 imbecillitas
2989 5394 3225 5449 humana
3253 5394 3531 5458 resistere,
3556 5390 3644 5447 ubi
3673 5390 3769 5445 illa

2176 5488 2507 5545 fortitudinis
2548 5488 2721 5560 gloria
2760 5486 3009 5557 dignatur
3041 5487 3264 5544 intrare.
3298 5486 3495 5542 Femur
3525 5498 3652 5540 vero
3682 5483 3771 5538 in-

2175 5582 2541 5639 carnationem
2586 5579 2851 5651 significat
2901 5578 3111 5636 Domini
3163 5581 3481 5645 Salvatoris,
3522 5577 3663 5634 sicut
3708 5576 3767 5632 in

2174 5673 2369 5731 Genesi
2400 5676 2593 5745 legitur
2625 5690 2638 5727 :
2665 5671 2789 5727 Non
2829 5672 3034 5743 deﬁciet
3078 5677 3314 5746 princeps
3360 5690 3424 5731 ea:
3466 5672 3628 5739 Iuda,
3671 5688 3769 5727 nec

2171 5768 2284 5827 dua:
2312 5769 2375 5822 de
2404 5766 2679 5840 feruoribus
2709 5766 2817 5839 ejus
2848 5765 3004 5839 (Gen.
3046 5782 3190 5835 ms,
3226 5766 3336 5839 10).
3368 5768 3424 5825 In
3453 5767 3570 5837 ipso
3598 5765 3766 5823 etiam

2172 5861 2455 5936 mysterio,
2498 5869 2555 5919 et
2598 5860 2870 5921 Abraham
2918 5860 3072 5933 (Gen.
3113 5878 3256 5935 xxtv,
3302 5862 3360 5935 2)
3403 5863 3532 5923 fecit
3573 5862 3762 5934 iurare
