  <div class='ocr_page' id='page_1' title='image "/cluster/home/n/w/nwhite01/storage/ocr_20150623/70/hvd.32044015469356/166.png"; bbox 0 0 3996 6346; ppageno 0'>
   <div class='ocr_carea' id='block_1_1' title="bbox 183 478 281 532">
    <p class='ocr_par' dir='ltr' id='par_1_1' title="bbox 183 478 281 532">
     <span class='ocr_line' id='line_1_1' title="bbox 183 478 281 532; baseline 0.01 -1"><span class='ocrx_word' id='word_1_1' title='bbox 183 478 281 532; x_wconf 70' lang='grc'><strong>521</strong></span> 
     </span>
    </p>
   </div>
   <div class='ocr_carea' id='block_1_2' title="bbox 1071 477 2489 550">
    <p class='ocr_par' dir='ltr' id='par_1_2' title="bbox 1071 477 2489 550">
     <span class='ocr_line' id='line_1_2' title="bbox 1071 477 2489 550; baseline 0.011 -17"><span class='ocrx_word' id='word_1_2' title='bbox 1071 477 1430 541; x_wconf 81' lang='lat' dir='ltr'><strong>EXPOSITIO</strong></span> <span class='ocrx_word' id='word_1_3' title='bbox 1469 483 1538 542; x_wconf 83' lang='grc' dir='ltr'><strong>ΙΝ</strong></span> <span class='ocrx_word' id='word_1_4' title='bbox 1577 481 2036 544; x_wconf 79' lang='lat' dir='ltr'><strong>PSALTERIUM.</strong></span> <span class='ocrx_word' id='word_1_5' title='bbox 2079 485 2268 546; x_wconf 81' lang='lat' dir='ltr'><strong>PSAL.</strong></span> <span class='ocrx_word' id='word_1_6' title='bbox 2309 489 2489 550; x_wconf 79' lang='lat' dir='ltr'><strong>XLIV.</strong></span> 
     </span>
    </p>
   </div>
   <div class='ocr_carea' id='block_1_3' title="bbox 3345 499 3443 556">
    <p class='ocr_par' dir='ltr' id='par_1_3' title="bbox 3345 499 3443 556">
     <span class='ocr_line' id='line_1_3' title="bbox 3345 499 3443 556; baseline 0 0"><span class='ocrx_word' id='word_1_7' title='bbox 3345 499 3443 556; x_wconf 70' lang='lat'><strong>322</strong></span> 
     </span>
    </p>
   </div>
   <div class='ocr_carea' id='block_1_4' title="bbox 181 592 3444 683">
    <p class='ocr_par' dir='ltr' id='par_1_4' title="bbox 181 592 3444 683">
     <span class='ocr_line' id='line_1_4' title="bbox 181 592 3444 683; baseline 0.006 -36"><span class='ocrx_word' id='word_1_8' title='bbox 181 593 437 648; x_wconf 80' lang='lat' dir='ltr'><strong>famulum</strong></span> <span class='ocrx_word' id='word_1_9' title='bbox 465 603 643 657; x_wconf 91' lang='lat' dir='ltr'><strong>suum,</strong></span> <span class='ocrx_word' id='word_1_10' title='bbox 674 592 886 663; x_wconf 78' lang='lat' dir='ltr'><strong>quando</strong></span> <span class='ocrx_word' id='word_1_11' title='bbox 914 593 965 650; x_wconf 92' lang='lat' dir='ltr'><strong>ei</strong></span> <span class='ocrx_word' id='word_1_12' title='bbox 1005 602 1148 652; x_wconf 89' lang='lat' dir='ltr'><strong>tacto</strong></span> <span class='ocrx_word' id='word_1_13' title='bbox 1184 598 1388 655; x_wconf 85' lang='lat' dir='ltr'><strong>femore</strong></span> <span class='ocrx_word' id='word_1_14' title='bbox 1419 601 1672 670; x_wconf 74' lang='lat' dir='ltr'><strong>praecepit</strong></span> <span class='ocrx_word' id='word_1_15' title='bbox 1699 615 1767 658; x_wconf 92' lang='lat' dir='ltr'><strong>ne</strong></span> <span class='ocrx_word' id='word_1_16' title='bbox 1793 603 1847 662; x_wconf 78' lang='grc' dir='ltr'><strong>Α</strong></span> <span class='ocrx_word' id='word_1_17' title='bbox 1869 601 2104 671; x_wconf 76' lang='lat' dir='ltr'><strong>gladium</strong></span> <span class='ocrx_word' id='word_1_18' title='bbox 2144 604 2321 672; x_wconf 87' lang='lat' dir='ltr'><strong>posuit</strong></span> <span class='ocrx_word' id='word_1_19' title='bbox 2365 601 2504 674; x_wconf 90' lang='lat' dir='ltr'><strong>quod</strong></span> <span class='ocrx_word' id='word_1_20' title='bbox 2548 614 2788 674; x_wconf 80' lang='lat' dir='ltr'><strong>proxtme</strong></span> <span class='ocrx_word' id='word_1_21' title='bbox 2816 605 3085 674; x_wconf 86' lang='lat' dir='ltr'><strong>vulnerat;</strong></span> <span class='ocrx_word' id='word_1_22' title='bbox 3117 605 3204 666; x_wconf 88' lang='lat' dir='ltr'><strong>hic</strong></span> <span class='ocrx_word' id='word_1_23' title='bbox 3229 611 3444 683; x_wconf 86' lang='lat' dir='ltr'><strong>sagittas</strong></span> 
     </span>
    </p>
   </div>
   <div class='ocr_carea' id='block_1_5' title="bbox 183 683 1770 754">
    <p class='ocr_par' dir='ltr' id='par_1_5' title="bbox 183 683 1770 754">
     <span class='ocr_line' id='line_1_5' title="bbox 183 683 1770 754; baseline 0.004 -16"><span class='ocrx_word' id='word_1_24' title='bbox 183 684 455 754; x_wconf 85' lang='lat' dir='ltr'><strong>acciperet</strong></span> <span class='ocrx_word' id='word_1_25' title='bbox 484 683 597 739; x_wconf 92' lang='lat' dir='ltr'><strong>ﬁlio</strong></span> <span class='ocrx_word' id='word_1_26' title='bbox 637 697 735 740; x_wconf 90' lang='lat' dir='ltr'><strong>suo</strong></span> <span class='ocrx_word' id='word_1_27' title='bbox 778 683 924 741; x_wconf 85' lang='lat' dir='ltr'><strong>Isaac</strong></span> <span class='ocrx_word' id='word_1_28' title='bbox 952 701 1174 742; x_wconf 74' lang='lat' dir='ltr'><strong>uxorem</strong></span> <span class='ocrx_word' id='word_1_29' title='bbox 1220 689 1285 744; x_wconf 93' lang='lat' dir='ltr'><strong>de</strong></span> <span class='ocrx_word' id='word_1_30' title='bbox 1323 690 1536 744; x_wconf 94' lang='lat' dir='ltr'><strong>ﬁliabus</strong></span> <span class='ocrx_word' id='word_1_31' title='bbox 1561 690 1770 746; x_wconf 85' lang='lat' dir='ltr'><strong>Chana-</strong></span> 
     </span>
    </p>
   </div>
   <div class='ocr_carea' id='block_1_6' title="bbox 181 774 1770 850">
    <p class='ocr_par' dir='ltr' id='par_1_6' title="bbox 181 774 1770 850">
     <span class='ocr_line' id='line_1_6' title="bbox 181 774 1770 850; baseline 0.003 -18"><span class='ocrx_word' id='word_1_32' title='bbox 181 791 441 832; x_wconf 64' lang='lat' dir='ltr'><strong>nmorum.</strong></span> <span class='ocrx_word' id='word_1_33' title='bbox 493 774 704 830; x_wconf 78' lang='lat' dir='ltr'><strong>Femori</strong></span> <span class='ocrx_word' id='word_1_34' title='bbox 749 785 925 832; x_wconf 91' lang='lat' dir='ltr'><strong>autem</strong></span> <span class='ocrx_word' id='word_1_35' title='bbox 983 779 1254 849; x_wconf 80' lang='lat' dir='ltr'><strong>subjunxit</strong></span> <span class='ocrx_word' id='word_1_36' title='bbox 1300 782 1663 850; x_wconf 75' lang='lat' dir='ltr'><strong>potentissime,</strong></span> <span class='ocrx_word' id='word_1_37' title='bbox 1711 792 1770 838; x_wconf 91' lang='lat' dir='ltr'><strong>ut</strong></span> 
     </span>
    </p>
   </div>
   <div class='ocr_carea' id='block_1_7' title="bbox 180 868 1768 944">
    <p class='ocr_par' dir='ltr' id='par_1_7' title="bbox 180 868 1768 944">
     <span class='ocr_line' id='line_1_7' title="bbox 180 868 1768 944; baseline 0.004 -20"><span class='ocrx_word' id='word_1_38' title='bbox 180 869 532 925; x_wconf 87' lang='lat' dir='ltr'><strong>reverendam</strong></span> <span class='ocrx_word' id='word_1_39' title='bbox 569 868 680 938; x_wconf 90' lang='lat' dir='ltr'><strong>jam</strong></span> <span class='ocrx_word' id='word_1_40' title='bbox 719 868 1142 927; x_wconf 89' lang='lat' dir='ltr'><strong>incarnationem</strong></span> <span class='ocrx_word' id='word_1_41' title='bbox 1181 872 1448 940; x_wconf 85' lang='lat' dir='ltr'><strong>crederes,</strong></span> <span class='ocrx_word' id='word_1_42' title='bbox 1481 889 1640 944; x_wconf 90' lang='lat' dir='ltr'><strong>quam</strong></span> <span class='ocrx_word' id='word_1_43' title='bbox 1674 890 1768 942; x_wconf 87' lang='lat' dir='ltr'><strong>po-</strong></span> 
     </span>
    </p>
   </div>
   <div class='ocr_carea' id='block_1_8' title="bbox 180 961 1768 1037">
    <p class='ocr_par' dir='ltr' id='par_1_8' title="bbox 180 961 1768 1037">
     <span class='ocr_line' id='line_1_8' title="bbox 180 961 1768 1037; baseline 0.004 -20"><span class='ocrx_word' id='word_1_44' title='bbox 180 962 347 1017; x_wconf 89' lang='lat' dir='ltr'><strong>tentia</strong></span> <span class='ocrx_word' id='word_1_45' title='bbox 383 961 685 1016; x_wconf 86' lang='lat' dir='ltr'><strong>Divinitatis</strong></span> <span class='ocrx_word' id='word_1_46' title='bbox 714 964 1024 1033; x_wconf 90' lang='lat' dir='ltr'><strong>assumpsit.</strong></span> <span class='ocrx_word' id='word_1_47' title='bbox 1065 964 1318 1021; x_wconf 74' lang='lat' dir='ltr'><strong>Similiter</strong></span> <span class='ocrx_word' id='word_1_48' title='bbox 1351 975 1405 1020; x_wconf 91' lang='lat' dir='ltr'><strong>et</strong></span> <span class='ocrx_word' id='word_1_49' title='bbox 1432 967 1768 1037; x_wconf 87' lang='lat' dir='ltr'><strong>sapientissi-</strong></span> 
     </span>
    </p>
   </div>
   <div class='ocr_carea' id='block_1_9' title="bbox 179 1051 1759 1126">
    <p class='ocr_par' dir='ltr' id='par_1_9' title="bbox 179 1051 1759 1126">
     <span class='ocr_line' id='line_1_9' title="bbox 179 1051 1759 1126; baseline 0.002 -19"><span class='ocrx_word' id='word_1_50' title='bbox 179 1067 301 1107; x_wconf 88' lang='lat' dir='ltr'><strong>mus</strong></span> <span class='ocrx_word' id='word_1_51' title='bbox 322 1053 412 1108; x_wconf 89' lang='lat' dir='ltr'><strong>ille</strong></span> <span class='ocrx_word' id='word_1_52' title='bbox 433 1051 600 1107; x_wconf 84' lang='lat' dir='ltr'><strong>dixit:</strong></span> <span class='ocrx_word' id='word_1_53' title='bbox 631 1051 847 1107; x_wconf 80' lang='lat' dir='ltr'><strong>Gladius</strong></span> <span class='ocrx_word' id='word_1_54' title='bbox 875 1056 989 1126; x_wconf 86' lang='lat' dir='ltr'><strong>ejus</strong></span> <span class='ocrx_word' id='word_1_55' title='bbox 1015 1054 1069 1108; x_wconf 85' lang='lat' dir='ltr'><strong>iu</strong></span> <span class='ocrx_word' id='word_1_56' title='bbox 1101 1059 1290 1124; x_wconf 68' lang='lat' dir='ltr'><strong>leniore</strong></span> <span class='ocrx_word' id='word_1_57' title='bbox 1310 1056 1493 1125; x_wconf 86' lang='lat' dir='ltr'><strong>ipsius.</strong></span> <span class='ocrx_word' id='word_1_58' title='bbox 1523 1056 1759 1123; x_wconf 84' lang='lat' dir='ltr'><strong>Addidit,</strong></span> 
     </span>
    </p>
   </div>
   <div class='ocr_carea' id='block_1_10' title="bbox 179 1147 1763 1220">
    <p class='ocr_par' dir='ltr' id='par_1_10' title="bbox 179 1147 1763 1220">
     <span class='ocr_line' id='line_1_10' title="bbox 179 1147 1763 1220; baseline 0.003 -19"><span class='ocrx_word' id='word_1_59' title='bbox 179 1147 350 1216; x_wconf 87' lang='lat' dir='ltr'><strong>specie</strong></span> <span class='ocrx_word' id='word_1_60' title='bbox 406 1156 490 1200; x_wconf 84' lang='lat' dir='ltr'><strong>tua</strong></span> <span class='ocrx_word' id='word_1_61' title='bbox 532 1155 580 1200; x_wconf 87' lang='lat' dir='ltr'><strong>et</strong></span> <span class='ocrx_word' id='word_1_62' title='bbox 637 1147 1015 1216; x_wconf 80' lang='lat' dir='ltr'><strong>pulchritudine</strong></span> <span class='ocrx_word' id='word_1_63' title='bbox 1065 1157 1151 1202; x_wconf 89' lang='lat' dir='ltr'><strong>tua</strong></span> <span class='ocrx_word' id='word_1_64' title='bbox 1201 1147 1371 1218; x_wconf 87' lang='lat' dir='ltr'><strong>(Cant.</strong></span> <span class='ocrx_word' id='word_1_65' title='bbox 1425 1165 1504 1214; x_wconf 87' lang='lat' dir='ltr'><strong>Ill,</strong></span> <span class='ocrx_word' id='word_1_66' title='bbox 1543 1150 1621 1220; x_wconf 93' lang='lat'><strong>8).</strong></span> <span class='ocrx_word' id='word_1_67' title='bbox 1666 1149 1763 1205; x_wconf 83' lang='lat' dir='ltr'><strong>Hic</strong></span> 
     </span>
    </p>
   </div>
   <div class='ocr_carea' id='block_1_11' title="bbox 179 1245 1764 1315">
    <p class='ocr_par' dir='ltr' id='par_1_11' title="bbox 179 1245 1764 1315">
     <span class='ocr_line' id='line_1_11' title="bbox 179 1245 1764 1315; baseline 0.001 -17"><span class='ocrx_word' id='word_1_68' title='bbox 179 1254 466 1315; x_wconf 90' lang='lat' dir='ltr'><strong>utramque</strong></span> <span class='ocrx_word' id='word_1_69' title='bbox 495 1252 738 1299; x_wconf 88' lang='lat' dir='ltr'><strong>naturam</strong></span> <span class='ocrx_word' id='word_1_70' title='bbox 773 1245 995 1313; x_wconf 87' lang='lat' dir='ltr'><strong>positam</strong></span> <span class='ocrx_word' id='word_1_71' title='bbox 1025 1245 1300 1300; x_wconf 83' lang='lat' dir='ltr'><strong>evidenter</strong></span> <span class='ocrx_word' id='word_1_72' title='bbox 1325 1246 1680 1315; x_wconf 84' lang='lat' dir='ltr'><strong>agnoscimus,</strong></span> <span class='ocrx_word' id='word_1_73' title='bbox 1706 1252 1764 1299; x_wconf 94' lang='lat' dir='ltr'><strong>ut</strong></span> 
     </span>
    </p>
   </div>
   <div class='ocr_carea' id='block_1_12' title="bbox 181 1337 1760 1411">
    <p class='ocr_par' dir='ltr' id='par_1_12' title="bbox 181 1337 1760 1411">
     <span class='ocr_line' id='line_1_12' title="bbox 181 1337 1760 1411; baseline 0.002 -19"><span class='ocrx_word' id='word_1_74' title='bbox 181 1339 374 1407; x_wconf 89' lang='lat' dir='ltr'><strong>species</strong></span> <span class='ocrx_word' id='word_1_75' title='bbox 402 1337 667 1408; x_wconf 85' lang='lat' dir='ltr'><strong>pertineat</strong></span> <span class='ocrx_word' id='word_1_76' title='bbox 686 1337 751 1392; x_wconf 85' lang='lat' dir='ltr'><strong>ad</strong></span> <span class='ocrx_word' id='word_1_77' title='bbox 777 1338 1180 1406; x_wconf 89' lang='lat' dir='ltr'><strong>humanitatem,</strong></span> <span class='ocrx_word' id='word_1_78' title='bbox 1205 1340 1534 1411; x_wconf 80' lang='lat' dir='ltr'><strong>pulchritudo</strong></span> <span class='ocrx_word' id='word_1_79' title='bbox 1557 1339 1622 1395; x_wconf 90' lang='lat' dir='ltr'><strong>ad</strong></span> <span class='ocrx_word' id='word_1_80' title='bbox 1649 1340 1760 1395; x_wconf 89' lang='lat' dir='ltr'><strong>dei-</strong></span> 
     </span>
    </p>
   </div>
   <div class='ocr_carea' id='block_1_13' title="bbox 180 1429 1762 1501">
    <p class='ocr_par' dir='ltr' id='par_1_13' title="bbox 180 1429 1762 1501">
     <span class='ocr_line' id='line_1_13' title="bbox 180 1429 1762 1501; baseline 0.004 -20"><span class='ocrx_word' id='word_1_81' title='bbox 180 1437 369 1483; x_wconf 89' lang='lat' dir='ltr'><strong>tatem.</strong></span> <span class='ocrx_word' id='word_1_82' title='bbox 402 1429 493 1482; x_wconf 90' lang='lat' dir='ltr'><strong>llla</strong></span> <span class='ocrx_word' id='word_1_83' title='bbox 524 1429 666 1484; x_wconf 89' lang='lat' dir='ltr'><strong>enim</strong></span> <span class='ocrx_word' id='word_1_84' title='bbox 713 1429 902 1498; x_wconf 75' lang='lat' dir='ltr'><strong>species</strong></span> <span class='ocrx_word' id='word_1_85' title='bbox 932 1429 1070 1485; x_wconf 93' lang='lat' dir='ltr'><strong>bene</strong></span> <span class='ocrx_word' id='word_1_86' title='bbox 1099 1429 1314 1499; x_wconf 87' lang='lat' dir='ltr'><strong>dicitur,</strong></span> <span class='ocrx_word' id='word_1_87' title='bbox 1346 1431 1398 1485; x_wconf 93' lang='lat' dir='ltr'><strong>in</strong></span> <span class='ocrx_word' id='word_1_88' title='bbox 1430 1447 1531 1501; x_wconf 92' lang='lat' dir='ltr'><strong>qua</strong></span> <span class='ocrx_word' id='word_1_89' title='bbox 1563 1432 1762 1488; x_wconf 90' lang='lat' dir='ltr'><strong>mundo</strong></span> 
     </span>
    </p>
   </div>
   <div class='ocr_carea' id='block_1_14' title="bbox 179 1519 1762 1592">
    <p class='ocr_par' dir='ltr' id='par_1_14' title="bbox 179 1519 1762 1592">
     <span class='ocr_line' id='line_1_14' title="bbox 179 1519 1762 1592; baseline 0.004 -20"><span class='ocrx_word' id='word_1_90' title='bbox 179 1520 434 1573; x_wconf 87' lang='lat' dir='ltr'><strong>salutaris</strong></span> <span class='ocrx_word' id='word_1_91' title='bbox 473 1520 715 1590; x_wconf 83' lang='lat' dir='ltr'><strong>apparuit</strong></span> <span class='ocrx_word' id='word_1_92' title='bbox 754 1535 767 1573; x_wconf 87' lang='lat'>:</span> <span class='ocrx_word' id='word_1_93' title='bbox 812 1521 913 1574; x_wconf 91' lang='lat' dir='ltr'><strong>ista</strong></span> <span class='ocrx_word' id='word_1_94' title='bbox 958 1519 1283 1590; x_wconf 83' lang='lat' dir='ltr'><strong>pulchritudo</strong></span> <span class='ocrx_word' id='word_1_95' title='bbox 1320 1522 1592 1591; x_wconf 89' lang='lat' dir='ltr'><strong>aptissime</strong></span> <span class='ocrx_word' id='word_1_96' title='bbox 1639 1539 1762 1592; x_wconf 85' lang='lat' dir='ltr'><strong>pro-</strong></span> 
     </span>
    </p>
   </div>
   <div class='ocr_carea' id='block_1_15' title="bbox 179 1611 1762 1687">
    <p class='ocr_par' dir='ltr' id='par_1_15' title="bbox 179 1611 1762 1687">
     <span class='ocr_line' id='line_1_15' title="bbox 179 1611 1762 1687; baseline 0.007 -25"><span class='ocrx_word' id='word_1_97' title='bbox 179 1611 484 1678; x_wconf 88' lang='lat' dir='ltr'><strong>nuntiatur,</strong></span> <span class='ocrx_word' id='word_1_98' title='bbox 519 1612 657 1667; x_wconf 90' lang='lat' dir='ltr'><strong>unde</strong></span> <span class='ocrx_word' id='word_1_99' title='bbox 695 1613 874 1666; x_wconf 83' lang='lat' dir='ltr'><strong>omnia</strong></span> <span class='ocrx_word' id='word_1_100' title='bbox 926 1612 1144 1682; x_wconf 91' lang='lat' dir='ltr'><strong>pulchra</strong></span> <span class='ocrx_word' id='word_1_101' title='bbox 1182 1613 1404 1671; x_wconf 90' lang='lat' dir='ltr'><strong>veniunt</strong></span> <span class='ocrx_word' id='word_1_102' title='bbox 1432 1630 1762 1687; x_wconf 68' lang='lat' dir='ltr'><strong>quaecunque</strong></span> 
     </span>
    </p>
   </div>
   <div class='ocr_carea' id='block_1_16' title="bbox 179 1699 560 1758">
    <p class='ocr_par' dir='ltr' id='par_1_16' title="bbox 179 1699 560 1758">
     <span class='ocr_line' id='line_1_16' title="bbox 179 1699 560 1758; baseline 0.003 -3"><span class='ocrx_word' id='word_1_103' title='bbox 179 1699 389 1755; x_wconf 90' lang='lat' dir='ltr'><strong>decora</strong></span> <span class='ocrx_word' id='word_1_104' title='bbox 418 1711 560 1758; x_wconf 90' lang='lat' dir='ltr'><strong>sunt.</strong></span> 
     </span>
    </p>
   </div>
   <div class='ocr_carea' id='block_1_17' title="bbox 253 1789 1754 1870">
    <p class='ocr_par' dir='ltr' id='par_1_17' title="bbox 253 1789 1754 1870">
     <span class='ocr_line' id='line_1_17' title="bbox 253 1789 1754 1870; baseline 0.008 -27"><span class='ocrx_word' id='word_1_105' title='bbox 253 1791 406 1845; x_wconf 77' lang='lat' dir='ltr'><strong>Vers.</strong></span> <span class='ocrx_word' id='word_1_106' title='bbox 450 1789 502 1844; x_wconf 86' lang='lat'><strong>5.</strong></span> <span class='ocrx_word' id='word_1_107' title='bbox 541 1790 777 1858; x_wconf 80' lang='lat' dir='ltr'><strong>Intende,</strong></span> <span class='ocrx_word' id='word_1_108' title='bbox 826 1803 872 1849; x_wconf 87' lang='lat' dir='ltr'><strong>et</strong></span> <span class='ocrx_word' id='word_1_109' title='bbox 918 1811 1156 1866; x_wconf 86' lang='lat' dir='ltr'><strong>prospere</strong></span> <span class='ocrx_word' id='word_1_110' title='bbox 1197 1799 1432 1867; x_wconf 84' lang='lat' dir='ltr'><strong>procede,</strong></span> <span class='ocrx_word' id='word_1_111' title='bbox 1463 1807 1511 1853; x_wconf 88' lang='lat' dir='ltr'><strong>et</strong></span> <span class='ocrx_word' id='word_1_112' title='bbox 1549 1815 1754 1870; x_wconf 79' lang='lat' dir='ltr'><strong>regna:</strong></span> 
     </span>
    </p>
   </div>
   <div class='ocr_carea' id='block_1_18' title="bbox 182 1884 1761 1959">
    <p class='ocr_par' dir='ltr' id='par_1_18' title="bbox 182 1884 1761 1959">
     <span class='ocr_line' id='line_1_18' title="bbox 182 1884 1761 1959; baseline 0.009 -29"><span class='ocrx_word' id='word_1_113' title='bbox 182 1890 386 1950; x_wconf 87' lang='lat' dir='ltr'><strong>prepter</strong></span> <span class='ocrx_word' id='word_1_114' title='bbox 408 1884 666 1937; x_wconf 82' lang='lat' dir='ltr'><strong>veritatem</strong></span> <span class='ocrx_word' id='word_1_115' title='bbox 692 1893 736 1937; x_wconf 92' lang='lat' dir='ltr'><strong>et</strong></span> <span class='ocrx_word' id='word_1_116' title='bbox 767 1886 1204 1940; x_wconf 86' lang='lat' dir='ltr'><strong>mansuetudinem</strong></span> <span class='ocrx_word' id='word_1_117' title='bbox 1226 1896 1272 1942; x_wconf 91' lang='lat' dir='ltr'><strong>et</strong></span> <span class='ocrx_word' id='word_1_118' title='bbox 1293 1890 1576 1959; x_wconf 85' lang='lat' dir='ltr'><strong>justitiam,</strong></span> <span class='ocrx_word' id='word_1_119' title='bbox 1599 1898 1647 1944; x_wconf 89' lang='lat' dir='ltr'><strong>et</strong></span> <span class='ocrx_word' id='word_1_120' title='bbox 1673 1891 1761 1944; x_wconf 89' lang='lat' dir='ltr'><strong>de-</strong></span> 
     </span>
    </p>
   </div>
   <div class='ocr_carea' id='block_1_19' title="bbox 1871 695 3446 770">
    <p class='ocr_par' dir='ltr' id='par_1_19' title="bbox 1871 695 3446 770">
     <span class='ocr_line' id='line_1_19' title="bbox 1871 695 3446 770; baseline 0.005 -21"><span class='ocrx_word' id='word_1_121' title='bbox 1871 708 1991 764; x_wconf 62' lang='lat' dir='ltr'><strong>quae</strong></span> <span class='ocrx_word' id='word_1_122' title='bbox 2018 695 2175 766; x_wconf 90' lang='lat' dir='ltr'><strong>longe</strong></span> <span class='ocrx_word' id='word_1_123' title='bbox 2202 695 2503 766; x_wconf 90' lang='lat' dir='ltr'><strong>diriguntur</strong></span> <span class='ocrx_word' id='word_1_124' title='bbox 2534 711 2548 750; x_wconf 90' lang='lat'><strong>:</strong></span> <span class='ocrx_word' id='word_1_125' title='bbox 2576 696 2778 752; x_wconf 85' lang='lat' dir='ltr'><strong>scilicet</strong></span> <span class='ocrx_word' id='word_1_126' title='bbox 2804 707 2865 754; x_wconf 89' lang='lat' dir='ltr'><strong>ut</strong></span> <span class='ocrx_word' id='word_1_127' title='bbox 2892 698 3446 770; x_wconf 88' lang='lat' dir='ltr'><strong>incomprehensibilis</strong></span> 
     </span>
    </p>
   </div>
   <div class='ocr_carea' id='block_1_20' title="bbox 1869 787 3447 863">
    <p class='ocr_par' dir='ltr' id='par_1_20' title="bbox 1869 787 3447 863">
     <span class='ocr_line' id='line_1_20' title="bbox 1869 787 3447 863; baseline 0.004 -21"><span class='ocrx_word' id='word_1_128' title='bbox 1869 788 2104 857; x_wconf 90' lang='lat' dir='ltr'><strong>potentia</strong></span> <span class='ocrx_word' id='word_1_129' title='bbox 2134 787 2235 842; x_wconf 89' lang='lat' dir='ltr'><strong>hac</strong></span> <span class='ocrx_word' id='word_1_130' title='bbox 2263 787 2609 844; x_wconf 89' lang='lat' dir='ltr'><strong>similitudine</strong></span> <span class='ocrx_word' id='word_1_131' title='bbox 2646 799 3047 847; x_wconf 86' lang='lat' dir='ltr'><strong>monstraretur.</strong></span> <span class='ocrx_word' id='word_1_132' title='bbox 3079 793 3256 848; x_wconf 75' lang='lat' dir='ltr'><strong>Acuta:</strong></span> <span class='ocrx_word' id='word_1_133' title='bbox 3285 794 3447 863; x_wconf 90' lang='lat' dir='ltr'><strong>perti-</strong></span> 
     </span>
    </p>
   </div>
   <div class='ocr_carea' id='block_1_21' title="bbox 1869 879 3439 952">
    <p class='ocr_par' dir='ltr' id='par_1_21' title="bbox 1869 879 3439 952">
     <span class='ocr_line' id='line_1_21' title="bbox 1869 879 3439 952; baseline 0.004 -19"><span class='ocrx_word' id='word_1_134' title='bbox 1869 889 2001 934; x_wconf 88' lang='lat' dir='ltr'><strong>nent</strong></span> <span class='ocrx_word' id='word_1_135' title='bbox 2039 879 2106 933; x_wconf 87' lang='lat' dir='ltr'><strong>ad</strong></span> <span class='ocrx_word' id='word_1_136' title='bbox 2152 879 2586 936; x_wconf 81' lang='lat' dir='ltr'><strong>transforationis</strong></span> <span class='ocrx_word' id='word_1_137' title='bbox 2639 881 2986 938; x_wconf 90' lang='lat' dir='ltr'><strong>celeritatem.</strong></span> <span class='ocrx_word' id='word_1_138' title='bbox 3036 883 3439 952; x_wconf 81' lang='lat' dir='ltr'><strong>Potentissimae,</strong></span> 
     </span>
    </p>
   </div>
   <div class='ocr_carea' id='block_1_22' title="bbox 1865 971 3443 1046">
    <p class='ocr_par' dir='ltr' id='par_1_22' title="bbox 1865 971 3443 1046">
     <span class='ocr_line' id='line_1_22' title="bbox 1865 971 3443 1046; baseline 0.002 -20"><span class='ocrx_word' id='word_1_139' title='bbox 1865 971 1987 1041; x_wconf 90' lang='lat' dir='ltr'><strong>quia</strong></span> <span class='ocrx_word' id='word_1_140' title='bbox 2017 971 2159 1026; x_wconf 88' lang='lat' dir='ltr'><strong>nulla</strong></span> <span class='ocrx_word' id='word_1_141' title='bbox 2187 972 2297 1027; x_wconf 90' lang='lat' dir='ltr'><strong>illis</strong></span> <span class='ocrx_word' id='word_1_142' title='bbox 2324 973 2547 1028; x_wconf 86' lang='lat' dir='ltr'><strong>materia</strong></span> <span class='ocrx_word' id='word_1_143' title='bbox 2575 975 2817 1043; x_wconf 86' lang='lat' dir='ltr'><strong>quamvis</strong></span> <span class='ocrx_word' id='word_1_144' title='bbox 2856 975 3139 1031; x_wconf 91' lang='lat' dir='ltr'><strong>durissima</strong></span> <span class='ocrx_word' id='word_1_145' title='bbox 3190 976 3443 1046; x_wconf 89' lang='lat' dir='ltr'><strong>probatur</strong></span> 
     </span>
    </p>
   </div>
   <div class='ocr_carea' id='block_1_23' title="bbox 1864 1063 3443 1133">
    <p class='ocr_par' dir='ltr' id='par_1_23' title="bbox 1864 1063 3443 1133">
     <span class='ocr_line' id='line_1_23' title="bbox 1864 1063 3443 1133; baseline 0.002 -16"><span class='ocrx_word' id='word_1_146' title='bbox 1864 1063 2152 1131; x_wconf 88' lang='lat' dir='ltr'><strong>obsistere,</strong></span> <span class='ocrx_word' id='word_1_147' title='bbox 2180 1063 2394 1133; x_wconf 89' lang='lat' dir='ltr'><strong>quando</strong></span> <span class='ocrx_word' id='word_1_148' title='bbox 2421 1063 2498 1120; x_wconf 91' lang='lat' dir='ltr'><strong>eis</strong></span> <span class='ocrx_word' id='word_1_149' title='bbox 2527 1063 2742 1120; x_wconf 90' lang='lat' dir='ltr'><strong>insitum</strong></span> <span class='ocrx_word' id='word_1_150' title='bbox 2785 1073 2866 1120; x_wconf 91' lang='lat' dir='ltr'><strong>est</strong></span> <span class='ocrx_word' id='word_1_151' title='bbox 2904 1071 3148 1122; x_wconf 78' lang='lat' dir='ltr'><strong>enectum</strong></span> <span class='ocrx_word' id='word_1_152' title='bbox 3195 1081 3305 1120; x_wconf 64' lang='lat' dir='ltr'><strong>suae</strong></span> <span class='ocrx_word' id='word_1_153' title='bbox 3344 1080 3443 1121; x_wconf 88' lang='lat' dir='ltr'><strong>vo-</strong></span> 
     </span>
    </p>
   </div>
   <div class='ocr_carea' id='block_1_24' title="bbox 1865 1154 3443 1224">
    <p class='ocr_par' dir='ltr' id='par_1_24' title="bbox 1865 1154 3443 1224">
     <span class='ocr_line' id='line_1_24' title="bbox 1865 1154 3443 1224; baseline 0.001 -14"><span class='ocrx_word' id='word_1_154' title='bbox 1865 1155 2084 1210; x_wconf 89' lang='lat' dir='ltr'><strong>luntatis</strong></span> <span class='ocrx_word' id='word_1_155' title='bbox 2113 1155 2356 1224; x_wconf 90' lang='lat' dir='ltr'><strong>implere.</strong></span> <span class='ocrx_word' id='word_1_156' title='bbox 2402 1154 2596 1224; x_wconf 83' lang='lat' dir='ltr'><strong>Populi</strong></span> <span class='ocrx_word' id='word_1_157' title='bbox 2631 1156 2726 1210; x_wconf 85' lang='lat' dir='ltr'><strong>sub</strong></span> <span class='ocrx_word' id='word_1_158' title='bbox 2754 1165 2802 1210; x_wconf 91' lang='lat' dir='ltr'><strong>te</strong></span> <span class='ocrx_word' id='word_1_159' title='bbox 2826 1155 3028 1223; x_wconf 86' lang='lat' dir='ltr'><strong>cadent,</strong></span> <span class='ocrx_word' id='word_1_160' title='bbox 3067 1157 3443 1213; x_wconf 90' lang='lat' dir='ltr'><strong>conversiones</strong></span> 
     </span>
    </p>
   </div>
   <div class='ocr_carea' id='block_1_25' title="bbox 1865 1245 3445 1318">
    <p class='ocr_par' dir='ltr' id='par_1_25' title="bbox 1865 1245 3445 1318">
     <span class='ocr_line' id='line_1_25' title="bbox 1865 1245 3445 1318; baseline 0.002 -20"><span class='ocrx_word' id='word_1_161' title='bbox 1865 1245 2132 1315; x_wconf 88' lang='lat' dir='ltr'><strong>signiﬁcat</strong></span> <span class='ocrx_word' id='word_1_162' title='bbox 2175 1245 2490 1301; x_wconf 91' lang='lat' dir='ltr'><strong>hominum:</strong></span> <span class='ocrx_word' id='word_1_163' title='bbox 2520 1247 2733 1318; x_wconf 91' lang='lat' dir='ltr'><strong>quando</strong></span> <span class='ocrx_word' id='word_1_164' title='bbox 2768 1247 3045 1303; x_wconf 86' lang='lat' dir='ltr'><strong>credentes</strong></span> <span class='ocrx_word' id='word_1_165' title='bbox 3081 1248 3136 1302; x_wconf 94' lang='lat' dir='ltr'><strong>in</strong></span> <span class='ocrx_word' id='word_1_166' title='bbox 3171 1247 3445 1303; x_wconf 84' lang='lat' dir='ltr'><strong>humilita-</strong></span> 
     </span>
    </p>
   </div>
   <div class='ocr_carea' id='block_1_26' title="bbox 1867 1337 3445 1410">
    <p class='ocr_par' dir='ltr' id='par_1_26' title="bbox 1867 1337 3445 1410">
     <span class='ocr_line' id='line_1_26' title="bbox 1867 1337 3445 1410; baseline 0.003 -19"><span class='ocrx_word' id='word_1_167' title='bbox 1867 1345 1972 1392; x_wconf 92' lang='lat' dir='ltr'><strong>tem</strong></span> <span class='ocrx_word' id='word_1_168' title='bbox 2011 1337 2234 1392; x_wconf 86' lang='lat' dir='ltr'><strong>feliciter</strong></span> <span class='ocrx_word' id='word_1_169' title='bbox 2269 1339 2488 1407; x_wconf 88' lang='lat' dir='ltr'><strong>cadunt,</strong></span> <span class='ocrx_word' id='word_1_170' title='bbox 2520 1340 2610 1409; x_wconf 93' lang='lat' dir='ltr'><strong>qui</strong></span> <span class='ocrx_word' id='word_1_171' title='bbox 2649 1339 2793 1410; x_wconf 90' lang='lat' dir='ltr'><strong>prius</strong></span> <span class='ocrx_word' id='word_1_172' title='bbox 2839 1338 2966 1395; x_wconf 90' lang='lat' dir='ltr'><strong>vitio</strong></span> <span class='ocrx_word' id='word_1_173' title='bbox 3016 1340 3445 1410; x_wconf 82' lang='lat' dir='ltr'><strong>praesumptionis</strong></span> 
     </span>
    </p>
   </div>
   <div class='ocr_carea' id='block_1_27' title="bbox 1864 1427 3443 1500">
    <p class='ocr_par' dir='ltr' id='par_1_27' title="bbox 1864 1427 3443 1500">
     <span class='ocr_line' id='line_1_27' title="bbox 1864 1427 3443 1500; baseline 0.001 -18"><span class='ocrx_word' id='word_1_174' title='bbox 1864 1427 2027 1482; x_wconf 91' lang='lat' dir='ltr'><strong>erecti</strong></span> <span class='ocrx_word' id='word_1_175' title='bbox 2072 1435 2223 1492; x_wconf 92' lang='lat' dir='ltr'><strong>sunt;</strong></span> <span class='ocrx_word' id='word_1_176' title='bbox 2269 1427 2408 1488; x_wconf 85' lang='lat' dir='ltr'><strong>sicut</strong></span> <span class='ocrx_word' id='word_1_177' title='bbox 2438 1429 2603 1485; x_wconf 91' lang='lat' dir='ltr'><strong>Paulo</strong></span> <span class='ocrx_word' id='word_1_178' title='bbox 2630 1429 2872 1500; x_wconf 89' lang='lat' dir='ltr'><strong>apostolo</strong></span> <span class='ocrx_word' id='word_1_179' title='bbox 2897 1429 3140 1499; x_wconf 81' lang='lat' dir='ltr'><strong>contigit,</strong></span> <span class='ocrx_word' id='word_1_180' title='bbox 3175 1430 3264 1500; x_wconf 92' lang='lat' dir='ltr'><strong>qui</strong></span> <span class='ocrx_word' id='word_1_181' title='bbox 3297 1429 3443 1485; x_wconf 88' lang='lat' dir='ltr'><strong>vocis</strong></span> 
     </span>
    </p>
   </div>
   <div class='ocr_carea' id='block_1_28' title="bbox 1865 1518 3444 1590">
    <p class='ocr_par' dir='ltr' id='par_1_28' title="bbox 1865 1518 3444 1590">
     <span class='ocr_line' id='line_1_28' title="bbox 1865 1518 3444 1590; baseline 0.002 -18"><span class='ocrx_word' id='word_1_182' title='bbox 1865 1518 2073 1573; x_wconf 86' lang='lat' dir='ltr'><strong>Domini</strong></span> <span class='ocrx_word' id='word_1_183' title='bbox 2114 1520 2304 1589; x_wconf 88' lang='lat' dir='ltr'><strong>sagitta</strong></span> <span class='ocrx_word' id='word_1_184' title='bbox 2349 1529 2680 1590; x_wconf 85' lang='lat' dir='ltr'><strong>penetratus,</strong></span> <span class='ocrx_word' id='word_1_185' title='bbox 2717 1521 2771 1574; x_wconf 91' lang='lat' dir='ltr'><strong>in</strong></span> <span class='ocrx_word' id='word_1_186' title='bbox 2799 1519 2990 1575; x_wconf 81' lang='lat' dir='ltr'><strong>faciem</strong></span> <span class='ocrx_word' id='word_1_187' title='bbox 3020 1521 3231 1589; x_wconf 86' lang='lat' dir='ltr'><strong>quidem</strong></span> <span class='ocrx_word' id='word_1_188' title='bbox 3263 1535 3444 1588; x_wconf 90' lang='lat' dir='ltr'><strong>perse-</strong></span> 
     </span>
    </p>
   </div>
   <div class='ocr_carea' id='block_1_29' title="bbox 1864 1609 3444 1679">
    <p class='ocr_par' dir='ltr' id='par_1_29' title="bbox 1864 1609 3444 1679">
     <span class='ocr_line' id='line_1_29' title="bbox 1864 1609 3444 1679; baseline 0 -15"><span class='ocrx_word' id='word_1_189' title='bbox 1864 1616 2018 1664; x_wconf 91' lang='lat' dir='ltr'><strong>cutor</strong></span> <span class='ocrx_word' id='word_1_190' title='bbox 2046 1609 2269 1676; x_wconf 91' lang='lat' dir='ltr'><strong>corruit,</strong></span> <span class='ocrx_word' id='word_1_191' title='bbox 2298 1611 2392 1666; x_wconf 90' lang='lat' dir='ltr'><strong>sed</strong></span> <span class='ocrx_word' id='word_1_192' title='bbox 2432 1624 2554 1665; x_wconf 91' lang='lat' dir='ltr'><strong>eum</strong></span> <span class='ocrx_word' id='word_1_193' title='bbox 2594 1609 2848 1666; x_wconf 90' lang='lat' dir='ltr'><strong>continuo</strong></span> <span class='ocrx_word' id='word_1_194' title='bbox 2893 1610 3188 1679; x_wconf 91' lang='lat' dir='ltr'><strong>apostolum</strong></span> <span class='ocrx_word' id='word_1_195' title='bbox 3234 1610 3444 1665; x_wconf 90' lang='lat' dir='ltr'><strong>Domini</strong></span> 
     </span>
    </p>
   </div>
   <div class='ocr_carea' id='block_1_30' title="bbox 1863 1697 3444 1769">
    <p class='ocr_par' dir='ltr' id='par_1_30' title="bbox 1863 1697 3444 1769">
     <span class='ocr_line' id='line_1_30' title="bbox 1863 1697 3444 1769; baseline 0.003 -17"><span class='ocrx_word' id='word_1_196' title='bbox 1863 1697 2084 1752; x_wconf 76' lang='lat' dir='ltr'><strong>dextera</strong></span> <span class='ocrx_word' id='word_1_197' title='bbox 2123 1699 2439 1754; x_wconf 82' lang='lat' dir='ltr'><strong>sublevavit.</strong></span> <span class='ocrx_word' id='word_1_198' title='bbox 2471 1697 2540 1754; x_wconf 85' lang='lat' dir='ltr'><strong>In</strong></span> <span class='ocrx_word' id='word_1_199' title='bbox 2583 1701 2755 1767; x_wconf 90' lang='lat' dir='ltr'><strong>corde,</strong></span> <span class='ocrx_word' id='word_1_200' title='bbox 2784 1704 3002 1769; x_wconf 73' lang='lat' dir='ltr'><strong>exponit</strong></span> <span class='ocrx_word' id='word_1_201' title='bbox 3029 1699 3170 1769; x_wconf 91' lang='lat' dir='ltr'><strong>quod</strong></span> <span class='ocrx_word' id='word_1_202' title='bbox 3201 1700 3444 1769; x_wconf 88' lang='lat' dir='ltr'><strong>superius</strong></span> 
     </span>
    </p>
   </div>
   <div class='ocr_carea' id='block_1_31' title="bbox 1864 1789 3441 1864">
    <p class='ocr_par' dir='ltr' id='par_1_31' title="bbox 1864 1789 3441 1864">
     <span class='ocr_line' id='line_1_31' title="bbox 1864 1789 3441 1864; baseline 0.003 -20"><span class='ocrx_word' id='word_1_203' title='bbox 1864 1789 1958 1856; x_wconf 87' lang='lat' dir='ltr'><strong>ait,</strong></span> <span class='ocrx_word' id='word_1_204' title='bbox 1989 1791 2193 1858; x_wconf 87' lang='lat' dir='ltr'><strong>cadent,</strong></span> <span class='ocrx_word' id='word_1_205' title='bbox 2224 1807 2332 1848; x_wconf 90' lang='lat' dir='ltr'><strong>non</strong></span> <span class='ocrx_word' id='word_1_206' title='bbox 2371 1793 2593 1862; x_wconf 91' lang='lat' dir='ltr'><strong>pedibus</strong></span> <span class='ocrx_word' id='word_1_207' title='bbox 2623 1795 2815 1862; x_wconf 86' lang='lat' dir='ltr'><strong>quibus</strong></span> <span class='ocrx_word' id='word_1_208' title='bbox 2841 1808 3065 1864; x_wconf 86' lang='lat' dir='ltr'><strong>corpora</strong></span> <span class='ocrx_word' id='word_1_209' title='bbox 3093 1793 3441 1859; x_wconf 85' lang='lat' dir='ltr'><strong>sustinentur,</strong></span> 
     </span>
    </p>
   </div>
   <div class='ocr_carea' id='block_1_32' title="bbox 1865 1882 3442 1954">
    <p class='ocr_par' dir='ltr' id='par_1_32' title="bbox 1865 1882 3442 1954">
     <span class='ocr_line' id='line_1_32' title="bbox 1865 1882 3442 1954; baseline 0.001 -17"><span class='ocrx_word' id='word_1_210' title='bbox 1865 1882 1961 1938; x_wconf 90' lang='lat' dir='ltr'><strong>sed</strong></span> <span class='ocrx_word' id='word_1_211' title='bbox 1986 1883 2149 1937; x_wconf 90' lang='lat' dir='ltr'><strong>corde</strong></span> <span class='ocrx_word' id='word_1_212' title='bbox 2179 1898 2284 1953; x_wconf 91' lang='lat' dir='ltr'><strong>quo</strong></span> <span class='ocrx_word' id='word_1_213' title='bbox 2313 1884 2503 1938; x_wconf 74' lang='lat' dir='ltr'><strong>animze</strong></span> <span class='ocrx_word' id='word_1_214' title='bbox 2545 1883 2769 1954; x_wconf 89' lang='lat' dir='ltr'><strong>perﬁdia</strong></span> <span class='ocrx_word' id='word_1_215' title='bbox 2815 1884 3140 1939; x_wconf 85' lang='lat' dir='ltr'><strong>sublevatur.</strong></span> <span class='ocrx_word' id='word_1_216' title='bbox 3183 1884 3258 1939; x_wconf 91' lang='lat' dir='ltr'><strong>lbi</strong></span> <span class='ocrx_word' id='word_1_217' title='bbox 3299 1884 3442 1939; x_wconf 90' lang='lat' dir='ltr'><strong>enim</strong></span> 
     </span>
    </p>
   </div>
   <div class='ocr_carea' id='block_1_33' title="bbox 183 1970 3444 2056">
    <p class='ocr_par' dir='ltr' id='par_1_33' title="bbox 183 1970 3444 2056">
     <span class='ocr_line' id='line_1_33' title="bbox 183 1970 3444 2056; baseline 0.007 -35"><span class='ocrx_word' id='word_1_218' title='bbox 183 1970 328 2023; x_wconf 87' lang='lat' dir='ltr'><strong>ducet</strong></span> <span class='ocrx_word' id='word_1_219' title='bbox 361 1980 408 2024; x_wconf 90' lang='lat' dir='ltr'><strong>te</strong></span> <span class='ocrx_word' id='word_1_220' title='bbox 435 1972 730 2027; x_wconf 65' lang='lat' dir='ltr'><strong>mirabiliter</strong></span> <span class='ocrx_word' id='word_1_221' title='bbox 758 1974 967 2029; x_wconf 74' lang='lat' dir='ltr'><strong>dextera</strong></span> <span class='ocrx_word' id='word_1_222' title='bbox 996 1984 1103 2030; x_wconf 88' lang='lat' dir='ltr'><strong>tua.</strong></span> <span class='ocrx_word' id='word_1_223' title='bbox 1152 1978 1338 2034; x_wconf 82' lang='lat' dir='ltr'><strong>Adhuc</strong></span> <span class='ocrx_word' id='word_1_224' title='bbox 1386 1991 1534 2035; x_wconf 89' lang='lat' dir='ltr'><strong>actus</strong></span> <span class='ocrx_word' id='word_1_225' title='bbox 1581 1996 1761 2038; x_wconf 87' lang='lat' dir='ltr'><strong>saera-</strong></span> <span class='ocrx_word' id='word_1_226' title='bbox 1791 1992 1841 2056; x_wconf 80' lang='grc' dir='ltr'><strong>Β</strong></span> <span class='ocrx_word' id='word_1_227' title='bbox 1867 1974 1958 2046; x_wconf 88' lang='lat' dir='ltr'><strong>qui</strong></span> <span class='ocrx_word' id='word_1_228' title='bbox 2002 1974 2264 2043; x_wconf 76' lang='lat' dir='ltr'><strong>paenitens</strong></span> <span class='ocrx_word' id='word_1_229' title='bbox 2308 1975 2470 2041; x_wconf 74' lang='lat' dir='ltr'><strong>cadit.</strong></span> <span class='ocrx_word' id='word_1_230' title='bbox 2516 1979 2774 2048; x_wconf 74' lang='lat' dir='ltr'><strong>resurgit;</strong></span> <span class='ocrx_word' id='word_1_231' title='bbox 2815 1986 2870 2032; x_wconf 75' lang='lat' dir='ltr'><strong>et</strong></span> <span class='ocrx_word' id='word_1_232' title='bbox 2913 1978 2980 2033; x_wconf 85' lang='lat' dir='ltr'><strong>de</strong></span> <span class='ocrx_word' id='word_1_233' title='bbox 3027 1993 3120 2034; x_wconf 81' lang='lat' dir='ltr'><strong>sua</strong></span> <span class='ocrx_word' id='word_1_234' title='bbox 3167 1977 3444 2046; x_wconf 70' lang='lat' dir='ltr'><strong>iniquitate</strong></span> 
     </span>
    </p>
   </div>
   <div class='ocr_carea' id='block_1_34' title="bbox 187 2064 1761 2143">
    <p class='ocr_par' dir='ltr' id='par_1_34' title="bbox 187 2064 1761 2143">
     <span class='ocr_line' id='line_1_34' title="bbox 187 2064 1761 2143; baseline 0.009 -27"><span class='ocrx_word' id='word_1_235' title='bbox 187 2064 407 2118; x_wconf 70' lang='lat' dir='ltr'><strong>tissimre</strong></span> <span class='ocrx_word' id='word_1_236' title='bbox 453 2065 834 2122; x_wconf 88' lang='lat' dir='ltr'><strong>incarnationis</strong></span> <span class='ocrx_word' id='word_1_237' title='bbox 876 2069 1180 2138; x_wconf 80' lang='lat' dir='ltr'><strong>exponitur,</strong></span> <span class='ocrx_word' id='word_1_238' title='bbox 1212 2079 1267 2126; x_wconf 95' lang='lat' dir='ltr'><strong>et</strong></span> <span class='ocrx_word' id='word_1_239' title='bbox 1295 2071 1514 2142; x_wconf 84' lang='lat' dir='ltr'><strong>singulis</strong></span> <span class='ocrx_word' id='word_1_240' title='bbox 1543 2074 1761 2143; x_wconf 84' lang='lat' dir='ltr'><strong>quibus-</strong></span> 
     </span>
    </p>
   </div>
   <div class='ocr_carea' id='block_1_35' title="bbox 185 2155 1760 2232">
    <p class='ocr_par' dir='ltr' id='par_1_35' title="bbox 185 2155 1760 2232">
     <span class='ocr_line' id='line_1_35' title="bbox 185 2155 1760 2232; baseline 0.006 -23"><span class='ocrx_word' id='word_1_241' title='bbox 185 2171 287 2224; x_wconf 88' lang='lat' dir='ltr'><strong>que</strong></span> <span class='ocrx_word' id='word_1_242' title='bbox 330 2155 510 2210; x_wconf 83' lang='lat' dir='ltr'><strong>verbis</strong></span> <span class='ocrx_word' id='word_1_243' title='bbox 557 2158 812 2213; x_wconf 90' lang='lat' dir='ltr'><strong>miracula</strong></span> <span class='ocrx_word' id='word_1_244' title='bbox 867 2158 1032 2228; x_wconf 92' lang='lat' dir='ltr'><strong>ipsius</strong></span> <span class='ocrx_word' id='word_1_245' title='bbox 1083 2164 1331 2230; x_wconf 72' lang='lat' dir='ltr'><strong>potentia:</strong></span> <span class='ocrx_word' id='word_1_246' title='bbox 1384 2164 1760 2232; x_wconf 63' lang='lat' dir='ltr'><strong>praedicantur.</strong></span> 
     </span>
    </p>
   </div>
   <div class='ocr_carea' id='block_1_36' title="bbox 184 2246 1761 2322">
    <p class='ocr_par' dir='ltr' id='par_1_36' title="bbox 184 2246 1761 2322">
     <span class='ocr_line' id='line_1_36' title="bbox 184 2246 1761 2322; baseline 0.006 -22"><span class='ocrx_word' id='word_1_247' title='bbox 184 2246 402 2301; x_wconf 82' lang='lat' dir='ltr'><strong>Intende</strong></span> <span class='ocrx_word' id='word_1_248' title='bbox 428 2248 628 2304; x_wconf 89' lang='lat' dir='ltr'><strong>dictum</strong></span> <span class='ocrx_word' id='word_1_249' title='bbox 658 2259 760 2318; x_wconf 90' lang='lat' dir='ltr'><strong>est,</strong></span> <span class='ocrx_word' id='word_1_250' title='bbox 791 2258 847 2304; x_wconf 89' lang='lat' dir='ltr'><strong>ut</strong></span> <span class='ocrx_word' id='word_1_251' title='bbox 892 2249 1158 2307; x_wconf 90' lang='lat' dir='ltr'><strong>hominem</strong></span> <span class='ocrx_word' id='word_1_252' title='bbox 1192 2263 1501 2322; x_wconf 91' lang='lat' dir='ltr'><strong>pereuntem</strong></span> <span class='ocrx_word' id='word_1_253' title='bbox 1529 2255 1596 2310; x_wconf 92' lang='lat' dir='ltr'><strong>de</strong></span> <span class='ocrx_word' id='word_1_254' title='bbox 1624 2255 1761 2311; x_wconf 73' lang='lat' dir='ltr'><strong>ctelo</strong></span> 
     </span>
    </p>
   </div>
   <div class='ocr_carea' id='block_1_37' title="bbox 183 2341 1761 2419">
    <p class='ocr_par' dir='ltr' id='par_1_37' title="bbox 183 2341 1761 2419">
     <span class='ocr_line' id='line_1_37' title="bbox 183 2341 1761 2419; baseline 0.007 -25"><span class='ocrx_word' id='word_1_255' title='bbox 183 2341 466 2396; x_wconf 85' lang='lat' dir='ltr'><strong>miseratus</strong></span> <span class='ocrx_word' id='word_1_256' title='bbox 509 2343 799 2412; x_wconf 91' lang='lat' dir='ltr'><strong>aspiceret,</strong></span> <span class='ocrx_word' id='word_1_257' title='bbox 841 2344 977 2399; x_wconf 89' lang='lat' dir='ltr'><strong>sicut</strong></span> <span class='ocrx_word' id='word_1_258' title='bbox 1016 2347 1067 2400; x_wconf 93' lang='lat' dir='ltr'><strong>in</strong></span> <span class='ocrx_word' id='word_1_259' title='bbox 1106 2349 1260 2402; x_wconf 92' lang='lat' dir='ltr'><strong>tertio</strong></span> <span class='ocrx_word' id='word_1_260' title='bbox 1308 2347 1514 2404; x_wconf 82' lang='lat' dir='ltr'><strong>decimo</strong></span> <span class='ocrx_word' id='word_1_261' title='bbox 1555 2351 1761 2419; x_wconf 92' lang='lat' dir='ltr'><strong>psalmo</strong></span> 
     </span>
    </p>
   </div>
   <div class='ocr_carea' id='block_1_38' title="bbox 182 2431 1761 2511">
    <p class='ocr_par' dir='ltr' id='par_1_38' title="bbox 182 2431 1761 2511">
     <span class='ocr_line' id='line_1_38' title="bbox 182 2431 1761 2511; baseline 0.009 -27"><span class='ocrx_word' id='word_1_262' title='bbox 182 2431 384 2485; x_wconf 89' lang='lat' dir='ltr'><strong>dictum</strong></span> <span class='ocrx_word' id='word_1_263' title='bbox 421 2440 500 2487; x_wconf 92' lang='lat' dir='ltr'><strong>est</strong></span> <span class='ocrx_word' id='word_1_264' title='bbox 531 2451 544 2487; x_wconf 92' lang='lat'><strong>:</strong></span> <span class='ocrx_word' id='word_1_265' title='bbox 576 2432 830 2488; x_wconf 83' lang='lat' dir='ltr'><strong>Dominus</strong></span> <span class='ocrx_word' id='word_1_266' title='bbox 867 2436 929 2488; x_wconf 92' lang='lat' dir='ltr'><strong>de</strong></span> <span class='ocrx_word' id='word_1_267' title='bbox 967 2435 1090 2491; x_wconf 80' lang='lat' dir='ltr'><strong>caelo</strong></span> <span class='ocrx_word' id='word_1_268' title='bbox 1136 2440 1396 2510; x_wconf 77' lang='lat' dir='ltr'><strong>prospexit</strong></span> <span class='ocrx_word' id='word_1_269' title='bbox 1430 2457 1583 2511; x_wconf 86' lang='lat' dir='ltr'><strong>super</strong></span> <span class='ocrx_word' id='word_1_270' title='bbox 1622 2442 1761 2511; x_wconf 82' lang='lat' dir='ltr'><strong>ﬁlios</strong></span> 
     </span>
    </p>
   </div>
   <div class='ocr_carea' id='block_1_39' title="bbox 181 2521 1759 2599">
    <p class='ocr_par' dir='ltr' id='par_1_39' title="bbox 181 2521 1759 2599">
     <span class='ocr_line' id='line_1_39' title="bbox 181 2521 1759 2599; baseline 0.01 -26"><span class='ocrx_word' id='word_1_271' title='bbox 181 2521 446 2576; x_wconf 89' lang='lat' dir='ltr'><strong>hominum</strong></span> <span class='ocrx_word' id='word_1_272' title='bbox 475 2523 648 2593; x_wconf 85' lang='lat' dir='ltr'><strong>(Psal.</strong></span> <span class='ocrx_word' id='word_1_273' title='bbox 681 2541 795 2592; x_wconf 79' lang='lat' dir='ltr'><strong>xui,</strong></span> <span class='ocrx_word' id='word_1_274' title='bbox 822 2524 900 2595; x_wconf 70' lang='grc' dir='ltr'><strong>Ξ).</strong></span> <span class='ocrx_word' id='word_1_275' title='bbox 930 2525 1202 2599; x_wconf 82' lang='lat' dir='ltr'><strong>Prospere,</strong></span> <span class='ocrx_word' id='word_1_276' title='bbox 1230 2531 1351 2599; x_wconf 89' lang='lat' dir='ltr'><strong>quia</strong></span> <span class='ocrx_word' id='word_1_277' title='bbox 1379 2543 1492 2587; x_wconf 92' lang='lat' dir='ltr'><strong>erat</strong></span> <span class='ocrx_word' id='word_1_278' title='bbox 1523 2533 1759 2588; x_wconf 90' lang='lat' dir='ltr'><strong>humano</strong></span> 
     </span>
    </p>
   </div>
   <div class='ocr_carea' id='block_1_40' title="bbox 177 2614 1755 2694">
    <p class='ocr_par' dir='ltr' id='par_1_40' title="bbox 177 2614 1755 2694">
     <span class='ocr_line' id='line_1_40' title="bbox 177 2614 1755 2694; baseline 0.008 -27"><span class='ocrx_word' id='word_1_279' title='bbox 177 2614 369 2681; x_wconf 90' lang='lat' dir='ltr'><strong>generi</strong></span> <span class='ocrx_word' id='word_1_280' title='bbox 418 2614 746 2670; x_wconf 81' lang='lat' dir='ltr'><strong>liberationis</strong></span> <span class='ocrx_word' id='word_1_281' title='bbox 789 2615 1044 2673; x_wconf 90' lang='lat' dir='ltr'><strong>beneﬁcia</strong></span> <span class='ocrx_word' id='word_1_282' title='bbox 1088 2621 1444 2689; x_wconf 73' lang='lat' dir='ltr'><strong>procstiturus.</strong></span> <span class='ocrx_word' id='word_1_283' title='bbox 1493 2622 1755 2694; x_wconf 86' lang='lat' dir='ltr'><strong>Procede,</strong></span> 
     </span>
    </p>
   </div>
   <div class='ocr_carea' id='block_1_41' title="bbox 177 2705 1755 2783">
    <p class='ocr_par' dir='ltr' id='par_1_41' title="bbox 177 2705 1755 2783">
     <span class='ocr_line' id='line_1_41' title="bbox 177 2705 1755 2783; baseline 0.01 -25"><span class='ocrx_word' id='word_1_284' title='bbox 177 2705 334 2760; x_wconf 87' lang='lat' dir='ltr'><strong>velut</strong></span> <span class='ocrx_word' id='word_1_285' title='bbox 362 2721 586 2776; x_wconf 86' lang='lat' dir='ltr'><strong>sponsus</strong></span> <span class='ocrx_word' id='word_1_286' title='bbox 612 2707 674 2762; x_wconf 89' lang='lat' dir='ltr'><strong>de</strong></span> <span class='ocrx_word' id='word_1_287' title='bbox 699 2717 852 2764; x_wconf 91' lang='lat' dir='ltr'><strong>utero</strong></span> <span class='ocrx_word' id='word_1_288' title='bbox 878 2712 1145 2780; x_wconf 86' lang='lat' dir='ltr'><strong>virginali,</strong></span> <span class='ocrx_word' id='word_1_289' title='bbox 1173 2714 1310 2769; x_wconf 91' lang='lat' dir='ltr'><strong>sicut</strong></span> <span class='ocrx_word' id='word_1_290' title='bbox 1342 2716 1598 2783; x_wconf 88' lang='lat' dir='ltr'><strong>scriptum</strong></span> <span class='ocrx_word' id='word_1_291' title='bbox 1627 2726 1708 2772; x_wconf 92' lang='lat' dir='ltr'><strong>est</strong></span> <span class='ocrx_word' id='word_1_292' title='bbox 1740 2734 1755 2773; x_wconf 91' lang='lat'><strong>:</strong></span> 
     </span>
    </p>
   </div>
   <div class='ocr_carea' id='block_1_42' title="bbox 177 2796 1758 2872">
    <p class='ocr_par' dir='ltr' id='par_1_42' title="bbox 177 2796 1758 2872">
     <span class='ocr_line' id='line_1_42' title="bbox 177 2796 1758 2872; baseline 0.008 -22"><span class='ocrx_word' id='word_1_293' title='bbox 177 2796 245 2850; x_wconf 82' lang='lat' dir='ltr'><strong>Et</strong></span> <span class='ocrx_word' id='word_1_294' title='bbox 297 2799 407 2862; x_wconf 83' lang='lat' dir='ltr'><strong>ipse</strong></span> <span class='ocrx_word' id='word_1_295' title='bbox 449 2806 688 2869; x_wconf 84' lang='lat' dir='ltr'><strong>tanquam</strong></span> <span class='ocrx_word' id='word_1_296' title='bbox 729 2817 941 2870; x_wconf 88' lang='lat' dir='ltr'><strong>sponsus</strong></span> <span class='ocrx_word' id='word_1_297' title='bbox 991 2803 1265 2872; x_wconf 87' lang='lat' dir='ltr'><strong>procedens</strong></span> <span class='ocrx_word' id='word_1_298' title='bbox 1301 2806 1362 2859; x_wconf 90' lang='lat' dir='ltr'><strong>de</strong></span> <span class='ocrx_word' id='word_1_299' title='bbox 1401 2807 1626 2861; x_wconf 89' lang='lat' dir='ltr'><strong>thalamo</strong></span> <span class='ocrx_word' id='word_1_300' title='bbox 1665 2825 1758 2862; x_wconf 85' lang='lat' dir='ltr'><strong>suo</strong></span> 
     </span>
    </p>
   </div>
   <div class='ocr_carea' id='block_1_43' title="bbox 178 2887 1758 2962">
    <p class='ocr_par' dir='ltr' id='par_1_43' title="bbox 178 2887 1758 2962">
     <span class='ocr_line' id='line_1_43' title="bbox 178 2887 1758 2962; baseline 0.009 -21"><span class='ocrx_word' id='word_1_301' title='bbox 178 2887 356 2959; x_wconf 88' lang='lat' dir='ltr'><strong>(Psal.</strong></span> <span class='ocrx_word' id='word_1_302' title='bbox 386 2906 532 2955; x_wconf 80' lang='lat' dir='ltr'><strong>xviii,</strong></span> <span class='ocrx_word' id='word_1_303' title='bbox 573 2890 649 2958; x_wconf 85' lang='lat'><strong>6).</strong></span> <span class='ocrx_word' id='word_1_304' title='bbox 681 2892 874 2962; x_wconf 85' lang='lat' dir='ltr'><strong>Regna,</strong></span> <span class='ocrx_word' id='word_1_305' title='bbox 909 2894 1009 2949; x_wconf 94' lang='lat' dir='ltr'><strong>hoc</strong></span> <span class='ocrx_word' id='word_1_306' title='bbox 1037 2906 1119 2951; x_wconf 90' lang='lat' dir='ltr'><strong>est</strong></span> <span class='ocrx_word' id='word_1_307' title='bbox 1147 2897 1201 2950; x_wconf 91' lang='lat' dir='ltr'><strong>in</strong></span> <span class='ocrx_word' id='word_1_308' title='bbox 1231 2898 1502 2953; x_wconf 86' lang='lat' dir='ltr'><strong>hominum</strong></span> <span class='ocrx_word' id='word_1_309' title='bbox 1530 2900 1758 2956; x_wconf 87' lang='lat' dir='ltr'><strong>creduli-</strong></span> 
     </span>
    </p>
   </div>
   <div class='ocr_carea' id='block_1_44' title="bbox 177 2983 1757 3052">
    <p class='ocr_par' dir='ltr' id='par_1_44' title="bbox 177 2983 1757 3052">
     <span class='ocr_line' id='line_1_44' title="bbox 177 2983 1757 3052; baseline 0.009 -18"><span class='ocrx_word' id='word_1_310' title='bbox 177 2989 286 3036; x_wconf 89' lang='lat' dir='ltr'><strong>tate</strong></span> <span class='ocrx_word' id='word_1_311' title='bbox 314 2983 605 3050; x_wconf 87' lang='lat' dir='ltr'><strong>potentiam</strong></span> <span class='ocrx_word' id='word_1_312' title='bbox 639 2992 740 3037; x_wconf 74' lang='lat' dir='ltr'><strong>tuae</strong></span> <span class='ocrx_word' id='word_1_313' title='bbox 768 2987 1061 3052; x_wconf 89' lang='lat' dir='ltr'><strong>majestatis</strong></span> <span class='ocrx_word' id='word_1_314' title='bbox 1094 2989 1336 3045; x_wconf 90' lang='lat' dir='ltr'><strong>ostende.</strong></span> <span class='ocrx_word' id='word_1_315' title='bbox 1368 2989 1633 3046; x_wconf 68' lang='lat' dir='ltr'><strong>Caeterum</strong></span> <span class='ocrx_word' id='word_1_316' title='bbox 1672 2991 1757 3048; x_wconf 82' lang='lat' dir='ltr'><strong>Fi-</strong></span> 
     </span>
    </p>
   </div>
   <div class='ocr_carea' id='block_1_45' title="bbox 177 3073 1754 3152">
    <p class='ocr_par' dir='ltr' id='par_1_45' title="bbox 177 3073 1754 3152">
     <span class='ocr_line' id='line_1_45' title="bbox 177 3073 1754 3152; baseline 0.008 -26"><span class='ocrx_word' id='word_1_317' title='bbox 177 3073 279 3128; x_wconf 90' lang='lat' dir='ltr'><strong>lius</strong></span> <span class='ocrx_word' id='word_1_318' title='bbox 309 3082 365 3127; x_wconf 91' lang='lat' dir='ltr'><strong>et</strong></span> <span class='ocrx_word' id='word_1_319' title='bbox 390 3081 512 3129; x_wconf 87' lang='lat' dir='ltr'><strong>ante</strong></span> <span class='ocrx_word' id='word_1_320' title='bbox 542 3073 723 3129; x_wconf 91' lang='lat' dir='ltr'><strong>mundi</strong></span> <span class='ocrx_word' id='word_1_321' title='bbox 749 3077 1182 3134; x_wconf 89' lang='lat' dir='ltr'><strong>constitutionem</strong></span> <span class='ocrx_word' id='word_1_322' title='bbox 1212 3095 1332 3134; x_wconf 89' lang='lat' dir='ltr'><strong>eum</strong></span> <span class='ocrx_word' id='word_1_323' title='bbox 1361 3080 1519 3136; x_wconf 85' lang='lat' dir='ltr'><strong>Patre</strong></span> <span class='ocrx_word' id='word_1_324' title='bbox 1545 3093 1595 3137; x_wconf 91' lang='lat' dir='ltr'><strong>et</strong></span> <span class='ocrx_word' id='word_1_325' title='bbox 1630 3081 1754 3152; x_wconf 87' lang='lat' dir='ltr'><strong>Spi-</strong></span> 
     </span>
    </p>
   </div>
   <div class='ocr_carea' id='block_1_46' title="bbox 177 3162 1758 3240">
    <p class='ocr_par' dir='ltr' id='par_1_46' title="bbox 177 3162 1758 3240">
     <span class='ocr_line' id='line_1_46' title="bbox 177 3162 1758 3240; baseline 0.008 -25"><span class='ocrx_word' id='word_1_326' title='bbox 177 3162 282 3215; x_wconf 91' lang='lat' dir='ltr'><strong>ritu</strong></span> <span class='ocrx_word' id='word_1_327' title='bbox 314 3171 498 3218; x_wconf 90' lang='lat' dir='ltr'><strong>sancto</strong></span> <span class='ocrx_word' id='word_1_328' title='bbox 528 3164 646 3220; x_wconf 90' lang='lat' dir='ltr'><strong>sine</strong></span> <span class='ocrx_word' id='word_1_329' title='bbox 676 3165 1002 3222; x_wconf 89' lang='lat' dir='ltr'><strong>dubitatione</strong></span> <span class='ocrx_word' id='word_1_330' title='bbox 1032 3170 1289 3238; x_wconf 86' lang='lat' dir='ltr'><strong>regnavit.</strong></span> <span class='ocrx_word' id='word_1_331' title='bbox 1333 3169 1554 3240; x_wconf 87' lang='lat' dir='ltr'><strong>Propter</strong></span> <span class='ocrx_word' id='word_1_332' title='bbox 1577 3174 1758 3228; x_wconf 87' lang='lat' dir='ltr'><strong>verita-</strong></span> 
     </span>
    </p>
   </div>
   <div class='ocr_carea' id='block_1_47' title="bbox 178 3254 1755 3336">
    <p class='ocr_par' dir='ltr' id='par_1_47' title="bbox 178 3254 1755 3336">
     <span class='ocr_line' id='line_1_47' title="bbox 178 3254 1755 3336; baseline 0.011 -32"><span class='ocrx_word' id='word_1_333' title='bbox 178 3260 297 3320; x_wconf 86' lang='lat' dir='ltr'><strong>tem,</strong></span> <span class='ocrx_word' id='word_1_334' title='bbox 327 3254 455 3309; x_wconf 88' lang='lat' dir='ltr'><strong>illud</strong></span> <span class='ocrx_word' id='word_1_335' title='bbox 476 3255 744 3326; x_wconf 88' lang='lat' dir='ltr'><strong>designat,</strong></span> <span class='ocrx_word' id='word_1_336' title='bbox 774 3260 1051 3315; x_wconf 85' lang='lat' dir='ltr'><strong>ut-veritas</strong></span> <span class='ocrx_word' id='word_1_337' title='bbox 1081 3260 1147 3315; x_wconf 93' lang='lat' dir='ltr'><strong>de</strong></span> <span class='ocrx_word' id='word_1_338' title='bbox 1177 3270 1316 3316; x_wconf 88' lang='lat' dir='ltr'><strong>terra</strong></span> <span class='ocrx_word' id='word_1_339' title='bbox 1353 3263 1605 3333; x_wconf 92' lang='lat' dir='ltr'><strong>oriretur,</strong></span> <span class='ocrx_word' id='word_1_340' title='bbox 1636 3281 1755 3336; x_wconf 76' lang='lat' dir='ltr'><strong>qua:</strong></span> 
     </span>
    </p>
   </div>
   <div class='ocr_carea' id='block_1_48' title="bbox 1865 2065 3439 2135">
    <p class='ocr_par' dir='ltr' id='par_1_48' title="bbox 1865 2065 3439 2135">
     <span class='ocr_line' id='line_1_48' title="bbox 1865 2065 3439 2135; baseline 0.003 -14"><span class='ocrx_word' id='word_1_341' title='bbox 1865 2066 2122 2135; x_wconf 91' lang='lat' dir='ltr'><strong>dejectus,</strong></span> <span class='ocrx_word' id='word_1_342' title='bbox 2154 2065 2221 2121; x_wconf 90' lang='lat' dir='ltr'><strong>ad</strong></span> <span class='ocrx_word' id='word_1_343' title='bbox 2260 2068 2511 2123; x_wconf 90' lang='lat' dir='ltr'><strong>salutaria</strong></span> <span class='ocrx_word' id='word_1_344' title='bbox 2559 2067 2768 2124; x_wconf 91' lang='lat' dir='ltr'><strong>Domini</strong></span> <span class='ocrx_word' id='word_1_345' title='bbox 2812 2069 3056 2124; x_wconf 89' lang='lat' dir='ltr'><strong>mandata</strong></span> <span class='ocrx_word' id='word_1_346' title='bbox 3103 2071 3439 2126; x_wconf 88' lang='lat' dir='ltr'><strong>transfertur.</strong></span> 
     </span>
    </p>
   </div>
   <div class='ocr_carea' id='block_1_49' title="bbox 1864 2156 3441 2229">
    <p class='ocr_par' dir='ltr' id='par_1_49' title="bbox 1864 2156 3441 2229">
     <span class='ocr_line' id='line_1_49' title="bbox 1864 2156 3441 2229; baseline 0.002 -18"><span class='ocrx_word' id='word_1_347' title='bbox 1864 2156 2205 2211; x_wconf 86' lang='lat' dir='ltr'><strong>Inimicorum</strong></span> <span class='ocrx_word' id='word_1_348' title='bbox 2234 2158 2410 2229; x_wconf 86' lang='lat' dir='ltr'><strong>Regis,</strong></span> <span class='ocrx_word' id='word_1_349' title='bbox 2444 2158 2687 2214; x_wconf 87' lang='lat' dir='ltr'><strong>inimicos</strong></span> <span class='ocrx_word' id='word_1_350' title='bbox 2724 2156 2923 2214; x_wconf 88' lang='lat' dir='ltr'><strong>Christi</strong></span> <span class='ocrx_word' id='word_1_351' title='bbox 2963 2158 3114 2226; x_wconf 91' lang='lat' dir='ltr'><strong>dicit,</strong></span> <span class='ocrx_word' id='word_1_352' title='bbox 3146 2159 3235 2229; x_wconf 84' lang='lat' dir='ltr'><strong>qui</strong></span> <span class='ocrx_word' id='word_1_353' title='bbox 3262 2174 3291 2212; x_wconf 92' lang='lat' dir='ltr'><strong>a</strong></span> <span class='ocrx_word' id='word_1_354' title='bbox 3322 2159 3441 2229; x_wconf 89' lang='lat' dir='ltr'><strong>iege</strong></span> 
     </span>
    </p>
   </div>
   <div class='ocr_carea' id='block_1_50' title="bbox 1863 2250 3440 2322">
    <p class='ocr_par' dir='ltr' id='par_1_50' title="bbox 1863 2250 3440 2322">
     <span class='ocr_line' id='line_1_50' title="bbox 1863 2250 3440 2322; baseline -0.001 -14"><span class='ocrx_word' id='word_1_355' title='bbox 1863 2265 2090 2322; x_wconf 89' lang='lat' dir='ltr'><strong>superna</strong></span> <span class='ocrx_word' id='word_1_356' title='bbox 2118 2253 2387 2310; x_wconf 87' lang='lat' dir='ltr'><strong>contraria</strong></span> <span class='ocrx_word' id='word_1_357' title='bbox 2410 2251 2682 2308; x_wconf 88' lang='lat' dir='ltr'><strong>voluntate</strong></span> <span class='ocrx_word' id='word_1_358' title='bbox 2703 2251 3040 2309; x_wconf 89' lang='lat' dir='ltr'><strong>dissentiunt.</strong></span> <span class='ocrx_word' id='word_1_359' title='bbox 3059 2250 3172 2306; x_wconf 86' lang='lat' dir='ltr'><strong>Hoc</strong></span> <span class='ocrx_word' id='word_1_360' title='bbox 3197 2260 3276 2306; x_wconf 88' lang='lat' dir='ltr'><strong>est</strong></span> <span class='ocrx_word' id='word_1_361' title='bbox 3299 2250 3440 2320; x_wconf 91' lang='lat' dir='ltr'><strong>quod</strong></span> 
     </span>
    </p>
   </div>
   <div class='ocr_carea' id='block_1_51' title="bbox 1864 2343 3440 2420">
    <p class='ocr_par' dir='ltr' id='par_1_51' title="bbox 1864 2343 3440 2420">
     <span class='ocr_line' id='line_1_51' title="bbox 1864 2343 3440 2420; baseline -0.004 -18"><span class='ocrx_word' id='word_1_362' title='bbox 1864 2349 2048 2406; x_wconf 91' lang='lat' dir='ltr'><strong>titulus</strong></span> <span class='ocrx_word' id='word_1_363' title='bbox 2072 2349 2263 2420; x_wconf 89' lang='lat' dir='ltr'><strong>psalmi</strong></span> <span class='ocrx_word' id='word_1_364' title='bbox 2292 2345 2570 2418; x_wconf 72' lang='lat' dir='ltr'><strong>praecinuit</strong></span> <span class='ocrx_word' id='word_1_365' title='bbox 2596 2346 2779 2402; x_wconf 87' lang='lat' dir='ltr'><strong>dicens</strong></span> <span class='ocrx_word' id='word_1_366' title='bbox 2806 2363 2818 2398; x_wconf 90' lang='lat'>:</span> <span class='ocrx_word' id='word_1_367' title='bbox 2849 2344 2956 2399; x_wconf 91' lang='lat' dir='ltr'><strong>Pro</strong></span> <span class='ocrx_word' id='word_1_368' title='bbox 2986 2345 3066 2399; x_wconf 87' lang='lat' dir='ltr'><strong>his</strong></span> <span class='ocrx_word' id='word_1_369' title='bbox 3101 2343 3188 2413; x_wconf 84' lang='lat' dir='ltr'><strong>qui</strong></span> <span class='ocrx_word' id='word_1_370' title='bbox 3215 2359 3440 2397; x_wconf 86' lang='lat' dir='ltr'><strong>commu-</strong></span> 
     </span>
    </p>
   </div>
   <div class='ocr_carea' id='block_1_52' title="bbox 1861 2439 2453 2510">
    <p class='ocr_par' dir='ltr' id='par_1_52' title="bbox 1861 2439 2453 2510">
     <span class='ocr_line' id='line_1_52' title="bbox 1861 2439 2453 2510; baseline -0.003 -16"><span class='ocrx_word' id='word_1_371' title='bbox 1861 2440 2125 2509; x_wconf 87' lang='lat' dir='ltr'><strong>tabuntur,</strong></span> <span class='ocrx_word' id='word_1_372' title='bbox 2155 2441 2278 2510; x_wconf 81' lang='lat' dir='ltr'><strong>ﬁliis</strong></span> <span class='ocrx_word' id='word_1_373' title='bbox 2306 2439 2453 2494; x_wconf 85' lang='lat' dir='ltr'><strong>Core.</strong></span> 
     </span>
    </p>
   </div>
   <div class='ocr_carea' id='block_1_53' title="bbox 1931 2528 3439 2600">
    <p class='ocr_par' dir='ltr' id='par_1_53' title="bbox 1931 2528 3439 2600">
     <span class='ocr_line' id='line_1_53' title="bbox 1931 2528 3439 2600; baseline -0.005 -12"><span class='ocrx_word' id='word_1_374' title='bbox 1931 2533 2087 2588; x_wconf 84' lang='lat' dir='ltr'><strong>Vers.</strong></span> <span class='ocrx_word' id='word_1_375' title='bbox 2119 2534 2171 2588; x_wconf 89' lang='lat'><strong>7.</strong></span> <span class='ocrx_word' id='word_1_376' title='bbox 2204 2531 2363 2588; x_wconf 88' lang='lat' dir='ltr'><strong>Sedes</strong></span> <span class='ocrx_word' id='word_1_377' title='bbox 2392 2541 2482 2585; x_wconf 90' lang='lat' dir='ltr'><strong>tua</strong></span> <span class='ocrx_word' id='word_1_378' title='bbox 2507 2529 2646 2584; x_wconf 87' lang='lat' dir='ltr'><strong>Deus</strong></span> <span class='ocrx_word' id='word_1_379' title='bbox 2684 2529 2740 2583; x_wconf 88' lang='lat' dir='ltr'><strong>in</strong></span> <span class='ocrx_word' id='word_1_380' title='bbox 2781 2528 3022 2583; x_wconf 74' lang='lat' dir='ltr'><strong>saeuiunt</strong></span> <span class='ocrx_word' id='word_1_381' title='bbox 3051 2529 3228 2584; x_wconf 63' lang='lat' dir='ltr'><strong>saeculi</strong></span> <span class='ocrx_word' id='word_1_382' title='bbox 3255 2543 3275 2583; x_wconf 93' lang='lat'><strong><em>:</em></strong></span> <span class='ocrx_word' id='word_1_383' title='bbox 3295 2528 3439 2600; x_wconf 82' lang='lat' dir='ltr'><strong>virga</strong></span> 
     </span>
    </p>
   </div>
   <div class='ocr_carea' id='block_1_54' title="bbox 1859 2619 3438 2695">
    <p class='ocr_par' dir='ltr' id='par_1_54' title="bbox 1859 2619 3438 2695">
     <span class='ocr_line' id='line_1_54' title="bbox 1859 2619 3438 2695; baseline -0.002 -18"><span class='ocrx_word' id='word_1_384' title='bbox 1859 2633 1996 2680; x_wconf 86' lang='lat' dir='ltr'><strong>recta</strong></span> <span class='ocrx_word' id='word_1_385' title='bbox 2031 2633 2104 2679; x_wconf 86' lang='lat' dir='ltr'><strong>est</strong></span> <span class='ocrx_word' id='word_1_386' title='bbox 2133 2625 2274 2695; x_wconf 85' lang='lat' dir='ltr'><strong>virga</strong></span> <span class='ocrx_word' id='word_1_387' title='bbox 2305 2623 2448 2694; x_wconf 87' lang='lat' dir='ltr'><strong>regni</strong></span> <span class='ocrx_word' id='word_1_388' title='bbox 2475 2624 2569 2677; x_wconf 89' lang='lat' dir='ltr'><strong>tui.</strong></span> <span class='ocrx_word' id='word_1_389' title='bbox 2595 2621 2754 2678; x_wconf 85' lang='lat' dir='ltr'><strong>Venit</strong></span> <span class='ocrx_word' id='word_1_390' title='bbox 2783 2619 2848 2674; x_wconf 91' lang='lat' dir='ltr'><strong>ad</strong></span> <span class='ocrx_word' id='word_1_391' title='bbox 2877 2619 3193 2676; x_wconf 90' lang='lat' dir='ltr'><strong>laudationis</strong></span> <span class='ocrx_word' id='word_1_392' title='bbox 3224 2620 3438 2683; x_wconf 87' lang='lat' dir='ltr'><strong>tertium</strong></span> 
     </span>
    </p>
   </div>
   <div class='ocr_carea' id='block_1_55' title="bbox 1859 2713 3438 2787">
    <p class='ocr_par' dir='ltr' id='par_1_55' title="bbox 1859 2713 3438 2787">
     <span class='ocr_line' id='line_1_55' title="bbox 1859 2713 3438 2787; baseline -0.003 -14"><span class='ocrx_word' id='word_1_393' title='bbox 1859 2717 2100 2784; x_wconf 91' lang='lat' dir='ltr'><strong>modum,</strong></span> <span class='ocrx_word' id='word_1_394' title='bbox 2131 2717 2220 2787; x_wconf 92' lang='lat' dir='ltr'><strong>qui</strong></span> <span class='ocrx_word' id='word_1_395' title='bbox 2253 2727 2398 2772; x_wconf 88' lang='lat' dir='ltr'><strong>recte</strong></span> <span class='ocrx_word' id='word_1_396' title='bbox 2427 2715 2620 2771; x_wconf 91' lang='lat' dir='ltr'><strong>dicitur</strong></span> <span class='ocrx_word' id='word_1_397' title='bbox 2656 2715 2702 2769; x_wconf 82' lang='lat' dir='ltr'><strong>A</strong></span> <span class='ocrx_word' id='word_1_398' title='bbox 2745 2729 2905 2770; x_wconf 90' lang='lat' dir='ltr'><strong>causa</strong></span> <span class='ocrx_word' id='word_1_399' title='bbox 2932 2714 3134 2784; x_wconf 84' lang='lat' dir='ltr'><strong>iudicii.</strong></span> <span class='ocrx_word' id='word_1_400' title='bbox 3169 2713 3267 2768; x_wconf 84' lang='lat' dir='ltr'><strong>Hic</strong></span> <span class='ocrx_word' id='word_1_401' title='bbox 3294 2713 3438 2769; x_wconf 90' lang='lat' dir='ltr'><strong>enim</strong></span> 
     </span>
    </p>
   </div>
   <div class='ocr_carea' id='block_1_56' title="bbox 1858 2804 3438 2876">
    <p class='ocr_par' dir='ltr' id='par_1_56' title="bbox 1858 2804 3438 2876">
     <span class='ocr_line' id='line_1_56' title="bbox 1858 2804 3438 2876; baseline -0.003 -15"><span class='ocrx_word' id='word_1_402' title='bbox 1858 2810 2000 2863; x_wconf 87' lang='lat' dir='ltr'><strong>sedes</strong></span> <span class='ocrx_word' id='word_1_403' title='bbox 2042 2807 2137 2863; x_wconf 90' lang='lat' dir='ltr'><strong>Dei</strong></span> <span class='ocrx_word' id='word_1_404' title='bbox 2175 2807 2242 2862; x_wconf 91' lang='lat' dir='ltr'><strong>ad</strong></span> <span class='ocrx_word' id='word_1_405' title='bbox 2265 2805 2521 2876; x_wconf 88' lang='lat' dir='ltr'><strong>judicium</strong></span> <span class='ocrx_word' id='word_1_406' title='bbox 2555 2805 2786 2874; x_wconf 85' lang='lat' dir='ltr'><strong>pertinet</strong></span> <span class='ocrx_word' id='word_1_407' title='bbox 2814 2804 3074 2872; x_wconf 90' lang='lat' dir='ltr'><strong>futurum,</strong></span> <span class='ocrx_word' id='word_1_408' title='bbox 3110 2804 3162 2858; x_wconf 92' lang='lat' dir='ltr'><strong>in</strong></span> <span class='ocrx_word' id='word_1_409' title='bbox 3195 2817 3298 2873; x_wconf 93' lang='lat' dir='ltr'><strong>quo</strong></span> <span class='ocrx_word' id='word_1_410' title='bbox 3325 2817 3438 2857; x_wconf 93' lang='lat' dir='ltr'><strong>om-</strong></span> 
     </span>
    </p>
   </div>
   <div class='ocr_carea' id='block_1_57' title="bbox 1859 2892 3438 2962">
    <p class='ocr_par' dir='ltr' id='par_1_57' title="bbox 1859 2892 3438 2962">
     <span class='ocr_line' id='line_1_57' title="bbox 1859 2892 3438 2962; baseline -0.005 -8"><span class='ocrx_word' id='word_1_411' title='bbox 1859 2899 1945 2954; x_wconf 92' lang='lat' dir='ltr'><strong>nia</strong></span> <span class='ocrx_word' id='word_1_412' title='bbox 1973 2899 2235 2955; x_wconf 86' lang='lat' dir='ltr'><strong>veraciter</strong></span> <span class='ocrx_word' id='word_1_413' title='bbox 2265 2906 2492 2954; x_wconf 79' lang='lat' dir='ltr'><strong>:eternus</strong></span> <span class='ocrx_word' id='word_1_414' title='bbox 2533 2895 2837 2951; x_wconf 85' lang='lat' dir='ltr'><strong>Moderator</strong></span> <span class='ocrx_word' id='word_1_415' title='bbox 2867 2895 3136 2950; x_wconf 83' lang='lat' dir='ltr'><strong>examinat</strong></span> <span class='ocrx_word' id='word_1_416' title='bbox 3171 2903 3329 2962; x_wconf 89' lang='lat' dir='ltr'><strong>atque</strong></span> <span class='ocrx_word' id='word_1_417' title='bbox 3355 2892 3438 2947; x_wconf 63' lang='lat' dir='ltr'><strong>die</strong></span> 
     </span>
    </p>
   </div>
   <div class='ocr_carea' id='block_1_58' title="bbox 1856 2982 3439 3062">
    <p class='ocr_par' dir='ltr' id='par_1_58' title="bbox 1856 2982 3439 3062">
     <span class='ocr_line' id='line_1_58' title="bbox 1856 2982 3439 3062; baseline -0.004 -18"><span class='ocrx_word' id='word_1_418' title='bbox 1856 2990 2081 3062; x_wconf 89' lang='lat' dir='ltr'><strong>judicat.</strong></span> <span class='ocrx_word' id='word_1_419' title='bbox 2132 2987 2200 3044; x_wconf 92' lang='lat' dir='ltr'><strong>In</strong></span> <span class='ocrx_word' id='word_1_420' title='bbox 2243 2987 2489 3044; x_wconf 83' lang='lat' dir='ltr'><strong>steculum</strong></span> <span class='ocrx_word' id='word_1_421' title='bbox 2525 2985 2729 3051; x_wconf 65' lang='lat' dir='ltr'><strong>saeculi;</strong></span> <span class='ocrx_word' id='word_1_422' title='bbox 2757 2984 3004 3055; x_wconf 89' lang='lat' dir='ltr'><strong>quoniam</strong></span> <span class='ocrx_word' id='word_1_423' title='bbox 3033 2982 3285 3054; x_wconf 91' lang='lat' dir='ltr'><strong>quidquid</strong></span> <span class='ocrx_word' id='word_1_424' title='bbox 3311 2997 3439 3037; x_wconf 84' lang='lat' dir='ltr'><strong>con-</strong></span> 
     </span>
    </p>
   </div>
   <div class='ocr_carea' id='block_1_59' title="bbox 1856 3073 3436 3149">
    <p class='ocr_par' dir='ltr' id='par_1_59' title="bbox 1856 3073 3436 3149">
     <span class='ocr_line' id='line_1_59' title="bbox 1856 3073 3436 3149; baseline -0.006 -12"><span class='ocrx_word' id='word_1_425' title='bbox 1856 3080 2116 3149; x_wconf 90' lang='lat' dir='ltr'><strong>stituerit,</strong></span> <span class='ocrx_word' id='word_1_426' title='bbox 2153 3080 2297 3135; x_wconf 90' lang='lat' dir='ltr'><strong>nulla</strong></span> <span class='ocrx_word' id='word_1_427' title='bbox 2333 3079 2526 3148; x_wconf 90' lang='lat' dir='ltr'><strong>poterit</strong></span> <span class='ocrx_word' id='word_1_428' title='bbox 2553 3077 2806 3147; x_wconf 89' lang='lat' dir='ltr'><strong>temporis</strong></span> <span class='ocrx_word' id='word_1_429' title='bbox 2832 3074 3167 3131; x_wconf 85' lang='lat' dir='ltr'><strong>successione</strong></span> <span class='ocrx_word' id='word_1_430' title='bbox 3195 3073 3436 3128; x_wconf 88' lang='lat' dir='ltr'><strong>dissolvi.</strong></span> 
     </span>
    </p>
   </div>
   <div class='ocr_carea' id='block_1_60' title="bbox 1863 3164 3435 3244">
    <p class='ocr_par' dir='ltr' id='par_1_60' title="bbox 1863 3164 3435 3244">
     <span class='ocr_line' id='line_1_60' title="bbox 1863 3164 3435 3244; baseline -0.006 -16"><span class='ocrx_word' id='word_1_431' title='bbox 1863 3172 2081 3244; x_wconf 86' lang='lat' dir='ltr'><strong>Virgam</strong></span> <span class='ocrx_word' id='word_1_432' title='bbox 2102 3186 2230 3227; x_wconf 91' lang='lat' dir='ltr'><strong>vero</strong></span> <span class='ocrx_word' id='word_1_433' title='bbox 2252 3171 2488 3240; x_wconf 88' lang='lat' dir='ltr'><strong>regulam</strong></span> <span class='ocrx_word' id='word_1_434' title='bbox 2511 3167 2707 3224; x_wconf 62' lang='lat' dir='ltr'><strong>divinae</strong></span> <span class='ocrx_word' id='word_1_435' title='bbox 2731 3165 2992 3237; x_wconf 88' lang='lat' dir='ltr'><strong>signiﬁcat</strong></span> <span class='ocrx_word' id='word_1_436' title='bbox 3008 3164 3293 3235; x_wconf 58' lang='lat' dir='ltr'><strong>aequitatis,</strong></span> <span class='ocrx_word' id='word_1_437' title='bbox 3317 3179 3435 3233; x_wconf 65' lang='lat' dir='ltr'><strong>qua</strong></span> 
     </span>
    </p>
   </div>
   <div class='ocr_carea' id='block_1_61' title="bbox 1859 3258 3432 3331">
    <p class='ocr_par' dir='ltr' id='par_1_61' title="bbox 1859 3258 3432 3331">
     <span class='ocr_line' id='line_1_61' title="bbox 1859 3258 3432 3331; baseline -0.008 -10"><span class='ocrx_word' id='word_1_438' title='bbox 1859 3265 2123 3321; x_wconf 82' lang='lat' dir='ltr'><strong>veraciter</strong></span> <span class='ocrx_word' id='word_1_439' title='bbox 2148 3273 2284 3318; x_wconf 90' lang='lat' dir='ltr'><strong>recta</strong></span> <span class='ocrx_word' id='word_1_440' title='bbox 2303 3261 2515 3323; x_wconf 87' lang='lat' dir='ltr'><strong>dicitur,</strong></span> <span class='ocrx_word' id='word_1_441' title='bbox 2543 3261 2662 3331; x_wconf 92' lang='lat' dir='ltr'><strong>quia</strong></span> <span class='ocrx_word' id='word_1_442' title='bbox 2691 3258 2832 3314; x_wconf 91' lang='lat' dir='ltr'><strong>nulla</strong></span> <span class='ocrx_word' id='word_1_443' title='bbox 2866 3259 3126 3329; x_wconf 88' lang='lat' dir='ltr'><strong>pravitate</strong></span> <span class='ocrx_word' id='word_1_444' title='bbox 3160 3265 3432 3312; x_wconf 88' lang='lat' dir='ltr'><strong>curvatur.</strong></span> 
     </span>
    </p>
   </div>
   <div class='ocr_carea' id='block_1_62' title="bbox 177 3348 3436 3430">
    <p class='ocr_par' dir='ltr' id='par_1_62' title="bbox 177 3348 3436 3430">
     <span class='ocr_line' id='line_1_62' title="bbox 177 3348 3436 3430; baseline 0.001 -28"><span class='ocrx_word' id='word_1_445' title='bbox 177 3348 462 3408; x_wconf 78' lang='lat' dir='ltr'><strong>falsitatem</strong></span> <span class='ocrx_word' id='word_1_446' title='bbox 488 3359 727 3407; x_wconf 88' lang='lat' dir='ltr'><strong>nostram</strong></span> <span class='ocrx_word' id='word_1_447' title='bbox 756 3368 850 3408; x_wconf 90' lang='lat' dir='ltr'><strong>sua</strong></span> <span class='ocrx_word' id='word_1_448' title='bbox 870 3354 1254 3412; x_wconf 88' lang='lat' dir='ltr'><strong>illuminatione</strong></span> <span class='ocrx_word' id='word_1_449' title='bbox 1275 3357 1574 3413; x_wconf 90' lang='lat' dir='ltr'><strong>mundaret.</strong></span> <span class='ocrx_word' id='word_1_450' title='bbox 1599 3358 1753 3413; x_wconf 74' lang='lat' dir='ltr'><strong>Man-</strong></span> <span class='ocrx_word' id='word_1_451' title='bbox 1778 3362 1824 3425; x_wconf 88' lang='lat' dir='ltr'>C</span> <span class='ocrx_word' id='word_1_452' title='bbox 1862 3358 2025 3430; x_wconf 86' lang='lat' dir='ltr'><strong>Virga</strong></span> <span class='ocrx_word' id='word_1_453' title='bbox 2057 3357 2155 3414; x_wconf 90' lang='lat' dir='ltr'><strong>ista</strong></span> <span class='ocrx_word' id='word_1_454' title='bbox 2197 3357 2370 3426; x_wconf 91' lang='lat' dir='ltr'><strong>justos</strong></span> <span class='ocrx_word' id='word_1_455' title='bbox 2398 3355 2552 3426; x_wconf 79' lang='lat' dir='ltr'><strong>regit,</strong></span> <span class='ocrx_word' id='word_1_456' title='bbox 2583 3353 2771 3422; x_wconf 90' lang='lat' dir='ltr'><strong>impios</strong></span> <span class='ocrx_word' id='word_1_457' title='bbox 2800 3352 3050 3422; x_wconf 89' lang='lat' dir='ltr'><strong>percutit,</strong></span> <span class='ocrx_word' id='word_1_458' title='bbox 3081 3349 3317 3406; x_wconf 90' lang='lat' dir='ltr'><strong>continet</strong></span> <span class='ocrx_word' id='word_1_459' title='bbox 3345 3363 3436 3404; x_wconf 91' lang='lat' dir='ltr'><strong>ve-</strong></span> 
     </span>
    </p>
   </div>
   <div class='ocr_carea' id='block_1_63' title="bbox 175 3429 1754 3517">
    <p class='ocr_par' dir='ltr' id='par_1_63' title="bbox 175 3429 1754 3517">
     <span class='ocr_line' id='line_1_63' title="bbox 175 3429 1754 3517; baseline 0.008 -22"><span class='ocrx_word' id='word_1_460' title='bbox 175 3444 389 3498; x_wconf 84' lang='lat' dir='ltr'><strong>suetudo</strong></span> <span class='ocrx_word' id='word_1_461' title='bbox 411 3459 540 3500; x_wconf 91' lang='lat' dir='ltr'><strong>vero</strong></span> <span class='ocrx_word' id='word_1_462' title='bbox 562 3455 854 3502; x_wconf 88' lang='lat' dir='ltr'><strong>monstrata</strong></span> <span class='ocrx_word' id='word_1_463' title='bbox 873 3456 973 3512; x_wconf 90' lang='lat' dir='ltr'><strong>est,</strong></span> <span class='ocrx_word' id='word_1_464' title='bbox 1001 3429 1212 3517; x_wconf 56' lang='lat' dir='ltr'><strong>qhando</strong></span> <span class='ocrx_word' id='word_1_465' title='bbox 1238 3449 1289 3503; x_wconf 91' lang='lat' dir='ltr'><strong>in</strong></span> <span class='ocrx_word' id='word_1_466' title='bbox 1311 3449 1485 3504; x_wconf 92' lang='lat' dir='ltr'><strong>crucis</strong></span> <span class='ocrx_word' id='word_1_467' title='bbox 1506 3450 1754 3508; x_wconf 83' lang='lat' dir='ltr'><strong>afﬁxione</strong></span> 
     </span>
    </p>
   </div>
   <div class='ocr_carea' id='block_1_64' title="bbox 176 3535 1754 3606">
    <p class='ocr_par' dir='ltr' id='par_1_64' title="bbox 176 3535 1754 3606">
     <span class='ocr_line' id='line_1_64' title="bbox 176 3535 1754 3606; baseline 0.006 -19"><span class='ocrx_word' id='word_1_468' title='bbox 176 3549 269 3604; x_wconf 90' lang='lat' dir='ltr'><strong>pro</strong></span> <span class='ocrx_word' id='word_1_469' title='bbox 315 3535 754 3606; x_wconf 87' lang='lat' dir='ltr'><strong>persequentibus</strong></span> <span class='ocrx_word' id='word_1_470' title='bbox 801 3540 1056 3594; x_wconf 82' lang='lat' dir='ltr'><strong>exoravit.</strong></span> <span class='ocrx_word' id='word_1_471' title='bbox 1107 3539 1318 3594; x_wconf 75' lang='lat' dir='ltr'><strong>Iustitia</strong></span> <span class='ocrx_word' id='word_1_472' title='bbox 1354 3555 1481 3596; x_wconf 91' lang='lat' dir='ltr'><strong>vero</strong></span> <span class='ocrx_word' id='word_1_473' title='bbox 1516 3541 1582 3596; x_wconf 88' lang='lat' dir='ltr'><strong>ad</strong></span> <span class='ocrx_word' id='word_1_474' title='bbox 1626 3542 1754 3597; x_wconf 91' lang='lat' dir='ltr'><strong>illud</strong></span> 
     </span>
    </p>
   </div>
   <div class='ocr_carea' id='block_1_65' title="bbox 176 3625 1751 3700">
    <p class='ocr_par' dir='ltr' id='par_1_65' title="bbox 176 3625 1751 3700">
     <span class='ocr_line' id='line_1_65' title="bbox 176 3625 1751 3700; baseline 0.006 -23"><span class='ocrx_word' id='word_1_475' title='bbox 176 3625 416 3692; x_wconf 76' lang='lat' dir='ltr'><strong>reSpicit,</strong></span> <span class='ocrx_word' id='word_1_476' title='bbox 449 3627 570 3696; x_wconf 90' lang='lat' dir='ltr'><strong>quia</strong></span> <span class='ocrx_word' id='word_1_477' title='bbox 599 3627 718 3693; x_wconf 88' lang='lat' dir='ltr'><strong>pius</strong></span> <span class='ocrx_word' id='word_1_478' title='bbox 751 3627 937 3683; x_wconf 89' lang='lat' dir='ltr'><strong>doctor</strong></span> <span class='ocrx_word' id='word_1_479' title='bbox 964 3637 1224 3700; x_wconf 66' lang='lat' dir='ltr'><strong>praecepta</strong></span> <span class='ocrx_word' id='word_1_480' title='bbox 1255 3630 1507 3685; x_wconf 88' lang='lat' dir='ltr'><strong>salutaria</strong></span> <span class='ocrx_word' id='word_1_481' title='bbox 1542 3630 1751 3686; x_wconf 90' lang='lat' dir='ltr'><strong>infudit.</strong></span> 
     </span>
    </p>
   </div>
   <div class='ocr_carea' id='block_1_66' title="bbox 175 3713 1754 3787">
    <p class='ocr_par' dir='ltr' id='par_1_66' title="bbox 175 3713 1754 3787">
     <span class='ocr_line' id='line_1_66' title="bbox 175 3713 1754 3787; baseline 0.006 -20"><span class='ocrx_word' id='word_1_482' title='bbox 175 3713 403 3771; x_wconf 87' lang='lat' dir='ltr'><strong>Deducet</strong></span> <span class='ocrx_word' id='word_1_483' title='bbox 447 3728 510 3783; x_wconf 88' lang='lat' dir='ltr'><strong>te,</strong></span> <span class='ocrx_word' id='word_1_484' title='bbox 548 3718 599 3772; x_wconf 92' lang='lat' dir='ltr'><strong>id</strong></span> <span class='ocrx_word' id='word_1_485' title='bbox 630 3727 711 3773; x_wconf 91' lang='lat' dir='ltr'><strong>est</strong></span> <span class='ocrx_word' id='word_1_486' title='bbox 753 3734 845 3787; x_wconf 92' lang='lat' dir='ltr'><strong>per</strong></span> <span class='ocrx_word' id='word_1_487' title='bbox 887 3735 1099 3773; x_wconf 87' lang='lat' dir='ltr'><strong>cursum</strong></span> <span class='ocrx_word' id='word_1_488' title='bbox 1151 3720 1309 3775; x_wconf 92' lang='lat' dir='ltr'><strong>t0tius</strong></span> <span class='ocrx_word' id='word_1_489' title='bbox 1345 3720 1466 3775; x_wconf 70' lang='lat' dir='ltr'><strong>vitae</strong></span> <span class='ocrx_word' id='word_1_490' title='bbox 1499 3721 1754 3776; x_wconf 81' lang='lat' dir='ltr'><strong>inoffensa</strong></span> 
     </span>
    </p>
   </div>
   <div class='ocr_carea' id='block_1_67' title="bbox 179 3810 1754 3882">
    <p class='ocr_par' dir='ltr' id='par_1_67' title="bbox 179 3810 1754 3882">
     <span class='ocr_line' id='line_1_67' title="bbox 179 3810 1754 3882; baseline 0.004 -21"><span class='ocrx_word' id='word_1_491' title='bbox 179 3811 592 3866; x_wconf 85' lang='lat' dir='ltr'><strong>conversatione</strong></span> <span class='ocrx_word' id='word_1_492' title='bbox 645 3810 927 3866; x_wconf 90' lang='lat' dir='ltr'><strong>custodiet.</strong></span> <span class='ocrx_word' id='word_1_493' title='bbox 998 3812 1330 3878; x_wconf 80' lang='lat' dir='ltr'><strong>Mirabiliter,</strong></span> <span class='ocrx_word' id='word_1_494' title='bbox 1393 3814 1513 3882; x_wconf 89' lang='lat' dir='ltr'><strong>quia</strong></span> <span class='ocrx_word' id='word_1_495' title='bbox 1569 3824 1754 3868; x_wconf 89' lang='lat' dir='ltr'><strong>contra</strong></span> 
     </span>
    </p>
   </div>
   <div class='ocr_carea' id='block_1_68' title="bbox 173 3900 1754 3971">
    <p class='ocr_par' dir='ltr' id='par_1_68' title="bbox 173 3900 1754 3971">
     <span class='ocr_line' id='line_1_68' title="bbox 173 3900 1754 3971; baseline 0.003 -17"><span class='ocrx_word' id='word_1_496' title='bbox 173 3900 360 3956; x_wconf 89' lang='lat' dir='ltr'><strong>mundi</strong></span> <span class='ocrx_word' id='word_1_497' title='bbox 389 3901 767 3971; x_wconf 88' lang='lat' dir='ltr'><strong>inopinabilem</strong></span> <span class='ocrx_word' id='word_1_498' title='bbox 795 3903 1234 3959; x_wconf 88' lang='lat' dir='ltr'><strong>consuetudinem</strong></span> <span class='ocrx_word' id='word_1_499' title='bbox 1268 3905 1422 3960; x_wconf 91' lang='lat' dir='ltr'><strong>tertio</strong></span> <span class='ocrx_word' id='word_1_500' title='bbox 1448 3904 1535 3959; x_wconf 92' lang='lat' dir='ltr'><strong>die</strong></span> <span class='ocrx_word' id='word_1_501' title='bbox 1571 3918 1754 3960; x_wconf 90' lang='lat' dir='ltr'><strong>resur-</strong></span> 
     </span>
    </p>
   </div>
   <div class='ocr_carea' id='block_1_69' title="bbox 172 3994 1754 4066">
    <p class='ocr_par' dir='ltr' id='par_1_69' title="bbox 172 3994 1754 4066">
     <span class='ocr_line' id='line_1_69' title="bbox 172 3994 1754 4066; baseline 0.003 -20"><span class='ocrx_word' id='word_1_502' title='bbox 172 4001 423 4048; x_wconf 87' lang='lat' dir='ltr'><strong>recturus</strong></span> <span class='ocrx_word' id='word_1_503' title='bbox 471 4003 586 4049; x_wconf 82' lang='lat' dir='ltr'><strong>erat</strong></span> <span class='ocrx_word' id='word_1_504' title='bbox 634 4009 663 4047; x_wconf 90' lang='lat' dir='ltr'><strong>a</strong></span> <span class='ocrx_word' id='word_1_505' title='bbox 711 3994 963 4060; x_wconf 90' lang='lat' dir='ltr'><strong>mortuis;</strong></span> <span class='ocrx_word' id='word_1_506' title='bbox 1018 3995 1157 4064; x_wconf 92' lang='lat' dir='ltr'><strong>quod</strong></span> <span class='ocrx_word' id='word_1_507' title='bbox 1211 3997 1523 4051; x_wconf 91' lang='lat' dir='ltr'><strong>miraculum</strong></span> <span class='ocrx_word' id='word_1_508' title='bbox 1574 4005 1754 4066; x_wconf 89' lang='lat' dir='ltr'><strong>partes</strong></span> 
     </span>
    </p>
   </div>
   <div class='ocr_carea' id='block_1_70' title="bbox 172 4083 1754 4156">
    <p class='ocr_par' dir='ltr' id='par_1_70' title="bbox 172 4083 1754 4156">
     <span class='ocr_line' id='line_1_70' title="bbox 172 4083 1754 4156; baseline 0.004 -20"><span class='ocrx_word' id='word_1_509' title='bbox 172 4084 338 4138; x_wconf 88' lang='lat' dir='ltr'><strong>totius</strong></span> <span class='ocrx_word' id='word_1_510' title='bbox 382 4083 528 4139; x_wconf 86' lang='lat' dir='ltr'><strong>orbis</strong></span> <span class='ocrx_word' id='word_1_511' title='bbox 571 4085 826 4156; x_wconf 87' lang='lat' dir='ltr'><strong>implevit.</strong></span> <span class='ocrx_word' id='word_1_512' title='bbox 872 4085 1096 4140; x_wconf 75' lang='lat' dir='ltr'><strong>Dextera</strong></span> <span class='ocrx_word' id='word_1_513' title='bbox 1146 4095 1233 4141; x_wconf 91' lang='lat' dir='ltr'><strong>tua</strong></span> <span class='ocrx_word' id='word_1_514' title='bbox 1279 4089 1564 4156; x_wconf 87' lang='lat' dir='ltr'><strong>potentiam</strong></span> <span class='ocrx_word' id='word_1_515' title='bbox 1595 4089 1754 4144; x_wconf 84' lang='lat' dir='ltr'><strong>Verbi</strong></span> 
     </span>
    </p>
   </div>
   <div class='ocr_carea' id='block_1_71' title="bbox 171 4177 1757 4251">
    <p class='ocr_par' dir='ltr' id='par_1_71' title="bbox 171 4177 1757 4251">
     <span class='ocr_line' id='line_1_71' title="bbox 171 4177 1757 4251; baseline 0.003 -19"><span class='ocrx_word' id='word_1_516' title='bbox 171 4177 460 4248; x_wconf 83' lang='lat' dir='ltr'><strong>signiﬁcat,</strong></span> <span class='ocrx_word' id='word_1_517' title='bbox 490 4193 591 4248; x_wconf 89' lang='lat' dir='ltr'><strong>qua</strong></span> <span class='ocrx_word' id='word_1_518' title='bbox 617 4179 865 4235; x_wconf 88' lang='lat' dir='ltr'><strong>universa</strong></span> <span class='ocrx_word' id='word_1_519' title='bbox 892 4189 1147 4250; x_wconf 88' lang='lat' dir='ltr'><strong>operatur</strong></span> <span class='ocrx_word' id='word_1_520' title='bbox 1175 4196 1290 4251; x_wconf 78' lang='lat' dir='ltr'><strong>quae</strong></span> <span class='ocrx_word' id='word_1_521' title='bbox 1319 4182 1431 4236; x_wconf 88' lang='lat' dir='ltr'><strong>vult</strong></span> <span class='ocrx_word' id='word_1_522' title='bbox 1459 4183 1511 4237; x_wconf 90' lang='lat' dir='ltr'><strong>in</strong></span> <span class='ocrx_word' id='word_1_523' title='bbox 1539 4183 1674 4237; x_wconf 90' lang='lat' dir='ltr'><strong>coelo</strong></span> <span class='ocrx_word' id='word_1_524' title='bbox 1705 4190 1757 4237; x_wconf 87' lang='lat' dir='ltr'><strong>et</strong></span> 
     </span>
    </p>
   </div>
   <div class='ocr_carea' id='block_1_72' title="bbox 171 4268 1758 4342">
    <p class='ocr_par' dir='ltr' id='par_1_72' title="bbox 171 4268 1758 4342">
     <span class='ocr_line' id='line_1_72' title="bbox 171 4268 1758 4342; baseline 0.002 -19"><span class='ocrx_word' id='word_1_525' title='bbox 171 4268 224 4324; x_wconf 91' lang='lat' dir='ltr'><strong>in</strong></span> <span class='ocrx_word' id='word_1_526' title='bbox 248 4279 418 4324; x_wconf 87' lang='lat' dir='ltr'><strong>terra.</strong></span> <span class='ocrx_word' id='word_1_527' title='bbox 449 4269 682 4324; x_wconf 84' lang='lat' dir='ltr'><strong>Audiant</strong></span> <span class='ocrx_word' id='word_1_528' title='bbox 712 4271 812 4326; x_wconf 93' lang='lat' dir='ltr'><strong>hoc</strong></span> <span class='ocrx_word' id='word_1_529' title='bbox 835 4271 1055 4326; x_wconf 88' lang='lat' dir='ltr'><strong>verbum</strong></span> <span class='ocrx_word' id='word_1_530' title='bbox 1087 4271 1414 4327; x_wconf 90' lang='lat' dir='ltr'><strong>detractores</strong></span> <span class='ocrx_word' id='word_1_531' title='bbox 1445 4271 1612 4342; x_wconf 90' lang='lat' dir='ltr'><strong>impii.</strong></span> <span class='ocrx_word' id='word_1_532' title='bbox 1643 4271 1758 4326; x_wconf 88' lang='lat' dir='ltr'><strong>Tua</strong></span> 
     </span>
    </p>
   </div>
   <div class='ocr_carea' id='block_1_73' title="bbox 171 4362 1754 4434">
    <p class='ocr_par' dir='ltr' id='par_1_73' title="bbox 171 4362 1754 4434">
     <span class='ocr_line' id='line_1_73' title="bbox 171 4362 1754 4434; baseline 0.004 -19"><span class='ocrx_word' id='word_1_533' title='bbox 171 4365 382 4419; x_wconf 71' lang='lat' dir='ltr'><strong>dextera</strong></span> <span class='ocrx_word' id='word_1_534' title='bbox 407 4362 558 4429; x_wconf 88' lang='lat' dir='ltr'><strong>dicit,</strong></span> <span class='ocrx_word' id='word_1_535' title='bbox 589 4362 691 4419; x_wconf 91' lang='lat' dir='ltr'><strong>hoc</strong></span> <span class='ocrx_word' id='word_1_536' title='bbox 728 4374 810 4420; x_wconf 87' lang='lat' dir='ltr'><strong>est</strong></span> <span class='ocrx_word' id='word_1_537' title='bbox 853 4365 1079 4434; x_wconf 76' lang='lat' dir='ltr'><strong>pr0prize</strong></span> <span class='ocrx_word' id='word_1_538' title='bbox 1120 4365 1406 4420; x_wconf 89' lang='lat' dir='ltr'><strong>voluntatis</strong></span> <span class='ocrx_word' id='word_1_539' title='bbox 1453 4366 1754 4422; x_wconf 88' lang='lat' dir='ltr'><strong>instinctus.</strong></span> 
     </span>
    </p>
   </div>
   <div class='ocr_carea' id='block_1_74' title="bbox 170 4453 1757 4524">
    <p class='ocr_par' dir='ltr' id='par_1_74' title="bbox 170 4453 1757 4524">
     <span class='ocr_line' id='line_1_74' title="bbox 170 4453 1757 4524; baseline 0.003 -16"><span class='ocrx_word' id='word_1_540' title='bbox 170 4453 300 4509; x_wconf 79' lang='lat' dir='ltr'><strong>Nam</strong></span> <span class='ocrx_word' id='word_1_541' title='bbox 333 4455 379 4509; x_wconf 89' lang='lat' dir='ltr'><strong>si</strong></span> <span class='ocrx_word' id='word_1_542' title='bbox 406 4455 583 4508; x_wconf 88' lang='lat' dir='ltr'><strong>omnia</strong></span> <span class='ocrx_word' id='word_1_543' title='bbox 623 4469 716 4510; x_wconf 93' lang='lat' dir='ltr'><strong>sua</strong></span> <span class='ocrx_word' id='word_1_544' title='bbox 762 4464 1022 4524; x_wconf 89' lang='lat' dir='ltr'><strong>potestate</strong></span> <span class='ocrx_word' id='word_1_545' title='bbox 1068 4456 1209 4520; x_wconf 91' lang='lat' dir='ltr'><strong>facit,</strong></span> <span class='ocrx_word' id='word_1_546' title='bbox 1240 4456 1378 4510; x_wconf 91' lang='lat' dir='ltr'><strong>sicut</strong></span> <span class='ocrx_word' id='word_1_547' title='bbox 1417 4471 1540 4511; x_wconf 89' lang='lat' dir='ltr'><strong>eum</strong></span> <span class='ocrx_word' id='word_1_548' title='bbox 1582 4457 1757 4513; x_wconf 79' lang='lat' dir='ltr'><strong>facere</strong></span> 
     </span>
    </p>
   </div>
   <div class='ocr_carea' id='block_1_75' title="bbox 171 4546 1758 4619">
    <p class='ocr_par' dir='ltr' id='par_1_75' title="bbox 171 4546 1758 4619">
     <span class='ocr_line' id='line_1_75' title="bbox 171 4546 1758 4619; baseline 0.004 -19"><span class='ocrx_word' id='word_1_549' title='bbox 171 4546 519 4601; x_wconf 85' lang='lat' dir='ltr'><strong>manifestum</strong></span> <span class='ocrx_word' id='word_1_550' title='bbox 549 4555 652 4613; x_wconf 91' lang='lat' dir='ltr'><strong>est,</strong></span> <span class='ocrx_word' id='word_1_551' title='bbox 687 4547 1131 4617; x_wconf 86' lang='lat' dir='ltr'><strong>quemadmodum</strong></span> <span class='ocrx_word' id='word_1_552' title='bbox 1162 4558 1337 4617; x_wconf 91' lang='lat' dir='ltr'><strong>potest</strong></span> <span class='ocrx_word' id='word_1_553' title='bbox 1367 4549 1562 4604; x_wconf 90' lang='lat' dir='ltr'><strong>habere</strong></span> <span class='ocrx_word' id='word_1_554' title='bbox 1591 4551 1758 4619; x_wconf 88' lang='lat' dir='ltr'><strong>majo-</strong></span> 
     </span>
    </p>
   </div>
   <div class='ocr_carea' id='block_1_76' title="bbox 170 4641 1759 4712">
    <p class='ocr_par' dir='ltr' id='par_1_76' title="bbox 170 4641 1759 4712">
     <span class='ocr_line' id='line_1_76' title="bbox 170 4641 1759 4712; baseline 0.001 -15"><span class='ocrx_word' id='word_1_555' title='bbox 170 4644 320 4698; x_wconf 90' lang='lat' dir='ltr'><strong>rem?</strong></span> <span class='ocrx_word' id='word_1_556' title='bbox 348 4641 452 4700; x_wconf 87' lang='lat' dir='ltr'><strong>Sed</strong></span> <span class='ocrx_word' id='word_1_557' title='bbox 482 4655 665 4698; x_wconf 91' lang='lat' dir='ltr'><strong>contra</strong></span> <span class='ocrx_word' id='word_1_558' title='bbox 699 4643 838 4698; x_wconf 89' lang='lat' dir='ltr'><strong>hunc</strong></span> <span class='ocrx_word' id='word_1_559' title='bbox 868 4643 1108 4697; x_wconf 90' lang='lat' dir='ltr'><strong>morbum</strong></span> <span class='ocrx_word' id='word_1_560' title='bbox 1139 4643 1227 4696; x_wconf 92' lang='lat' dir='ltr'><strong>illa</strong></span> <span class='ocrx_word' id='word_1_561' title='bbox 1258 4643 1400 4712; x_wconf 92' lang='lat' dir='ltr'><strong>potio</strong></span> <span class='ocrx_word' id='word_1_562' title='bbox 1431 4643 1590 4704; x_wconf 85' lang='lat' dir='ltr'><strong>debet</strong></span> <span class='ocrx_word' id='word_1_563' title='bbox 1619 4644 1759 4699; x_wconf 88' lang='lat' dir='ltr'><strong>insa-</strong></span> 
     </span>
    </p>
   </div>
   <div class='ocr_carea' id='block_1_77' title="bbox 171 4735 907 4791">
    <p class='ocr_par' dir='ltr' id='par_1_77' title="bbox 171 4735 907 4791">
     <span class='ocr_line' id='line_1_77' title="bbox 171 4735 907 4791; baseline -0.003 -1"><span class='ocrx_word' id='word_1_564' title='bbox 171 4736 251 4790; x_wconf 86' lang='lat' dir='ltr'><strong>nis</strong></span> <span class='ocrx_word' id='word_1_565' title='bbox 295 4736 567 4790; x_wconf 90' lang='lat' dir='ltr'><strong>mentibus</strong></span> <span class='ocrx_word' id='word_1_566' title='bbox 611 4735 851 4791; x_wconf 89' lang='lat' dir='ltr'><strong>adhiberi</strong></span> <span class='ocrx_word' id='word_1_567' title='bbox 895 4754 907 4788; x_wconf 92' lang='lat'>:</span> 
     </span>
    </p>
   </div>
   <div class='ocr_carea' id='block_1_78' title="bbox 170 4827 1754 4899">
    <p class='ocr_par' dir='ltr' id='par_1_78' title="bbox 170 4827 1754 4899">
     <span class='ocr_line' id='line_1_78' title="bbox 170 4827 1754 4899; baseline 0 -16"><span class='ocrx_word' id='word_1_568' title='bbox 170 4831 346 4884; x_wconf 87' lang='lat' dir='ltr'><strong>omnia</strong></span> <span class='ocrx_word' id='word_1_569' title='bbox 371 4847 481 4884; x_wconf 90' lang='lat' dir='ltr'><strong>mea</strong></span> <span class='ocrx_word' id='word_1_570' title='bbox 511 4828 684 4884; x_wconf 90' lang='lat' dir='ltr'><strong>Patris</strong></span> <span class='ocrx_word' id='word_1_571' title='bbox 717 4838 833 4883; x_wconf 87' lang='lat' dir='ltr'><strong>sunt</strong></span> <span class='ocrx_word' id='word_1_572' title='bbox 870 4827 1048 4899; x_wconf 83' lang='lat' dir='ltr'><strong>(Joan.</strong></span> <span class='ocrx_word' id='word_1_573' title='bbox 1095 4843 1221 4895; x_wconf 80' lang='lat' dir='ltr'><strong>xvii,</strong></span> <span class='ocrx_word' id='word_1_574' title='bbox 1257 4828 1368 4897; x_wconf 82' lang='grc'><strong>10).</strong></span> <span class='ocrx_word' id='word_1_575' title='bbox 1396 4829 1582 4882; x_wconf 85' lang='lat' dir='ltr'><strong>Omnia</strong></span> <span class='ocrx_word' id='word_1_576' title='bbox 1615 4829 1754 4883; x_wconf 90' lang='lat' dir='ltr'><strong>enim</strong></span> 
     </span>
    </p>
   </div>
   <div class='ocr_carea' id='block_1_79' title="bbox 174 4917 1756 4991">
    <p class='ocr_par' dir='ltr' id='par_1_79' title="bbox 174 4917 1756 4991">
     <span class='ocr_line' id='line_1_79' title="bbox 174 4917 1756 4991; baseline 0.001 -17"><span class='ocrx_word' id='word_1_577' title='bbox 174 4920 349 4976; x_wconf 86' lang='lat' dir='ltr'><strong>Patris</strong></span> <span class='ocrx_word' id='word_1_578' title='bbox 392 4936 499 4976; x_wconf 92' lang='lat' dir='ltr'><strong>non</strong></span> <span class='ocrx_word' id='word_1_579' title='bbox 545 4920 784 4990; x_wconf 81' lang='lat' dir='ltr'><strong>haberet,</strong></span> <span class='ocrx_word' id='word_1_580' title='bbox 829 4919 931 4976; x_wconf 92' lang='lat' dir='ltr'><strong>nisi</strong></span> <span class='ocrx_word' id='word_1_581' title='bbox 979 4928 1120 4975; x_wconf 91' lang='lat' dir='ltr'><strong>esset</strong></span> <span class='ocrx_word' id='word_1_582' title='bbox 1163 4919 1383 4990; x_wconf 77' lang='lat' dir='ltr'><strong>aequalis</strong></span> <span class='ocrx_word' id='word_1_583' title='bbox 1411 4917 1756 4991; x_wconf 90' lang='lat' dir='ltr'><strong>ejusdemque</strong></span> 
     </span>
    </p>
   </div>
   <div class='ocr_carea' id='block_1_80' title="bbox 172 5026 403 5071">
    <p class='ocr_par' dir='ltr' id='par_1_80' title="bbox 172 5026 403 5071">
     <span class='ocr_line' id='line_1_80' title="bbox 172 5026 403 5071; baseline -0.004 0"><span class='ocrx_word' id='word_1_584' title='bbox 172 5026 403 5071; x_wconf 63' lang='lat' dir='ltr'><strong>naturaa.</strong></span> 
     </span>
    </p>
   </div>
   <div class='ocr_carea' id='block_1_81' title="bbox 241 5104 1755 5178">
    <p class='ocr_par' dir='ltr' id='par_1_81' title="bbox 241 5104 1755 5178">
     <span class='ocr_line' id='line_1_81' title="bbox 241 5104 1755 5178; baseline -0.005 -15"><span class='ocrx_word' id='word_1_585' title='bbox 241 5107 400 5164; x_wconf 78' lang='lat' dir='ltr'><strong>Vers.</strong></span> <span class='ocrx_word' id='word_1_586' title='bbox 446 5107 498 5161; x_wconf 89' lang='lat'><strong>6.</strong></span> <span class='ocrx_word' id='word_1_587' title='bbox 545 5107 762 5178; x_wconf 79' lang='lat' dir='ltr'><strong>Sagitta:</strong></span> <span class='ocrx_word' id='word_1_588' title='bbox 803 5115 904 5160; x_wconf 71' lang='lat' dir='ltr'><strong>tua:</strong></span> <span class='ocrx_word' id='word_1_589' title='bbox 948 5113 1111 5160; x_wconf 81' lang='lat' dir='ltr'><strong>acuta:</strong></span> <span class='ocrx_word' id='word_1_590' title='bbox 1150 5105 1550 5177; x_wconf 69' lang='lat' dir='ltr'><strong>potentissima:</strong></span> <span class='ocrx_word' id='word_1_591' title='bbox 1579 5104 1755 5174; x_wconf 88' lang='lat' dir='ltr'><strong>populi</strong></span> 
     </span>
    </p>
   </div>
   <div class='ocr_carea' id='block_1_82' title="bbox 167 5196 1759 5270">
    <p class='ocr_par' dir='ltr' id='par_1_82' title="bbox 167 5196 1759 5270">
     <span class='ocr_line' id='line_1_82' title="bbox 167 5196 1759 5270; baseline -0.002 -18"><span class='ocrx_word' id='word_1_592' title='bbox 167 5198 258 5252; x_wconf 81' lang='lat' dir='ltr'><strong>sub</strong></span> <span class='ocrx_word' id='word_1_593' title='bbox 287 5208 340 5252; x_wconf 87' lang='lat' dir='ltr'><strong>te</strong></span> <span class='ocrx_word' id='word_1_594' title='bbox 370 5199 553 5252; x_wconf 81' lang='lat' dir='ltr'><strong>cadent</strong></span> <span class='ocrx_word' id='word_1_595' title='bbox 583 5200 634 5252; x_wconf 84' lang='lat' dir='ltr'><strong>in</strong></span> <span class='ocrx_word' id='word_1_596' title='bbox 665 5198 818 5252; x_wconf 87' lang='lat' dir='ltr'><strong>corde</strong></span> <span class='ocrx_word' id='word_1_597' title='bbox 843 5198 1164 5251; x_wconf 85' lang='lat' dir='ltr'><strong>inimicorum</strong></span> <span class='ocrx_word' id='word_1_598' title='bbox 1197 5198 1368 5270; x_wconf 84' lang='lat' dir='ltr'><strong>Regis.</strong></span> <span class='ocrx_word' id='word_1_599' title='bbox 1401 5196 1615 5267; x_wconf 67' lang='lat' dir='ltr'><strong>Sagittae</strong></span> <span class='ocrx_word' id='word_1_600' title='bbox 1636 5214 1759 5250; x_wconf 88' lang='lat' dir='ltr'><strong>acu-</strong></span> 
     </span>
    </p>
   </div>
   <div class='ocr_carea' id='block_1_83' title="bbox 171 5290 1756 5353">
    <p class='ocr_par' dir='ltr' id='par_1_83' title="bbox 171 5290 1756 5353">
     <span class='ocr_line' id='line_1_83' title="bbox 171 5290 1756 5353; baseline -0.001 -9"><span class='ocrx_word' id='word_1_601' title='bbox 171 5299 234 5346; x_wconf 71' lang='lat' dir='ltr'><strong>tae</strong></span> <span class='ocrx_word' id='word_1_602' title='bbox 274 5303 403 5347; x_wconf 91' lang='lat' dir='ltr'><strong>sunt</strong></span> <span class='ocrx_word' id='word_1_603' title='bbox 448 5293 610 5348; x_wconf 87' lang='lat' dir='ltr'><strong>verba</strong></span> <span class='ocrx_word' id='word_1_604' title='bbox 657 5290 867 5345; x_wconf 91' lang='lat' dir='ltr'><strong>Domini</strong></span> <span class='ocrx_word' id='word_1_605' title='bbox 915 5290 1228 5353; x_wconf 89' lang='lat' dir='ltr'><strong>Salvatoris,</strong></span> <span class='ocrx_word' id='word_1_606' title='bbox 1275 5290 1546 5344; x_wconf 91' lang='lat' dir='ltr'><strong>hominum</strong></span> <span class='ocrx_word' id='word_1_607' title='bbox 1595 5290 1756 5344; x_wconf 87' lang='lat' dir='ltr'><strong>corda</strong></span> 
     </span>
    </p>
   </div>
   <div class='ocr_carea' id='block_1_84' title="bbox 170 5380 1754 5452">
    <p class='ocr_par' dir='ltr' id='par_1_84' title="bbox 170 5380 1754 5452">
     <span class='ocr_line' id='line_1_84' title="bbox 170 5380 1754 5452; baseline -0.001 -15"><span class='ocrx_word' id='word_1_608' title='bbox 170 5383 479 5438; x_wconf 82' lang='lat' dir='ltr'><strong>salutariter</strong></span> <span class='ocrx_word' id='word_1_609' title='bbox 506 5382 812 5452; x_wconf 90' lang='lat' dir='ltr'><strong>inﬁgentia;</strong></span> <span class='ocrx_word' id='word_1_610' title='bbox 839 5398 956 5452; x_wconf 77' lang='lat' dir='ltr'><strong>qua:</strong></span> <span class='ocrx_word' id='word_1_611' title='bbox 987 5382 1106 5436; x_wconf 90' lang='lat' dir='ltr'><strong>ideo</strong></span> <span class='ocrx_word' id='word_1_612' title='bbox 1138 5380 1417 5434; x_wconf 88' lang='lat' dir='ltr'><strong>vulnerant</strong></span> <span class='ocrx_word' id='word_1_613' title='bbox 1449 5390 1506 5434; x_wconf 91' lang='lat' dir='ltr'><strong>ut</strong></span> <span class='ocrx_word' id='word_1_614' title='bbox 1546 5389 1754 5449; x_wconf 90' lang='lat' dir='ltr'><strong>sanent,</strong></span> 
     </span>
    </p>
   </div>
   <div class='ocr_carea' id='block_1_85' title="bbox 171 5472 1758 5544">
    <p class='ocr_par' dir='ltr' id='par_1_85' title="bbox 171 5472 1758 5544">
     <span class='ocr_line' id='line_1_85' title="bbox 171 5472 1758 5544; baseline -0.001 -16"><span class='ocrx_word' id='word_1_615' title='bbox 171 5475 292 5529; x_wconf 89' lang='lat' dir='ltr'><strong>ideo</strong></span> <span class='ocrx_word' id='word_1_616' title='bbox 324 5476 627 5544; x_wconf 89' lang='lat' dir='ltr'><strong>percutiunt</strong></span> <span class='ocrx_word' id='word_1_617' title='bbox 666 5484 727 5529; x_wconf 92' lang='lat' dir='ltr'><strong>ut</strong></span> <span class='ocrx_word' id='word_1_618' title='bbox 766 5475 1014 5542; x_wconf 90' lang='lat' dir='ltr'><strong>liberent,</strong></span> <span class='ocrx_word' id='word_1_619' title='bbox 1047 5472 1167 5527; x_wconf 88' lang='lat' dir='ltr'><strong>ideo</strong></span> <span class='ocrx_word' id='word_1_620' title='bbox 1198 5480 1623 5541; x_wconf 26' lang='lat' dir='ltr'><strong>prosternuntuut</strong></span> <span class='ocrx_word' id='word_1_621' title='bbox 1648 5472 1758 5527; x_wconf 85' lang='lat' dir='ltr'><strong>eri-</strong></span> 
     </span>
    </p>
   </div>
   <div class='ocr_carea' id='block_1_86' title="bbox 169 5564 1759 5634">
    <p class='ocr_par' dir='ltr' id='par_1_86' title="bbox 169 5564 1759 5634">
     <span class='ocr_line' id='line_1_86' title="bbox 169 5564 1759 5634; baseline 0 -16"><span class='ocrx_word' id='word_1_622' title='bbox 169 5576 319 5634; x_wconf 87' lang='lat' dir='ltr'><strong>gant.</strong></span> <span class='ocrx_word' id='word_1_623' title='bbox 352 5566 456 5622; x_wconf 90' lang='lat' dir='ltr'><strong>Sed</strong></span> <span class='ocrx_word' id='word_1_624' title='bbox 486 5567 762 5622; x_wconf 87' lang='lat' dir='ltr'><strong>videamus</strong></span> <span class='ocrx_word' id='word_1_625' title='bbox 791 5566 889 5620; x_wconf 87' lang='lat' dir='ltr'><strong>hoc</strong></span> <span class='ocrx_word' id='word_1_626' title='bbox 930 5567 1092 5621; x_wconf 89' lang='lat' dir='ltr'><strong>telum</strong></span> <span class='ocrx_word' id='word_1_627' title='bbox 1122 5565 1286 5619; x_wconf 87' lang='lat' dir='ltr'><strong>verbo</strong></span> <span class='ocrx_word' id='word_1_628' title='bbox 1313 5564 1403 5619; x_wconf 93' lang='lat' dir='ltr'><strong>Dei</strong></span> <span class='ocrx_word' id='word_1_629' title='bbox 1438 5580 1539 5634; x_wconf 87' lang='lat' dir='ltr'><strong>qua</strong></span> <span class='ocrx_word' id='word_1_630' title='bbox 1572 5564 1759 5618; x_wconf 88' lang='lat' dir='ltr'><strong>simili-</strong></span> 
     </span>
    </p>
   </div>
   <div class='ocr_carea' id='block_1_87' title="bbox 171 5657 1761 5730">
    <p class='ocr_par' dir='ltr' id='par_1_87' title="bbox 171 5657 1761 5730">
     <span class='ocr_line' id='line_1_87' title="bbox 171 5657 1761 5730; baseline 0 -17"><span class='ocrx_word' id='word_1_631' title='bbox 171 5659 359 5714; x_wconf 90' lang='lat' dir='ltr'><strong>tudine</strong></span> <span class='ocrx_word' id='word_1_632' title='bbox 385 5668 745 5730; x_wconf 88' lang='lat' dir='ltr'><strong>comparetur.</strong></span> <span class='ocrx_word' id='word_1_633' title='bbox 795 5660 1009 5730; x_wconf 82' lang='lat' dir='ltr'><strong>Sagitta:</strong></span> <span class='ocrx_word' id='word_1_634' title='bbox 1053 5669 1132 5714; x_wconf 90' lang='lat' dir='ltr'><strong>est</strong></span> <span class='ocrx_word' id='word_1_635' title='bbox 1170 5661 1366 5730; x_wconf 90' lang='lat' dir='ltr'><strong>lignum</strong></span> <span class='ocrx_word' id='word_1_636' title='bbox 1411 5657 1551 5713; x_wconf 92' lang='lat' dir='ltr'><strong>ferro</strong></span> <span class='ocrx_word' id='word_1_637' title='bbox 1587 5673 1761 5713; x_wconf 85' lang='lat' dir='ltr'><strong>arma-</strong></span> 
     </span>
    </p>
   </div>
   <div class='ocr_carea' id='block_1_88' title="bbox 171 5750 1762 5824">
    <p class='ocr_par' dir='ltr' id='par_1_88' title="bbox 171 5750 1762 5824">
     <span class='ocr_line' id='line_1_88' title="bbox 171 5750 1762 5824; baseline 0.001 -20"><span class='ocrx_word' id='word_1_638' title='bbox 171 5759 308 5819; x_wconf 91' lang='lat' dir='ltr'><strong>tum,</strong></span> <span class='ocrx_word' id='word_1_639' title='bbox 354 5752 505 5821; x_wconf 90' lang='lat' dir='ltr'><strong>cujus</strong></span> <span class='ocrx_word' id='word_1_640' title='bbox 554 5752 724 5824; x_wconf 87' lang='lat' dir='ltr'><strong>prima</strong></span> <span class='ocrx_word' id='word_1_641' title='bbox 765 5762 992 5822; x_wconf 90' lang='lat' dir='ltr'><strong>pennata</strong></span> <span class='ocrx_word' id='word_1_642' title='bbox 1035 5761 1191 5818; x_wconf 90' lang='lat' dir='ltr'><strong>sunt;</strong></span> <span class='ocrx_word' id='word_1_643' title='bbox 1221 5753 1296 5807; x_wconf 93' lang='lat' dir='ltr'><strong>sic</strong></span> <span class='ocrx_word' id='word_1_644' title='bbox 1322 5751 1541 5806; x_wconf 90' lang='lat' dir='ltr'><strong>verbum</strong></span> <span class='ocrx_word' id='word_1_645' title='bbox 1574 5750 1664 5804; x_wconf 91' lang='lat' dir='ltr'><strong>Dei</strong></span> <span class='ocrx_word' id='word_1_646' title='bbox 1697 5767 1762 5806; x_wconf 79' lang='lat' dir='ltr'><strong>ex</strong></span> 
     </span>
    </p>
   </div>
   <div class='ocr_carea' id='block_1_89' title="bbox 171 5841 1761 5915">
    <p class='ocr_par' dir='ltr' id='par_1_89' title="bbox 171 5841 1761 5915">
     <span class='ocr_line' id='line_1_89' title="bbox 171 5841 1761 5915; baseline 0.001 -18"><span class='ocrx_word' id='word_1_647' title='bbox 171 5843 320 5913; x_wconf 86' lang='lat' dir='ltr'><strong>ligno</strong></span> <span class='ocrx_word' id='word_1_648' title='bbox 376 5845 548 5900; x_wconf 90' lang='lat' dir='ltr'><strong>crucis</strong></span> <span class='ocrx_word' id='word_1_649' title='bbox 595 5845 902 5915; x_wconf 85' lang='lat' dir='ltr'><strong>egrediens,</strong></span> <span class='ocrx_word' id='word_1_650' title='bbox 950 5853 1004 5900; x_wconf 90' lang='lat' dir='ltr'><strong>et</strong></span> <span class='ocrx_word' id='word_1_651' title='bbox 1045 5844 1405 5900; x_wconf 85' lang='lat' dir='ltr'><strong>fortitudinem</strong></span> <span class='ocrx_word' id='word_1_652' title='bbox 1453 5841 1761 5912; x_wconf 89' lang='lat' dir='ltr'><strong>penetrandi</strong></span> 
     </span>
    </p>
   </div>
   <div class='ocr_carea' id='block_1_90' title="bbox 171 5935 1763 6012">
    <p class='ocr_par' dir='ltr' id='par_1_90' title="bbox 171 5935 1763 6012">
     <span class='ocr_line' id='line_1_90' title="bbox 171 5935 1763 6012; baseline 0.004 -24"><span class='ocrx_word' id='word_1_653' title='bbox 171 5935 365 6004; x_wconf 82' lang='lat' dir='ltr'><strong>habet,</strong></span> <span class='ocrx_word' id='word_1_654' title='bbox 385 5944 436 5993; x_wconf 91' lang='lat' dir='ltr'><strong>et</strong></span> <span class='ocrx_word' id='word_1_655' title='bbox 459 5937 792 5998; x_wconf 86' lang='lat' dir='ltr'><strong>velocitatem</strong></span> <span class='ocrx_word' id='word_1_656' title='bbox 814 5953 918 6011; x_wconf 92' lang='lat' dir='ltr'><strong>quo</strong></span> <span class='ocrx_word' id='word_1_657' title='bbox 947 5937 1173 5999; x_wconf 89' lang='lat' dir='ltr'><strong>voluerit</strong></span> <span class='ocrx_word' id='word_1_658' title='bbox 1196 5937 1563 6012; x_wconf 86' lang='lat' dir='ltr'><strong>perveniendi.</strong></span> <span class='ocrx_word' id='word_1_659' title='bbox 1587 5936 1763 6009; x_wconf 85' lang='lat' dir='ltr'><strong>Supra</strong></span> 
     </span>
    </p>
   </div>
   <div class='ocr_carea' id='block_1_91' title="bbox 1864 3441 3438 3519">
    <p class='ocr_par' dir='ltr' id='par_1_91' title="bbox 1864 3441 3438 3519">
     <span class='ocr_line' id='line_1_91' title="bbox 1864 3441 3438 3519; baseline -0.005 -13"><span class='ocrx_word' id='word_1_660' title='bbox 1864 3451 2061 3506; x_wconf 89' lang='lat' dir='ltr'><strong>raciter</strong></span> <span class='ocrx_word' id='word_1_661' title='bbox 2112 3448 2498 3519; x_wconf 89' lang='lat' dir='ltr'><strong>supplicantes.</strong></span> <span class='ocrx_word' id='word_1_662' title='bbox 2540 3444 2646 3503; x_wconf 85' lang='lat' dir='ltr'><strong>Sed</strong></span> <span class='ocrx_word' id='word_1_663' title='bbox 2692 3445 2805 3501; x_wconf 66' lang='lat' dir='ltr'><strong>haec</strong></span> <span class='ocrx_word' id='word_1_664' title='bbox 2836 3445 2978 3516; x_wconf 85' lang='lat' dir='ltr'><strong>virga</strong></span> <span class='ocrx_word' id='word_1_665' title='bbox 3015 3458 3117 3498; x_wconf 92' lang='lat' dir='ltr'><strong>non</strong></span> <span class='ocrx_word' id='word_1_666' title='bbox 3147 3443 3214 3499; x_wconf 90' lang='lat' dir='ltr'><strong>de</strong></span> <span class='ocrx_word' id='word_1_667' title='bbox 3239 3441 3438 3512; x_wconf 87' lang='lat' dir='ltr'><strong>cespite</strong></span> 
     </span>
    </p>
   </div>
   <div class='ocr_carea' id='block_1_92' title="bbox 1864 3533 3438 3616">
    <p class='ocr_par' dir='ltr' id='par_1_92' title="bbox 1864 3533 3438 3616">
     <span class='ocr_line' id='line_1_92' title="bbox 1864 3533 3438 3616; baseline -0.006 -18"><span class='ocrx_word' id='word_1_668' title='bbox 1864 3544 2017 3616; x_wconf 76' lang='lat'><strong>152</strong></span> <span class='ocrx_word' id='word_1_669' title='bbox 2045 3540 2251 3597; x_wconf 91' lang='lat' dir='ltr'><strong>arboris</strong></span> <span class='ocrx_word' id='word_1_670' title='bbox 2278 3538 2570 3610; x_wconf 90' lang='lat' dir='ltr'><strong>egreditur,</strong></span> <span class='ocrx_word' id='word_1_671' title='bbox 2593 3536 2688 3593; x_wconf 91' lang='lat' dir='ltr'><strong>sed</strong></span> <span class='ocrx_word' id='word_1_672' title='bbox 2717 3536 2783 3590; x_wconf 90' lang='lat' dir='ltr'><strong>ab</strong></span> <span class='ocrx_word' id='word_1_673' title='bbox 2810 3537 2975 3605; x_wconf 90' lang='lat' dir='ltr'><strong>ipsius</strong></span> <span class='ocrx_word' id='word_1_674' title='bbox 2998 3533 3218 3590; x_wconf 90' lang='lat' dir='ltr'><strong>Deitatis</strong></span> <span class='ocrx_word' id='word_1_675' title='bbox 3243 3533 3438 3589; x_wconf 88' lang='lat' dir='ltr'><strong>virtute</strong></span> 
     </span>
    </p>
   </div>
   <div class='ocr_carea' id='block_1_93' title="bbox 1859 3625 3437 3707">
    <p class='ocr_par' dir='ltr' id='par_1_93' title="bbox 1859 3625 3437 3707">
     <span class='ocr_line' id='line_1_93' title="bbox 1859 3625 3437 3707; baseline -0.009 -15"><span class='ocrx_word' id='word_1_676' title='bbox 1859 3634 2120 3707; x_wconf 90' lang='lat' dir='ltr'><strong>procedit.</strong></span> <span class='ocrx_word' id='word_1_677' title='bbox 2154 3631 2434 3689; x_wconf 86' lang='lat' dir='ltr'><strong>Fortitudo</strong></span> <span class='ocrx_word' id='word_1_678' title='bbox 2480 3629 2692 3693; x_wconf 88' lang='lat' dir='ltr'><strong>invicta,</strong></span> <span class='ocrx_word' id='word_1_679' title='bbox 2737 3628 2960 3698; x_wconf 69' lang='lat' dir='ltr'><strong>aequitas</strong></span> <span class='ocrx_word' id='word_1_680' title='bbox 3004 3626 3324 3691; x_wconf 89' lang='lat' dir='ltr'><strong>rectissima,</strong></span> <span class='ocrx_word' id='word_1_681' title='bbox 3356 3625 3437 3679; x_wconf 88' lang='lat' dir='ltr'><strong>in-</strong></span> 
     </span>
    </p>
   </div>
   <div class='ocr_carea' id='block_1_94' title="bbox 1858 3717 3435 3795">
    <p class='ocr_par' dir='ltr' id='par_1_94' title="bbox 1858 3717 3435 3795">
     <span class='ocr_line' id='line_1_94' title="bbox 1858 3717 3435 3795; baseline -0.008 -11"><span class='ocrx_word' id='word_1_682' title='bbox 1858 3727 2106 3784; x_wconf 85' lang='lat' dir='ltr'><strong>ﬂexibilis</strong></span> <span class='ocrx_word' id='word_1_683' title='bbox 2152 3725 2460 3795; x_wconf 90' lang='lat' dir='ltr'><strong>disciplina;</strong></span> <span class='ocrx_word' id='word_1_684' title='bbox 2489 3723 2556 3777; x_wconf 91' lang='lat' dir='ltr'><strong>de</strong></span> <span class='ocrx_word' id='word_1_685' title='bbox 2586 3736 2688 3792; x_wconf 89' lang='lat' dir='ltr'><strong>qua</strong></span> <span class='ocrx_word' id='word_1_686' title='bbox 2732 3720 2786 3776; x_wconf 90' lang='lat' dir='ltr'><strong>in</strong></span> <span class='ocrx_word' id='word_1_687' title='bbox 2834 3721 2941 3775; x_wconf 91' lang='lat' dir='ltr'><strong>alio</strong></span> <span class='ocrx_word' id='word_1_688' title='bbox 2977 3733 3187 3790; x_wconf 91' lang='lat' dir='ltr'><strong>quoque</strong></span> <span class='ocrx_word' id='word_1_689' title='bbox 3233 3717 3435 3788; x_wconf 89' lang='lat' dir='ltr'><strong>psalmo</strong></span> 
     </span>
    </p>
   </div>
   <div class='ocr_carea' id='block_1_95' title="bbox 1858 3809 3437 3886">
    <p class='ocr_par' dir='ltr' id='par_1_95' title="bbox 1858 3809 3437 3886">
     <span class='ocr_line' id='line_1_95' title="bbox 1858 3809 3437 3886; baseline -0.008 -10"><span class='ocrx_word' id='word_1_690' title='bbox 1858 3819 2142 3876; x_wconf 91' lang='lat' dir='ltr'><strong>dicendum</strong></span> <span class='ocrx_word' id='word_1_691' title='bbox 2180 3825 2300 3874; x_wconf 86' lang='lat' dir='ltr'><strong>est:</strong></span> <span class='ocrx_word' id='word_1_692' title='bbox 2336 3815 2549 3886; x_wconf 84' lang='lat' dir='ltr'><strong>Virgam</strong></span> <span class='ocrx_word' id='word_1_693' title='bbox 2582 3815 2781 3867; x_wconf 83' lang='lat' dir='ltr'><strong>virtutis</strong></span> <span class='ocrx_word' id='word_1_694' title='bbox 2819 3821 2919 3866; x_wconf 77' lang='lat' dir='ltr'><strong>tua:</strong></span> <span class='ocrx_word' id='word_1_695' title='bbox 2957 3812 3146 3866; x_wconf 88' lang='lat' dir='ltr'><strong>emittet</strong></span> <span class='ocrx_word' id='word_1_696' title='bbox 3187 3809 3437 3864; x_wconf 89' lang='lat' dir='ltr'><strong>Dominus</strong></span> 
     </span>
    </p>
   </div>
   <div class='ocr_carea' id='block_1_96' title="bbox 1859 3903 3513 3968">
    <p class='ocr_par' dir='ltr' id='par_1_96' title="bbox 1859 3903 3513 3968">
     <span class='ocr_line' id='line_1_96' title="bbox 1859 3903 3513 3968; baseline -0.01 0"><span class='ocrx_word' id='word_1_697' title='bbox 1859 3929 1920 3968; x_wconf 78' lang='lat' dir='ltr'><strong>ex</strong></span> <span class='ocrx_word' id='word_1_698' title='bbox 1960 3911 2090 3967; x_wconf 89' lang='lat' dir='ltr'><strong>Sion</strong></span> <span class='ocrx_word' id='word_1_699' title='bbox 2124 3926 2144 3965; x_wconf 89' lang='lat'><strong><em>:</em></strong></span> <span class='ocrx_word' id='word_1_700' title='bbox 2180 3908 2520 3964; x_wconf 81' lang='lat' dir='ltr'><strong>dominaberis</strong></span> <span class='ocrx_word' id='word_1_701' title='bbox 2563 3907 2618 3959; x_wconf 88' lang='lat' dir='ltr'><strong>in</strong></span> <span class='ocrx_word' id='word_1_702' title='bbox 2663 3904 2830 3958; x_wconf 87' lang='lat' dir='ltr'><strong>medio</strong></span> <span class='ocrx_word' id='word_1_703' title='bbox 2876 3903 3195 3957; x_wconf 87' lang='lat' dir='ltr'><strong>inimicorum</strong></span> <span class='ocrx_word' id='word_1_704' title='bbox 3235 3913 3437 3953; x_wconf 85' lang='lat' dir='ltr'><strong>tuorum</strong></span> <span class='ocrx_word' id='word_1_705' title='bbox 3507 3906 3513 3911; x_wconf 93' lang='lat'>&#39;</span> 
     </span>
    </p>
   </div>
   <div class='ocr_carea' id='block_1_97' title="bbox 1859 3991 3435 4074">
    <p class='ocr_par' dir='ltr' id='par_1_97' title="bbox 1859 3991 3435 4074">
     <span class='ocr_line' id='line_1_97' title="bbox 1859 3991 3435 4074; baseline -0.007 -17"><span class='ocrx_word' id='word_1_706' title='bbox 1859 4003 2032 4074; x_wconf 85' lang='lat' dir='ltr'><strong>(Psal.</strong></span> <span class='ocrx_word' id='word_1_707' title='bbox 2060 4018 2169 4066; x_wconf 74' lang='lat' dir='ltr'><strong>cnx,</strong></span> <span class='ocrx_word' id='word_1_708' title='bbox 2198 4002 2276 4071; x_wconf 76' lang='grc'><strong>2).</strong></span> <span class='ocrx_word' id='word_1_709' title='bbox 2309 3999 2457 4054; x_wconf 85' lang='lat' dir='ltr'><strong>Hanc</strong></span> <span class='ocrx_word' id='word_1_710' title='bbox 2496 3997 2638 4052; x_wconf 90' lang='lat' dir='ltr'><strong>enim</strong></span> <span class='ocrx_word' id='word_1_711' title='bbox 2669 3998 2861 4064; x_wconf 82' lang='lat' dir='ltr'><strong>virgam</strong></span> <span class='ocrx_word' id='word_1_712' title='bbox 2886 3994 3017 4064; x_wconf 85' lang='lat' dir='ltr'><strong>regii</strong></span> <span class='ocrx_word' id='word_1_713' title='bbox 3047 3991 3268 4048; x_wconf 90' lang='lat' dir='ltr'><strong>honoris</strong></span> <span class='ocrx_word' id='word_1_714' title='bbox 3303 3991 3435 4047; x_wconf 90' lang='lat' dir='ltr'><strong>insi-</strong></span> 
     </span>
    </p>
   </div>
   <div class='ocr_carea' id='block_1_98' title="bbox 1857 4083 3436 4163">
    <p class='ocr_par' dir='ltr' id='par_1_98' title="bbox 1857 4083 3436 4163">
     <span class='ocr_line' id='line_1_98' title="bbox 1857 4083 3436 4163; baseline -0.006 -15"><span class='ocrx_word' id='word_1_715' title='bbox 1857 4108 1980 4163; x_wconf 88' lang='lat' dir='ltr'><strong>gne,</strong></span> <span class='ocrx_word' id='word_1_716' title='bbox 2027 4100 2295 4160; x_wconf 90' lang='lat' dir='ltr'><strong>sceptrum</strong></span> <span class='ocrx_word' id='word_1_717' title='bbox 2336 4088 2545 4144; x_wconf 89' lang='lat' dir='ltr'><strong>dicebat</strong></span> <span class='ocrx_word' id='word_1_718' title='bbox 2587 4086 2896 4155; x_wconf 87' lang='lat' dir='ltr'><strong>antiquitas,</strong></span> <span class='ocrx_word' id='word_1_719' title='bbox 2942 4083 3227 4154; x_wconf 88' lang='lat' dir='ltr'><strong>designans</strong></span> <span class='ocrx_word' id='word_1_720' title='bbox 3271 4083 3326 4139; x_wconf 88' lang='lat' dir='ltr'><strong>in</strong></span> <span class='ocrx_word' id='word_1_721' title='bbox 3373 4097 3436 4139; x_wconf 85' lang='lat' dir='ltr'><strong>ea</strong></span> 
     </span>
    </p>
   </div>
   <div class='ocr_carea' id='block_1_99' title="bbox 1859 4178 3046 4250">
    <p class='ocr_par' dir='ltr' id='par_1_99' title="bbox 1859 4178 3046 4250">
     <span class='ocr_line' id='line_1_99' title="bbox 1859 4178 3046 4250; baseline -0.009 -10"><span class='ocrx_word' id='word_1_722' title='bbox 1859 4185 2112 4240; x_wconf 90' lang='lat' dir='ltr'><strong>virtutum</strong></span> <span class='ocrx_word' id='word_1_723' title='bbox 2146 4181 2343 4250; x_wconf 84' lang='lat' dir='ltr'><strong>Regem</strong></span> <span class='ocrx_word' id='word_1_724' title='bbox 2374 4179 2658 4234; x_wconf 90' lang='lat' dir='ltr'><strong>Dominum</strong></span> <span class='ocrx_word' id='word_1_725' title='bbox 2690 4178 3046 4232; x_wconf 86' lang='lat' dir='ltr'><strong>Salvatorem.</strong></span> 
     </span>
    </p>
   </div>
   <div class='ocr_carea' id='block_1_100' title="bbox 1929 4267 3433 4341">
    <p class='ocr_par' dir='ltr' id='par_1_100' title="bbox 1929 4267 3433 4341">
     <span class='ocr_line' id='line_1_100' title="bbox 1929 4267 3433 4341; baseline -0.007 -8"><span class='ocrx_word' id='word_1_726' title='bbox 1929 4278 2082 4334; x_wconf 67' lang='grc' dir='ltr'><strong>νει-ε.</strong></span> <span class='ocrx_word' id='word_1_727' title='bbox 2118 4276 2170 4330; x_wconf 91' lang='lat'><strong>8.</strong></span> <span class='ocrx_word' id='word_1_728' title='bbox 2201 4273 2439 4329; x_wconf 74' lang='lat' dir='ltr'><strong>Dilexisti</strong></span> <span class='ocrx_word' id='word_1_729' title='bbox 2475 4271 2754 4341; x_wconf 85' lang='lat' dir='ltr'><strong>justitiam,</strong></span> <span class='ocrx_word' id='word_1_730' title='bbox 2792 4280 2840 4325; x_wconf 91' lang='lat' dir='ltr'><strong>et</strong></span> <span class='ocrx_word' id='word_1_731' title='bbox 2880 4269 3034 4324; x_wconf 89' lang='lat' dir='ltr'><strong>odisti</strong></span> <span class='ocrx_word' id='word_1_732' title='bbox 3071 4267 3381 4338; x_wconf 85' lang='lat' dir='ltr'><strong>iniquitatem</strong></span> <span class='ocrx_word' id='word_1_733' title='bbox 3415 4282 3433 4323; x_wconf 87' lang='lat'><em>:</em></span> 
     </span>
    </p>
   </div>
   <div class='ocr_carea' id='block_1_101' title="bbox 1861 4361 3432 4444">
    <p class='ocr_par' dir='ltr' id='par_1_101' title="bbox 1861 4361 3432 4444">
     <span class='ocr_line' id='line_1_101' title="bbox 1861 4361 3432 4444; baseline -0.008 -18"><span class='ocrx_word' id='word_1_734' title='bbox 1861 4381 2130 4444; x_wconf 86' lang='lat' dir='ltr'><strong>propterea</strong></span> <span class='ocrx_word' id='word_1_735' title='bbox 2150 4368 2296 4423; x_wconf 75' lang='lat' dir='ltr'><strong>unxit</strong></span> <span class='ocrx_word' id='word_1_736' title='bbox 2316 4378 2362 4421; x_wconf 90' lang='lat' dir='ltr'><strong>te</strong></span> <span class='ocrx_word' id='word_1_737' title='bbox 2382 4365 2520 4421; x_wconf 87' lang='lat' dir='ltr'><strong>Deus</strong></span> <span class='ocrx_word' id='word_1_738' title='bbox 2542 4363 2680 4419; x_wconf 86' lang='lat' dir='ltr'><strong>Deus</strong></span> <span class='ocrx_word' id='word_1_739' title='bbox 2704 4375 2837 4419; x_wconf 85' lang='lat' dir='ltr'><strong>tuus.</strong></span> <span class='ocrx_word' id='word_1_740' title='bbox 2863 4364 2980 4434; x_wconf 87' lang='lat' dir='ltr'><strong>Ipsa</strong></span> <span class='ocrx_word' id='word_1_741' title='bbox 2997 4371 3080 4419; x_wconf 91' lang='lat' dir='ltr'><strong>est</strong></span> <span class='ocrx_word' id='word_1_742' title='bbox 3100 4361 3245 4432; x_wconf 90' lang='lat' dir='ltr'><strong>virga</strong></span> <span class='ocrx_word' id='word_1_743' title='bbox 3267 4369 3432 4427; x_wconf 90' lang='lat' dir='ltr'><strong>recta,</strong></span> 
     </span>
    </p>
   </div>
   <div class='ocr_carea' id='block_1_102' title="bbox 1859 4452 3433 4530">
    <p class='ocr_par' dir='ltr' id='par_1_102' title="bbox 1859 4452 3433 4530">
     <span class='ocr_line' id='line_1_102' title="bbox 1859 4452 3433 4530; baseline -0.009 -12"><span class='ocrx_word' id='word_1_744' title='bbox 1859 4476 2040 4518; x_wconf 88' lang='lat' dir='ltr'><strong>amare</strong></span> <span class='ocrx_word' id='word_1_745' title='bbox 2078 4461 2380 4530; x_wconf 77' lang='lat' dir='ltr'><strong>aequitatem</strong></span> <span class='ocrx_word' id='word_1_746' title='bbox 2426 4465 2480 4512; x_wconf 89' lang='lat' dir='ltr'><strong>et</strong></span> <span class='ocrx_word' id='word_1_747' title='bbox 2521 4455 2700 4512; x_wconf 88' lang='lat' dir='ltr'><strong>odisse</strong></span> <span class='ocrx_word' id='word_1_748' title='bbox 2739 4455 3050 4526; x_wconf 90' lang='lat' dir='ltr'><strong>nequitiam.</strong></span> <span class='ocrx_word' id='word_1_749' title='bbox 3096 4453 3262 4510; x_wconf 82' lang='lat' dir='ltr'><strong>Nemo</strong></span> <span class='ocrx_word' id='word_1_750' title='bbox 3291 4452 3433 4506; x_wconf 91' lang='lat' dir='ltr'><strong>enim</strong></span> 
     </span>
    </p>
   </div>
   <div class='ocr_carea' id='block_1_103' title="bbox 1860 4541 3435 4624">
    <p class='ocr_par' dir='ltr' id='par_1_103' title="bbox 1860 4541 3435 4624">
     <span class='ocr_line' id='line_1_103' title="bbox 1860 4541 3435 4624; baseline -0.01 -14"><span class='ocrx_word' id='word_1_751' title='bbox 1860 4553 2095 4624; x_wconf 77' lang='lat' dir='ltr'><strong>perfecte</strong></span> <span class='ocrx_word' id='word_1_752' title='bbox 2125 4551 2292 4624; x_wconf 85' lang='lat' dir='ltr'><strong>diligit</strong></span> <span class='ocrx_word' id='word_1_753' title='bbox 2322 4548 2601 4620; x_wconf 88' lang='lat' dir='ltr'><strong>justitiam,</strong></span> <span class='ocrx_word' id='word_1_754' title='bbox 2644 4547 2747 4602; x_wconf 89' lang='lat' dir='ltr'><strong>nisi</strong></span> <span class='ocrx_word' id='word_1_755' title='bbox 2793 4547 2883 4616; x_wconf 91' lang='lat' dir='ltr'><strong>qui</strong></span> <span class='ocrx_word' id='word_1_756' title='bbox 2919 4554 2974 4601; x_wconf 91' lang='lat' dir='ltr'><strong>et</strong></span> <span class='ocrx_word' id='word_1_757' title='bbox 3001 4553 3149 4599; x_wconf 91' lang='lat' dir='ltr'><strong>actus</strong></span> <span class='ocrx_word' id='word_1_758' title='bbox 3174 4541 3435 4612; x_wconf 89' lang='lat' dir='ltr'><strong>pessimos</strong></span> 
     </span>
    </p>
   </div>
   <div class='ocr_carea' id='block_1_104' title="bbox 1862 4632 3432 4711">
    <p class='ocr_par' dir='ltr' id='par_1_104' title="bbox 1862 4632 3432 4711">
     <span class='ocr_line' id='line_1_104' title="bbox 1862 4632 3432 4711; baseline -0.01 -10"><span class='ocrx_word' id='word_1_759' title='bbox 1862 4651 2200 4709; x_wconf 80' lang='lat' dir='ltr'><strong>exsecratur,</strong></span> <span class='ocrx_word' id='word_1_760' title='bbox 2251 4639 2503 4711; x_wconf 89' lang='lat' dir='ltr'><strong>quoniam</strong></span> <span class='ocrx_word' id='word_1_761' title='bbox 2561 4638 2791 4694; x_wconf 89' lang='lat' dir='ltr'><strong>diversis</strong></span> <span class='ocrx_word' id='word_1_762' title='bbox 2845 4634 3189 4706; x_wconf 90' lang='lat' dir='ltr'><strong>qualitatibus</strong></span> <span class='ocrx_word' id='word_1_763' title='bbox 3245 4632 3432 4688; x_wconf 91' lang='lat' dir='ltr'><strong>eodem</strong></span> 
     </span>
    </p>
   </div>
   <div class='ocr_carea' id='block_1_105' title="bbox 956 4727 3437 4808">
    <p class='ocr_par' dir='ltr' id='par_1_105' title="bbox 956 4727 3437 4808">
     <span class='ocr_line' id='line_1_105' title="bbox 956 4727 3437 4808; baseline -0.004 -21"><span class='ocrx_word' id='word_1_764' title='bbox 956 4735 1141 4788; x_wconf 84' lang='lat' dir='ltr'><strong>Omnia</strong></span> <span class='ocrx_word' id='word_1_765' title='bbox 1186 4735 1360 4788; x_wconf 87' lang='lat' dir='ltr'><strong>Patris</strong></span> <span class='ocrx_word' id='word_1_766' title='bbox 1391 4753 1500 4790; x_wconf 88' lang='lat' dir='ltr'><strong>mea</strong></span> <span class='ocrx_word' id='word_1_767' title='bbox 1529 4746 1666 4804; x_wconf 83' lang='lat' dir='ltr'><strong>sunt,</strong></span> <span class='ocrx_word' id='word_1_768' title='bbox 1707 4747 1753 4790; x_wconf 89' lang='lat' dir='ltr'><strong>et</strong></span> <span class='ocrx_word' id='word_1_769' title='bbox 1784 4749 1840 4808; x_wconf 77' lang='grc' dir='ltr'><strong><em>Β</em></strong></span> <span class='ocrx_word' id='word_1_770' title='bbox 1863 4747 2100 4806; x_wconf 89' lang='lat' dir='ltr'><strong>tempore</strong></span> <span class='ocrx_word' id='word_1_771' title='bbox 2126 4751 2233 4791; x_wconf 89' lang='lat' dir='ltr'><strong>non</strong></span> <span class='ocrx_word' id='word_1_772' title='bbox 2264 4743 2347 4790; x_wconf 91' lang='lat' dir='ltr'><strong>est</strong></span> <span class='ocrx_word' id='word_1_773' title='bbox 2375 4732 2428 4786; x_wconf 89' lang='lat' dir='ltr'><strong>in</strong></span> <span class='ocrx_word' id='word_1_774' title='bbox 2460 4746 2565 4787; x_wconf 92' lang='lat' dir='ltr'><strong>uno</strong></span> <span class='ocrx_word' id='word_1_775' title='bbox 2602 4731 2771 4796; x_wconf 89' lang='lat' dir='ltr'><strong>locus,</strong></span> <span class='ocrx_word' id='word_1_776' title='bbox 2813 4743 2910 4783; x_wconf 93' lang='lat' dir='ltr'><strong>nec</strong></span> <span class='ocrx_word' id='word_1_777' title='bbox 2947 4734 3122 4796; x_wconf 82' lang='lat' dir='ltr'><strong>potest</strong></span> <span class='ocrx_word' id='word_1_778' title='bbox 3165 4727 3280 4795; x_wconf 89' lang='lat' dir='ltr'><strong>ipso</strong></span> <span class='ocrx_word' id='word_1_779' title='bbox 3323 4739 3437 4777; x_wconf 94' lang='lat' dir='ltr'><strong>mo-</strong></span> 
     </span>
    </p>
   </div>
   <div class='ocr_carea' id='block_1_106' title="bbox 1865 4814 3434 4898">
    <p class='ocr_par' dir='ltr' id='par_1_106' title="bbox 1865 4814 3434 4898">
     <span class='ocr_line' id='line_1_106' title="bbox 1865 4814 3434 4898; baseline -0.01 -12"><span class='ocrx_word' id='word_1_780' title='bbox 1865 4839 2044 4886; x_wconf 90' lang='lat' dir='ltr'><strong>mento</strong></span> <span class='ocrx_word' id='word_1_781' title='bbox 2071 4829 2140 4883; x_wconf 93' lang='lat' dir='ltr'><strong>ibi</strong></span> <span class='ocrx_word' id='word_1_782' title='bbox 2179 4828 2387 4898; x_wconf 88' lang='lat' dir='ltr'><strong>nigrum</strong></span> <span class='ocrx_word' id='word_1_783' title='bbox 2427 4824 2615 4889; x_wconf 90' lang='lat' dir='ltr'><strong>videri,</strong></span> <span class='ocrx_word' id='word_1_784' title='bbox 2647 4824 2734 4878; x_wconf 91' lang='lat' dir='ltr'><strong>ubi</strong></span> <span class='ocrx_word' id='word_1_785' title='bbox 2763 4820 2964 4878; x_wconf 92' lang='lat' dir='ltr'><strong>candor</strong></span> <span class='ocrx_word' id='word_1_786' title='bbox 2992 4817 3268 4874; x_wconf 88' lang='lat' dir='ltr'><strong>insederit.</strong></span> <span class='ocrx_word' id='word_1_787' title='bbox 3301 4814 3434 4871; x_wconf 81' lang='lat' dir='ltr'><strong>Nam</strong></span> 
     </span>
    </p>
   </div>
   <div class='ocr_carea' id='block_1_107' title="bbox 1863 4907 3438 4991">
    <p class='ocr_par' dir='ltr' id='par_1_107' title="bbox 1863 4907 3438 4991">
     <span class='ocr_line' id='line_1_107' title="bbox 1863 4907 3438 4991; baseline -0.011 -12"><span class='ocrx_word' id='word_1_788' title='bbox 1863 4932 1922 4979; x_wconf 91' lang='lat' dir='ltr'><strong>et</strong></span> <span class='ocrx_word' id='word_1_789' title='bbox 1949 4919 2235 4991; x_wconf 59' lang='lat' dir='ltr'><strong>prasentia</strong></span> <span class='ocrx_word' id='word_1_790' title='bbox 2265 4917 2399 4974; x_wconf 91' lang='lat' dir='ltr'><strong>lucis</strong></span> <span class='ocrx_word' id='word_1_791' title='bbox 2430 4917 2603 4972; x_wconf 92' lang='lat' dir='ltr'><strong>noctis</strong></span> <span class='ocrx_word' id='word_1_792' title='bbox 2625 4914 2863 4971; x_wconf 87' lang='lat' dir='ltr'><strong>absentia</strong></span> <span class='ocrx_word' id='word_1_793' title='bbox 2892 4918 2996 4976; x_wconf 93' lang='lat' dir='ltr'><strong>est,</strong></span> <span class='ocrx_word' id='word_1_794' title='bbox 3020 4911 3096 4964; x_wconf 93' lang='lat' dir='ltr'><strong>sic</strong></span> <span class='ocrx_word' id='word_1_795' title='bbox 3122 4918 3176 4964; x_wconf 94' lang='lat' dir='ltr'><strong>et</strong></span> <span class='ocrx_word' id='word_1_796' title='bbox 3201 4907 3438 4962; x_wconf 88' lang='lat' dir='ltr'><strong>veritatis</strong></span> 
     </span>
    </p>
   </div>
   <div class='ocr_carea' id='block_1_108' title="bbox 1863 4997 3436 5071">
    <p class='ocr_par' dir='ltr' id='par_1_108' title="bbox 1863 4997 3436 5071">
     <span class='ocr_line' id='line_1_108' title="bbox 1863 4997 3436 5071; baseline -0.008 -4"><span class='ocrx_word' id='word_1_797' title='bbox 1863 5027 2015 5067; x_wconf 91' lang='lat' dir='ltr'><strong>amor</strong></span> <span class='ocrx_word' id='word_1_798' title='bbox 2041 5019 2124 5066; x_wconf 91' lang='lat' dir='ltr'><strong>est</strong></span> <span class='ocrx_word' id='word_1_799' title='bbox 2144 5010 2321 5064; x_wconf 92' lang='lat' dir='ltr'><strong>odium</strong></span> <span class='ocrx_word' id='word_1_800' title='bbox 2350 5007 2614 5062; x_wconf 90' lang='lat' dir='ltr'><strong>falsitatis.</strong></span> <span class='ocrx_word' id='word_1_801' title='bbox 2638 5003 2790 5062; x_wconf 90' lang='lat' dir='ltr'><strong>Unde</strong></span> <span class='ocrx_word' id='word_1_802' title='bbox 2815 5018 2846 5057; x_wconf 91' lang='lat' dir='ltr'><strong>a</strong></span> <span class='ocrx_word' id='word_1_803' title='bbox 2871 4999 3184 5071; x_wconf 90' lang='lat' dir='ltr'><strong>quibusdam</strong></span> <span class='ocrx_word' id='word_1_804' title='bbox 3213 4997 3436 5070; x_wconf 85' lang='lat' dir='ltr'><strong>pulchre</strong></span> 
     </span>
    </p>
   </div>
   <div class='ocr_carea' id='block_1_109' title="bbox 1862 5081 3432 5160">
    <p class='ocr_par' dir='ltr' id='par_1_109' title="bbox 1862 5081 3432 5160">
     <span class='ocr_line' id='line_1_109' title="bbox 1862 5081 3432 5160; baseline -0.008 -2"><span class='ocrx_word' id='word_1_805' title='bbox 1862 5081 2140 5159; x_wconf 85' lang='lat' dir='ltr'><strong>deﬁnitum</strong></span> <span class='ocrx_word' id='word_1_806' title='bbox 2172 5109 2254 5157; x_wconf 87' lang='lat' dir='ltr'><strong>est</strong></span> <span class='ocrx_word' id='word_1_807' title='bbox 2287 5119 2300 5153; x_wconf 88' lang='lat'><strong>:</strong></span> <span class='ocrx_word' id='word_1_808' title='bbox 2337 5099 2640 5156; x_wconf 86' lang='lat' dir='ltr'><strong>Substantia</strong></span> <span class='ocrx_word' id='word_1_809' title='bbox 2686 5106 2770 5152; x_wconf 90' lang='lat' dir='ltr'><strong>est</strong></span> <span class='ocrx_word' id='word_1_810' title='bbox 2809 5093 3196 5150; x_wconf 91' lang='lat' dir='ltr'><strong>contrariorum</strong></span> <span class='ocrx_word' id='word_1_811' title='bbox 3244 5105 3432 5160; x_wconf 76' lang='lat' dir='ltr'><strong>capas,</strong></span> 
     </span>
    </p>
   </div>
   <div class='ocr_carea' id='block_1_110' title="bbox 1860 5181 3438 5262">
    <p class='ocr_par' dir='ltr' id='par_1_110' title="bbox 1860 5181 3438 5262">
     <span class='ocr_line' id='line_1_110' title="bbox 1860 5181 3438 5262; baseline -0.01 -10"><span class='ocrx_word' id='word_1_812' title='bbox 1860 5195 1955 5251; x_wconf 91' lang='lat' dir='ltr'><strong>sed</strong></span> <span class='ocrx_word' id='word_1_813' title='bbox 1992 5211 2097 5250; x_wconf 92' lang='lat' dir='ltr'><strong>non</strong></span> <span class='ocrx_word' id='word_1_814' title='bbox 2143 5208 2250 5250; x_wconf 92' lang='lat' dir='ltr'><strong>uno</strong></span> <span class='ocrx_word' id='word_1_815' title='bbox 2292 5202 2554 5262; x_wconf 87' lang='lat' dir='ltr'><strong>tempore.</strong></span> <span class='ocrx_word' id='word_1_816' title='bbox 2593 5189 2701 5244; x_wconf 90' lang='lat' dir='ltr'><strong>Sed</strong></span> <span class='ocrx_word' id='word_1_817' title='bbox 2738 5187 2820 5242; x_wconf 92' lang='lat' dir='ltr'><strong>his</strong></span> <span class='ocrx_word' id='word_1_818' title='bbox 2859 5184 3019 5241; x_wconf 91' lang='lat' dir='ltr'><strong>rebus</strong></span> <span class='ocrx_word' id='word_1_819' title='bbox 3054 5199 3174 5254; x_wconf 74' lang='lat' dir='ltr'><strong>quae</strong></span> <span class='ocrx_word' id='word_1_820' title='bbox 3219 5181 3438 5253; x_wconf 81' lang='lat' dir='ltr'><strong>praemia</strong></span> 
     </span>
    </p>
   </div>
   <div class='ocr_carea' id='block_1_111' title="bbox 1860 5276 3436 5354">
    <p class='ocr_par' dir='ltr' id='par_1_111' title="bbox 1860 5276 3436 5354">
     <span class='ocr_line' id='line_1_111' title="bbox 1860 5276 3436 5354; baseline -0.01 -9"><span class='ocrx_word' id='word_1_821' title='bbox 1860 5290 1970 5345; x_wconf 90' lang='lat' dir='ltr'><strong>sint</strong></span> <span class='ocrx_word' id='word_1_822' title='bbox 1996 5288 2204 5345; x_wconf 89' lang='lat' dir='ltr'><strong>reddita</strong></span> <span class='ocrx_word' id='word_1_823' title='bbox 2237 5287 2418 5342; x_wconf 91' lang='lat' dir='ltr'><strong>subter</strong></span> <span class='ocrx_word' id='word_1_824' title='bbox 2452 5283 2673 5354; x_wconf 84' lang='lat' dir='ltr'><strong>exponit</strong></span> <span class='ocrx_word' id='word_1_825' title='bbox 2697 5297 2712 5337; x_wconf 87' lang='lat'><strong>:</strong></span> <span class='ocrx_word' id='word_1_826' title='bbox 2744 5280 3028 5350; x_wconf 86' lang='lat' dir='ltr'><strong>Propterea</strong></span> <span class='ocrx_word' id='word_1_827' title='bbox 3051 5279 3194 5333; x_wconf 74' lang='lat' dir='ltr'><strong>unxit</strong></span> <span class='ocrx_word' id='word_1_828' title='bbox 3223 5287 3270 5332; x_wconf 88' lang='lat' dir='ltr'><strong>te</strong></span> <span class='ocrx_word' id='word_1_829' title='bbox 3299 5276 3436 5330; x_wconf 91' lang='lat' dir='ltr'><strong>Deus</strong></span> 
     </span>
    </p>
   </div>
   <div class='ocr_carea' id='block_1_112' title="bbox 1861 5369 3443 5444">
    <p class='ocr_par' dir='ltr' id='par_1_112' title="bbox 1861 5369 3443 5444">
     <span class='ocr_line' id='line_1_112' title="bbox 1861 5369 3443 5444; baseline -0.009 -7"><span class='ocrx_word' id='word_1_830' title='bbox 1861 5381 2000 5437; x_wconf 91' lang='lat' dir='ltr'><strong>Deus</strong></span> <span class='ocrx_word' id='word_1_831' title='bbox 2041 5392 2176 5436; x_wconf 89' lang='lat' dir='ltr'><strong>tuus.</strong></span> <span class='ocrx_word' id='word_1_832' title='bbox 2228 5379 2428 5434; x_wconf 90' lang='lat' dir='ltr'><strong>Unctus</strong></span> <span class='ocrx_word' id='word_1_833' title='bbox 2474 5375 2710 5432; x_wconf 87' lang='lat' dir='ltr'><strong>christus</strong></span> <span class='ocrx_word' id='word_1_834' title='bbox 2748 5383 2804 5430; x_wconf 89' lang='lat' dir='ltr'><strong>et</strong></span> <span class='ocrx_word' id='word_1_835' title='bbox 2850 5388 3033 5444; x_wconf 87' lang='lat' dir='ltr'><strong>regem</strong></span> <span class='ocrx_word' id='word_1_836' title='bbox 3079 5369 3344 5441; x_wconf 86' lang='lat' dir='ltr'><strong>signiﬁcat</strong></span> <span class='ocrx_word' id='word_1_837' title='bbox 3387 5376 3443 5423; x_wconf 91' lang='lat' dir='ltr'><strong>et</strong></span> 
     </span>
    </p>
   </div>
   <div class='ocr_carea' id='block_1_113' title="bbox 1861 5465 3442 5542">
    <p class='ocr_par' dir='ltr' id='par_1_113' title="bbox 1861 5465 3442 5542">
     <span class='ocr_line' id='line_1_113' title="bbox 1861 5465 3442 5542; baseline -0.011 -10"><span class='ocrx_word' id='word_1_838' title='bbox 1861 5475 2212 5538; x_wconf 80' lang='lat' dir='ltr'><strong>sacerdotem,</strong></span> <span class='ocrx_word' id='word_1_839' title='bbox 2254 5470 2377 5542; x_wconf 85' lang='lat' dir='ltr'><strong>quia</strong></span> <span class='ocrx_word' id='word_1_840' title='bbox 2405 5468 2693 5540; x_wconf 88' lang='lat' dir='ltr'><strong>dignitates</strong></span> <span class='ocrx_word' id='word_1_841' title='bbox 2719 5468 2835 5524; x_wconf 67' lang='lat' dir='ltr'><strong>ista</strong></span> <span class='ocrx_word' id='word_1_842' title='bbox 2855 5465 3204 5522; x_wconf 86' lang='lat' dir='ltr'><strong>sumebantur</strong></span> <span class='ocrx_word' id='word_1_843' title='bbox 3235 5476 3329 5533; x_wconf 89' lang='lat' dir='ltr'><strong>per</strong></span> <span class='ocrx_word' id='word_1_844' title='bbox 3354 5475 3442 5515; x_wconf 82' lang='lat' dir='ltr'><strong>sa-</strong></span> 
     </span>
    </p>
   </div>
   <div class='ocr_carea' id='block_1_114' title="bbox 1865 5552 3443 5635">
    <p class='ocr_par' dir='ltr' id='par_1_114' title="bbox 1865 5552 3443 5635">
     <span class='ocr_line' id='line_1_114' title="bbox 1865 5552 3443 5635; baseline -0.01 -13"><span class='ocrx_word' id='word_1_845' title='bbox 1865 5567 2194 5623; x_wconf 88' lang='lat' dir='ltr'><strong>cratissimas</strong></span> <span class='ocrx_word' id='word_1_846' title='bbox 2223 5563 2532 5635; x_wconf 62' lang='lat' dir='ltr'><strong>unctiones;</strong></span> <span class='ocrx_word' id='word_1_847' title='bbox 2566 5577 2687 5617; x_wconf 93' lang='lat' dir='ltr'><strong>nam</strong></span> <span class='ocrx_word' id='word_1_848' title='bbox 2717 5568 2772 5616; x_wconf 92' lang='lat' dir='ltr'><strong>et</strong></span> <span class='ocrx_word' id='word_1_849' title='bbox 2811 5561 2981 5630; x_wconf 92' lang='lat' dir='ltr'><strong>ipsum</strong></span> <span class='ocrx_word' id='word_1_850' title='bbox 3017 5571 3208 5613; x_wconf 90' lang='lat' dir='ltr'><strong>nomen</strong></span> <span class='ocrx_word' id='word_1_851' title='bbox 3255 5552 3443 5609; x_wconf 90' lang='lat' dir='ltr'><strong>christi</strong></span> 
     </span>
    </p>
   </div>
   <div class='ocr_carea' id='block_1_115' title="bbox 1867 5648 3442 5717">
    <p class='ocr_par' dir='ltr' id='par_1_115' title="bbox 1867 5648 3442 5717">
     <span class='ocr_line' id='line_1_115' title="bbox 1867 5648 3442 5717; baseline -0.01 -4"><span class='ocrx_word' id='word_1_852' title='bbox 1867 5675 1896 5712; x_wconf 88' lang='lat' dir='ltr'><strong>a</strong></span> <span class='ocrx_word' id='word_1_853' title='bbox 1923 5668 2108 5713; x_wconf 92' lang='lat' dir='ltr'><strong>saneto</strong></span> <span class='ocrx_word' id='word_1_854' title='bbox 2147 5655 2435 5710; x_wconf 81' lang='lat' dir='ltr'><strong>chrismate</strong></span> <span class='ocrx_word' id='word_1_855' title='bbox 2475 5655 2758 5709; x_wconf 86' lang='lat' dir='ltr'><strong>vocitatur.</strong></span> <span class='ocrx_word' id='word_1_856' title='bbox 2799 5650 2905 5707; x_wconf 91' lang='lat' dir='ltr'><strong>Sed</strong></span> <span class='ocrx_word' id='word_1_857' title='bbox 2939 5649 3006 5704; x_wconf 84' lang='lat' dir='ltr'><strong>ab</strong></span> <span class='ocrx_word' id='word_1_858' title='bbox 3036 5648 3124 5704; x_wconf 88' lang='lat' dir='ltr'><strong>illa</strong></span> <span class='ocrx_word' id='word_1_859' title='bbox 3154 5654 3306 5717; x_wconf 84' lang='lat' dir='ltr'><strong>parte</strong></span> <span class='ocrx_word' id='word_1_860' title='bbox 3336 5660 3442 5698; x_wconf 81' lang='lat' dir='ltr'><strong>un-</strong></span> 
     </span>
    </p>
   </div>
   <div class='ocr_carea' id='block_1_116' title="bbox 1866 5746 3435 5817">
    <p class='ocr_par' dir='ltr' id='par_1_116' title="bbox 1866 5746 3435 5817">
     <span class='ocr_line' id='line_1_116' title="bbox 1866 5746 3435 5817; baseline -0.011 -11"><span class='ocrx_word' id='word_1_861' title='bbox 1866 5760 1984 5806; x_wconf 91' lang='lat' dir='ltr'><strong>ctus</strong></span> <span class='ocrx_word' id='word_1_862' title='bbox 2011 5749 2224 5812; x_wconf 91' lang='lat' dir='ltr'><strong>dicitur,</strong></span> <span class='ocrx_word' id='word_1_863' title='bbox 2255 5762 2356 5817; x_wconf 90' lang='lat' dir='ltr'><strong>qua</strong></span> <span class='ocrx_word' id='word_1_864' title='bbox 2387 5746 2786 5815; x_wconf 88' lang='lat' dir='ltr'><strong>dispensatione</strong></span> <span class='ocrx_word' id='word_1_865' title='bbox 2811 5752 2866 5798; x_wconf 91' lang='lat' dir='ltr'><strong>et</strong></span> <span class='ocrx_word' id='word_1_866' title='bbox 2894 5751 3068 5806; x_wconf 90' lang='lat' dir='ltr'><strong>natus,</strong></span> <span class='ocrx_word' id='word_1_867' title='bbox 3101 5748 3155 5795; x_wconf 90' lang='lat' dir='ltr'><strong>et</strong></span> <span class='ocrx_word' id='word_1_868' title='bbox 3178 5746 3435 5802; x_wconf 90' lang='lat' dir='ltr'><strong>mortuus,</strong></span> 
     </span>
    </p>
   </div>
   <div class='ocr_carea' id='block_1_117' title="bbox 1867 5829 3438 5900">
    <p class='ocr_par' dir='ltr' id='par_1_117' title="bbox 1867 5829 3438 5900">
     <span class='ocr_line' id='line_1_117' title="bbox 1867 5829 3438 5900; baseline -0.014 0"><span class='ocrx_word' id='word_1_869' title='bbox 1867 5853 1923 5900; x_wconf 94' lang='lat' dir='ltr'><strong>et</strong></span> <span class='ocrx_word' id='word_1_870' title='bbox 1961 5839 2319 5898; x_wconf 79' lang='lat' dir='ltr'><strong>resurrexisse</strong></span> <span class='ocrx_word' id='word_1_871' title='bbox 2359 5839 2620 5894; x_wconf 86' lang='lat' dir='ltr'><strong>veraciter</strong></span> <span class='ocrx_word' id='word_1_872' title='bbox 2649 5837 2843 5893; x_wconf 90' lang='lat' dir='ltr'><strong>dicitur</strong></span> <span class='ocrx_word' id='word_1_873' title='bbox 2879 5833 3137 5889; x_wconf 86' lang='lat' dir='ltr'><strong>Christus.</strong></span> <span class='ocrx_word' id='word_1_874' title='bbox 3173 5829 3438 5883; x_wconf 75' lang='lat' dir='ltr'><strong>Czeterum</strong></span> 
     </span>
    </p>
   </div>
   <div class='ocr_carea' id='block_1_118' title="bbox 1869 5916 3438 6004">
    <p class='ocr_par' dir='ltr' id='par_1_118' title="bbox 1869 5916 3438 6004">
     <span class='ocr_line' id='line_1_118' title="bbox 1869 5916 3438 6004; baseline -0.012 -11"><span class='ocrx_word' id='word_1_875' title='bbox 1869 5934 2042 5993; x_wconf 84' lang='lat' dir='ltr'><strong>deitas</strong></span> <span class='ocrx_word' id='word_1_876' title='bbox 2067 5931 2184 6004; x_wconf 84' lang='lat' dir='ltr'><strong>ejus</strong></span> <span class='ocrx_word' id='word_1_877' title='bbox 2211 5929 2359 5990; x_wconf 88' lang='lat' dir='ltr'><strong>nullo</strong></span> <span class='ocrx_word' id='word_1_878' title='bbox 2389 5944 2629 6000; x_wconf 87' lang='lat' dir='ltr'><strong>munere,</strong></span> <span class='ocrx_word' id='word_1_879' title='bbox 2657 5929 2800 5986; x_wconf 90' lang='lat' dir='ltr'><strong>nullo</strong></span> <span class='ocrx_word' id='word_1_880' title='bbox 2845 5927 3047 5984; x_wconf 90' lang='lat' dir='ltr'><strong>honore</strong></span> <span class='ocrx_word' id='word_1_881' title='bbox 3088 5919 3315 5992; x_wconf 85' lang='lat' dir='ltr'><strong>indiguit</strong></span> <span class='ocrx_word' id='word_1_882' title='bbox 3341 5916 3438 5974; x_wconf 82' lang='lat' dir='ltr'><strong>ad-</strong></span> 
     </span>
    </p>
   </div>
  </div>
