3996 6346
417 445 525 506 323
1668 444 1739 500 Μ.
1773 443 1995 500 AUREI

2127 437 2510 499 SASSIODORI
3584 432 3705 492 324

419 561 608 632 iuvari.
641 559 904 630 Repetitio
932 567 1105 613 autem
1135 559 1232 612 ista
1262 572 1362 628 qua
1404 557 1602 614 dicitur
1650 558 1786 616 Deus
1824 560 1986 625 Deus,
2016 568 2070 624 Α
2095 558 2486 621 delectaverunt,
2514 554 2664 620 dicit,
2691 551 2744 608 id
2771 561 2856 608 est
2881 552 2948 608 ad
2973 560 3026 608 te
3049 565 3155 606 non
3187 546 3405 621 proprio
3429 565 3706 607 cucurre-

421 654 746 725 praeconium
777 667 975 721 magnae
1014 650 1314 704 dilectionis
1344 650 1599 706 ostendit.
2104 649 2563 721 runtjudicio,sed
2592 657 2679 702 tua
2695 645 3051 706 delectatione
3074 645 3342 715 perducta:
3362 653 3502 700 sunt.
3525 641 3711 697 Filia

492 745 644 799 Vers.
673 743 726 799 9.
759 743 880 798 Oleo
907 743 1097 796 ltetitice
1123 757 1229 810 pra:
1256 742 1565 796 consortibus
1597 743 1739 798 tuis:
1764 742 1992 814 myrrha,
2099 760 2298 815 regum,
2349 745 2463 798 sive
2511 741 2785 796 hominum
2830 738 3066 794 ﬁdelium
3101 737 3190 808 qui
3229 746 3420 807 regunt
3456 750 3712 803 corpora

422 846 586 904 gutta,
613 843 658 888 et
683 835 820 887 casia
847 850 877 885 a
903 833 1206 887 vestimentis
1231 833 1350 887 tuis.
1378 833 1578 901 Duplici
1603 831 1763 888 modo
1792 834 1995 886 unctio-
2099 850 2219 902 sua,
2251 844 2306 890 et
2331 833 2632 905 perducunt
2658 831 2794 886 ﬁlias
2828 845 2946 899 quae
2989 843 3143 884 sacro
3174 828 3492 897 baptismate.
3516 840 3710 896 geste.

424 942 542 980 uetn
583 927 723 980 illam
765 933 1001 979 sanctam
1051 925 1354 992 provenisse
1381 925 1666 994 signiﬁcat.
1703 925 1883 978 Oleum
1908 925 1996 977 ιω-
2097 934 2312 991 rantur;
2345 925 2463 979 sive
2509 923 2914 993 imperantium;
2943 920 3084 990 quod
3134 920 3438 990 frequenter
3473 917 3708 973 contin-

424 1019 548 1070 titia:
595 1023 677 1071 est
729 1017 928 1084 peccati
984 1017 1242 1070 maculam
1299 1031 1404 1070 non
1454 1016 1692 1080 habere;
1747 1017 1886 1071 unde
1937 1031 1997 1071 se
2097 1021 2195 1092 git,
2241 1031 2296 1076 ut
2345 1020 2529 1074 relicto
2573 1018 2756 1088 palatii
2807 1017 3082 1072 dominatu
3129 1015 3344 1070 soboles
3384 1014 3708 1084 principum

423 1107 740 1164 conscientia
772 1122 987 1175 semper
1017 1105 1300 1169 exhilarat,
1330 1106 1540 1174 quando
1573 1107 1713 1159 nulla
1743 1109 1996 1162 recoxida-
2097 1115 2299 1178 eligant
2331 1111 2507 1165 divina
2543 1109 2782 1165 servitia.
2823 1108 2949 1163 ideo
2977 1107 3120 1162 enim
3149 1105 3372 1171 addidit,
3403 1107 3458 1161 in
3493 1107 3710 1159 honore

425 1199 580 1253 tionis
610 1199 897 1267 asperitate
921 1196 1214 1252 mordetur.
1249 1196 1370 1251 Prae
1390 1199 1704 1251 consortibus
1733 1201 1854 1262 tuis,
1885 1215 1993 1268 pra:
2099 1214 2209 1270 tuo,
2250 1213 2309 1260 ut
2345 1204 2647 1271 religiosam
2693 1211 2927 1256 mentem
2975 1199 3067 1254 tali
3113 1198 3416 1267 designaret
3460 1197 3702 1252 indicio.

423 1293 542 1347 ﬁliis
592 1293 865 1345 hominum
893 1290 1038 1354 dicit,
1077 1305 1210 1360 quos
1239 1299 1292 1344 et
1333 1290 1446 1360 ipse
1476 1291 1528 1344 in
1562 1292 1849 1359 Evangelio
1891 1290 1998 1344 l‘ra-
2098 1294 2216 1350 Non
2245 1295 2385 1348 enim
2417 1294 2471 1348 in
2504 1293 2706 1348 honore
2737 1301 2944 1360 patrum
2986 1305 3205 1346 suorum
3244 1289 3507 1346 delectata
3539 1298 3699 1352 sunt,

424 1391 531 1437 tres
553 1384 804 1451 appellat.
831 1382 953 1436 Ideo
974 1392 1150 1436 autem
1172 1381 1371 1436 dictum
1395 1391 1476 1436 est
1499 1423 1515 1448 ,
1561 1399 1665 1454 pra:
1684 1383 1997 1437 consortibus
2101 1385 2196 1442 sed
2222 1386 2276 1439 in
2304 1385 2496 1439 honore
2526 1383 2736 1439 Domini
2764 1382 3075 1438 Salvatoris.

426 1476 548 1542 tuis,
586 1475 838 1544 quoniam
873 1473 1008 1528 hanc
1054 1473 1478 1528 benedictionem
1515 1489 1674 1542 supra
1713 1489 1873 1529 omne
1900 1474 2000 1528 hu-
2174 1477 2325 1532 Vers.
2378 1477 2464 1534 Η.
2517 1476 2688 1530 Astitit
2735 1476 2930 1547 Regina
2971 1491 3004 1529 α
3043 1474 3232 1529 dextris
3275 1474 3374 1528 tuis
3414 1474 3468 1527 in
3508 1474 3705 1528 vestit

427 1583 641 1620 manum
674 1583 840 1634 genus
878 1565 1217 1635 cognoscitur
1256 1567 1545 1634 accepisse,
1574 1575 1632 1619 ut
1672 1575 1861 1620 unctus
1891 1565 1998 1620 sin-
2101 1568 2372 1635 deaurato,
2409 1568 2788 1622 circumamicta
2832 1566 3094 1621 varietate.
3136 1565 3361 1620 Mirabili
3401 1575 3572 1621 totum
3609 1581 3704 1619 re-

425 1657 682 1726 gulariter
713 1665 938 1712 caeteros
971 1671 1170 1727 ungere
1192 1655 1482 1710 debuisset.
1507 1655 1565 1710 lu
1596 1656 1684 1710 illo
1712 1657 1851 1710 enim
1879 1656 2000 1713 fons
2102 1661 2302 1716 latione
2353 1660 2693 1715 describitur.
2739 1659 2869 1726 Qua:
2917 1660 3083 1730 ﬁgura
3127 1657 3321 1714 dicitur
3364 1659 3704 1714 characteri-

427 1756 510 1803 est
536 1747 942 1815 benedictionis,
971 1763 999 1800 a
1023 1763 1148 1817 quo,
1183 1755 1338 1816 prout
1367 1747 1466 1816 ipsi
1497 1748 1668 1802 visum
1697 1746 1878 1816 fuerit,
1907 1749 2000 1818 per
2104 1767 2282 1819 emos,
2325 1751 2514 1808 Latine
2559 1749 2732 1822 (sicut
2780 1766 2923 1820 saepe
2969 1748 3570 1820 diximus)'descriptio
3614 1750 3704 1804 vel

429 1840 708 1894 universos
736 1840 935 1893 electos
962 1847 1325 1908 competenter
1348 1848 1578 1893 emanat.
1614 1839 1717 1894 Sed
1749 1839 1864 1894 haec
1887 1854 2001 1892 om-
2103 1843 2410 1899 informatio
2447 1842 2775 1898 nominatur.
2806 1843 2940 1896 Ante
2979 1841 3160 1897 oculos
3197 1841 3340 1896 enim
3379 1839 3701 1908 intelligen-

435 1932 520 1986 nia
563 1929 708 1986 carni
748 1931 1091 1996 conveniunt,
1131 1930 1213 1982 cui
1261 1929 1556 1998 piissimum
1596 1937 1651 1984 et
1681 1927 2004 1998 gloriosissi-
2033 1937 2082 1998 Β
2108 1935 2194 1988 tia).
2223 1933 2536 2003 redditquzn
2564 1941 2782 2002 aspectu
2809 1946 3070 2000 corporeo
3100 1945 3205 1986 non
3231 1931 3496 1986 videntur.
3531 1929 3704 1984 Prius

431 2039 588 2096 mum.
629 2022 858 2079 Verbum
917 2023 1121 2078 unitum
1173 2030 1257 2078 est
1303 2038 1399 2092 pro
1450 2023 1622 2076 salute
1665 2030 2000 2078 cunctorum.
2105 2025 2249 2080 enim
2289 2024 2481 2094 Sponsi
2524 2022 2861 2094 pulchritudo
2907 2022 3114 2076 laudata
3153 2030 3254 2086 est,
3298 2029 3478 2090 postea
3521 2021 3704 2074 virtus

433 2114 705 2184 Sequitur,
750 2116 972 2184 myrrha,
1005 2125 1049 2168 et
1075 2124 1236 2186 gutta,
1260 2127 1306 2166 et
1335 2115 1471 2167 casia
1496 2131 1528 2168 a
1549 2114 1852 2169 vestimentis
1877 2115 1996 2170 tuis.
2107 2114 2224 2184 ejus
2255 2123 2480 2180 asserta,
2518 2116 2673 2168 tertio
2701 2114 2856 2168 sedes
2893 2113 3056 2183 ipsius
3104 2120 3445 2181 potestasque
3473 2123 3702 2168 narrata

433 2206 588 2276 Saepe
640 2205 871 2261 diximus
924 2208 1129 2276 Species
1189 2217 1518 2261 terrenarum
1577 2220 1757 2260 rerum
1815 2205 2006 2261 indicia
2111 2215 2212 2261 est.
2245 2205 2312 2260 Et
2337 2205 2463 2276 quia
2491 2203 2722 2273 nuptiale
2765 2203 3012 2274 gaudium
3055 2203 3331 2274 agebatur,
3365 2201 3548 2258 odoris
3573 2217 3706 2257 sua-

433 2301 585 2354 uobis
633 2298 929 2354 cmlestium
980 2299 1345 2353 demonstrare
1391 2299 1681 2361 virtutum,
1731 2300 1850 2368 quia
1902 2313 2007 2352 non
2111 2297 2316 2352 vissimi
2346 2299 2553 2366 species
2593 2296 2693 2351 sub
2737 2296 2974 2366 mysticis
3023 2294 3555 2364 interpretationibus
3602 2308 3708 2347 no-

433 2403 740 2464 poteramus
787 2383 1179 2462 quidquam‘de
1224 2392 1314 2446 illa
1353 2392 1629 2458 majestate
1663 2405 2005 2460 cognoscere,
2112 2399 2335 2442 scuntur
2375 2386 2649 2442 adhibitae.
2681 2387 2880 2452 Quarto
2917 2385 3112 2440 dicitur
3155 2386 3320 2456 ipsius
3349 2400 3564 2454 quoque
3591 2384 3707 2440 Re-

434 2487 534 2543 nisi
563 2486 716 2541 nobis
737 2486 804 2541 de
832 2487 944 2556 ipsa
971 2485 1166 2558 aliquid
1197 2500 1290 2554 per
1317 2484 1608 2540 mundanas
1637 2484 2010 2540 similitudines
2112 2479 2252 2549 gina:
2296 2478 2436 2532 unde
2484 2478 2663 2532 veniat
2711 2477 2971 2532 mirabilis
3026 2477 3387 2547 pulchritudo.
3439 2477 3592 2532 Tunc
3627 2477 3710 2528 ad

437 2588 740 2651 appareret.
785 2578 852 2632 Et
898 2578 1019 2634 ideo
1056 2578 1346 2647 posteriora
1378 2577 1624 2632 versiculi
1659 2576 1811 2630 istius
1843 2576 2010 2645 prima
2112 2571 2346 2626 divinam
2379 2569 2650 2625 dexteram
2694 2577 2883 2624 ornata
2925 2569 3172 2638 pretiosis
3208 2567 3495 2624 virtutibus
3531 2567 3708 2622 collo-

437 2669 613 2726 fronte
641 2669 996 2737 declaremus,
1021 2678 1080 2721 ut
1110 2668 1321 2722 nomina
1349 2682 1466 2737 qua:
1495 2661 1801 2736 praecedunt
1821 2667 2015 2720 clarius
2115 2672 2288 2725 catur,
2321 2669 2378 2716 ut
2410 2661 2582 2715 omnis
2628 2662 2802 2714 anima
2851 2659 3020 2714 ﬁdelis
3049 2660 3100 2714 in
3131 2673 3414 2726 supernam
3451 2666 3706 2714 eontem~

437 2761 761 2817 elucescant.
796 2761 1048 2815 Sanctum
1083 2760 1287 2814 Domini
1328 2775 1519 2829 corpus
1544 2759 1808 2830 quoddam
1841 2759 2016 2812 Deita-
2118 2753 2404 2826 plationem
2433 2761 2693 2821 porrecta,
2717 2750 2953 2808 coelestia
2978 2762 3096 2805 vota
3119 2751 3431 2820 conspiciat,
3460 2749 3710 2818 sciatque

438 2853 508 2907 tis
537 2851 701 2907 fuisse
729 2851 1068 2921 cognoscitur
1103 2851 1496 2906 vestimentum.
1531 2851 1660 2905 Nam
1689 2850 1823 2907 sicut
1849 2851 2014 2904 vesti-
2117 2849 2328 2917 qualem
2378 2846 2451 2901 illi
2502 2845 2554 2900 in
2606 2846 2764 2899 terris
2800 2844 2993 2898 debeat
3029 2844 3284 2898 exhibere
3318 2842 3708 2904 reverentiam,

438 2943 534 2998 bus
565 2944 944 3012 cooperiuntur
971 2940 1208 2996 membra
1230 2943 1549 3008 mortalium,
1581 2943 1651 2996 ita
1675 2951 1728 2997 et
1760 2941 2016 3011 tnajestas
2117 2955 2274 3011 quam
2298 2940 2349 2994 in
2373 2938 2510 2992 caelo
2532 2937 2607 2992 sic
2633 2936 2882 3004 intelligit
2903 2936 3236 2990 honoratam.
3261 2935 3373 3005 Ipsa
3399 2943 3484 2990 est
3508 2934 3711 3003 Regina

441 3034 604 3089 Veibi
649 3033 941 3088 inﬁdelium
991 3033 1157 3088 oculis
1205 3034 1378 3088 carnis
1431 3032 1693 3087 velamine
1738 3031 2017 3087 videbatur
2119 3047 2237 3102 qua:
2263 3031 2316 3084 in
2337 3029 2568 3084 Canticis
2592 3030 2921 3084 canticorum
2944 3026 3409 3081 tlicit:0sculetur
3429 3041 3509 3078 me
3530 3024 3712 3079 osculo

442 3125 708 3180 abscondi.
743 3126 822 3180 Ab
853 3125 955 3179 hoc
983 3140 1110 3195 ergo
1140 3125 1480 3190 veSIimento,
1515 3123 1564 3178 id
1589 3132 1674 3177 est
1699 3123 2018 3179 incarnatio—
2122 3127 2226 3181 oris
2258 3125 2337 3178 sui
2360 3122 2532 3192 (Cant.
2565 3137 2602 3187 ι,
2639 3121 2714 3192 1),
2737 3129 2792 3177 et
2819 3129 3010 3176 caetera
3036 3135 3154 3190 quas
3184 3119 3422 3190 mysticis
3449 3118 3713 3187 aenigma-

445 3215 524 3270 nis
566 3229 760 3270 arcano
793 3227 1024 3285 congrue
1068 3216 1277 3270 venisse
1317 3213 1508 3268 dicitur
1541 3211 1770 3286 myrrha,
1805 3221 1945 3283 gutta
1973 3220 2021 3266 et
2125 3218 2267 3273 tibus
2306 3216 2396 3271 ille
2437 3224 2610 3270 textus
2650 3215 2934 3284 eloquitur.
2966 3214 3031 3268 Et
3055 3211 3336 3278 considera
3367 3212 3492 3281 quia
3521 3209 3714 3266 sedem

446 3301 602 3356 casia.
635 3300 848 3370 Myrrha
877 3309 1100 3354 mortem
1127 3298 1406 3370 signiﬁcat,
1439 3313 1594 3369 quam
1626 3312 1722 3367 pro
1750 3297 2021 3353 hominum

2137 3306 2369 3378 superius
2415 3305 2644 3362 laudavit
2698 3304 2904 3360 Domini
2953 3302 3248 3359 Salvatoris
3279 3319 3294 3356 :
3329 3301 3416 3358 hic
3459 3311 3634 3356 autem
3677 3315 3715 3353 α

447 3394 618 3449 salute
656 3395 909 3463 suscepit.
956 3391 1114 3446 Gutta
1151 3408 1278 3447 vero
1320 3407 1438 3464 qua:
1472 3391 1664 3448 dicitur
1692 3394 2021 3448 ammoniaca
2127 3399 2318 3454 dextri;
2351 3399 2572 3453 auium
2619 3395 2864 3468 Reginam
2898 3395 3046 3462 dicit,
3077 3395 3200 3464 quia
3225 3392 3442 3448 dextera
3475 3393 3714 3446 honora-

448 3485 668 3540 dlll'llias
695 3493 844 3540 curat
881 3484 948 3539 ab
987 3485 1161 3553 aliqua
1191 3484 1510 3540 necessitate
1549 3493 1866 3538 contractas.
1896 3481 2024 3551 Quae
2126 3492 2250 3548 bilis
2294 3506 2415 3562 pars
2455 3500 2540 3546 est
2588 3488 2800 3559 Sponsi,
2834 3502 2990 3558 quem
3028 3495 3190 3556 caput
3213 3494 3423 3542 constat
3451 3498 3572 3540 esse
3604 3483 3718 3537 Ec-

449 3576 669 3646 pulchre
712 3574 1060 3631 incarnationi
1103 3574 1316 3629 Domini
1347 3583 1702 3644 comparatur,
1735 3574 1854 3645 quia
1881 3573 2024 3628 duri-
2127 3581 2325 3638 clcsia‘g,
2383 3579 2672 3649 sequitur,
2723 3579 2776 3632 εη
2827 3579 3006 3632 unum
3044 3577 3327 3631 decumo,
3385 3575 3590 3629 Αυι-υω
3644 3574 3718 3630 ad

451 3672 576 3724 tiam
617 3669 791 3724 cordis
837 3669 1050 3724 humani
1099 3679 1281 3724 sancta
1334 3668 1707 3738 praedicatione
1757 3667 2021 3722 dissolvit.
2127 3673 2407 3730 cum-natis
2434 3673 2690 3728 debemus
2723 3681 2905 3741 aptare
2936 3669 3216 3741 fulgorem,
3246 3681 3347 3737 qua
3375 3665 3572 3720 γῑηυιε
3602 3665 3717 3720 εῖτ..

453 3758 622 3830 Casia,
645 3775 760 3832 qua:
782 3774 811 3814 a
829 3760 1025 3814 nostris
1053 3757 1223 3814 ﬁstula
1247 3759 1464 3827 dicitur,
1495 3758 1790 3828 redemptio
1816 3761 2026 3826 generis
2128 3765 2374 3822 cumdata
2417 3773 2599 3819 sancta
2631 3761 2934 3832 resplendet
2963 3760 3218 3815 Ecclesia.
3249 3757 3315 3814 Et
3343 3772 3409 3812 ne
3437 3756 3610 3823 solam
3644 3757 3718 3811 ibi

452 3848 669 3904 humani
718 3865 814 3916 per
857 3864 1049 3919 aquam
1089 3849 1422 3919 baptismatis
1465 3849 1745 3913 indicatur.
1777 3849 2026 3918 Quoniam
2131 3857 2456 3926 intelligeres
2475 3870 2594 3910 esse
2613 3853 3024 3923 charitatem,in
3044 3854 3239 3922 vestitu,
3264 3852 3416 3916 dixit,
3443 3851 3716 3916 deaurato,

453 3943 552 3996 hoc
585 3940 761 3996 herbas
805 3956 969 4012 genus
1009 3942 1226 4010 aquosis
1269 3943 1399 3997 locis
1439 3941 1624 3997 dicitur
1657 3941 1902 3997 inveniri.
1937 3942 2028 3997 llis
2132 3965 2238 4004 non
2269 3963 2450 4003 aureo.
2484 3946 2802 4002 Deauratum
2831 3946 2973 4001 enim
3006 3945 3252 4010 dicimus,
3284 3943 3496 4014 quando
3525 3957 3715 4011 super-

453 4035 612 4090 rcbus
637 4033 794 4088 etiam
830 4033 962 4088 odor
1010 4033 1148 4088 inest
1184 4033 1384 4101 suavis,
1416 4041 1474 4087 ut
1499 4034 1690 4088 merito
1721 4042 1920 4089 sanctae
1949 4033 2031 4086 in-
2132 4039 2288 4096 ducta
2313 4039 2519 4109 species
2548 4039 2662 4093 auri
2698 4040 2751 4092 in
2781 4037 2953 4107 aliqua
2983 4036 3201 4090 materia
3233 4035 3548 4105 glutinatur.
3583 4032 3714 4086 ideo

454 4125 750 4182 carnalioni
799 4135 855 4181 el
911 4125 1077 4180 Virtus
1133 4125 1414 4180 herbarum
1468 4136 1520 4180 et
1571 4125 1750 4180 odoris
1798 4125 2031 4181 suavitas
2133 4141 2313 4186 autem
2356 4145 2514 4202 supra
2543 4131 2766 4185 virtutes
2790 4129 2921 4183 alias
2947 4130 3113 4199 gratia
3143 4126 3417 4182 charitatis
3446 4125 3718 4194 apparuit.

453 4221 821 4285 comparetur,
873 4216 1014 4269 sicut
1063 4214 1116 4269 in
1171 4217 1402 4271 Canticis
1457 4217 1786 4272 canticorum
1818 4215 2026 4286 Sponsa
2134 4225 2256 4296 quia
2298 4224 2475 4279 omnia
2527 4223 2680 4294 153
2707 4222 2823 4292 ejus
2852 4221 3024 4291 l'ulgor
3053 4219 3286 4276 excellit.
3340 4217 3577 4282 Addidit,
3617 4217 3719 4268 eir-

454 4305 581 4360 dicit
622 4322 635 4358 :
680 4303 804 4359 Post
853 4306 1056 4360 odorem
1102 4318 1469 4376 unguentorum
1519 4317 1722 4364 tuorum
1771 4323 2031 4362 curramus

2135 4317 2438 4372 cumamicta
2479 4314 2732 4368 varietate.
2787 4313 3186 4368 Perscrutemur
3221 4326 3314 4366 cur
3345 4308 3587 4363 Ecclesia
3617 4307 3713 4361 De;

458 4394 630 4466 (C‘W-
657 4409 698 4458 ι»
725 4393 803 4461 δ)ο
2134 4407 2204 4464 de
2232 4409 2395 4462 vestis
2426 4404 2686 4460 varietate
2732 4405 2994 4471 laudetur,
3025 4404 3108 4458 cui
3139 4413 3305 4458 totum
3333 4401 3557 4471 simplex
3585 4414 3717 4452 eon-

533 4481 685 4538 Vers.
717 4479 804 4536 l0.
837 4481 880 4535 Α
905 4481 1134 4536 domibus
1163 4483 1388 4538 eburneis
1411 4500 1428 4539 :
1449 4502 1514 4540 ex
1545 4487 1723 4556 quibus
1746 4497 1793 4543 te
1811 4487 2035 4542 delecta-

2140 4495 2284 4552 t’enit
2327 4504 2486 4564 atque
2526 4511 2714 4549 unum.
2762 4495 2867 4550 Sed
2912 4494 2996 4550 hic
3031 4494 3342 4555 varietatem,
3380 4501 3469 4546 aut
3512 4489 3718 4559 linguas

455 4583 631 4630 verunt
677 4571 801 4644 ﬁlice
841 4590 1018 4644 regum
1056 4575 1109 4628 in
1143 4575 1330 4630 honore
1355 4585 1461 4630 tuo.
1506 4576 1562 4631 lu
1596 4587 1786 4648 quarto
1815 4579 1973 4634 modo
2001 4595 2032 4635 a
2138 4586 2457 4657 multiplices
2501 4585 2798 4655 signiﬁcat,
2843 4585 2967 4656 quia
3020 4586 3194 4639 omnis
3245 4598 3375 4653 gens
3423 4580 3719 4636 secundum

459 4681 686 4737 persona
711 4667 932 4736 Spousze
958 4666 1072 4720 laus
1099 4667 1328 4721 sumitur
1347 4667 1564 4724 Christi.
1590 4669 1724 4724 Dicit
1745 4671 1885 4724 enim
1909 4687 2033 4741 pro-
2063 4692 2114 4751 ι)
2139 4693 2290 4733 suam
2327 4676 2550 4748 patriam
2596 4677 2648 4731 in
2689 4677 2924 4732 Ecclesia
2958 4677 3129 4746 psallit
3158 4675 3392 4741 auctori;
3424 4683 3514 4728 aut
3551 4673 3716 4726 vim“.

461 4757 614 4826 pheta
643 4757 783 4812 unde
812 4756 991 4810 veniat
1022 4756 1242 4826 Sponsa:
1269 4757 1643 4827 gloriosissima
1673 4759 2030 4829 pulchritudo,

2142 4781 2251 4826 tum
2277 4770 2698 4840 pulcherrimam
2730 4769 3114 4824 diversitatem.
3154 4771 3385 4822 Ornatur
3413 4764 3558 4820 enim
3589 4778 3720 4817 auro

459 4857 575 4918 qnae
619 4850 683 4903 ad
731 4850 939 4904 Domini
968 4849 1238 4905 dexteram
1285 4851 1455 4905 locata
1485 4852 1757 4919 consistit;
1799 4853 1852 4908 id
1888 4864 1969 4908 est
2004 4870 2037 4907 a

2143 4863 2532 4935 apostolorum,
2579 4871 2798 4931 argento
2847 4863 3241 4932 prophetarum,
3284 4856 3512 4928 gemmis
3560 4855 3721 4925 virgi-

460 4941 691 4995 domibus
720 4943 969 5010 eburneis,
993 4943 1132 5013 quod
1163 4941 1426 5012 signiﬁcat
1453 4952 1636 4998 ornata
1674 4946 1887 5014 palatia,
1917 4961 2036 5016 qua:
2141 4970 2289 5020 num,
2315 4968 2476 5009 cocco
2503 4949 2814 5022 martyrum,
2847 4967 3071 5021 purpura
3097 4949 3486 5020 pmnitentium.
3510 4947 3612 5001 Ista
3640 4954 3722 5000 est

459 5032 674 5101 capioso
699 5034 862 5088 ebore
904 5035 1225 5088 veStiuntur.
1269 5032 1372 5089 Sed
1403 5034 1534 5089 ebur
1564 5051 1667 5090 non
1696 5036 1761 5091 ad
1787 5037 1928 5091 solas
1951 5036 2034 5091 di-

2146 5060 2269 5115 ergo
2296 5043 2526 5098 varietas
2554 5042 2790 5108 unitatis,
2817 5059 2934 5112 qua:
2963 5043 3130 5097 oculis
3159 5041 3364 5096 Domini
3386 5054 3450 5093 ex
3472 5038 3724 5092 omnibus

460 5123 614 5177 vitias
658 5122 1012 5206 intelligamus
1052 5133 1310 5195 aptatum,
1353 5124 1446 5180 sed
1497 5129 1745 5194 quoniam
1792 5129 2031 5198 elephas,
2139 5133 2385 5206 gentibus
2417 5133 2498 5202 pia
2528 5134 2930 5188 conversatione
2959 5133 3210 5201 placitura
3237 5129 3562 5187 contexitur.

459 5213 611 5284 cuius
643 5201 758 5268 [iam
788 5227 906 5268 0533
947 5226 1090 5280 sum»
1119 5217 1298 5270 nimim
1337 5215 1598 5272 εθειίῑθιίε
1639 5219 1915 5290 θεεθτίῑυν,
1945 5220 2035 5288 (illi
2204 5228 2359 5283 Vers.
2387 5229 2465 5282 l2.
2487 5228 2642 5298 Audi,
2665 5229 2792 5298 ﬁlia,
2821 5240 2866 5284 et
2895 5230 3028 5298 vide,
3058 5239 3105 5283 et
3132 5230 3321 5283 inclina
3345 5243 3520 5283 aurem
3549 5236 3722 5296 tuam,

462 5305 602 5360 ίηιετ
629 5305 991 5376 quadrupedi“
1029 5315 1082 5360 ει
1113 5321 1271 5361 sensu
1300 5309 1524 5377 ΡΙυτίηιο
1553 5311 1715 5374 νθῐθῑ.
1747 5317 1800 5365 εί
1833 5322 2036 5380 ιεηὶβθο
2136 5327 2185 5374 et
2231 5318 2520 5373 obliviscere
2564 5321 2811 5390 papulum
2857 5332 3035 5387 tuum,
3082 5331 3132 5375 et
3161 5321 3367 5376 domum
3412 5322 3574 5388 patris
3624 5331 3720 5374 tut.

460 5404 644 5451 ranter
675 5398 927 5452 miscetur
951 5397 1158 5451 feminas
1189 5413 1317 5461 suae.
1349 5408 1402 5454 et
1426 5404 1649 5473 conjuge
1669 5403 1904 5457 secunda
1927 5419 2032 5458 non
2136 5409 2334 5474 Sponsi
2359 5409 2515 5464 laude
2542 5421 2774 5478 cantata,
2801 5426 2939 5466 nunc
2961 5412 3184 5480 Sp0ttsa§
3206 5412 3470 5482 prmconia
3499 5411 3720 5467 totidem

460 5489 654 5556 utitur;
699 5490 799 5545 hoc
846 5489 1051 5560 pudicis
1095 5489 1305 5546 fetninis
1350 5493 1602 5549 decenter
1649 5504 1884 5564 aptatum
1927 5504 2032 5562 est,
2142 5500 2335 5566 modis,
2367 5502 2459 5555 sed
2485 5502 2640 5572 longe
2665 5502 2982 5556 submissius
3012 5514 3170 5572 atque
3195 5503 3460 5558 humiliter
3490 5504 3717 5557 ollerun-

460 5579 582 5650 quia
625 5579 724 5635 illa!
771 5581 823 5636 in
864 5581 1095 5635 domibus
1139 5582 1368 5637 eburneis
1412 5587 1672 5641 mansisse
1699 5580 2031 5656 "noscuntur,
2142 5599 2246 5645 tur.
2283 5591 2510 5645 Decebat
2535 5591 2676 5644 enim
2706 5592 2786 5644 vel
2815 5592 3054 5646 si-cundo
3080 5593 3244 5662 gradu
3276 5593 3583 5647 illaudatam
3616 5608 3722 5648 nou

459 5687 581 5743 quae
617 5681 712 5743 per
749 5675 1044 5730 castitatem
1074 5672 1271 5731 Christi
1305 5675 1512 5730 Domini
1543 5688 1806 5747 praecepta
1837 5689 2034 5735 secutae
2139 5681 2465 5754 relinquere,
2491 5700 2608 5754 quin
2641 5685 2734 5739 tali
2759 5699 2820 5738 ac
2849 5671 2990 5739 tanta
3021 5687 3571 5756 meruitcopulatione
3596 5702 3726 5754 gau-

461 5773 604 5821 sunt.
647 5765 791 5819 lianc
817 5766 958 5820 enim
1002 5766 1402 5822 translationem
1449 5767 1804 5836 probaverunt
1838 5770 2035 5824 doctis-
2143 5775 2294 5830 dere.
2326 5775 2539 5829 Primus
2561 5791 2690 5846 ergo
2721 5776 2879 5831 istius
2912 5777 3083 5832 laudis
3131 5777 3316 5832 modus
3338 5788 3420 5832 est
3447 5793 3473 5831 a
3505 5777 3719 5847 specie,

465 5858 584 5917 simi
616 5856 798 5915 Patres
825 5859 1150 5930 Augustinus
1179 5869 1230 5916 et
1263 5860 1637 5929 llicr0uymus.
1679 5862 1760 5917 Ex
1789 5863 1967 5930 quibus
1991 5873 2037 5917 te
2143 5867 2276 5921 sicut
2306 5867 2558 5922 inferiore
2581 5881 2735 5924 versu
2768 5867 3091 5925 declaratur.
3126 5867 3276 5926 Nunc
3311 5870 3374 5925 ad
3403 5867 3720 5942 exponenda

2071 6003 2096 6024 Ἴ
2115 6016 2122 6022 .
