4004 6342
218 398 311 457 325

1088 398 1442 456 EXPOSITIO
1476 397 1543 455 IN
1583 392 2037 453 PSALTERIUM.
2085 392 2275 449 PSAL.
2319 390 2505 449 XLIV.

3350 389 3454 448 326

218 522 363 577 verba
390 519 685 576 veniamus.
718 518 893 575 Stanti
931 534 1056 590 ergo
1088 520 1154 575 ad
1193 521 1467 575 dexteram
1515 516 1724 572 Domini
1749 558 1763 582 ,
1796 522 1842 587 Α
1872 531 1983 569 rum
2014 514 2165 567 istius
2192 514 2451 569 vocabulo
2481 514 2711 569 civitatis
2730 553 2745 578 ,
2772 486 3213 571 animas‘mavult
3235 514 3411 584 signiti
3430 543 3448 553 -

220 610 298 664 ubi
326 611 595 664 beatorum
626 608 778 664 locus
808 618 908 675 est,
944 610 1072 664 dicit
1100 626 1116 666 :
1150 610 1305 679 Audi,
1342 610 1393 664 id
1425 619 1505 664 est
1545 608 1773 678 prophe-

218 712 320 765 tas,
366 700 455 770 qui
506 701 926 755 incarnationem
963 700 1171 755 Domini
1215 701 1387 755 veraci
1421 699 1773 769 promissione

216 792 543 857 cecinerunt;
573 799 833 860 quatenus
866 792 1044 846 audita
1066 790 1331 860 crederet,
1356 798 1409 845 et
1432 790 1630 845 credita
1651 802 1773 842 mox

214 884 425 940 videret.
468 881 669 938 Filiam
695 900 823 940 vero
851 885 1047 940 merito
1091 884 1347 955 prepheta
1397 892 1550 937 vocat
1588 882 1777 938 Eccle-

214 978 373 1043 siam;
406 976 530 1046 quia
561 979 678 1045 ejus
722 977 1189 1045 praedicationibus
1230 977 1429 1031 sanctis
1458 974 1669 1043 genitus
1695 983 1776 1028 est

213 1070 426 1140 populus
449 1069 814 1125 Christianus.
845 1069 907 1124 Et
936 1069 1068 1134 vide,
1097 1069 1197 1123 Sub
1223 1068 1577 1137 gratulatione
1599 1067 1776 1119 dicen-

213 1159 326 1214 dum
365 1167 489 1213 est:
529 1160 777 1227 quoniam
824 1159 1066 1229 Sponsus
1110 1158 1200 1228 qui
1234 1158 1325 1213 tibi
1373 1157 1777 1227 promittebatur

213 1251 430 1315 advenit,
463 1250 518 1304 in
553 1264 658 1319 quo
684 1259 769 1305 est
794 1265 968 1316 amor,
999 1250 1190 1320 gloria,
1232 1260 1285 1304 et
1325 1249 1576 1317 gaudium
1607 1257 1773 1301 tuum.

213 1342 468 1412 Sequitur,
500 1352 552 1396 et
574 1341 767 1396 inclina
794 1359 967 1396 aurem
1000 1353 1177 1408 tuam;
1209 1342 1348 1411 quod
1372 1341 1653 1411 oportebat
1678 1341 1781 1394 Ec-

212 1434 415 1489 clesiam
450 1432 652 1501 facere,
686 1444 743 1488 ut
773 1434 1155 1489 honorabiliter
1180 1434 1459 1503 propheta:
1483 1434 1640 1488 verba
1665 1448 1783 1502 per-

213 1524 422 1593 ciperet.
480 1518 791 1579 Obliviscere
832 1540 959 1579 vero
983 1565 997 1590 ,
1030 1526 1198 1589 dixit,
1243 1524 1487 1595 paputnm
1515 1534 1659 1577 tuum
1680 1541 1697 1587 ;
1730 1522 1782 1577 id

213 1626 286 1674 est
310 1618 496 1673 desere
523 1658 541 1685 ,
573 1628 625 1672 et
651 1633 680 1672 a
714 1617 817 1672 tuis
846 1618 1039 1672 animis
1082 1617 1259 1671 aliena
1309 1616 1464 1671 effice
1505 1615 1782 1671 conventi«

212 1709 321 1764 cuia
371 1714 739 1777 paganorum,
789 1707 902 1761 sive
955 1706 1361 1775 superstitiones
1411 1705 1782 1760 insanissimas

213 1800 530 1855 Judaeorum.
566 1798 785 1853 Domum
816 1797 1158 1868 Babyloniam
1191 1798 1480 1867 significat,
1509 1812 1629 1865 qua:
1654 1810 1784 1849 con-

215 1903 287 1945 tra
320 1890 619 1945 Ecclesiam
646 1888 843 1944 Christi
873 1888 1213 1958 nequissimis
1243 1888 1431 1943 incolis
1462 1887 1690 1957 gaudet;
1714 1892 1781 1940 .et
1810 1903 1858 1961 Β

214 1981 262 2036 in
294 1982 390 2037 hoc
434 1981 640 2036 mundo
691 1980 972 2051 possidens
1021 1982 1255 2034 confusa:
1285 1979 1453 2048 plebis
1496 1978 1733 2032 animum
1759 2016 1774 2041 ,

214 2084 409 2145 partem
438 2074 814 2145 s‘ivaindicat
857 2073 1206 2143 perditorum.
1240 2072 1413 2126 Patris
1443 2071 1555 2137 tui,
1590 2070 1778 2124 diabo-

215 2167 313 2221 lum
342 2168 508 2233 dicit,
541 2168 628 2237 qui
673 2181 855 2221 revera
889 2166 1031 2220 illam
1076 2164 1409 2220 confusionis
1437 2164 1654 2217 domum
1694 2175 1780 2214 se~

215 2262 439 2313 cundum
479 2258 713 2314 nominis
744 2259 825 2314 sui
856 2258 1348 2327 interpretationem
1388 2256 1625 2310 noscitur
1661 2268 1783 2322 pos-

215 2350 403 2405 sidere.
455 2349 564 2405 Sed
606 2349 882 2404 considera
912 2348 1052 2429 quod
1100 2348 1215 2402 haec
1263 2346 1498 2401 Ecclesia
1552 2354 1677 2399 tunc
1709 2343 1778 2397 ibi

215 2440 539 2508 morabatur,
568 2456 688 2495 cum
720 2441 953 2496 caelestis
982 2440 1174 2509 Sponsi
1205 2439 1428 2509 gratiam
1461 2452 1565 2491 non
1610 2435 1780 2490 habe-

214 2542 319 2599 ret;
349 2534 496 2586 unde
524 2542 577 2586 et
624 2534 768 2600 fusca
802 2533 995 2601 legitur
1029 2550 1040 2583 :
1077 2540 1202 2585 tunc
1250 2539 1427 2584 autem
1468 2529 1633 2583 nimio
1665 2527 1782 2595 pul-

213 2622 537 2676 ehritudinis
573 2622 767 2675 decore
820 2620 1031 2689 perfusa
1074 2629 1155 2675 est
1175 2660 1189 2683 ,
1218 2618 1431 2688 quando
1462 2632 1576 2672 cam
1606 2615 1785 2670 Domi-

214 2729 303 2768 nus
332 2714 404 2768 de
427 2713 675 2781 gentibus
706 2722 786 2766 est
816 2712 1062 2781 dignatus
1090 2712 1308 2778 eligere.

276 2802 436 2856 Vers.
471 2800 561 2855 15.
591 2800 846 2867 ρυοηίιιπι
879 2799 1160 2869 concupivit
1193 2799 1303 2852 Rea:
1328 2798 1544 2867 speciem
1595 2805 1735 2849 tuam
1765 2811 1784 2849 :

215 2894 324 2964 quia
350 2895 461 2963 ipse
504 2901 579 2945 est
609 2893 856 2946 Dominus
888 2892 1022 2946 Deus
1054 2902 1172 2945 tuus
1198 2933 1210 2955 ,
1245 2900 1291 2946 et
1331 2892 1619 2944 adorabunt
1647 2906 1783 2943 eum.

220 2985 306 3039 llic
331 2992 417 3039 est
457 2983 650 3037 modus
679 2984 851 3037 laudis
879 2998 1036 3052 quem
1068 2984 1312 3051 superius
1349 2983 1579 3038 diximus
1609 2999 1639 3037 a
1669 2997 1791 3051 spe-

219 3076 309 3130 cie.
349 3077 460 3130 ﬂea:
489 3076 667 3144 itaque
696 3076 796 3131 iste
825 3076 1073 3132 Salvator
1100 3086 1185 3131 est
1228 3077 1517 3145 Dominus,
1547 3077 1635 3146 qui
1668 3093 1788 3130 con-

221 3167 395 3235 cupivit
426 3166 717 3221 Ecclesium
745 3167 1198 3237 praevaricationis
1226 3169 1379 3233 culpa
1406 3168 1459 3222 in
1504 3176 1650 3222 sorte
1679 3169 1791 3222 dia-

1872 621 1996 661 care
2040 605 2317 660 tidelium.’
2348 607 2462 661 Non
2508 607 2648 662 enim
2695 606 2808 661 sola
2838 605 3004 676 Tyrus
3050 607 3182 662 filias
3229 606 3447 677 protulit
3512 648 3517 653 .

1871 696 2075 759 fideles,
2108 697 2201 750 sed
2243 697 2401 751 etiam
2432 700 2594 752 totius
2636 697 2816 752 mundi
2857 698 3091 754 adunuta
3139 699 3442 753 diversitas.

1874 790 2209 859 Quapropter
2236 790 2335 843 hoc
2362 791 2579 844 schema
2606 790 2799 845 dicitur
2829 790 2872 845 A
2900 800 3048 860 parte
3077 799 3266 847 totum.
3296 789 3449 844 Filia:

1876 879 2053 948 itaque
2092 879 2325 949 gentium
2365 880 2420 932 in
2459 880 2749 934 muneribus
2775 881 2970 935 vultum
2996 884 3328 950 deprecantur
3350 878 3453 934 Ec-

1875 969 2092 1035 clesiae,
2134 968 2347 1038 quando
2391 970 2764 1039 eleemosynas
2817 970 2900 1039 pia
2952 972 3223 1027 voluntate
3272 970 3454 1027 distri-

1877 1061 2065 1117 buunt.
2118 1063 2236 1131 lpsa
2283 1071 2410 1117 sunt
2456 1062 2598 1135 enim
2636 1078 2852 1131 munera
2877 1104 2891 1130 ,
2921 1079 3039 1134 qum
3073 1062 3336 1123 Divinitati
3369 1066 3453 1119 ni-

1879 1152 2043 1205 mium
2094 1154 2384 1219 probantur
2414 1162 2652 1220 accepta.
2679 1152 2827 1207 Tunc
2854 1154 2995 1206 enim
3036 1154 3088 1207 in
3119 1156 3324 1215 vultum
3353 1154 3456 1209 Ec-

1878 1243 2073 1310 clesiae,
2105 1243 2153 1298 id
2181 1252 2264 1298 est
2292 1243 2344 1298 in
2369 1245 2658 1299 Christiani
2686 1243 2867 1313 populi
2891 1243 3081 1298 faciem
3108 1245 3449 1315 intendimus,

1879 1336 2090 1405 quando
2119 1336 2454 1402 maiestatem
2501 1335 2705 1392 Christi
2755 1337 2858 1405 piis
2909 1336 3119 1392 ﬂetibus
3149 1353 3450 1394 exoramus.

1885 1426 2069 1481 Omnes
2100 1429 2277 1482 divites
2310 1429 2486 1496 plebis,
2512 1429 2841 1499 jungendum
2869 1436 2951 1483 est
2978 1429 3365 1498 superioribus,
3396 1438 3455 1485 ut

1882 1517 1951 1572 sit
1978 1518 2119 1573 istud
2151 1520 2503 1588 hyperbaton,
2538 1518 2587 1572 id
2616 1527 2696 1572 est
2731 1520 3079 1572 transcensio.
3115 1518 3269 1575 Filia:
3306 1518 3453 1589 Tyri,

1883 1625 2068 1665 omnes
2096 1626 2213 1680 quae
2253 1619 2376 1664 sunt
2401 1610 2591 1664 divites
2622 1609 2793 1678 plebis
2826 1610 2876 1663 in
2918 1609 3229 1665 muneribus
3254 1611 3454 1664 vultum

1885 1710 2034 1757 tuum
2064 1702 2514 1768 depreCabuntur.
2544 1700 2691 1755 Ordo
2715 1700 2856 1756 enim
2894 1700 2979 1754 hic
3007 1700 3290 1756 verborum
3322 1714 3452 1769 prae.

1886 1794 2171 1863 posteratis
2200 1792 2539 1846 sermonibus
2561 1791 2898 1859 explanatur.

1958 1886 2108 1941 Vers.
2146 1884 2230 1941 15.
2267 1885 2446 1939 Omnis
2476 1883 2641 1954 gloria
2680 1887 2793 1955 ejus
2824 1884 2947 1950 ﬁliae
2976 1898 3149 1953 regum
3180 1882 3240 1936 ab
3268 1882 3404 1936 intus
3435 1897 3454 1935 .'

1879 1977 1932 2029 in
1962 1976 2179 2045 ﬁmbriis
2208 1979 2376 2029 aureis
2398 1976 2777 2029 circumamicta
2800 1958 3055 2029 varietate.
3078 1974 3233 2029 Vides
3259 1989 3447 2044 quem-

1880 2069 2166 2125 admodum
2218 2071 2269 2122 iu
2330 2069 2582 2123 Ecclesia:
2628 2068 2893 2138 praeconio
2924 2064 3456 2135 perseveret.Gloria

1881 2174 1962 2218 est
1994 2161 2254 2231 siquidem
2288 2161 2558 2227 Ecclesiae,
2591 2159 2804 2228 quando
2853 2158 2971 2223 filiae
3000 2158 3318 2227 principum,
3345 2157 3456 2212 sive

1877 2251 2143 2322 justnrum
2189 2248 2569 2305 convertuntur
2599 2248 2663 2303 ad
2695 2249 2976 2303 Dominum
3004 2289 3018 2313 ,
3051 2258 3104 2302 et
3144 2257 3348 2304 secreta
3394 2263 3453 2305 se

1881 2343 2102 2412 cupiunt
2124 2341 2404 2397 devotione
2426 2339 2603 2395 cordis
2629 2340 2840 2395 offerre.
2866 2340 2937 2393 Ab
2969 2341 3104 2394 intus
3127 2341 3267 2395 enim
3293 2340 3455 2410 signi—

1884 2437 2006 2489 ficat
2030 2442 2232 2487 secreta
2257 2448 2531 2493 sensuum.
2558 2446 2661 2485 non
2688 2412 3125 2499 concrepantium
3151 2430 3408 2485 labiorum
3436 2449 3447 2484 :

1884 2528 1971 2582 ubi
2001 2527 2221 2581 interior
2244 2526 2403 2581 homo
2432 2526 2588 2580 tacita
2618 2525 2935 2596 cogitatione
2959 2523 3184 2579 revolvit
3208 2525 3345 2594 quod
3379 2525 3444 2579 ad

1885 2617 2063 2671 divina
2095 2618 2345 2688 mysteria
2395 2618 2659 2685 pertinere
2706 2614 3064 2684 cognoscitur.
3111 2616 3196 2671 Sic
3226 2616 3368 2670 enim
3403 2624 3455 2669 ct

1885 2713 1939 2766 in
1970 2712 2203 2766 Canticis
2232 2713 2563 2765 canticorum
2608 2710 2673 2765 de
2716 2710 2951 2764 Ecclesia
2978 2710 3176 2763 dictum
3208 2719 3291 2765 est
3320 2725 3334 2762 :
3366 2708 3456 2762 ln-
3482 2772 3485 2775 δ

1887 2802 2115 2855 traduxit
2138 2817 2214 2853 me
2238 2801 2345 2854 Rea:
2370 2801 2422 2853 in
2442 2800 2727 2853 cubiculum
2750 2815 2898 2852 suum
2919 2798 3089 2869 (Cant.
3117 2816 3172 2864 tt,
3198 2799 3274 2869 4).
3302 2801 3457 2854 Istam

1888 2895 2212 2951 locutionem
2242 2892 2363 2960 [ilia
2402 2908 2575 2960 regum
2614 2892 2675 2943 ub
2704 2892 2862 2957 intus,
2896 2892 3036 2945 inter
3070 2892 3279 2959 propria
3328 2892 3459 2962 legis

1889 2984 2087 3041 divinae
2117 2990 2461 3047 connumera,
2493 2996 2647 3051 quam
2673 2981 2725 3034 in
2749 2982 3125 3036 communione
3156 2980 3286 3053 [ρειι.⁷
3314 2996 3459 3038 com-

1888 3070 2070 3143 mune]
2104 3087 2209 3127 non
2267 3072 2528 3125 invenies.
2587 3069 2877 3138 Sequitur,
2926 3070 2977 3123 in
3029 3070 3243 3139 ﬁmbriis
3293 3074 3459 3128 aureis

1890 3165 2270 3219 circumamicta
2293 3163 2547 3215 varietate.
2566 3158 2815 3215 Fimbria:
2830 3169 2955 3216 sunt
2976 3161 3193 3216 finitima
3213 3164 3460 3231 vestium,

223 3257 319 3311 buli
345 3259 733 3325 constitutam,
765 3274 925 3328 quam
967 3260 1421 3328 speciosissimam
1464 3258 1592 3314 fecit
1638 3260 1783 3329 ipse,
1817 3272 1863 3333 ο
1891 3274 2009 3329 qua:
2038 3259 2089 3312 in
2112 3257 2339 3311 stamine
2364 3256 2623 3324 colligata:
2647 3262 2896 3323 tanquam
2919 3254 3228 3323 capillorum
3252 3266 3461 3329 segetes

223 3365 319 3405 non
343 3352 567 3420 reperit.
604 3351 763 3407 Fmda
794 3362 929 3415 erat,
961 3365 1083 3407 cum
1115 3367 1233 3407 eam
1280 3352 1496 3407 tenebat
1527 3354 1739 3406 invasor
1770 3370 1783 3406 :

223 3444 430 3509 pulchra
464 3444 605 3498 facta
632 3453 734 3513 cst,
779 3459 898 3499 cum
930 3445 995 3498 ad
1023 3460 1180 3499 suum
1211 3445 1468 3499 remeavit
1495 3453 1785 3498 auctorem.

224 3534 292 3592 De
317 3551 415 3607 qua
446 3538 682 3608 legitur,
716 3553 828 3607 qua:
868 3546 942 3592 est
985 3538 1081 3591 ista
1127 3553 1241 3608 qua
1280 3538 1507 3591 ascendit
1556 3536 1790 3591 dealbata

225 3627 385 3698 (Cant.
416 3646 533 3693 vttt,
561 3629 656 3699 5)?
686 3629 753 3684 Et
778 3629 1060 3685 considera
1088 3629 1229 3699 quod
1259 3630 1373 3685 haec
1401 3630 1606 3699 Sponsa
1633 3627 1787 3699 quasi

225 3720 371 3775 simili
404 3721 657 3775 laudatur
682 3721 856 3787 initio,
888 3721 1030 3775 sicut
1076 3723 1320 3789 superius
1349 3722 1415 3775 de
1441 3720 1652 3789 Sponso
1679 3720 1792 3773 dic-

226 3818 325 3867 tutn
371 3822 494 3869 est:
534 3810 808 3884 Speciosus
850 3815 1015 3883 forma
1048 3827 1152 3881 pra:
1195 3812 1318 3881 ﬁliis
1361 3811 1639 3865 hominum.
1685 3810 1791 3866 Sed

226 3903 305 3959 ille
332 3907 379 3960 iu
409 3908 591 3976 specie
632 3920 725 3961 sua
765 3907 964 3961 habere
1004 3907 1176 3961 dictus
1228 3915 1311 3961 est
1343 3906 1791 3976 pulchritudinem

225 3997 543 4068 singularem
575 4016 592 4063 ;
622 3999 736 4055 hate
772 4014 903 4055 vero
944 3999 1065 4054 ideo
1106 4000 1324 4069 pulchra
1354 4010 1473 4067 est,
1528 4000 1648 4068 quia
1691 3999 1793 4053 sibi

226 4102 338 4142 eam
366 4091 590 4145 sociavit
614 4090 872 4160 Sponsus.
910 4091 999 4146 Sic
1030 4101 1200 4145 tontm
1244 4091 1497 4146 distincte
1544 4092 1795 4158 varieque

227 4179 439 4248 dicitur;
467 4185 707 4253 quamvis
740 4185 871 4252 ipsis
898 4183 1054 4238 lineis
1082 4193 1138 4238 et
1160 4181 1373 4253 Sponsa
1403 4182 1670 4237 laudetur.
1698 4182 1793 4237 Sec

226 4272 435 4341 quitur,
475 4275 611 4343 Quia
649 4278 757 4344 ipse
785 4284 858 4329 est
906 4274 1152 4329 Dominus
1199 4274 1339 4329 Deus
1383 4286 1521 4328 tuus.
1554 4273 1670 4329 Non
1703 4274 1792 4330 ille

225 4378 377 4432 quem
405 4375 611 4436 patrem
662 4368 903 4435 dicebas,
937 4382 1040 4423 non
1072 4369 1160 4437 qui
1210 4378 1260 4421 te
1304 4367 1504 4423 fecerat
1537 4367 1788 4422 tenebro-

227 4468 332 4509 sam
361 4472 376 4522 ;
408 4459 505 4514 sed
539 4458 641 4514 iste
670 4468 742 4512 est
771 4459 1019 4514 Dominus
1048 4458 1189 4513 Deus
1216 4468 1350 4527 tuus,
1396 4458 1486 4529 qui
1518 4458 1794 4529 pristinam

227 4546 540 4604 submovens
574 4550 896 4616 foeditatem,
949 4552 1394 4619 pulchritudinem
1445 4550 1539 4605 tibi
1571 4550 1797 4604 contulit

1892 3349 2231 3418 dependent;
2268 3362 2360 3416 per
2389 3360 2520 3416 quas
2570 3346 2844 3401 hominum
2870 3347 2976 3401 vita
3010 3347 3336 3417 significatur
3364 3364 3459 3404 ex-

1892 3450 2078 3496 trema.
2116 3441 2239 3495 ιιίεο
2270 3454 2376 3494 non
2422 3439 2669 3493 deaurata
2719 3440 2803 3508 (ut
2842 3436 3025 3509 supra)
3073 3440 3167 3494 sed
3214 3455 3354 3494 nunc
3384 3441 3459 3495 illi

1892 3546 2012 3587 esse
2043 3538 2197 3584 aurea
2229 3530 2533 3600 profitetur;
2564 3530 2683 3599 quia
2714 3528 2766 3583 in
2796 3529 2899 3583 fine
2932 3538 3038 3583 tota
3064 3529 3320 3597 perfectio
3350 3541 3454 3598 est,

1895 3626 1982 3680 ubi
2010 3625 2245 3680 charitas
2292 3639 2398 3678 non
2428 3630 2677 3692 tanquam
2707 3622 2960 3677 deaurata
2989 3625 3337 3690 c0nspicitur,
3367 3626 3457 3680 sed

1889 3719 1997 3788 jam
2040 3719 2346 3789 plenissima
2396 3724 2647 3787 tanquam
2712 3730 2867 3768 aurea
2912 3716 3192 3783 reperitur.
3238 3716 3462 3771 Circum»

1894 3814 2081 3866 amicta
2106 3826 2231 3866 vero
2262 3810 2501 3863 varietate
2524 3849 2539 3873 ,
2571 3808 2736 3873 dicit,
2774 3816 2989 3877 propter
3033 3808 3203 3861 varias
3242 3809 3463 3863 virtutes

1898 3907 2151 3971 fidelium,
2175 3920 2307 3974 quas
2336 3905 2579 3971 superius
2608 3909 2818 3958 constat
2839 3902 3128 3971 expositas.
3160 3901 3360 3967 Quibus
3388 3902 3464 3955 di-

1894 3996 2236 4050 versitatibus
2294 3993 2513 4058 induta,
2566 4005 2783 4045 necesse
2832 3999 2913 4043 est
2970 3989 3221 4043 discolori
3268 3990 3462 4044 amictu

1894 4086 2155 4139 catholica
2182 4084 2437 4137 vestiatur
2470 4082 2731 4135 Ecclesia.
2772 4080 2882 4134 Hoc
2911 4089 2965 4134 et
2998 4080 3159 4134 vestis
3191 4080 3278 4133 illa
3305 4083 3466 4148 signi-

1896 4176 2073 4230 ficavit
2101 4179 2300 4238 Aaron,
2324 4190 2440 4242 qua:
2468 4188 2619 4236 auro,
2647 4186 2898 4241 purpura,
2924 4174 3106 4243 bysso,
3130 4187 3313 4237 cocco,
3341 4174 3468 4245 hya‘
3510 4240 3515 4249 ᾖ

1897 4264 2186 4332 ciutltoqtte
2214 4269 2465 4316 contexta
2502 4273 2602 4315 est.

1918 4355 1928 4361 ’
1972 4354 2120 4410 Vers.
2156 4354 2243 4408 l6.
2277 4354 2604 4407 Adducentur
2633 4351 2760 4423 Regi
2788 4354 3002 4423 virgines
3028 4364 3139 4423 post
3172 4370 3278 4407 eam
3309 4370 3468 4426 :pro-

1895 4447 2049 4500 mimae
2069 4447 2177 4516 ejus
2203 4442 2480 4511 a/ferentur
2507 4445 2614 4499 tibi.
2644 4444 2787 4499 Sicut
2821 4446 2977 4500 tertio
3004 4446 3242 4515 Sponsus
3270 4465 3296 4498 ει
3320 4446 3468 4515 judi-

1897 4540 1981 4593 cio
2025 4538 2341 4608 praedicatus
2371 4548 2475 4601 est,
2508 4538 2575 4591 ita
2604 4546 2657 4592 ct
2689 4538 2772 4592 hic
2802 4539 2960 4592 tertio
2993 4540 3110 4592 loco
3141 4554 3171 4591 a
3212 4539 3466 4591 membris
3516 4612 3517 4615 η

229 4638 530 4706 nuptialem.
583 4638 810 4694 lnfertur
840 4655 1052 4710 quoque
1090 4643 1352 4696 sententia
1407 4640 1694 4695 salutaris:
1732 4640 1793 4692 Et
1820 4661 1874 4721 Ι)
1899 4634 2007 4686 suis
2035 4633 2242 4701 Sponsa
2276 4632 2534 4683 laudatur.
2586 4631 2647 4683 Et
2688 4630 2803 4682 vide
2834 4644 2991 4698 quam
3037 4636 3282 4697 potenter
3312 4630 3456 4683 ordi-

229 4729 503 4784 adorabunt
552 4747 697 4798 eum,
742 4734 790 4786 id
835 4741 917 4787 est
960 4748 1145 4787 omnes
1184 4733 1363 4803 populi
1410 4732 1498 4802 qui
1548 4741 1597 4785 te
1646 4732 1789 4803 [mss.

228 4816 309 4883 Α.,
338 4818 427 4886 Β.,
454 4818 548 4887 F.,
576 4820 663 4892 de]
687 4837 781 4876 sua
803 4823 1212 4892 congregatione
1238 4832 1473 4877 sanctam
1500 4822 1791 4877 Ecclesium

227 4908 566 4965 reddiderunt
596 4928 611 4964 :
647 4912 746 4979 ipsi
773 4912 1062 4965 adorabunt
1090 4928 1194 4979 non
1223 4921 1306 4978 te,
1340 4912 1434 4967 sed
1466 4912 1786 4977 Dominum;

227 5000 337 5068 quia
367 5000 542 5057 honor
569 5013 688 5057 tuus
709 5002 763 5057 in
792 5004 881 5057 illo
907 5014 1011 5072 est,
1040 5012 1091 5059 et
1134 5004 1411 5059 beatitudo
1443 5013 1532 5058 tua
1564 5010 1648 5059 est
1675 5003 1792 5072 ejus

228 5089 385 5157 gloria
411 5096 761 5162 sempiterna.

292 5190 441 5248 Vere.
474 5193 558 5247 14.
588 5191 743 5246 Filia:
766 5191 886 5262 Tyri
914 5193 968 5246 in
993 5192 1287 5245 muneribus
1316 5188 1506 5244 vultum
1530 5200 1673 5243 tuum
1700 5188 1790 5241 de-

231 5288 582 5357 precabuntur,
614 5304 787 5342 omnes
812 5287 991 5340 divites
1017 5284 1195 5352 plebis.
1230 5283 1382 5338 Vertit
1404 5282 1467 5336 ad
1496 5280 1793 5338 secundum

230 5384 461 5451 modum,
498 5384 550 5437 in
579 5399 684 5450 quo
713 5382 957 5450 superius
998 5380 1064 5432 de
1102 5380 1311 5442 Sponso
1334 5376 1463 5429 dicit
1497 5393 1510 5429 :
1543 5373 1792 5437 Intende,

230 5488 460 5543 prospere
505 5474 756 5543 procede,
801 5482 846 5525 et
889 5486 1067 5540 regna.
1102 5467 1195 5523 llic
1239 5476 1412 5520 autem
1445 5464 1674 5533 dignitas
1713 5470 1796 5516 est

232 5567 719 5637 Ecclesigdevotos
749 5568 974 5639 populos
996 5566 1220 5619 Domino
1246 5561 1546 5629 supplicare
1571 5576 1585 5623 ;
1620 5568 1666 5611 et
1692 5558 1797 5611 sic-

234 5670 288 5715 ut
328 5663 398 5718 ibi
446 5664 678 5731 potentia
712 5662 904 5731 Sponsi
936 5659 1257 5714 describitur
1287 5696 1304 5721 ,
1340 5655 1408 5707 ita
1442 5662 1493 5706 et
1523 5654 1604 5704 hic
1630 5652 1796 5720 gloria

234 5755 451 5826 Sponsa
475 5757 540 5813 de
568 5756 770 5813 Christi
816 5754 1018 5809 honore
1059 5752 1383 5807 declaratur.
1419 5746 1584 5817 Tyrus
1614 5744 1798 5798 civitas

239 5860 312 5910 est
356 5868 460 5908 non
489 5851 641 5924 longe
684 5851 750 5908 ab
789 5848 1134 5919 Jerosolymis
1156 5842 1443 5902 constituta
1480 5858 1492 5895 :
1528 5838 1619 5895 sed
1651 5836 1798 5907 ﬁlia-

1901 4740 2020 4777 nem
2049 4731 2226 4777 servat
2251 4740 2265 4776 :
2296 4722 2625 4774 Adducentur
2658 4720 2781 4789 Regi
2800 4720 3018 4787 virgines
3046 4730 3154 4788 post
3186 4735 3318 4786 eant,
3344 4728 3462 4788 post

1902 4814 2193 4869 Ecclesiam
2232 4816 2439 4881 utique,
2474 4813 2591 4882 quia
2636 4815 2777 4879 prius
2810 4810 2928 4874 fuit,
2959 4818 3015 4864 ut
3043 4808 3158 4878 ejus
3184 4812 3358 4863 unitas
3389 4810 3470 4865 di.

1900 4916 2131 4973 ceretur,
2155 4917 2209 4961 et
2239 4918 2355 4976 post
2376 4906 2708 4961 enumeratio
2736 4905 2963 4972 p.trti':m
2996 4902 3244 4957 distincta
3276 4920 3468 4972 prove-

1900 5002 2057 5055 niret.
2092 5001 2155 5053 Et
2196 5000 2403 5054 intuere
2426 4998 2563 5069 quod
2594 4998 2760 5063 dixit,
2792 4996 3131 5063 adducentur,
3162 5006 3220 5050 ut
3250 4997 3462 5052 Domini

1899 5091 2065 5161 gratia
2096 5090 2431 5156 declaretur,
2490 5085 2648 5159 154
2693 5095 2809 5153 quae
2863 5101 2960 5140 nos
3009 5086 3074 5139 ad
3104 5101 3162 5143 se
3201 5087 3461 5151 adducit,

1900 5184 2114 5254 quando
2136 5200 2231 5237 nos
2262 5184 2544 5237 miseratus
2572 5178 2902 5247 inspexerit;
2932 5179 3069 5234 sicut
3094 5179 3144 5233 in
3172 5179 3467 5248 Evangelio

1900 5279 2099 5333 dictum
2129 5284 2215 5333 est
2243 5294 2259 5331 :
2294 5276 2458 5329 Nemo
2490 5274 2621 5326 venit
2650 5274 2717 5325 ad
2744 5285 2843 5339 me,
2873 5272 2972 5326 nisi
3015 5272 3165 5327 Pater
3203 5273 3468 5326 attraxerit

1898 5387 2012 5425 eum
2045 5367 2225 5438 (Joon.
2249 5382 2323 5431 v1,
2345 5364 2578 5435 44).Sed
2604 5381 2720 5432 qua:
2742 5365 2955 5437 virgines
2977 5372 3100 5419 ante
3125 5371 3469 5433 conspectum

1900 5464 2112 5519 Domini
2163 5462 2523 5516 adducuntur?
2577 5458 2764 5513 fideles
2794 5459 3033 5522 scilicet,
3082 5466 3138 5511 et
3182 5458 3371 5525 pudica
3410 5469 3471 5511 se

1903 5562 2080 5608 tuente
2108 5558 2423 5605 tractantes.
2461 5548 2590 5602 Nam
2633 5548 2759 5618 quid
2798 5547 3034 5615 proderit
3063 5546 3306 5615 cuiquam
3351 5560 3470 5601 cor-

1903 5662 1999 5716 pus
2026 5646 2280 5699 intactum
2310 5655 2546 5706 scrvare,
2578 5641 2621 5696 si
2650 5644 2923 5709 contingat
2949 5654 3064 5694 eam
3110 5638 3467 5705 integritatem

1902 5737 2028 5791 fidei
2059 5751 2163 5790 nuit
2196 5733 2428 5788 habere?
2457 5733 2707 5803 Sequitur
2733 5775 2746 5798 ,
2779 5733 3025 5799 proxima!
3048 5733 3162 5794 eius
3193 5727 3469 5792 a/ferentur

1904 5830 2015 5883 tibi.
2050 5825 2337 5894 Alferentur
2361 5826 2471 5892 tibi,
2501 5826 2609 5881 Deo
2634 5824 2849 5879 dicitur.
2872 5822 3131 5875 Proxima:
3151 5826 3270 5873 sunt
3291 5824 3469 5878 autem
