4004 6342
446 392 543 450 527

1612 392 1683 451 Μ.
1723 389 1999 450 Αυηειιι
2034 388 2446 451 CASSIODORI

3627 389 3737 448 5‘28

444 508 725 580 Ecclesiae,
752 507 807 567 id
834 517 919 568 est
948 510 1126 568 viduae
1155 516 1319 568 castae
1344 550 1360 579 ,
1400 523 1524 581 quas
1556 507 1729 581 gradu
1776 508 2031 564 interiore
2055 508 2111 569 Δ
2133 505 2337 563 chorus
2366 502 2746 577 spiritualibus
2791 502 2984 560 ﬁstulis
3012 500 3382 575 gratissimum
3423 501 3731 574 permulcet

445 599 757 671 iunguntur.
786 599 920 657 Nam
953 616 1076 659 cum
1120 600 1398 671 virginitas
1438 598 1634 655 habeat
1677 597 2030 654 centesimum

448 694 676 750 fructum
707 734 724 762 ,
773 693 892 751 ista
938 695 1274 767 sexagesima
1308 696 1554 751 ubertate
1597 693 1916 765 gloriantur.
1969 691 2036 749 Et

448 787 573 845 vide
617 788 673 843 in
712 786 842 859 ipsis
884 789 1194 844 nominibus
1222 804 1330 847 non
1376 789 1655 845 minimam
1686 802 1808 844 esse
1833 786 2037 843 distan-

450 881 604 937 tiam.
638 880 876 953 Virgines
903 880 1042 937 dixit
1069 881 1282 951 adduci,
1310 898 1432 952 quas
1460 880 1703 951 corporis
1733 879 2037 951 integritate

450 972 685 1029 robusta
715 980 842 1029 sunt
872 990 887 1039 ;
920 973 1109 1029 viduas
1135 973 1333 1041 aﬂ‘erri,
1351 990 1470 1045 quas
1500 974 1819 1045 plerumque
1848 970 2036 1026 fractas

452 1080 483 1122 a
508 1064 740 1123 diversis
764 1065 1215 1124 sollicitudinibus
1244 1066 1885 1139 corporisimbecillitate
1912 1064 2038 1121 fati-

451 1168 664 1232 gantur.

521 1253 676 1311 Vera.
714 1255 804 1311 i7.
838 1252 906 1310 In
933 1255 1118 1311 ltetitia
1146 1264 1195 1311 et
1227 1254 1591 1324 exsultatione,
1623 1255 1954 1309 adducentur
1983 1253 2038 1307 in

453 1345 709 1414 temiilum
749 1346 923 1418 Regis.
960 1345 1026 1401 Ut
1052 1346 1268 1416 copiosa
1297 1361 1519 1402 munera
1548 1354 1750 1402 sanctas
1783 1343 2043 1401 Ecclesia:

453 1437 775 1494 conferenda
792 1445 1139 1506 monstraret,
1160 1438 1291 1493 dicit
1311 1453 1436 1493 eam
1457 1439 1513 1492 in
1534 1438 1716 1493 ltetitia
1742 1446 1790 1492 et
1816 1436 2045 1491 exsulta-

455 1530 593 1586 tione
619 1532 936 1604 angelorum
965 1530 1283 1586 ministeriis
1306 1531 1666 1585 adducendam
1692 1547 1712 1596 ;
1738 1538 1795 1585 et
1821 1544 1928 1583 non
1958 1542 2048 1584 so-

456 1623 567 1679 lum
596 1623 664 1679 ad
691 1632 1258 1694 conspectum,verum
1284 1622 1523 1679 etiamin
1553 1619 1918 1692 penetralibus
1938 1620 2048 1675 lle-

455 1714 558 1787 gis,
593 1714 647 1771 id
673 1724 758 1770 est
786 1716 839 1770 in
869 1715 1167 1771 Jerusalem
1191 1712 1448 1781 futuram,
1470 1711 1564 1768 ubi
1585 1711 1801 1768 venisse
1830 1710 2048 1766 beatum

456 1806 705 1879 gaudium
731 1816 835 1874 est,
866 1817 921 1864 et
946 1806 1179 1878 gloriosa
1207 1807 1497 1862 securitas.
1534 1805 1726 1861 Merito
1768 1819 1899 1875 ergo
1926 1803 2045 1859 dic-

459 1908 575 1956 tum
601 1910 705 1968 est,
737 1900 1064 1955 adducentur
1087 1912 1209 1954 cum
1237 1898 1417 1953 ltetitia
1438 1906 1486 1952 et
1512 1897 1891 1962 exsultatione;
1920 1895 2044 1965 quia
2074 1897 2124 1961 B

456 2004 621 2047 sexus
649 1990 740 2048 ille
778 1992 981 2064 fragilis
1022 1992 1150 2049 vicit
1192 1992 1537 2065 gravissimas
1578 2004 1871 2062 corporum
1918 2002 2044 2061 pas-

457 2083 640 2142 siones

530 2178 688 2236 Vers.
721 2181 809 2237 18.
847 2179 952 2237 Pro
979 2182 1210 2255 patribus
1232 2182 1334 2238 tuis
1361 2181 1471 2237 nati
1495 2189 1614 2239 sunt
1636 2181 1729 2237 tibi
1751 2181 1851 2253 ﬁlii
1880 2197 1896 2235 :
1922 2196 2050 2237 con-

460 2270 640 2326 stitues
679 2289 762 2328 eos
798 2274 1056 2345 principes
1106 2292 1259 2347 super
1302 2291 1504 2330 omnem
1533 2283 1741 2331 terram.
1780 2273 1938 2330 Venit
1981 2271 2049 2330 ad

462 2372 715 2433 quartum
745 2365 987 2432 modum,
1011 2366 1064 2420 in
1087 2382 1193 2437 quo
1217 2381 1380 2436 supra
1407 2366 1739 2437 descriptum
1766 2374 1850 2422 est
1870 2381 1901 2422 a
1927 2378 2051 2436 gra-

461 2454 618 2512 dibus
639 2456 895 2515 eburneis
917 2459 1217 2516 Ecclesiam
1252 2460 1465 2516 venisse
1482 2501 1498 2527 ,
1532 2475 1652 2530 qua:
1682 2459 1748 2515 ad
1774 2458 2051 2516 dexteram

463 2545 627 2619 Regis
654 2560 842 2606 ornata
869 2551 1214 2611 consisteret.
1243 2553 1394 2610 Nunc
1419 2562 1598 2610 autem
1622 2563 1869 2625 potenter
1889 2568 2051 2625 expo-

461 2641 609 2698 nitur
634 2652 840 2713 quanto
891 2646 1231 2703 incremento
1259 2648 1377 2704 hac
1406 2647 1615 2718 Sponsa
1647 2646 1963 2719 profecerit,
1996 2654 2055 2701 ut

462 2753 557 2808 pro
604 2738 839 2807 antiquis
879 2741 1147 2810 patribus,
1191 2740 1245 2797 id
1273 2748 1359 2798 est
1390 2741 1657 2797 idolorum
1714 2739 2051 2807 cultoribus,

460 2831 568 2885 nati
591 2832 692 2887 sint
713 2831 793 2887 illi
818 2833 915 2899 ﬁlii
946 2834 1184 2904 apostoli
1209 2880 1224 2906 ,
1264 2850 1401 2907 quos
1429 2836 1689 2908 principes
1719 2835 2055 2905 pradicatio—

460 2922 547 2979 nis
573 2922 627 2979 in
658 2932 772 2981 toto
801 2934 1070 2984 terrarum
1102 2928 1237 2984 orbe
1285 2929 1607 2985 transmisit.
1659 2928 1768 2984 Sed
1795 2936 2055 2999 quantum

460 3026 584 3072 sunt
605 3016 707 3073 ista
730 3017 995 3090 disparia,
1020 3028 1231 3077 tantum
1252 3020 1503 3077 laudatur
1525 3020 1789 3077 Ecclesia.
1808 3020 1889 3076 llli
1910 3020 2056 3077 enim

460 3115 617 3163 erant
644 3107 963 3165 seductores
989 3111 1196 3167 erroris
1223 3152 1238 3177 ,
1271 3112 1362 3167 isti
1394 3112 1639 3182 magistri
1666 3112 1944 3177 veritatis;
1977 3109 2056 3166 illi

460 3200 803 3256 seminabant
829 3202 1017 3268 exitia,
1044 3203 1130 3258 isti
1161 3202 1519 3259 hortabantur
1549 3203 1617 3258 ad
1646 3202 1833 3258 vitam.
1865 3201 1910 3257 Ο
1934 3201 2053 3257 laus

2140 597 2426 663 auditum;
2478 596 2567 652 hic
2595 595 2721 652 talis
2753 595 2955 652 musica
2984 594 3190 667 geritur
3214 634 3230 662 ,
3271 608 3371 666 per
3419 608 3583 665 quam
3631 593 3740 650 hu-

2142 703 2303 745 mana
2335 689 2523 745 laetitia
2553 700 2751 747 cuncta
2780 689 3050 745 vincatur.
3092 687 3243 745 Pasti
3283 702 3495 755 sumus,
3527 702 3562 743 ο
3591 686 3740 746 bone

2139 782 2281 848 Rex,
2312 783 2563 840 convivio
2594 783 2821 855 nuptiali
2851 783 3074 840 delicias
3113 784 3369 841 caelestes
3390 781 3737 840 haurientes.

2139 876 2346 934 Prasta
2374 878 2552 944 nobis,
2581 878 2793 952 Sponse
2819 881 3105 952 mirabilis,
3135 889 3197 937 ut
3221 884 3311 953 qui
3335 880 3425 938 hic
3443 895 3543 952 spe
3570 880 3740 938 laetati

2139 984 2352 1036 sumus,
2383 971 2438 1026 in
2464 971 2644 1029 futuro
2674 973 3071 1044 perfectissimo
3098 974 3296 1045 gaudio
3325 973 3731 1044 compleamur.

2142 1062 2301 1120 Hunc
2329 1063 2490 1119 etiam
2520 1064 2787 1136 psalmum
2810 1074 2866 1121 et
2886 1066 3078 1122 beatus
3105 1066 3470 1138 Hieronymus
3491 1067 3559 1121 ad
3585 1066 3745 1122 Prin-

2142 1154 2339 1225 cipiam
2367 1156 2632 1227 virginem
2658 1156 2903 1213 scribens
2944 1157 3141 1230 (Epist.
3178 1158 3332 1230 140),
3371 1158 3606 1214 mirabili
3651 1158 3743 1229 (ut

2145 1236 2370 1317 assolet)
2412 1246 2592 1302 nitore
2623 1247 2891 1303 tractavit.
2941 1248 3113 1315 Quem
3145 1248 3269 1305 ideo
3299 1263 3744 1305 commemoran-

2146 1335 2273 1392 dum
2320 1352 2444 1394 esse
2490 1339 2834 1408 putavimus;
2887 1348 2945 1395 ut
2981 1340 3125 1411 quod
3154 1355 3184 1396 a
3216 1341 3376 1397 nobis
3414 1342 3597 1397 minus
3630 1341 3744 1397 for-

2148 1435 2294 1486 tasse
2325 1428 2665 1485 declaratum
2693 1438 2810 1499 est,
2838 1429 2987 1488 illius
3017 1432 3119 1488 viri
3147 1431 3454 1491 doctissimi
3477 1432 3744 1505 explana-

2148 1519 2383 1577 tionibus
2408 1521 2746 1591 suppleatur.

2421 1632 2785 1691 EXPOSITIO
2822 1633 2892 1690 IN
2934 1634 3262 1693 PSALMUM
3301 1636 3462 1695 XLV.

2327 1745 2396 1802 In
2419 1747 2596 1816 linem,
2628 1748 2753 1818 [iliis
2780 1747 2909 1805 Core
2935 1765 3031 1821 pro
3060 1752 3265 1807 arcanis
3294 1753 3547 1823 psalmus.

2226 1858 2294 1915 In
2320 1860 2495 1930 ﬁnem,
2522 1870 2708 1918 notum
2747 1871 2831 1919 est
2858 1863 3313 1934 quemadmodum
3354 1864 3423 1921 ad
3452 1865 3742 1923 Dominum

2148 1952 2334 2009 Iesum
2362 1953 2645 2011 Christum
2672 1955 2842 2026 possit
2872 1956 3086 2013 referri.
3109 1954 3278 2013 Filios
3306 1967 3485 2014 autem
3512 1956 3648 2014 Core
3676 1959 3743 2014 si-

2148 2045 2391 2117 gnificari
2437 2046 2669 2103 dicimus
2706 2048 3085 2116 Christianos,
3115 2065 3183 2105 ex
3224 2065 3460 2122 quorum
3510 2064 3744 2122 persona

2150 2130 2391 2207 psalmus
2414 2138 2519 2196 iste
2547 2148 2818 2197 cantatur.
2855 2140 2959 2195 Pro
3002 2142 3208 2197 arcanis
3238 2158 3372 2199 vero
3394 2183 3408 2207 ,
3452 2143 3744 2201 adventum

2150 2229 2369 2286 Domini
2415 2230 2689 2302 significat
2729 2233 3028 2290 Salvatoris
3049 2273 3065 2301 ,
3097 2250 3259 2306 quem
3302 2234 3609 2294 divinitatis
3635 2253 3746 2295 sua:

2149 2323 2631 2398 mirabilisecreto
2662 2340 2761 2398 pro
2792 2327 3069 2383 hominum
3105 2329 3284 2386 salute
3317 2330 3608 2402 disposuit.

2718 2439 2917 2498 Divisio
2957 2444 3164 2513 psalmi.

2226 2553 2346 2609 Filii
2360 2554 2518 2620 Core,
2536 2555 2627 2625 qui
2644 2554 2833 2612 fideles
2853 2555 3049 2612 debent
3068 2556 3289 2629 intelligi
3302 2557 3616 2628 Christiani,
3629 2562 3742 2632 pri-

2155 2663 2242 2704 mo
2263 2648 2507 2705 membro
2522 2649 2713 2719 psalmi
2741 2663 2845 2705 non
2874 2664 2934 2705 se
2959 2650 3149 2706 timere
3182 2650 3505 2718 profitentur
3519 2662 3741 2709 contur-

2153 2740 2399 2797 bationes
2418 2741 2636 2807 saeculi;
2662 2741 2787 2812 quia
2810 2741 2953 2797 Deus
2978 2740 3244 2811 refugium
3266 2757 3454 2799 eorum
3480 2744 3737 2815 probatur

2154 2839 2209 2887 et
2236 2831 2430 2887 virtus.
2460 2831 2713 2888 Secundo
2735 2831 3014 2888 Christum
3050 2832 3237 2889 dicunt
3260 2848 3528 2905 apparere
3554 2835 3610 2891 in
3641 2852 3739 2893 me

2154 2924 2245 2980 dio
2270 2924 2524 2981 Ecclesiae
2552 2939 2686 2994 suae,
2726 2924 2819 2995 qui
2844 2939 2963 2981 eam
2991 2925 3045 2981 in
3072 2927 3257 2997 seipso
3284 2934 3545 2999 tanquam
3575 2929 3628 2983 in
3658 2944 3739 2985 so~

2156 3015 2415 3073 lidissima
2442 3027 2594 3089 petra
2621 3018 2894 3074 aedificare
2912 3018 3172 3090 dignatus
3189 3028 3291 3077 est.
3316 3020 3502 3077 Tertio
3523 3022 3739 3079 creden-

2158 3110 2293 3166 tium
2317 3110 2474 3166 turba
2504 3111 2832 3183 generaliter
2867 3111 3133 3168 invitatur
3160 3112 3229 3167 ad
3257 3112 3445 3169 divina
3474 3116 3737 3185 magnalia

2158 3200 2485 3269 contuenda,
2516 3201 2763 3259 dicentes
2789 3202 3219 3273 omnipotentem
3261 3203 3430 3261 Deum
3461 3219 3615 3261 arma
3644 3221 3738 3262 ne-

464 3290 625 3362 digna
655 3300 817 3348 tanta;
864 3294 1091 3362 tantum,
1122 3294 1284 3365 quale
1311 3293 1413 3349 fuit
1438 3293 1610 3350 hostis
1634 3294 1944 3365 complexus
1970 3293 2051 3350 fu.
2080 3276 2128 3341 C
2157 3290 2341 3362 quitia:
2367 3291 2730 3364 confringere,
2762 3292 2904 3350 bella
2940 3308 3245 3364 removere,
3278 3303 3333 3353 et
3372 3296 3653 3354 tristitiam
3682 3297 3738 3353 fi-

455 3390 695 3452 gere,‘et
720 3381 981 3439 Tonantis
1010 3383 1227 3454 nuptias
1257 3382 1528 3440 invenire!
1560 3384 1664 3453 Qui
1686 3385 1836 3440 locus
1857 3384 2053 3442 merito

462 3474 657 3533 dicitur
683 3477 799 3535 laus
830 3492 860 3534 a
888 3478 1079 3550 prole,
1127 3477 1386 3549 quoniam
1420 3476 1507 3533 hic
1535 3478 1831 3548 posteritas
1864 3486 2051 3536 sancta

462 3568 802 3637 praedicatur.
878 3552 893 3558 ’

536 3655 691 3713 Vers.
718 3657 805 3714 l9.
833 3658 1086 3715 Mensores
1126 3668 1277 3717 erunt
1306 3660 1527 3717 nominis
1553 3661 1629 3716 tui
1657 3661 1712 3717 in
1738 3662 1877 3717 omni
1898 3677 2049 3734 gene-

463 3749 659 3805 ratione
693 3758 744 3804 et
786 3753 1030 3824 progenie
1072 3767 1091 3806 :
1124 3763 1396 3825 prapterea
1440 3753 1625 3825 populi
1672 3754 2052 3825 conﬁtebuntur

464 3839 552 3894 tibi
575 3840 625 3894 in
653 3848 923 3910 retentum,
951 3851 999 3897 et
1028 3843 1083 3897 in
1102 3843 1352 3898 sweulum
1378 3846 1581 3899 steculi.
1617 3844 1872 3900 Memores
1896 3843 2049 3911 dicit,

463 3932 557 3989 sed
586 3934 811 4005 populos
838 3934 1192 4005 Christianos,
1223 3938 1315 4009 qui
1346 3938 1402 3993 in
1428 3937 1547 4008 ejus
1571 3936 2051 4008 praedicationibus

462 4038 558 4095 per
579 4024 819 4081 diversas
841 4026 1121 4082 hominum
1149 4030 1529 4098 generationes
1555 4029 1658 4101 piis
1684 4029 2051 4087 voluntatibus

461 4128 823 4188 perseverant.
857 4118 1118 4178 Mirabilis
1162 4122 1369 4194 gloria,
1416 4137 1797 4195 summumque
1841 4139 2052 4194 praeco-

463 4208 611 4265 nium
636 4256 650 4281 ,
684 4212 826 4268 inter
855 4212 1133 4269 hominum
1160 4223 1267 4270 tam
1308 4215 1635 4286 multiplices
1676 4217 2051 4273 successiones

464 4316 734 4374 nunquam
759 4304 922 4361 finem
949 4307 1125 4364 laudis
1154 4309 1419 4380 accipere.
1458 4310 1747 4383 Sequitur,
1778 4322 2048 4384 propterea

464 4394 642 4465 populi
703 4396 1078 4465 conﬁtebuntur
1126 4400 1237 4455 tibi.
1285 4400 1472 4458 Omnis
1522 4403 1663 4459 enim
1713 4402 2051 4459 Christianus

465 4499 583 4542 cum
602 4485 830 4557 symboli
850 4498 1186 4546 sacramenta
1208 4493 1530 4560 reddiderit,
1553 4496 1609 4551 in
1633 4495 1890 4552 Ecclesiae
1912 4497 2050 4556 facie

464 4578 779 4647 confitetur;
826 4596 946 4653 qua:
990 4584 1262 4642 confessio
1303 4587 1363 4642 fit
1393 4597 1595 4644 aeterna
1623 4629 1639 4656 ,
1682 4591 1807 4660 quia
1837 4606 1968 4648 vera
1996 4600 2052 4649 et

465 4670 552 4742 pia
578 4682 680 4728 est.
700 4673 841 4749 Nam
866 4675 1010 4746 quod
1035 4677 1265 4746 addidit,
1287 4680 1340 4735 in
1367 4683 1614 4736 saeculum
1642 4685 1840 4753 steculi,

465 4762 728 4832 significat
750 4808 767 4834 ,
799 4768 1017 4837 quando
1059 4770 1238 4825 omnis
1267 4770 1569 4828 adversitas
1601 4776 1960 4845 conquiescit,
1995 4786 2050 4834 et

466 4864 654 4925 regnat
681 4859 795 4914 sola
821 4858 1054 4931 iustitia,
1076 4860 1280 4919 diaboli
1307 4866 1692 4923 contrarietate
1723 4868 1916 4927 deleta.

1000 5026 1274 5087 Conclusio
1311 5032 1517 5104 psalmi.

538 5161 677 5221 Ecce
706 5165 1108 5236 epithalamium
1131 5173 1424 5243 gloriosum
1454 5176 1838 5251 psalmigraphi
1862 5181 2046 5238 exsul-

470 5254 668 5312 talione
692 5259 1014 5328 completum
1036 5272 1138 5319 est.
1179 5264 1322 5323 Ecce
1342 5268 1536 5339 Sponsi
1572 5269 1687 5326 laus
1718 5271 2049 5344 Sponsazquc

468 5345 769 5405 admirabili
815 5352 1076 5409 varietate
1121 5357 1389 5414 celebrata
1422 5371 1504 5416 est
1546 5378 1559 5415 :
1610 5362 1906 5432 spiritualis
1952 5380 2047 5420 co-

467 5440 613 5512 pula,
641 5442 948 5515 coniugium
978 5446 1031 5501 in
1056 5447 1458 5518 virginitatibus
1490 5470 1866 5524 perseverans,
1896 5471 2048 5512 amor

466 5545 669 5605 castus,
690 5537 924 5597 charitas
965 5552 1207 5611 aeterna,
1239 5548 1512 5603 vinculum
1559 5552 1702 5620 quod
1750 5551 1897 5607 nullo
1945 5553 2050 5608 fine

466 5629 801 5688 dissolvitur.
836 5633 933 5690 llic
962 5638 1348 5708 prophetarum
1377 5648 1634 5711 tympana
1664 5651 1848 5699 sancta
1871 5645 2053 5699 exsul-

467 5722 672 5781 tatione
728 5724 1097 5794 conclamant;
1144 5727 1232 5784 hic
1276 5730 1645 5801 apostolorum
1687 5749 1888 5806 organa
1927 5735 2050 5790 dul-

466 5818 680 5872 cissima
699 5817 960 5875 societate
996 5820 1352 5889 respondent;
1388 5822 1477 5880 hic
1499 5835 1799 5897 martyrum
1826 5827 2046 5885 citharae

453 5918 576 5981 ,non
603 5907 850 5979 chordis,
893 5908 989 5969 sed
1015 5908 1306 5971 virtutibus
1350 5922 1580 5986 canunt;
1611 5919 1700 5974 hic
1728 5926 2041 5977 sanctorum

2155 3381 2356 3442 delium
2376 3383 2432 3441 in
2453 3391 2658 3442 aeterna
2681 3385 2874 3457 gaudia
2898 3394 3257 3443 commutare.

2687 3496 2958 3569 Expositio
2996 3499 3202 3572 psalmi.

2225 3607 2383 3667 ἴοι-ε.
2410 3609 2461 3665 l.
2491 3608 2630 3665 Deus
2658 3619 2829 3665 noster
2849 3612 3109 3683 refugium
3135 3622 3186 3667 et
3209 3612 3374 3669 virtus
3402 3628 3424 3669 :
3453 3614 3740 3687 adjutoria

2152 3700 2590 3770 tribulationibus,
2613 3717 2728 3772 qua:
2748 3702 3047 3757 invenerunt
3066 3719 3161 3757 nos
3185 3703 3357 3759 nimis.
3382 3704 3440 3761 In
3462 3704 3584 3775 ipso
3604 3705 3741 3777 prin-

2156 3791 2298 3862 cipio
2329 3791 2543 3863 psalmi,
2571 3792 2911 3862 categoricus
2942 3793 3099 3849 nobis
3133 3794 3484 3866 syllogisus
3516 3796 3739 3853 arridet.

2157 3884 2298 3940 Dicit
2324 3886 2512 3941 enim:
2549 3883 2606 3939 lu
2636 3884 3075 3941 tribulationibus
3117 3902 3239 3957 qua:
3282 3887 3609 3945 invenerunt
3648 3904 3742 3946 nos

2154 3976 2338 4044 nimis,
2377 3977 2520 4033 Deus
2545 3986 2731 4033 noster
2773 3976 3045 4048 refugium
3069 4017 3086 4044 ,
3119 3987 3175 4034 et
3215 3978 3408 4047 virtus,
3439 3989 3496 4037 et
3525 3981 3740 4052 adjutor

2160 4078 2264 4125 est.
2292 4069 2346 4124 lu
2374 4068 2810 4126 tribulationibus
2831 4084 2937 4125 non
2960 4068 3269 4126 timebimus
3286 4085 3407 4126 cum
3425 4072 3745 4128 conturbata

2152 4162 2315 4219 fuerit
2344 4172 2509 4220 terra.
2536 4163 2594 4220 ln
2617 4163 3063 4220 tribulationibus
3092 4164 3256 4236 igitur
3276 4180 3398 4236 quas
3425 4166 3746 4222 invenerunt

2159 4272 2260 4313 nos
2289 4256 2476 4325 nimis,
2500 4271 2608 4314 non
2638 4255 2943 4313 timebimus
2976 4272 3100 4313 cum
3130 4256 3543 4313 conturbabitur
3574 4266 3735 4315 terra.

2153 4346 2307 4405 Nunc
2336 4349 2642 4404 minutatim
2665 4348 2808 4405 dicta
2838 4357 3153 4405 tractemus.
3176 4350 3347 4416 Quam
3374 4349 3601 4420 pulchra
3633 4353 3724 4408 bre

2153 4443 2345 4513 visque
2389 4441 2737 4513 complexio;
2768 4443 2921 4513 quasi
2964 4443 3469 4513 interrogarentur:
3499 4444 3638 4510 Quid
3669 4452 3743 4500 est

2159 4537 2297 4591 Deus
2337 4538 2546 4592 noster?
2583 4535 2931 4607 Respondent
2982 4553 2996 4591 :
3039 4537 3353 4609 Refugium,
3386 4548 3435 4594 et
3465 4538 3628 4593 uirtus
3650 4580 3664 4603 ,
3703 4545 3746 4592 et

2153 4628 2385 4701 adjutor.
2435 4627 2561 4683 Haec
2609 4630 2817 4698 species
2867 4628 3196 4685 definitionis
3241 4638 3327 4687 est
3359 4635 3583 4701 quinta,
3632 4648 3748 4703 quas

1872 4684 2047 4742 futura

2157 4684 2343 4777 Graece
2373 4721 2503 4777 κατά
2523 4726 2612 4780 τήν
2632 4721 2781 4787 λέξιν,
2816 4720 3002 4778 Latine
3027 4722 3093 4777 ad
3116 4723 3339 4779 verbum
3360 4723 3557 4779 dicitur
3580 4741 3596 4779 :
3619 4739 3750 4795 quo.

2155 4814 2256 4869 ties
2285 4829 2718 4885 unamquamque
2765 4828 2880 4871 rem
2921 4816 3101 4871 verbis
3134 4816 3361 4885 singulis
3409 4816 3534 4887 quid
3561 4818 3634 4873 sit
3662 4833 3750 4873 os-

2155 4908 2445 4963 tendimus.
2481 4908 2733 4963 Additum
2780 4917 2897 4975 est,
2927 4919 3134 4977 noster,
3169 4920 3389 4980 propter
3434 4909 3750 4967 falsissimos

2154 4999 2489 5055 Christianos
2511 5040 2527 5066 ,
2558 5015 2785 5070 quorum
2821 4999 2960 5056 Deus
3006 5016 3108 5059 non
3140 5001 3277 5057 solet
3310 5017 3433 5057 esse
3468 5002 3746 5073 refugium.

2159 5093 2313 5164 155
2360 5091 2641 5162 Ilefugium
2684 5106 2815 5162 ergo
2866 5092 3101 5148 fidelium
3133 5101 3254 5160 est,
3302 5091 3517 5164 quando
3558 5108 3653 5149 eos
3682 5094 3747 5149 de
3820 5106 3831 5109 ‘

2152 5183 2347 5236 animae
2396 5181 2641 5250 periculo
2684 5181 2901 5237 liberat.
2957 5181 3175 5251 Virtus,
3221 5183 3438 5253 quando
3486 5184 3748 5241 stabiliter

2153 5283 2359 5331 mentes
2390 5288 2580 5330 eorum
2612 5274 2680 5329 ab
2712 5276 2896 5347 iniquo
2924 5277 3109 5331 saeculi
3141 5291 3326 5333 errore
3353 5278 3612 5334 custodit.
3648 5278 3744 5337 Se-

2148 5365 2362 5436 quitur,
2405 5364 2616 5436 adjutor
2653 5365 2709 5421 in
2749 5366 3186 5423 tribulationibus.
3228 5368 3326 5425 Hic
3369 5370 3744 5427 misericordia

2154 5472 2407 5529 superna:
2436 5457 2736 5530 maiestatis
2779 5473 2875 5529 per
2914 5458 3159 5515 diversas
3182 5460 3526 5519 definitiones
3570 5461 3745 5533 expri-

2155 5551 2341 5617 mitur,
2367 5566 2487 5621 quas
2518 5551 2572 5604 in
2601 5550 3013 5606 tribulationibus
3056 5560 3111 5612 et
3154 5553 3374 5624 suscipit
3401 5563 3457 5610 et
3486 5554 3742 5611 defendit.

2158 5644 2443 5699 Tribulatio
2477 5660 2605 5702 vero
2631 5646 2714 5716 pia
2744 5644 2911 5700 Deum
2944 5646 3101 5701 nobis
3145 5647 3552 5705 misericordem
3583 5650 3742 5719 facit,

2156 5746 2366 5792 reatum
2390 5736 2582 5802 solvit;
2620 5745 2675 5791 et
2704 5744 2829 5791 tunc
2855 5736 3161 5807 specialiter
3185 5737 3467 5807 subvenit,
3496 5753 3621 5796 cum
3652 5754 3745 5796 nos

2157 5828 2223 5885 de
2242 5844 2302 5884 se
2322 5826 2598 5883 confidere
2619 5827 2756 5883 velle
2775 5828 3079 5899 cognoscit;
3104 5829 3244 5885 sicut
3269 5829 3399 5887 dicit
3417 5830 3741 5903 Apostolus:

2157 5920 2392 5979 Tristitia
2432 5919 2566 5976 enim
2588 5936 2715 5993 ,qutc
2742 5922 3020 5980 secundum
3046 5920 3213 5986 Deum
3250 5931 3357 5998 est,
3394 5926 3742 5998 paenitentiam

2131 6065 2283 6083 Τένην..
2304 6076 2321 6084 ο-

3987 2528 3989 2619 γ

3989 2650 3991 2747 γ
