3996 6346
231 391 338 448 329

1162 377 1518 439 EXPOSITIO
1555 375 1622 434 ΙΝ
1663 369 2120 432 PSALTERIUM.
2160 368 2356 428 PSAL.
2395 367 2558 424 XLV.

3388 361 3494 420 3‘50

229 507 289 560 in
319 502 535 558 salutem
564 495 794 552 stabilem
826 499 1063 564 aperatur
1105 490 1195 565 (ΙΙ
1217 493 1335 547 Cor.
1365 507 1462 559 vn,
1495 490 1607 560 10).
1655 489 1722 544 Ει.
1748 501 1815 543 ne
1841 489 1896 551 Α
1922 485 2175 542 Ecclesia:
2214 484 2281 540 de
2319 482 2549 538 adventu
2591 474 2807 532 Domini
2858 474 3147 532 Salv'ateris
3176 474 3455 531 edicuntur
3480 515 3497 538 ,

233 595 334 652 has
364 590 731 648 tribulationes
760 589 906 642 leves
937 595 1174 657 putares,
1206 584 1446 648 addidit,
1473 600 1584 655 qua:
1611 585 1816 637 invene-

229 696 353 742 runt
380 701 472 740 nos
499 684 684 748 nimis;
711 690 770 737 ut
797 680 929 735 nihil
954 679 1225 734 mediocre
1260 677 1528 746 crederes,
1561 677 1702 747 quod
1736 675 1816 730 ni-

233 781 404 835 mium
437 777 602 832 fuisse
641 774 896 831 sentires.
945 772 1338 829 Convenienter
1367 780 1544 827 autem
1583 769 1821 841 pericula

235 878 553 942 exaggerata
582 876 744 934 sunt,
773 873 833 922 ut
861 879 1045 922 eorum
1089 865 1388 920 destructor
1418 859 1827 933 potentissimus

238 971 544 1036 appareret.
1463 1000 1469 1006 -

317 1056 470 1112 Vers.
498 1054 554 1107 2.
586 1050 875 1120 Propterea
906 1066 1010 1104 non
1046 1049 1332 1104 timebimus
1375 1048 1499 1101 dum
1543 1045 1830 1101 turbabitur

243 1158 420 1213 terra,
456 1155 502 1200 et
531 1143 901 1212 transferentur
933 1150 1124 1195 montes
1151 1141 1205 1195 in
1251 1157 1339 1194 cor
1377 1140 1554 1194 maris.
1597 1138 1830 1207 Tempus

243 1239 380 1294 illud
395 1235 663 1307 praedictae
679 1233 1030 1288 tribulationis
1046 1231 1352 1302 exponitur,
1369 1229 1582 1300 quando
1599 1229 1834 1284 adventu

246 1332 462 1387 Domini
494 1327 826 1393 Salvatoris,
864 1340 984 1380 cum
1013 1325 1082 1379 de
1128 1325 1361 1378 novitate
1413 1323 1544 1376 tanti
1588 1320 1834 1376 miraculi

244 1422 560 1480 Judteorum
586 1418 750 1475 corda
777 1415 985 1472 turbata
1017 1415 1146 1483 sint,
1177 1414 1347 1470 sancti
1377 1413 1477 1467 viri
1513 1413 1700 1468 timere
1725 1425 1834 1466 non

249 1520 533 1581 poterant,
575 1509 666 1579 qui
701 1508 756 1562 in
802 1506 919 1577 ejus
967 1505 1185 1560 nomine
1211 1519 1274 1560 ac
1303 1505 1500 1560 virtute
1539 1517 1835 1574 praesume-

247 1604 403 1661 bant.
430 1603 684 1672 Sequitur
709 1642 725 1666 ,
755 1612 803 1655 et
831 1601 1204 1668 transferentur
1230 1609 1424 1653 montes
1449 1599 1502 1652 in
1533 1613 1620 1652 cor
1656 1599 1834 1652 maris.

249 1695 374 1751 Hoc
398 1697 577 1763 utique
607 1693 799 1747 factum
828 1699 932 1757 est,
963 1689 1177 1759 quando
1203 1698 1402 1744 montes
1422 1730 1438 1756 ,
1480 1689 1532 1742 id
1581 1698 1664 1744 est
1708 1701 1840 1758 apo-

248 1789 399 1854 Stoli,
433 1785 631 1841 relictis
670 1783 962 1839 incredulis
987 1781 1208 1848 .Iudzeis,
1232 1782 1397 1836 in~cor
1427 1781 1608 1847 maris,
1632 1780 1734 1836 hoc
1757 1787 1839 1835 est

1923 588 1981 634 ut
2005 577 2196 632 merito
2228 575 2551 630 divisionem
2579 569 2946 639 diapsalmatis
2972 568 3271 624 immutatio
3306 580 3499 622 scnsus

1926 668 2208 738 acceperit.
2235 666 2446 722 Intuere
2471 678 2588 734 quae.
2615 662 2882 731 dicuntur,
2911 676 3011 732 qua
3042 661 3365 732 proprietate
3385 659 3500 715 disc

1927 760 2094 816 tincta
2136 758 2262 812 sint.
2285 756 2487 811 Civitas
2517 754 2610 809 Dei
2644 755 2842 823 impetu
2871 752 3104 809 ﬂuminis
3129 752 3394 807 laitiﬁcata
3417 765 3504 806 re-

1929 849 2151 922 quievit.
2177 849 2243 903 Et
2271 856 2333 903 ut
2354 847 2515 902 istum
2547 844 2765 901 ﬂuvium
2790 844 3122 914 irrigatorem
3154 857 3505 912 cognosceres

1931 941 2250 1008 animarum,
2282 954 2389 994 non
2429 937 2561 993 dicit
2587 935 2810 992 satiasse
2834 977 2848 1002 ,
2881 935 2976 991 sed
3005 935 3294 1004 lteti/icasse
3320 937 3504 988 civita-

1930 1042 2051 1090 tem.
2077 1032 2181 1090 lste
2205 1046 2435 1103 namque
2463 1038 2545 1087 est
2575 1030 2782 1100 ﬂuvius,
2812 1030 2879 1085 de
2906 1043 3010 1099 quo
3040 1029 3156 1098 ipsa
3181 1027 3393 1083 Veritas
3420 1028 3505 1082 di-

1935 1127 2008 1182 cit
2038 1143 2051 1181 :
2080 1126 2185 1193 Qui
2213 1125 2372 1180 credit
2401 1124 2456 1178 in
2502 1138 2582 1178 me
2626 1137 2726 1176 non
2773 1121 2906 1176 sitiet
2935 1136 3179 1190 unquam,
3226 1119 3314 1174 sed
3343 1120 3428 1189 ﬁet
3457 1119 3516 1173 in

1937 1237 1995 1276 eo
2024 1224 2139 1292 fons
2169 1233 2313 1289 aquae
2335 1217 2564 1272 salientis
2610 1216 2665 1270 in
2705 1217 2861 1270 vitam
2899 1223 3160 1269 teter-nam.
3210 1213 3391 1283 (Joan.
3428 1227 3510 1278 tv,

1937 1311 2026 1377 15,
2056 1310 2165 1381 14).
2195 1309 2262 1364 Et
2291 1307 2429 1364 bene
2460 1307 2595 1361 dixit
2622 1323 2634 1358 :
2665 1303 2897 1376 Impetus
2943 1303 3192 1373 ﬂuminis,
3234 1303 3356 1372 quia
3381 1301 3516 1355 nihil

1939 1402 2178 1474 palustre
2203 1441 2218 1469 ,
2251 1399 2384 1456 nihil
2411 1413 2685 1454 morosum
2715 1410 2903 1452 cursus
2939 1396 3056 1465 ejus
3097 1393 3360 1460 sustinet,
3391 1405 3516 1448 cum

1939 1510 1998 1550 se
2024 1495 2260 1566 potentia
2292 1493 2594 1548 Divinitatis
2623 1489 2904 1546 infuderit.
2947 1487 3200 1543 Additum
3231 1493 3354 1554 est,
3398 1501 3519 1539 san-

1939 1589 2179 1658 eliﬁcavit
2200 1585 2583 1642 tabernaculum
2603 1600 2754 1639 suum
2775 1581 3088 1636 Altissimus.
3111 1577 3520 1632 Tabernaculum

1939 1680 2188 1737 Altissimi
2215 1689 2299 1736 est
2336 1681 2450 1736 sive
2475 1679 2716 1733 Ecclesia
2746 1716 2761 1742 ,
2803 1675 2917 1730 sive
2943 1672 3157 1728 humani
3185 1670 3362 1727 cordis
3405 1669 3522 1740 glo-

1941 1774 2085 1829 riosa
2110 1772 2412 1842 susceptio;
2445 1771 2588 1842 quod
2614 1779 2900 1840 utrumque
2933 1776 3144 1823 constat
3176 1779 3298 1820 esse
3327 1762 3529 1818 sancti-

251 1878 320 1933 ad
347 1876 747 1949 praedicandum
775 1874 1019 1946 gentibus
1052 1865 1407 1940 transierunt;
1439 1874 1579 1929 sicut
1607 1874 1660 1928 in
1693 1873 1841 1930 Acti-
1866 1876 1918 1937 B
1946 1864 2184 1934 ﬁcatum,
2219 1864 2432 1935 quando
2469 1863 2691 1918 Verbum
2711 1877 2836 1918 caro
2869 1861 3062 1932 factum
3088 1866 3185 1929 est,
3214 1865 3261 1914 et
3284 1855 3530 1912 habitavit

251 1970 353 2025 bus
381 1969 750 2039 apostolorum
784 1967 979 2036 legitur
1015 1985 1027 2019 :
1059 1965 1216 2021 Vobis
1244 1966 1448 2036 quidem
1469 1967 1730 2037 oportebat
1759 1966 1836 2019 lo-

251 2063 340 2130 qui
369 2061 571 2114 verbum
600 2058 728 2123 Dei;
761 2059 849 2111 sed
882 2057 1005 2127 quia
1032 2056 1291 2129 repulistis
1320 2055 1484 2124 illud,
1519 2065 1566 2111 et
1597 2057 1837 2128 indignos

251 2169 339 2209 vos
359 2153 632 2224 judicastis
655 2160 858 2206 teterna:
881 2152 994 2204 vitta
1018 2191 1033 2215 ,
1063 2165 1175 2204 ecce
1200 2150 1536 2204 convertimur
1565 2151 1634 2204 ad
1665 2160 1836 2221 gentes

258 2245 395 2317 (Act.
424 2259 537 2309 xm,
568 2242 685 2314 46).
715 2243 833 2309 Quo
851 2242 1096 2312 exemplo
1118 2241 1471 2308 advertimus,
1501 2252 1696 2296 montes
1718 2242 1837 2298 illos

258 2337 350 2407 pio
371 2335 644 2391 cacumine
668 2334 1068 2405 praeminentes,
1101 2341 1155 2389 et
1179 2331 1306 2388 ﬁdei
1345 2333 1616 2388 soliditate
1644 2332 1840 2390 ﬁrmis-

255 2430 452 2496 simos,
484 2428 537 2481 in
563 2443 652 2482 cor
675 2429 832 2480 maris
855 2468 870 2494 ,
903 2425 958 2480 id
999 2434 1083 2480 est
1112 2425 1179 2479 ad
1207 2425 1365 2480 ﬁdem
1398 2425 1638 2481 omnium
1665 2427 1840 2482 natio-

255 2533 384 2578 Ium
415 2517 583 2574 fuisse
621 2517 934 2573 translatos.
969 2517 1036 2572 Et
1064 2517 1457 2586 inspiciendum
1489 2519 1634 2588 quod
1675 2519 1840 2575 aridae

253 2619 420 2668 teme
446 2611 722 2682 perﬁdiam
747 2610 1052 2667 Judmorum
1069 2655 1084 2680 ,
1117 2612 1270 2681 aquis
1298 2625 1428 2669 vero
1465 2612 1622 2667 salsis
1649 2612 1842 2670 credu-

255 2703 469 2760 litatem
496 2704 731 2774 gentium
759 2703 1124 2773 comparavit,
1157 2711 1217 2757 ut
1246 2703 1332 2757 illa
1368 2703 1531 2758 corda
1557 2704 1611 2759 in
1643 2704 1841 2760 malum

256 2794 458 2851 durata
477 2808 862 2866 cognosceres;
891 2793 1007 2850 haec
1033 2802 1208 2849 autem
1231 2794 1542 2864 evangelico
1570 2794 1682 2850 sale
1711 2809 1842 2852 con-

256 2889 377 2944 dita
406 2889 667 2944 veraciter
688 2888 1004 2944 aestimares.
1035 2885 1136 2943 Cor
1157 2886 1302 2944 enim
1331 2900 1438 2943 non
1464 2885 1627 2944 habet
1655 2900 1806 2943 mare
1823 2925 1844 2957 ,

257 2980 358 3039 sed
389 2980 653 3038 homines.

331 3072 485 3131 νει-ε.
515 3075 570 3129 5.
619 3074 944 3132 Sonaverunt
986 3075 1124 3149 [ed.,
1151 3077 1487 3149 sonuerunt],
1539 3086 1587 3133 et
1630 3079 1847 3135 turbata:

262 3177 383 3223 sunt
409 3184 553 3239 aqua:
580 3184 759 3223 eorum
788 3185 808 3224 .'
837 3170 1126 3225 conturbati
1168 3181 1288 3226 sunt
1334 3181 1524 3228 montes
1552 3174 1606 3228 in
1638 3175 1847 3244 fortitu-

1939 1957 1992 2012 in
2020 1958 2161 2012 nobis
2191 1955 2368 2026 (Joan.
2400 1971 2450 2024 ι,
2483 1955 2596 2025 14).

2012 2071 2168 2127 Vers.
2202 2069 2255 2126 5.·
2286 2067 2427 2124 Deus
2460 2070 2516 2123 in
2557 2067 2725 2122 medio
2764 2069 2874 2139 ejus
2923 2081 3028 2121 non
3075 2061 3473 2120 commovebitur
3504 2075 3524 2116 :

1942 2164 2208 2236 adjuvabit
2238 2179 2353 2218 eam
2392 2161 2535 2218 Deus
2575 2163 2720 2217 vultu
2746 2177 2861 2216 suo.
2892 2160 3008 2216 Non
3033 2159 3110 2215 sic
3133 2159 3187 2213 in
3215 2157 3381 2212 medio
3407 2167 3535 2212 esse

1945 2256 2143 2312 dicitur
2170 2255 2330 2325 Deus,
2358 2258 2512 2326 quasi
2537 2253 2644 2310 loci
2670 2252 2899 2324 alicujus
2938 2250 3287 2322 amplitudine
3311 2246 3534 2305 conclu-

1942 2349 2132 2416 datur;
2158 2349 2250 2404 ille
2281 2349 2425 2404 enim
2455 2347 2634 2418 spatio
2660 2347 2772 2403 ullo
2808 2361 2914 2402 non
2952 2345 3240 2409 clauditur,
3272 2341 3531 2413 quoniam

1942 2457 2051 2498 non
2080 2442 2385 2514 inaequabili
2420 2441 2771 2513 benignitate,
2800 2439 2896 2496 sed
2926 2438 3202 2510 aequaliter
3224 2436 3420 2507 ubique
3449 2443 3533 2491 to-

1941 2542 2030 2592 tus
2051 2544 2153 2592 est.
2179 2536 2304 2593 ldeo
2325 2545 2502 2593 autem
2526 2536 2579 2590 in
2606 2536 2773 2590 medio
2798 2534 3016 2601 dicitur,
3044 2532 3169 2603 quia
3193 2531 3378 2588 ﬁdeles
3399 2544 3536 2586 sem-

1945 2639 2046 2695 per
2074 2626 2322 2682 intendit.
2368 2625 2706 2695 Quapropter
2723 2619 2925 2680 'merito
2951 2621 3244 2678 secundum
3268 2619 3534 2691 justitiam

1945 2730 2098 2772 suam
2144 2716 2200 2769 in
2239 2716 2406 2769 medio
2457 2715 2716 2771 Ecclesia:
2764 2723 3012 2770 narratur
3038 2728 3158 2770 esse
3203 2713 3535 2785 Deus;,quia

1947 2808 2226 2864 universos
2255 2809 2534 2863 voluntate
2563 2806 2809 2877 aequabili
2839 2815 3156 2870 contuetur;
3188 2819 3286 2860 nec
3313 2811 3536 2873 aspectu

1945 2898 2067 2970 quis
2089 2898 2205 2969 ejus
2233 2897 2588 2966 fraudabitur,
2614 2896 2717 2952 nisi
2740 2897 2829 2966 qui
2845 2897 2912 2952 ab
2930 2911 2994 2952 eo
3009 2910 3066 2951 se
3086 2894 3381 2951 reddiderit
3404 2894 3536 2949 alie-

1947 3005 2100 3046 num.
2121 2990 2245 3045 Non
2273 2989 2689 3057 commovebitur,
2713 2988 2780 3044 de
2805 2987 3044 3043 Ecclesia
3071 2986 3286 3052 dicitur,
3313 2985 3397 3040 cui
3425 2985 3535 3039 sin-

1947 3085 2152 3157 gularis
2180 3084 2304 3138 data
2335 3091 2418 3137 est
2446 3081 2532 3138 illa
2564 3081 2851 3151 promissio
2886 3098 2899 3133 :
2927 3078 3010 3134 Tu
3039 3096 3091 3134 es
3127 3078 3335 3146 Petrus,
3367 3087 3414 3132 et
3442 3093 3535 3131 su-

1951 3195 2042 3250 per
2068 3177 2198 3232 ltanc
2220 3183 2418 3247 petram
2447 3174 2712 3243 wdiﬁcabo
2740 3171 3026 3228 Ecclesiam
3069 3188 3232 3226 meam
3253 3213 3267 3237 ,
3300 3179 3347 3224 et
3377 3177 3538 3241 portae

263 3261 385 3316 dine
403 3264 532 3333 ejus.
561 3261 620 3317 ln
650 3263 916 3333 superiori
947 3278 1106 3320 sensu
1135 3267 1465 3336 permansit;
1497 3267 1671 3324 adhuc
1701 3269 1846 3326 enim
1873 3263 1924 3331 Ο
1953 3272 2109 3343 inferi
2135 3287 2238 3325 non
2271 3267 2614 3340 praevalebunt
2639 3268 2878 3322 adversus
2899 3282 3010 3322 eam
3036 3266 3249 3340 (Matth.
3280 3280 3391 3332 xvr,
3423 3263 3536 3335 18).

262 3352 352 3408 illa
383 3353 713 3422 perturbatio
737 3355 1042 3424 exponitur,
1076 3371 1196 3426 quae
1231 3358 1366 3413 facta
1397 3367 1482 3414 est
1517 3359 1586 3415 de
1617 3361 1849 3418 adventu

265 3442 477 3499 Domini
498 3443 722 3501 Christi.
748 3445 972 3502 Sonasse
991 3447 1120 3505 dicit
1142 3451 1415 3518 apostolos
1444 3453 1850 3521 praedicationes

263 3550 411 3603 suas,
447 3537 598 3606 quasi
626 3538 853 3610 alicujus
900 3539 1124 3611 fragoris
1164 3541 1592 3599 robustissimum
1623 3560 1807 3601 vocem
1830 3589 1846 3616 ,

264 3643 385 3698 quae
412 3644 518 3684 non
547 3637 752 3686 tantum
781 3633 1021 3701 auribus,
1053 3647 1311 3704 quantum
1339 3639 1609 3694 mentibus
1639 3640 1851 3695 insona-

265 3730 366 3775 ret.
394 3722 514 3789 Quo
543 3730 786 3790 tempore
823 3725 1048 3780 turbatas
1087 3727 1282 3784 asserit
1323 3746 1486 3800 aquas
1509 3771 1524 3797 ,
1555 3729 1608 3784 id
1635 3741 1719 3787 est
1746 3747 1853 3788 sa:-

266 3814 374 3869 culi
400 3815 559 3884 hujus
589 3817 899 3874 innumeras
932 3830 1142 3889 gentes,
1165 3836 1284 3891 qua:
1309 3822 1376 3878 de
1406 3823 1500 3878 tali
1525 3825 1734 3880 fuerant
1759 3825 1853 3881 ad-

266 3907 555 3964 miratione
577 3911 896 3978 perterritae.
929 3912 1055 3969 Haec
1078 3913 1242 3984 figura
1269 3915 1465 3972 dicitur
1495 3919 1768 3988 parabole,
1800 3919 1852 3974 id

265 4007 350 4055 est
371 4002 727 4070 comparatio,
757 4017 880 4057 cum
907 4019 992 4060 res
1015 4020 1213 4075 genere
1233 4006 1521 4064 dissimiles
1543 4009 1853 4080 qualitativa

266 4093 674 4163 comparatione
716 4095 1015 4160 sociemus.
1055 4101 1161 4154 Sed
1206 4100 1519 4158 intuendum
1543 4144 1560 4171 ,
1599 4106 1853 4174 quoniam

265 4184 376 4282 hpc
407 4200 500 4254 per
527 4186 776 4244 decorem
806 4189 1185 4259 pulcherrimae
1209 4196 1630 4264 comparationis
1656 4198 1856 4255 dictum

266 4276 375 4332 es't.
405 4276 557 4333 Tunc
582 4280 726 4334 enim
755 4297 898 4352 aquae
927 4281 1154 4352 plurima
1200 4285 1515 4341 confusione
1540 4287 1816 4342 turbantur
1837 4329 1853 4356 ,

267 4371 489 4440 quando
518 4370 570 4426 in
597 4374 815 4430 marinis
831 4376 1128 4433 visceribus
1152 4387 1584 4436 constructorum
1608 4381 1859 4453 dejicitur

269 4466 620 4537 magnitudo;
654 4477 710 4524 et
736 4470 992 4540 grandem
1015 4474 1252 4529 sonitum
1283 4475 1545 4544 reddunt,
1585 4491 1707 4532 cum
1738 4492 1857 4534 ma-

269 4571 380 4626 gno
409 4557 649 4629 pondere
678 4559 876 4616 ﬂuenta
920 4567 1304 4631 percusseriut.
1337 4567 1450 4623 Hoc
1475 4567 1656 4640 utique
1683 4570 1859 4625 conti-

1956 3363 2273 3422 Commoveri
2303 3363 2448 3419 enim
2484 3376 2589 3417 non
2625 3369 2799 3432 potest
2826 3361 3064 3416 Ecclesia
3093 3375 3211 3430 qua:
3241 3360 3292 3414 in
3321 3356 3539 3412 solidis-

1954 3459 2088 3515 sima
2139 3465 2329 3528 petra,
2371 3455 2474 3511 boc
2521 3463 2603 3510 est
2651 3455 2877 3510 Domino
2906 3453 3120 3508 Christo
3149 3452 3386 3507 noscitur
3420 3464 3544 3505 esse

1955 3548 2197 3604 fundata.
2230 3547 2505 3617 Sequitur,
2532 3545 2794 3617 adjuvabit
2824 3562 2935 3600 eam
2979 3544 3121 3598 Deus
3160 3545 3304 3598 vultu
3334 3558 3456 3608 suo,
3489 3542 3543 3596 id

1963 3647 2047 3694 est
2077 3637 2363 3708 praesentia
2393 3635 2779 3691 incarnationis
2823 3650 2954 3700 suae,
2988 3634 3199 3705 quando
3225 3633 3400 3688 vultus
3427 3631 3546 3701 ejus

1958 3731 2208 3787 salutaris
2234 3728 2430 3784 illuxit.
2460 3729 2738 3802 Adjuvabit
2763 3728 2907 3784 enim
2935 3727 3090 3797 dixit,
3119 3727 3172 3783 id
3195 3735 3277 3784 est
3299 3723 3549 3783 saeculari

1957 3823 2278 3879 adversitate
2302 3821 2658 3876 laborantem.

2027 3936 2184 3992 Vers.
2214 3935 2268 3991 6.
2293 3934 2623 3991 Conturbata:
2658 3944 2776 3990 sunt
2818 3944 2991 4006 gentes
3016 3976 3032 4002 ,
3065 3945 3110 3990 et
3141 3933 3392 3988 inclinata
3421 3941 3546 3988 sunt

1956 4046 2153 4102 regna:
2185 4028 2323 4083 dedit
2343 4044 2515 4084 vocem
2534 4045 2680 4083 suam
2703 4028 3019 4094 Altissimus,
3055 4037 3101 4081 et
3137 4037 3276 4082 mota
3296 4039 3368 4083 est
3389 4037 3546 4082 terra.

1961 4122 2288 4178 Conturbatw
2331 4129 2452 4177 sunt
2501 4123 2685 4192 utique
2728 4129 2899 4192 gentes
2926 4162 2941 4188 ,
2970 4122 3185 4191 quando
3214 4136 3334 4177 cum
3366 4129 3554 4177 essent

1959 4213 2121 4272 idolis
2165 4213 2528 4269 devotissimae
2552 4255 2566 4280 ,
2599 4212 2776 4269 subito
2807 4213 3094 4283 incognitae
3141 4212 3244 4269 sibi
3275 4213 3548 4283 religionis

1960 4304 2174 4378 regulas
2203 4303 2508 4359 audierunt.
2539 4303 2734 4359 Multos
2756 4303 2902 4358 enim
2932 4303 3314 4360 miraculorum
3347 4319 3543 4374 cpera-

1963 4401 2038 4456 tio
2067 4399 2357 4465 convertit,
2386 4399 2581 4454 multos
2604 4397 2878 4468 praedicati
2905 4398 3092 4468 judicii
3122 4408 3297 4455 terror
3323 4398 3547 4465 afﬂixit;

1963 4503 2017 4551 et
2043 4494 2294 4564 quamvis
2323 4492 2749 4563 perducerentur
2791 4494 2856 4546 ad
2887 4493 3085 4548 bonum
3112 4534 3125 4558 ,
3155 4508 3261 4548 non
3302 4498 3552 4560 poterant

1965 4587 2202 4642 animum
2233 4601 2341 4640 non
2371 4584 2571 4641 habere
2603 4585 2894 4640 turbatum.
2928 4583 3203 4653 Sequitur,
3235 4591 3282 4636 et
3303 4582 3552 4635 inclinata

271 4647 385 4718 git,
435 4649 649 4718 quando
699 4653 1064 4722 apostolorum
1111 4656 1431 4726 grandisona
1480 4660 1846 4728 praedicatione

1962 4686 2079 4731 sunt
2104 4693 2282 4749 regna,
2312 4677 2363 4730 id
2391 4668 2475 4731 est
2503 4675 2781 4731 humiliata
2807 4683 2932 4729 sunt
2958 4647 3035 4728 ad.
3055 4647 3412 4740 adorandum,
3440 4688 3549 4728 non

272 4748 419 4796 totus
450 4743 681 4799 mundus
707 4745 1016 4813 intremuit,
1061 4758 1116 4804 et
1153 4749 1220 4804 ad
1250 4751 1459 4806 Domini
1487 4766 1548 4808 se
1573 4753 1860 4808 credulita-

278 4841 386 4887 tem
439 4833 720 4905 limpidato
768 4848 954 4910 postea
996 4840 1162 4898 corde
1211 4845 1502 4899 revocavit.
1561 4845 1857 4914 Sequitur:

276 4922 580 4980 Conturbati
623 4937 740 4982 sunt
770 4940 964 4984 montes
1004 4932 1057 4985 in
1086 4934 1389 5003 fortitudine
1426 4940 1556 5007 ejus.
1591 4937 1690 4992 Hic
1726 4937 1862 4994 alios

276 5025 477 5069 montes
506 5017 663 5084 dicit,
697 5017 799 5074 hoc
844 5029 926 5074 est
970 5023 1153 5079 saeculi
1184 5033 1496 5094 potestates.
1546 5027 1681 5082 Nam
1711 5037 1764 5083 et
1803 5028 1859 5085 in

278 5105 424 5163 bono
454 5109 788 5179 accipiuntur
811 5122 865 5168 et
891 5113 946 5168 in
974 5115 1133 5171 malo.
1161 5116 1267 5173 Sed
1291 5127 1500 5173 montes
1523 5119 1616 5176 Dei
1640 5121 1861 5177 stabiles

278 5209 442 5272 atque
486 5202 668 5259 decori
715 5214 874 5272 sunt;
931 5217 1139 5265 montes
1181 5225 1308 5266 vero
1335 5212 1532 5267 diaboli
1577 5215 1861 5272 mutabiles

280 5299 442 5362 atque
493 5295 740 5365 squalidi.
797 5297 1098 5356 Potestates
1141 5299 1283 5356 enim
1308 5304 1592 5360 mundanze
1639 5307 1863 5363 turbatae

280 5397 434 5455 sunt,
495 5392 708 5461 quando
754 5401 937 5448 contra
980 5395 1295 5466 religionem
1342 5397 1437 5455 Dei
1484 5399 1628 5472 leges
1672 5406 1861 5476 pagani

282 5479 556 5550 principes
584 5483 871 5555 sacrilegas
895 5484 1216 5543 inferebant.

278 5629 282 5633 Α
355 5569 519 5628 Vere.
549 5575 604 5629 4.
637 5572 894 5630 Fluminis
925 5578 1142 5648 impetus
1172 5579 1397 5651 ltetiﬁeat
1443 5583 1698 5639 civitatem
1725 5584 1822 5642 Dei
1850 5603 1868 5643 .'

286 5668 624 5736 smtiﬁcavtt
651 5671 1034 5728 tabernaculum
1060 5691 1212 5730 suum
1253 5677 1565 5734 Altissimus.
1607 5680 1868 5752 Superius

289 5767 522 5817 terrores
571 5762 782 5820 habitos
821 5765 996 5835 dixit,
1046 5784 1178 5839 quos
1215 5770 1282 5826 de
1319 5773 1695 5842 praedicatione
1735 5791 1870 5832 nova

290 5855 520 5912 mundus
563 5857 769 5926 accepit
805 5875 819 5913 :
863 5875 1005 5916 nunc
1047 5862 1304 5923 beneﬁcia
1349 5880 1470 5938 quae
1515 5867 1705 5928 collata
1746 5879 1874 5928 sunt

531 5949 804 6013 PATROL.
851 5951 1052 6017 LXX.

1964 4769 2031 4823 ad
2074 4768 2415 4832 cadendum;
2472 4767 2594 4837 quia
2643 4776 2845 4821 tantum
2892 4765 3255 4834 unusquisque
3301 4765 3548 4833 erigitur,

1965 4868 2224 4929 quantum
2253 4858 2306 4911 in
2335 4857 2426 4912 illa
2455 4857 2821 4912 satisfactione
2848 4864 3120 4910 curvatur.
3153 4854 3384 4924 Adjecit,
3408 4855 3552 4910 dedit

1966 4966 2135 5005 vocem
2176 4967 2320 5004 suam
2349 4949 2670 5020 Altissimus,
2703 4960 2750 5005 et
2780 4958 2917 5003 mota
2945 4957 3019 5004 est
3051 4960 3201 5003 terra.
3259 4949 3375 5003 Non
3418 4951 3556 5006 dixit

1966 5060 2136 5100 vocem
2163 5061 2313 5100 suam
2353 5044 2608 5115 protulit,
2638 5043 2733 5099 sed
2766 5043 2940 5106 dedit,
2974 5043 3124 5111 quasi
3171 5042 3413 5098 mirabile
3455 5043 3555 5098 do-

1969 5151 2123 5204 num,
2155 5136 2305 5205 quasi
2339 5136 2610 5205 prmmiale
2659 5133 3000 5189 beneﬁcium.
3049 5133 3227 5188 Vocem
3256 5151 3384 5191 vero
3423 5151 3550 5190 san-

1969 5237 2110 5284 ctam
2139 5227 2574 5298 praedicationem
2604 5224 2756 5290 dicit,
2774 5240 2932 5295 quam
2960 5235 3013 5280 et
3042 5241 3136 5296 per
3154 5241 3213 5281 se
3238 5238 3291 5281 et
3313 5243 3407 5296 per
3431 5242 3555 5296 apo-

1971 5321 2139 5376 stolos
2168 5318 2438 5374 tonitruali
2462 5319 2654 5371 virtute
2686 5332 2782 5386 per
2809 5317 3121 5373 universum
3155 5320 3410 5374 mundum
3435 5335 3555 5374 om-

1970 5409 2220 5480 nipotens
2261 5409 2458 5464 Doctor
2500 5407 2754 5463 insonuit.
2808 5407 2888 5463 Ad
2951 5425 3110 5478 quam
3178 5425 3400 5479 necesse
3455 5410 3558 5467 fuit

1973 5503 2259 5558 tremeﬁeri
2308 5509 2663 5572 peccatores,
2714 5503 2807 5575 qui
2858 5503 3115 5560 terribilia
3159 5501 3313 5575 jussa
3364 5505 3556 5563 aeterni

1971 5593 2172 5649 Judicis
2203 5592 2506 5649 audiebant.

2045 5684 2199 5741 Vers.
2253 5687 2306 5741 7.
2360 5683 2612 5739 Dominus
2658 5684 2898 5740 virtutum
2948 5688 3212 5741 nobiscum
3251 5694 3559 5756 :susceptor

1975 5788 2147 5834 noster
2171 5776 2305 5832 Deus
2325 5775 2508 5833 Jacob.
2541 5778 2788 5834 Breviter
2814 5779 3131 5848 explanatur
3156 5779 3279 5848 quid
3304 5778 3372 5833 sit
3402 5775 3560 5846 156

1977 5874 2315 5947 omnipotens
2374 5871 2652 5941 Christus,
2713 5871 2768 5929 id
2822 5880 2905 5931 est
2961 5871 3214 5928 Dominus
3276 5871 3555 5939 virtutum;

3044 5962 3113 6022 11
3561 6011 3588 6031 ,,
