4004 6342
481 321 578 382 351

1687 331 1764 392 Μ.
1807 332 2080 388 AURELII
2119 333 2528 392 CASSIODOBI

3641 337 3746 388 55%

481 443 666 514 utique
687 439 780 498 cui
801 439 1028 498 virtutes
1065 439 1316 498 calantes
1343 437 1600 508 serviunt,
1629 441 1716 496 cui
1759 443 1934 500 omnis
1961 457 2052 510 po-
2081 447 2138 508 Α
2161 445 2424 504 incentiva
2459 449 2588 502 vitia
2611 455 2836 516 possunt
2863 447 3072 504 referri.
3095 421 3248 510 Esne
3267 459 3394 512 nos,
3427 447 3566 502 bone
3595 445 3740 512 Rex,

483 533 652 594 tentia
681 532 992 588 famulatur.
1015 531 1212 588 Audite
1241 531 1382 598 duri,
1409 531 1592 590 audite
1614 531 1892 588 vecordes.
1923 531 2062 600 Quid

483 629 642 688 vultis
665 625 1136 696 funditusperire,
1165 625 1338 694 quiin
1359 633 1506 680 tanta
1537 625 1860 694 prtesumitis
1887 625 2060 694 maje-

483 731 624 784 state
637 723 911 796 peccare?
941 721 1218 794 Sequitur,
1243 719 1528 788 nobiscum,
1557 721 1810 790 quoniam
1851 735 2060 778 assum-

487 827 576 888 pta
591 833 758 876 mne
771 816 1040 876 habitavit
1079 817 1148 872 in-
1175 814 1358 872 terris.
1383 811 1642 874 Additum
1667 823 1772 882 est,
1801 827 2062 884 susceptor

485 921 654 968 uoster
687 909 824 968 Deus
849 907 1032 966 Iacob.
1065 907 1346 980 Susceptor
1385 917 1510 974 est,
1541 911 1664 980 quia
1689 908 1882 966 alimis
1911 909 2062 966 inﬁr-

483 1001 760 1060 mitatibus
783 1015 944 1062 sua
973 1001 1228 1072 dignatur
1267 999 1528 1058 adhibere
1571 1001 1888 1071 potentiam.
1931 1001 2058 1056 Pro-

485 1093 604 1166 prie
619 1095 774 1156 enim
805 1093 946 1152 Deus
975 1093 1237 1160 omnium,
1265 1103 1434 1150 uoster
1459 1091 1652 1150 dicitur
1679 1103 1734 1150 et
1763 1101 2018 1164 susceptor
2039 1130 2062 1160 ,

483 1187 700 1258 quando
727 1199 944 1242 carnem
967 1199 1072 1256 .pro
1097 1183 1338 1242 ﬁdelium
1373 1185 1554 1246 salute
1593 1183 1858 1254 suscepit;
1891 1193 2062 1242 uoster

481 1277 626 1336 enim
657 1277 802 1336 bene
839 1277 1026 1334 dicunt
1049 1275 1146 1332 lilii
1187 1275 1362 1336 crucis
1389 1317 1406 1342 ,
1435 1275 1558 1346 quia
1575 1283 1792 1332 tantum
1823 1273 2062 1344 ipsorum

481 1377 744 1441 mpw
771 1377 876 1436 est,
907 1369 1000 1440 qui
1043 1367 1110 1424 ad
1149 1367 1276 1438 ejus
1323 1367 1482 1424 (idem
1511 1369 1700 1428 venire
1727 1375 2060 1426 meruerunt.

479 1463 624 1522 Deus
649 1471 834 1522 autem
851 1461 1016 1522 ὅσσοι)
1043 1461 1156 1520 vult
1173 1461 1422 1532 intelligi,
1455 1471 1602 1518 tanta
1621 1477 1752 1518 eum
1779 1461 1920 1518 bene
1947 1475 2064 1518 cre-

479 1555 1070 1614 dentihusoollaturum
1093 1593 1114 1622 ,
1145 1563 1342 1626 quam
1361 1553 1616 1624 praestitit
1645 1561 1700 1610 et
1725 1552 1906 1610 Jacob.
1945 1552 2064 1608 Non

479 1647 624 1706 etim
653 1645 794 1704 Deus
817 1647 990 1704 solius
1009 1645 1178 1704 Jacob
1203 1645 1364 1712 Deus,
1385 1645 1492 1704 .sed
1517 1645 1758 1704 omnium
1773 1645 1872 1716 .qui
1901 1643 2062 1702 simili

475 1735 590 1796 ille
615 1737 794 1798 devoti
815 1747 964 1798 sunt.

2163 539 2326 594 armis
2353 537 2658 608 diabolicis,
2691 537 2886 610 quibus
2913 553 3022 594 non
3045 537 3408 606 defendimur,
3429 537 3524 594 sed
3551 553 3746 608 grava-

2163 647 2316 698 mur;
2345 641 2398 688 et
2425 631 2516 690 illo
2551 645 2658 688 nos
2681 633 2952 702 spirituali
2985 631 3168 704 gladio
3205 630 3492 708 praecinge,
3525 631 3616 704 qui
3647 646 3744 686 nn.

2163 727 2244 784 bis
2271 733 2326 784 et
2351 727 2580 788 salutem
2607 723 2850 788 conlocat
2875 733 2930 788 et
2959 725 3256 784 munimen.
3415 777 3422 790 .

2235 817 2386 876 Vers.
2417 819 2504 874 il.
2539 817 2752 884 Vacatc,
2777 825 2830 872 et
2850 815 3014 878 uidete
3039 817 3280 888 quoniam
3297 831 3396 890 ego
3423 831 3538 870 sunt
3561 813 3704 890 Deus
3727 831 3748 870 .'

2163 909 2428 966 exaltabor
2453 909 2508 964 in
2529 909 2790 982 gentibus,
2819 921 2866 964 ct
2897 909 3156 964 exaltabor
3181 909 3236 962 in
3263 919 3420 964 terra.
3441 899 3448 914 “
3471 907 3750 972 Translati

2163 1003 2252 1058 lilii
2271 1001 2414 1066 Core
2439 1001 2738 1072 prophetiae
2763 1001 2958 1072 spiritu
2981 1001 3120 1058 inter
3139 1015 3236 1060 sua
3263 1001 3428 1066 verba
3457 999 3598 1058 hunc
3627 1016 3750 1054 ver-

2161 1093 2386 1154 siculum
2409 1108 2472 1150 es
2497 1095 2706 1148 Domini
2731 1107 2956 1162 persona
2983 1091 3398 1162 proloquuntur.
3423 1091 3554 1160 Qua:
3575 1091 3752 1162 ﬁgura

2163 1189 2358 1246 dicitur
2405 1185 2768 1258 apostropha,
2817 1185 3012 1242 Latine
3057 1185 3370 1250 conversio;
3413 1183 3630 1256 quando
3675 1181 3750 1238 ad

2163 1281 2324 1338 aliam
2353 1295 2468 1338 rem
2499 1279 2674 1336 subita
2719 1277 3114 1348 permutatione
3141 1275 3526 1332 convertimur.
3555 1273 3754 1328 Merito

2165 1373 2306 1430 enim
2335 1371 2444 1430 illis
2469 1369 2692 1438 dicitur,
2725 1369 2938 1436 i'acate,
2967 1369 3054 1438 qui
3089 1365 3374 1422 mundanis
3403 1365 3752 1424 illusiouibus

2165 1464 2512 1520 armabantur
2535 1505 2552 1530 ,
2579 1471 2634 1520 et
2661 1462 2904 1518 militiam
2943 1459 3144 1520 diaboli
3191 1459 3396 1516 exitiali
3429 1458 3534 1512 sibi
3571 1467 3754 1512 certa-

2165 1559 2312 1614 mine
2335 1557 2678 1629 peragebant.
2711 1555 2950 1626 Denique
2977 1555 3168 1610 audire
3191 1567 3296 1608 nou
3327 1559 3594 1622 poterant,
3619 1551 3752 1618 nisi,

2165 1649 2504 1720 aequissimis
2551 1647 2714 1704 armis
2757 1647 3050 1716 depositis,
3099 1645 3416 1700 vacantibus
3459 1641 3654 1698 animis
3695 1651 3756 1696 ct

2167 1743 2382 1814 quietis,
2413 1741 2480 1798 ad
2513 1743 2804 1798 salutarem
2825 1739 3156 1798 audientiam
3185 1739 3566 1794 convenirent.
3611 1735 3754 1792 Dicit

552 1829 712 1892 Yers.
741 1829 796 1890 8.
836 1829 1012 1890 Venite
1035 1839 1084 1888 et
1117 1829 1284 1890 uidete
1319 1845 1476 1900 apro
1501 1827 1732 1894 Domini,
1759 1825 2057 1898 quatposut't

2169 1835 2336 1900 enim,
2367 1835 2608 1906 quernum
2633 1849 2728 1906 ego
2749 1850 2864 1888 sum
2887 1833 3044 1898 Deus,
3073 1847 3182 1888 non
3211 1833 3300 1886 ille
3329 1831 3418 1902 qui
3449 1845 3548 1886 vos
3571 1843 3754 1884 artua-

481 1921 720 1994 prodigia
737 1939 890 1994 super
919 1933 1126 1978 terram.
1163 1921 1484 1994 Interposito
1501 1921 1886 1992 diapsalmate,
1919 1921 2066 1978 venit

483 2013 554 2074 ad
579 2012 806 2082 tertium
855 2015 1200 2080 membrum,
1231 2013 1320 2070 ubi
1371 2013 1562 2070 invitat
1605 2011 1834 2088 populos
1881 2009 2064 2066 videre

477 2107 742 2178 magnalia
771 2105 982 2162 Domini
1009 2105 1322 2174 Salvatoris,
1355 2119 1474 2176 quae
1515 2103 1642 2159 fecit
1679 2101 2064 2158 incarnationis

481 2211 594 2256 sua:
607 2195 1014 2278 dispensatione
1041 2195 1294 2254 mitahili.
1333 2195 1506 2252 Venite
1529 2195 1726 2266 quippe
1755 2195 1880 2250 dum
1909 2193 2058 2262 dicit,

479 2290 727 2354 hortatur
751 2307 848 2350 eos
876 2301 932 2348 ut
955 2291 1060 2348 ﬁde
1085 2291 1314 2348 Domino
1335 2291 1734 2362 .proximentur,
1761 2304 1918 2362 quem
1952 2303 2062 2346 non

475 2393 726 2458 poterant
743 2384 924 2442 videre
947 2383 1320 2456 longinquum.
1343 2381 1474 2438 Nam
1501 2381 1642 2454 quod
1659 2381 1882 2448 addidit,
1909 2397 2064 2453 opera

483 2477 692 2538 Domini
711 2519 730 2548 ,
771 2477 842 2535 ad
867 2493 1116 2550 magnum
1167 2479 1348 2534 nescio
1377 2477 1520 2548 quod
1551 2477 1914 2548 spectaculum
1945 2477 2062 2532 uni-

479 2571 706 2648 versitas
765 2571 1076 2626 advocatur.
1135 2571 1472 2644 Quapropter
1524 2573 1842 2626 accedamus
1895 2569 2062 2628 alacri

475 2663 658 2720 animo
667 2679 688 2730 ί
719 2663 842 2734 quia
869 2662 1111 2720 videntes
1157 2663 1276 2720 talia
1307 2664 1412 2720 [ide
1442 2663 1775 2736 concipimus
1805 2677 1926 2736 qua:
1963 2679 2062 2722 nos

473 2753 772 2832 perducant
799 2755 866 2812 ad
893 2755 1084 2828 gaudia
1113 2757 1460 2828 sempiterna.
1491 2755 1696 2824 Posuit,
1727 2757 1880 2824 dixit,
1908 2755 2061 2828 quasi

475 2848 626 2922 signa
651 2847 896 2922 quaedam
923 2847 1236 2912 collocavit,
1269 2863 1388 2922 qua:
1429 2849 1662 2904 mundus
1691 2857 1956 2904 contuens
1991 2847 2062 2904 ad

477 2943 664 3000 salutis
683 2956 796 3000 suae
819 2942 1054 3000 remedia
1079 2942 1374 3010 institueret.
1401 2939 1710 3014 Prodigium
1731 2943 1932 2998 dictum
1952 2949 2058 3012 est,

479 3051 552 3112 eo
565 3035 708 3108 quod
723 3049 890 3108 porro
915 3035 1081 3104 dicat,
1104 3037 1320 3108 quando
1341 3036 1508 3108 signis
1527 3035 1796 3108 aliquibus
1815 3045 2060 3092 ventura:

473 3127 734 3196 novitatis
760 3127 1000 3186 ostensio
1029 3127 1352 3186 declaratur.
1387 3127 1518 3196 Qua:
1545 3129 1690 3184 facta
1717 3135 1802 3184 est
1833 3129 1888 3184 in
1917 3128 2058 3184 nati-

2167 1929 2282 1996 bat,
2315 1941 2422 1982 non
2451 1927 2544 1982 ille
2573 1927 2664 1996 qui
2689 1941 2784 1982 vos
2809 1925 2876 1980 ad
2901 1925 3130 1980 nefanda
3163 1923 3458 1980 certamina
3485 1923 3752 1994 perduce-

2169 2017 2292 2086 bat,
2323 2019 2418 2074 sed
2447 2033 2540 2090 ego
2563 2033 2678 2072 sum
2707 2015 2844 2072 Deus
2873 2017 2969 2086 qui
2999 2015 3264 2072 exaltabor
3291 2015 3346 2070 in
3371 2015 3626 2086 gentibus,
3657 2027 3752 2068 cu-

2167 2111 2252 2182 ius
2293 2121 2376 2166 est
2423 2125 2548 2166 vera
2575 2111 2784 2180 religio,
2827 2120 2882 2168 et
2911 2125 3016 2166 non
3047 2109 3252 2178 fragilis
3279 2107 3534 2162 altitudo.
3583 2107 3650 2160 Et
3683 2121 3752 2164 ne

2169 2200 2392 2260 forsitan
2433 2200 2782 2256 exaltandutn
2827 2211 3038 2256 tantum
3077 2199 3132 2254 in
3181 2200 3449 2268 aliquibus
3495 2199 3752 2268 gentibus

2169 2301 2408 2364 putares,
2433 2307 2540 2348 non
2571 2297 2732 2348 etiam
2759 2293 2816 2348 in
2855 2301 3014 2364 gente
3043 2291 3376 2358 Judtnorutn,
3397 2305 3562 2360 quam
3591 2299 3754 2346 terra

2167 2386 2414 2456 superius
2439 2385 2798 2456 comparavit;
2827 2385 3050 2452 addidit,
3083 2395 3128 2440 rt
3163 2385 3426 2440 caullator
3481 2385 3536 2438 in
3577 2397 3714 2440 terra
3733 2429 3752 2454 ,

2167 2479 2349 2550 utique
2371 2479 2426 2542 in
2443 2487 2606 2550 gente
2625 2477 2930 2534 Judteorum
2949 2493 2964 2542 ;
2987 2479 3126 2534 sicut
3143 2477 3403 2544 promittit
3421 2479 3710 2546 Apostolus
3739 2494 3752 2530 :

2169 2571 2296 2626 Dico
2319 2571 2456 2626 enim
2479 2571 2634 2636 vobis,
2661 2579 2846 2624 utnon
2869 2571 2980 2624 sitis
3009 2569 3144 2628 nobis
3159 2569 3284 2638 ipsis
3313 2569 3570 2640 sapientes
3585 2585 3604 2634 ;
3627 2569 3754 2638 quia

2165 2667 2368 2720 omitas
2395 2683 2458 2720 ea:
2487 2675 2629 2736 parte
2657 2663 2822 2718 Israel
2861 2665 3076 2734 contigit
3097 2703 3114 2732 ,
3135 2669 3296 2718 donec
3317 2663 3590 2734 plenitudo
3621 2681 3754 2734 gett-

2165 2759 2294 2814 tium
2321 2759 2568 2824 intraret,
2601 2767 2648 2812 et
2671 2757 2744 2812 sic
2771 2757 2934 2812 omnis
2977 2755 3142 2810 lsracl
3169 2757 3338 2810 saluus
3377 2755 3520 2824 [ierat
3569 2755 3754 2826 (Rom.

2167 2867 2246 2922 xi,
2273 2851 2390 2922 9.5).
2426 2851 2588 2908 Vides
2625 2865 2755 2922 ergo
2783 2851 3074 2906 exaltatum
3107 2859 3162 2904 et
3187 2847 3530 2906 exaltandum
3571 2849 3756 2906 Domi-

2167 2959 2292 3000 num
2315 2943 2446 3000 etin
2475 2943 2724 3014 gentibus
2749 2951 2804 2998 et
2829 2944 2880 2997 in
2909 2944 3126 2998 natione
3151 2941 3480 2998 Judteorutn.

2239 3035 2392 3094 Vers.
2425 3035 2518 3092 12.
2547 3035 2796 3092 Dominus
2841 3037 3084 3092 uirtutum
3111 3035 3374 3092 nobiscum
3419 3051 3440 3090 :
3481 3045 3754 3104 susceptor

2165 3137 2334 3184 noster
2383 3127 2526 3184 Deus
2565 3127 2750 3184 Jacob.
2799 3127 3046 3184 Redeunt
3081 3129 3182 3184 lilii
3223 3129 3362 3184 Core
3387 3127 3454 3182 ad
3493 3141 3755 3198 personas

473 3221 644 3296 vitate
675 3219 930 3290 Domini,
959 3221 1172 3292 quando
1203 3221 1364 3294 Virgo
1409 3221 1658 3292 peperit,
1687 3221 1846 3278 stella
1889 3219 2061 3290 magis
2083 3211 2132 3276 Β
2167 3237 2312 3292 suas,
2343 3231 2398 3280 et
2427 3221 2488 3276 lit
2513 3223 2700 3292 psalmi
2729 3223 2798 3278 de
2829 3221 3150 3292 repetitione
3176 3237 3362 3278 versus
3391 3221 3594 3276 decora
3625 3235 3756 3278 con-

477 3314 760 3390 apparuit,
793 3315 1106 3386 angelorum
1137 3313 1337 3372 chorus
1375 3314 1704 3370 nativitatem
1731 3315 1814 3370 sui
1843 3312 2060 3372 Domini

471 3408 812 3482 praedicavit.

551 3497 708 3560 Vere.
741 3499 796 3556 9.
827 3499 1076 3570 Auferens
1105 3499 1240 3554 bello
1265 3515 1428 3572 usque
1449 3501 1516 3556 ad
1545 3501 1700 3570 ﬁnem
1727 3509 1898 3574 terrae.
1919 3499 2062 3572 Ecce

475 3589 570 3650 illa
611 3604 776 3662 opera
805 3589 1016 3648 Domini
1044 3607 1162 3662 qua:
1203 3591 1653 3662 promittebantur
1681 3591 1854 3648 edicta
1893 3601 2058 3660 sunt;

471 3690 540 3758 et,
557 3695 786 3740 necesse
825 3689 912 3738 est
949 3690 1008 3738 ut
1037 3691 1182 3738 tanta
1211 3681 1528 3752 pollicitatio
1555 3697 1808 3754 magnum
1843 3681 2060 3752 aliquod

477 3781 712 3846 exponat
757 3787 1035 3830 arcanum.
1087 3773 1426 3830 Rebellatum
1475 3783 1560 3832 est
1613 3783 1798 3832 contra
1849 3775 2056 3850 Deum,

473 3869 688 3940 quando
713 3867 990 3938 gentilitas
1013 3865 1276 3938 sculptilis
1303 3866 1592 3924 simulacra
1623 3869 1850 3926 diversis
1871 3883 2058 3938 super-

473 3953 780 4012 atitionibus
807 3955 1088 4024 adorabat,
1121 3973 1240 4028 quae
1267 3957 1476 4014 Domini
1517 3959 1750 4016 adventu
1792 3975 1914 4020 cum
1943 3961 2058 4018 suis

471 4045 766 4104 cultoribus
792 4059 1132 4107 corruerunt.
1165 4049 1384 4104 Abstulit
1423 4065 1552 4124 ergo
1575 4051 1708 4108 bella
1739 4051 1863 4108 ﬁdei
1895 4069 2056 4124 usque

471 4139 542 4196 ad
567 4139 696 4208 ﬁnes
719 4149 886 4208 terrai,
918 4157 1036 4214 qua:
1067 4149 1178 4198 toto
1199 4143 1331 4200 orbe
1358 4145 1700 4216 gerebantur,
1735 4153 1789 4203 et
1819 4147 1872 4202 in
1901 4161 2054 4204 suam

469 4243 654 4302 pacem
693 4231 916 4302 redegit,
961 4233 1153 4304 quibus
1177 4249 1324 4290 verte
1351 4235 1624 4308 religionis
1663 4251 1886 4292 munera
1916 4251 2054 4294 con-

467 4321 708 4404 donavit.
733 4323 856 4380 Sive
877 4325 984 4382 ltoc
1019 4325 1274 4382 historica
1305 4337 1481 4398 potest
1513 4329 1740 4384 veritate
1768 4331 2048 4400 cognosci,

468 4413 597 4484 quia
623 4413 900 4469 nativitate
921 4413 1129 4470 Domini
1155 4425 1414 4486 regnante
1428 4417 1666 4487 Augusto
1687 4417 1835 4474 orbis
1860 4417 2052 4490 legitur

467 4497 636 4562 fuisse
661 4515 912 4576 pacatus;
945 4505 1086 4574 quod
1115 4521 1220 4562 non
1253 4507 1500 4562 humanis
1522 4509 1742 4578 viribus,
1769 4509 1862 4564 sed
1895 4509 2050 4566 Chri-

467 4599 536 4656 s‘ti
561 4591 779 4656 Domini
803 4599 1068 4670 corporali
1095 4601 1379 4671 pra-sentin
1407 4601 1660 4672 probatur
1691 4601 1956 4659 effectum.

535 4691 692 4748 νει-ε.
731 4691 814 4748 io.
869 4693 1058 4746 Arcum
1087 4703 1336 4760 conteret,
1383 4703 1428 4749 cl
1475 4695 1762 4767 confringet
1791 4713 1970 4764 arma,
1999 4706 2046 4754 et

467 4793 614 4838 scuta
663 4785 918 4838 comburat
959 4785 1084 4856 igni.
1115 4785 1276 4840 Arcus
1319 4787 1530 4842 ittsidim
1561 4797 1686 4844 sunt
1713 4787 2004 4846 inﬁdelium
2025 4834 2044 4862 ,

465 4889 584 4944 quae
603 4885 947 4932 conterentur
969 4879 1166 4934 virtute
1187 4881 1450 4946 veritatis,
1477 4881 1693 4952 quando
1719 4883 1784 4936 ad
1817 4883 2044 4941 nihilum

465 4967 648 5020 ins-mi
685 4981 802 5022 veta
834 4969 1156 5038 redigentur.
1201 4971 1360 5024 Arma
1397 4971 1485 5026 hic
1529 4973 1830 5042 signiﬁcant
1856 4991 2044 5046 super-

467 5061 670 5110 stitiosa
709 5061 1000 5116 certamina
1033 5077 1380 5134 paganorum,
1415 5079 1534 5132 qum
1565 5067 1760 5121 turrito
1793 5065 2044 5126 dicuntur

463 5165 582 5204 esse
607 5149 915 5220 frangenda,
949 5143 1159 5222 quando
1193 5155 1422 5210 ﬁdelium
1447 5157 1844 5212 cottcv‘rtatinne
1875 5175 2038 5232 supe-

463 5249 670 5298 rantur.
723 5241 882 5299 Sruta
931 5243 1268 5300 defensiones
1320 5247 1622 5316 signiﬁcant
1669 5251 1990 5318 perﬁdorum
2021 5293 2038 5322 ,

2073 4607 2130 4668 D

2165 3315 2355 3370 clusio.
2389 3313 2570 3372 Talem
2619 3315 2882 3386 siquidem
2917 3315 3300 3384 professionem
3339 3313 3464 3370 ideo
3507 3317 3752 3374 secundo

2167 3417 2436 3478 repetunt,
2467 3417 2526 3464 ut
2553 3424 2648 3478 per
2677 3423 2792 3464 eam
2837 3411 2992 3466 nobis
3031 3409 3400 3466 liberationem
3449 3411 3752 3478 prtestitam

2165 3501 2330 3560 luisse
2351 3501 2712 3558 declararent.
2733 3499 2876 3556 Deus
2905 3511 3084 3558 autem
3105 3503 3271 3560 Jacob
3295 3503 3420 3560 ideo
3441 3503 3754 3574 frequenter

2163 3595 2474 3668 apponitur,
2505 3605 2562 3652 ut
2589 3593 2880 3652 Christiani
2911 3597 3092 3666 populi
3131 3597 3356 3652 victoria
3405 3597 3750 3662 declaretur;

2163 3691 2254 3760 qui
2283 3687 2412 3744 licet
2429 3689 2500 3744 sit
2531 3697 2774 3758 tempore
2805 3691 3086 3760 posterior,
3113 3691 3342 3758 primum
3373 3697 3554 3746 tamen
3583 3705 3754 3762 popu-

2151 3781 2272 3864 lum
2295 3779 2441 3838 ﬁdeli
2465 3780 2758 3838 devotione
2789 3783 3136 3840 transcendit.

2691 3893 2966 3952 Conclusio
3003 3895 3214 3966 psalmi.

2229 4005 2400 4076 Quam
2431 4005 2614 4063 brevis
2641 4021 2704 4064 ac
2725 4007 3088 4064 remediabilis
3119 4009 3354 4078 psalmus
3377 4009 3564 4076 eluxit,
3589 4009 3748 4080 cujus

2157 4099 2224 4166 si,
2249 4099 2476 4154 Domino
2521 4107 2844 4170 praestante,
2871 4099 3248 4155 conlidean
3291 4101 3554 4156 sumimus
3577 4141 3594 4164 ,
3635 4101 3750 4168 spi-

2157 4205 2288 4248 nosa
2323 4191 2482 4261 hujus
2525 4193 2710 4248 mundi
2735 4191 2898 4248 animi
2937 4193 3137 4248 virtute
3171 4193 3626 4258 transcendimus,
3661 4193 3750 4252 lit-

2157 4297 2264 4354 que
2291 4283 2449 4340 nobis
2477 4287 2620 4355 quod
2647 4285 2860 4355 legitur,
2892 4283 3147 4340 auxilium
3173 4283 3242 4340 de
3265 4283 3634 4340 tribulatione.
3657 4285 3750 4340 Est

2157 4373 2302 4430 enim
2333 4373 2422 4428 hic
2451 4375 2626 4432 omnis
2653 4389 2778 4444 spes
2803 4375 2856 4429 in
2884 4371 3114 4430 adventu
3151 4373 3362 4432 Domini
3395 4373 3616 4440 Christi,
3645 4389 3746 4446 per

2155 4481 2316 4542 quem
2339 4467 2496 4522 nobis
2521 4477 2572 4524 et
2599 4467 2838 4526 Ecclesia
2877 4467 3095 4524 fundata
3123 4477 3224 4535 est,
3251 4479 3309 4524 et
3335 4467 3592 4523 miracula
3619 4481 3742 4522 ma-

2153 4573 2258 4626 gna
2285 4567 2595 4628 patuerunt.
2647 4557 2886 4614 Abstulit
2930 4559 3073 4614 enim
3117 4559 3556 4630 superstitionum
3603 4559 3744 4614 bella

2153 4649 2240 4720 qui
2271 4649 2410 4703 dixit
2445 4665 2458 4700 :
2495 4649 2680 4704 Pacem
2705 4667 2870 4704 meam
2897 4653 2962 4706 do
2987 4651 3147 4716 vobis,
3179 4669 3354 4724 pacem
3393 4669 3558 4706 meum
3587 4651 3742 4706 relin-

2151 4755 2250 4810 quo
2275 4741 2412 4797 vobis
2437 4741 2616 4812 (locu.
2649 4759 2756 4808 ttv,
2783 4743 2892 4814 1⁵7).

2411 4863 2772 4919 EXPOSITIO
2815 4863 2878 4920 IN
2915 4865 3240 4922 PSALMUM
3281 4867 3464 4922 XLVI.

2461 4953 2528 5010 1n
2559 4955 2714 5024 ﬁnem
2741 4971 2834 5026 pro
2860 4955 2984 5024 filiis
3019 4955 3147 5010 Core
3173 4959 3422 5028 psalmus.

2219 5073 2406 5128 Omnia
2443 5071 2658 5142 quidem
2685 5073 2904 5130 nomina
2935 5075 3080 5130 tituli
3123 5075 3278 5130 istius
3307 5077 3614 5132 retinentur
3637 5091 3738 5132 ex-

2149 5169 2358 5240 posita;
2391 5167 2484 5222 sed
2507 5165 2634 5234 hoc,
2665 5167 2836 5224 lector
2865 5167 3123 5234 studiose,
3147 5183 3364 5239 semper
3403 5171 3644 5238 intende,
3677 5177 3742 5226 ut

2149 5261 2214 5316 ad
2255 5275 2446 5316 causas
2471 5260 2798 5330 psalmorum
2829 5261 3104 5316 nominum
3155 5261 3380 5318 imorum
3425 5263 3740 5331 signiﬁcan-

461 5351 580 5407 quze
607 5337 670 5392 ad
703 5337 1074 5394 liberationem
1101 5339 1331 5396 hominis
1361 5343 1600 5398 caelestis
1621 5343 1760 5414 ignis
1791 5345 2040 5402 incendio
2147 5353 2248 5410 tias
2275 5363 2484 5424 aptatas
2529 5352 2814 5423 intelligas.
2861 5353 2996 5410 Nam
3039 5354 3086 5410 si
3133 5363 3334 5410 textum
3373 5354 3566 5423 psalmi
3607 5355 3738 5408 diu-

459 5443 890 5488 concrementur.
917 5431 1026 5490 Se'd
1055 5432 1206 5490 miles
1249 5433 1352 5490 iste
1382 5431 1626 5492 diabolus
1655 5447 1760 5502 est,
1788 5437 1943 5506 cujus
1969 5439 2038 5496 ad
2143 5446 2354 5516 gentius
2377 5447 2654 5512 intuearis,
2683 5447 2886 5502 nullum
2911 5461 2982 5500 ex
3001 5445 3084 5502 eis
3109 5445 3334 5502 verbum
3353 5459 3552 5502 vacare
3577 5459 3740 5516 posse

457 5523 683 5580 Salutem
711 5539 866 5580 arcus
894 5527 1210 5596 conteritur,
1239 5541 1386 5584 arma
1413 5529 1747 5601 franguntur,
1771 5541 1923 5588 scuta
1955 5533 2035 5588 in-
2138 5537 2528 5608 deprehendes.
2577 5539 2918 5608 Quapropter
2963 5540 3172 5606 evenit,
3205 5549 3264 5596 ut
3297 5539 3464 5596 modo
3491 5537 3732 5596 diversi-

455 5615 648 5673 cendio
673 5629 1098 5674 concrementur.
1123 5619 1237 5676 Non
1257 5621 1398 5678 enim
1431 5621 1590 5678 aliter
1623 5623 1884 5692 potuisset
1905 5639 2030 5682 eva-
2141 5639 2240 5696 tas,
2263 5631 2424 5686 modo
2453 5628 2749 5686 similitudo
2775 5629 3050 5690 titulorum
3079 5629 3370 5686 Dominum
3393 5631 3738 5702 Salutarem

455 5707 612 5778 dere,
655 5707 758 5766 nisi
792 5725 908 5778 quae
939 5711 1153 5780 putabat
1204 5727 1296 5768 sua
1345 5715 1640 5772 munimina
1689 5715 2029 5786 perdidisset.
2135 5723 2418 5782 intendere
2439 5723 2705 5778 videatur.
2731 5723 2836 5778 Sed
2857 5723 2986 5780 dum
3017 5725 3292 5782 diversum
3317 5737 3422 5796 est,
3457 5725 3738 5783 fastidium

455 5799 580 5861 Si“
599 5805 776 5862 0mm“
811 5817 935 5894 Qui”
959 5803 1100 5862 dicm
1127 5815 1272 5876 δυηί»
1299 5819 1356 5862 υῑ
1381 5809 1698 5878 ﬁnibus“!!!
1731 5811 1925 5882 Placet.
1959 5811 2028 5872 ad
2141 5821 2336 5878 relevat
2363 5839 2376 5892 ;
2403 5837 2522 5878 cum
2553 5837 2714 5878 unum
2745 5821 2897 5894 157
2927 5821 3303 5894 intelligentia:
3327 5833 3529 5882 nostra:
3561 5821 3736 5878 aciem
