4004 6342
266 332 358 399 552»

1159 320 1522 381 EXPOSITIO
1556 318 1627 376 ΙΝ
1665 314 2122 375 PSALTERIUM.
2166 313 2360 371 PSAL.
2401 311 2583 369 XLVI.

3401 318 3505 375 35R

266 453 424 517 stabili
460 449 711 508 ﬁrmitate
753 401 1082 511 consolidat;
1124 438 1203 499 sic
1244 422 1531 510 utrumque
1577 437 1817 493 noscitur
1844 436 1898 498 Α
1921 447 2025 503 qua
2068 432 2249 497 elatio,
2288 429 2429 501 quod
2453 429 2612 497 absit,
2654 437 2868 486 sancttm
2907 432 3050 487 viros
3080 432 3394 504 contingere
3420 439 3504 492 vi-

267 558 375 610 esse
410 544 699 618 proﬁcuum
727 584 740 611 ,
774 541 915 612 quod
960 538 1205 596 edictum
1244 541 1459 591 constat
1499 545 1600 604 pro
1648 529 1820 586 salute

264 655 578 704 cunctorum.
618 639 935 710 Loquenttt‘r
959 643 1138 692 autem
1166 640 1223 689 et
1251 636 1306 688 in
1332 632 1437 687 hoc
1484 628 1694 701 psalmo
1717 626 1813 682 ﬁlii

264 738 408 809 cors,
432 738 568 807 quos
593 729 790 790 vexillo
819 730 995 787 crucis
1014 736 1191 785 mater
1220 726 1399 799 signat
1424 722 1692 780 Ecclesia.

438 848 441 851 ’
520 834 561 853 ’“
813 842 1007 899 Divisio
1042 839 1247 913 psalmi.

321 959 566 1033 Quamvis
596 974 663 1015 ex
692 940 925 1029 persona
969 956 1201 1012 ﬁliorum
1253 953 1389 1009 Core
1416 959 1560 1007 totus
1592 950 1825 1020 hymnus

259 1056 350 1112 iste
375 1040 638 1117 cantetur,
670 1042 847 1119 sitque
872 1047 1177 1121 gratissima
1202 1046 1467 1103 brevitate
1486 1043 1823 1107 succinctus;

259 1144 812 1216 diapsalmatistamea
837 1140 1249 1211 interpositione
1272 1139 1480 1195 divisus
1507 1146 1614 1193 est.
1646 1135 1827 1191 Primo

259 1238 405 1303 modo
445 1243 859 1295 commonentur
883 1241 1093 1303 gentes,
1127 1240 1188 1288 ut
1232 1230 1463 1287 Domino
1486 1272 1490 1277 .
1514 1227 1701 1287 laudes
1734 1227 1827 1287 des

260 1332 405 1387 beant
433 1340 760 1398 personare;
808 1325 932 1397 quia
968 1322 1163 1394 populo
1210 1318 1582 1393 acquisitionis
1633 1326 1829 1387 uincta

256 1420 497 1492 subjecit,
530 1418 670 1474 etin
703 1416 1019 1487 haereditate
1047 1430 1145 1473 sua
1187 1416 1306 1487 pius
1348 1414 1571 1471 Arbiter
1601 1412 1831 1471 colloca-

255 1516 346 1575 vit.
370 1512 626 1571 Secundo
671 1512 919 1577 ascensio
959 1510 1173 1568 Domini
1203 1519 1260 1568 et
1302 1522 1531 1580 regnum
1566 1506 1686 1578 ejus
1730 1507 1832 1563 sub

258 1607 515 1667 brevitate
557 1605 907 1674 describitur,
941 1620 1048 1676 quo
1071 1604 1244 1661 sancti
1269 1603 1439 1674 ipsius
1480 1610 1609 1661 sunt
1636 1600 1835 1659 nihile-

254 1698 418 1759 minus
443 1698 567 1756 sine
589 1697 696 1754 ﬁne
715 1696 954 1768 petillini.

746 1840 751 1849 ι
786 1811 1059 1884 Εωροάεὶο
1086 1811 1299 1883 psalmi.

318 1906 472 1965 Vere.
493 1908 523 1965 ί
536 1907 758 1962 .Otttnes
771 1914 942 1978 gentes
959 1906 1185 1977 plaudite
1197 1904 1435 1959 manibus
1452 1920 1468 1958 :
1477 1902 1702 1975 jubilate
1720 1899 1835 1957 Deo

252 2002 427 2057 insece
451 2001 834 2056 emit-tionis.
844 1999 983 2055 Cum
1004 1996 1425 2055 sitconsuetudo
1450 1994 1835 2053 lu‘xuriantium

254 2094 397 2151 elisis
418 2094 681 2149 manibus
700 2106 1025 2163 personare,
1051 2101 1107 2151 et
1124 2092 1178 2147 in
1206 2093 1416 2147 aurium
1443 2090 1837 2161 iucunditatem

253 2201 343 2257 per
370 2202 467 2245 eas
507 2187 682 2243 melos
703 2186 974 2259 quoddam
998 2184 1124 2245 sine
1148 2184 1331 2244 ofﬁcio
1360 2185 1625 2241 sermonis
1650 2183 1836 2254 expri-

252 2292 420 2345 mere,
472 2279 718 2348 plausum
768 2279 929 2339 istum
979 2277 1331 2351 spiritualiter
1378 2276 1641 2335 debemus
1693 2276 1839 2335 acci-

248 2383 395 2441 pere.
424 2370 641 2442 qualem
670 2378 724 2429 et
748 2356 843 2426 ﬁlii
882 2371 1057 2429 crucis
1113 2377 1404 2441 potuerunt
1426 2368 1629 2437 dicere,
1657 2378 1715 2427 et
1740 2383 1841 2426 nos

248 2436 463 2534 oportet
485 2436 697 2523 audire.
731 2462 1000 2519 Plautinus
1040 2436 1171 2537 ergo
1210 2463 1446 2521 manibus
1466 2462 1560 2533 qui
1605 2462 1842 2520 eleemo-

245 2570 405 2630 synas
436 2555 669 2623 iaciunt,
700 2557 790 2628 qui
821 2557 1039 2630 aegrotis
1068 2571 1167 2627 pro
1195 2555 1543 2613 miseratione
1570 2554 1838 2623 serviunt,

247 2649 337 2719 qui
359 2649 591 2721 aliquod
616 2649 923 2711 mandatum
972 2650 1154 2719 probis
1198 2649 1498 2707 actionibus
1525 2657 1840 2718 operantur,

241 2741 463 2807 aliudve
487 2740 598 2799 tale
615 2740 756 2813 quod
782 2739 853 2801 ad
870 2741 1083 2809 Domini
1106 2742 1333 2813 gratiam
1354 2741 1527 2813 possit
1542 2741 1839 2812 pertinere.

244 2831 489 2891 Jubilare
534 2848 662 2895 vero
682 2832 922 2907 gaudere
970 2843 1073 2891 est.
1106 2834 1211 2905 Qui
1262 2849 1446 2895 sermo
1473 2834 1651 2897 diem
1680 2843 1765 2892 est
1810 2850 1843 2894 a

237 2924 499 2997 jucunda,
528 2924 580 2979 id
606 2933 691 2983 est
715 2925 1032 2985 delectando
1056 2945 1069 2983 :
1093 2925 1306 2997 quando
1325 2926 1577 2998 gaudium
1598 2936 1844 2987 nostrum

247 3032 355 3079 non
375 3016 686 3079 articulatis
712 3018 1074 3085 sermonibus,
1118 3020 1215 3076 sed
1242 3018 1470 3077 confusa
1498 3034 1631 3077 voce
1662 3018 1845 3091 prole-

247 3113 441 3173 rimns.
472 3113 547 3173 Et
574 3128 645 3171 ne
664 3113 719 3173 in
750 3113 883 3171 solis
905 3114 1103 3179 talibus
1132 3114 1347 3185 gaudiis
1371 3116 1721 3177 haereremus,
1747 3113 1843 3171 ad.

1924 523 2131 580 deatur.
2164 521 2332 579 Pedes
2356 521 2658 593 signiﬁcant
2678 521 3042 579 sanctissimas
3066 526 3502 596 praedicationes,

1926 616 2119 687 quibus
2143 616 2327 685 p0puli
2357 615 2549 672 merito
2577 614 2898 671 dicebantur
2924 630 3045 673 esse
3084 617 3332 690 subjecti,
3365 636 3504 689 quo-

1924 722 2044 763 rum
2089 707 2291 778 regalis
2336 708 2656 765 tenebantur
2700 709 2936 773 astricti,
2989 711 3125 767 sicut
3172 709 3337 769 lsaias
3382 727 3511 785 pro-

1926 800 2083 870 pheta
2111 799 2242 854 dicit
2272 817 2285 851 :
2317 799 2487 865 Quam
2514 802 2727 871 speciosi
2753 801 2907 871 pedes
2932 798 3395 874 e'vanyalisantiutn
3414 822 3513 877 pa-

1926 909 2033 949 cem
2061 892 2211 963 (Isai.
2244 908 2334 957 LII,
2367 893 2446 963 7).

2003 986 2153 1041 vers.
2182 985 2253 1039 4.-
2270 985 2440 1055 Elegit
2468 986 2615 1041 nobis
2634 988 2976 1044 hereditatem
2998 1006 3145 1046 suam
3167 994 3385 1061 speciem
3405 994 3505 1047 Ja-

1928 1079 2016 1132 cob
2058 1094 2214 1149 quam
2258 1077 2456 1132 dilexit;
2509 1076 2677 1149 Elegit
2734 1081 2909 1147 nobis,
2964 1081 3389 1139 subaudiendum
3432 1094 3515 1140 est

1882 1220 1885 1221 ν
1928 1169 2099 1235 dare;
2128 1176 2187 1224 ut
2213 1168 2307 1241 qui
2350 1178 2569 1225 venerat
2619 1171 2684 1226 ad
2731 1171 3079 1227 lsraeliticum
3131 1176 3381 1244 populum
3414 1176 3519 1230 salo

1928 1260 2185 1326 vandum,
2219 1260 2320 1316 hoc
2350 1260 2519 1331 magis
2547 1262 2795 1331 gentibus
2835 1265 2916 1334 pia
2964 1266 3212 1337 largitate
3243 1269 3516 1323 concede-

1931 1360 2035 1408 ret.
2066 1351 2235 1419 Quam
2264 1352 2669 1408 similitudinem
2704 1370 2926 1411 necesse
2955 1365 3040 1413 est
3071 1360 3124 1414 in
3155 1359 3389 1415 medium
3434 1377 3519 1417 re-

1930 1456 2146 1511 vocare,
2176 1452 2231 1498 ut
2253 1443 2328 1498 rei
2358 1444 2559 1499 veritas
2584 1445 2887 1502 evidentius
2910 1450 3083 1516 possit
3108 1452 3350 1521 agnosci.
3378 1452 3519 1507 Esau

1932 1534 2281 1592 oernaliseibi
2307 1537 2571 1592 suavitate
2598 1538 2730 1609 {ed.,
2758 1538 3017 1611 vanitate]
3045 1540 3327 1611 pellectus,
3357 1558 3386 1598 a
3410 1546 3521 1600 fra-

1933 1636 2016 1683 tre
2044 1642 2142 1683 suo
2169 1627 2339 1683 Jacob
2370 1629 2681 1685 lenticulam
2730 1632 3020 1701 postulavit
3046 1632 3200 1703 (Gen.
3228 1649 3356 1703 xxv,
3378 1636 3472 1707 50)
3504 1655 3519 1689 ε

1934 1718 2023 1773 cui
2049 1718 2140 1773 ille
2162 1719 2440 1789 respondit
2464 1721 2543 1776 sic
2566 1734 2689 1777 esse
2708 1719 3031 1790 iaciendum,
3061 1724 3107 1779 si
3134 1725 3184 1781 ei
3206 1739 3236 1780 a
3260 1739 3520 1795 germano

1863 1828 1913 1890 Β
1937 1825 2035 1867 suo
2060 1811 2543 1881 primogenitorum
2585 1814 2752 1886 gloria
2791 1815 3093 1873 cederetur.
3128 1817 3226 1874 ille
3272 1829 3515 1876 terrena

1940 1921 2057 1963 rum
2089 1918 2271 1962 rerum
2302 1908 2490 1963 avidus
2514 1909 2800 1979 inquisitor
2844 1912 3010 1967 cessit
3041 1912 3298 1969 honorem
3330 1916 3522 1981 suum;

1938 2012 2113 2069 eoque
2139 1998 2281 2055 facta
2304 2000 2529 2081 contigit
2583 2008 2640 2056 ut
2665 2000 2832 2057 Jaeob
2873 2003 3012 2059 felici
3041 2005 3368 2061 commercio
3402 2021 3525 2062 car-

1939 2089 2082 2145 nalia
2109 2088 2349 2156 oues-ret,
2395 2101 2660 2162 quatenus
2702 2094 3003 2163 spiritualia
3059 2099 3379 2168 conquirere
3428 2112 3525 2168 po-

1942 2182 2150 2239 tuisset.
2180 2182 2300 2254 Ipsa
2325 2191 2411 2240 est
2448 2184 2592 2241 enim
2618 2188 2810 2256 species
2835 2186 3018 2257 Iacob,
3067 2206 3226 2261 quam
3267 2192 3527 2249 Dominus

1943 2273 2106 2330 nimis
2132 2276 2349 2342 dilexit;
2379 2286 2438 2333 ut
2482 2288 2540 2335 et
2586 2280 2773 2337 ﬁdeles
2801 2282 3029 2338 famulos
3062 2297 3194 2340 suos
3224 2285 3413 2340 eadem
3442 2287 3525 2340 fa-

1944 2382 2067 2425 cere
2087 2369 2271 2436 vellet,
2302 2385 2421 2442 quas
2448 2372 2542 2429 ille
2570 2375 2848 2444 sequenda
2878 2378 3102 2449 mystica
3134 2379 3530 2450 signiﬁcatione

1946 2463 2284 2530 praemonuit.
2314 2461 2407 2521 Sic
2424 2464 2575 2520 enim
2601 2465 2896 2523 Christiani
2922 2482 3051 2525 vere
3076 2468 3326 2537 dicimur,
3350 2471 3395 2526 si
3420 2480 3531 2528 ter-

1943 2566 2076 2609 rena
2100 2553 2411 2622 oﬂereetes,
2440 2558 2680 2614 cmlestia
2702 2561 3113 2629 conquiramus.

2020 2645 2172 2702 Vens.
2201 2650 2257 2704 5.
2299 2649 2541 2704 Ascendit
2573 2651 2712 2707 Deus
2736 2654 2791 2708 in
2809 2655 3125 2727 jubilatione
3151 2674 3169 2712 :
3203 2656 3457 2713 Dominus
3478 2661 3534 2715 in

1944 2751 2067 2791 voce
2091 2737 2247 2793 tuba.
2286 2738 2518 2795 Veniunt
2546 2741 2637 2798 ﬁlii
2667 2741 2807 2801 Core
2845 2746 2913 2801 ad
2964 2748 3262 2806 secundum
3289 2751 3532 2821 modum,

1945 2826 2036 2883 ubi
2075 2836 2289 2898 tempus
2335 2830 2468 2887 ιιιυά
2512 2834 2603 2903 pia
2651 2834 2811 2891 laude
2856 2837 3268 2909 concelebrant,
3318 2845 3534 2911 quando

1944 2921 2315 2990 corporalibus
2334 2923 2505 2980 oculis
2536 2927 2786 2983 ascensio
2813 2927 3028 2985 Domini
3048 2931 3279 3001 gloriosa
3307 2936 3537 2992 veritate

1945 3021 2238 3082 conspecta
2278 3024 2381 3070 est.
2408 3013 2477 3070 In
2494 3017 2811 3087 jubilati‘one
2839 3034 2970 3077 vero
3005 3030 3288 3094 propterea
3337 3027 3536 3082 dictum

1946 3112 2061 3174 est,
2114 3107 2365 3175 quoniam
2421 3115 2699 3178 stupentes
2755 3113 2990 3182 apostoli
3058 3115 3165 3173 talo
3215 3118 3533 3175 miraculum

248 3203 404 3273 didit,
451 3206 511 3259 in
556 3219 675 3259 voce
700 3205 1052 3260 exsultationis
1079 3221 1101 3261 :
1125 3206 1432 3276 signiﬁcans
1462 3204 1842 3275 psalmodiam,
1868 3211 1917 3276 ρ
1951 3197 2208 3255 ἰιθϐθῢὶιὶ
2253 3200 2434 3256 cordis
2464 3201 2653 3257 laetitia
2694 3205 3081 3275 rapiebantur;
3112 3223 3337 3279 quorum
3370 3210 3533 3266 fclici-

247 3313 365 3369 quaa
398 3296 515 3353 Deo
544 3312 644 3367 pro
671 3296 905 3352 nominis
928 3296 1013 3352 sui
1031 3296 1312 3367 majestate
1341 3296 1694 3365 persolvitur;
1717 3310 1841 3367 per-

247 3391 549 3449 fectissime
573 3405 943 3457 commoneas,
968 3398 1027 3446 ut
1046 3389 1257 3446 laudem
1279 3376 1374 3445 Dei
1401 3390 1482 3445 sic
1500 3404 1691 3446 manus
1714 3404 1841 3461 per-

247 3490 385 3558 agat,
418 3486 695 3557 quaten‘us
722 3484 951 3556 gloriam
985 3482 1101 3555 ejus
1141 3484 1371 3539 humana
1416 3482 1596 3556 lingua
1626 3488 1735 3540 nan
1763 3493 1845 3541 ta-

247 3580 383 3633 ceat.
416 3568 592 3634 Decet
626 3577 769 3633 enim
814 3580 881 3632 ut
900 3582 1172 3647 praecepta
1206 3577 1417 3634 Domini
1469 3564 1551 3633 sui
1578 3585 1635 3633 et
1661 3577 1844 3661 lingua

247 3679 424 3736 canat,
446 3668 509 3725 et
540 3672 737 3723 manus
766 3675 1041 3737 operetur.

318 3760 479 3816 Vere.
510 3754 575 3814 Ξ.
629 3755 884 3824 Quoniam
916 3755 1055 3813 Deus
1098 3772 1347 3826 summus,
1400 3758 1693 3813 terribilis:
1734 3759 1847 3815 Rea:

246 3854 471 3924 magnus
499 3856 662 3923 super
704 3858 905 3906 omnem
934 3861 1141 3907 terram.
1182 3849 1378 3907 Reddit
1427 3865 1638 3917 causas,
1680 3866 1847 3921 quare

248 3934 485 4000 Domino
516 3946 577 4000 et
599 3942 776 4012 plaudi
806 3941 1020 4011 debeat,
1045 3952 1098 3998 et
1121 3940 1359 4012 jubilari.
1394 3941 1524 4009 Quae
1566 3940 1735 4012 ﬁgura
1767 3942 1849 3997 di-

248 4034 391 4090 citur
414 4033 757 4107 epexegesis,
791 4033 855 4128 id
894 4042 981 4089 est
1006 4032 1312 4103 explanatio
1351 4032 1483 4115 dicti
1526 4032 1845 4103 superioris.

249 4125 501 4181 Primum
529 4126 652 4196 quia
679 4122 910 4181 summus
952 4133 1034 4181 est
1058 4123 1218 4179 Deus.
1250 4122 1539 4186 Terribilis,
1584 4126 1705 4194 quia
1736 4125 1850 4195 ipse

245 4208 602 4289 judicaturus
630 4222 713 4274 est
739 4218 1018 4274 mundum.
1058 4214 1167 4273 Rea:
1198 4224 1432 4287 magnus,
1456 4217 1709 4287 quoniam
1739 4217 1853 4272 Rea:

245 4318 460 4382 regum,
492 4318 546 4365 et
570 4308 824 4367 Dominus
850 4308 1227 4365 dominantium
1253 4307 1437 4380 (Apoc.
1466 4323 1577 4375 xix,
1625 4306 1717 4378 i6)
1746 4308 1847 4364 est.

247 4401 374 4474 lpSe
414 4402 506 4460 eet
533 4405 677 4460 enim
707 4394 774 4459 de
822 4404 928 4474 quo
974 4403 1233 4474 scriptum
1262 4408 1345 4458 est
1374 4402 1429 4456 in
1458 4401 1616 4458 titulo
1643 4401 1851 4472 passio-

246 4496 335 4553 nis
371 4515 387 4551 :
421 4494 544 4553 Rex
570 4495 876 4551 Judteorum
907 4492 1122 4567 (Matth.
1170 4511 1338 4561 xxv",
1386 4495 1498 4567 57).
1537 4480 1736 4553 verum
1769 4504 1853 4554 est

1946 3291 2049 3347 bus
2091 3290 2265 3347 oculis
2284 3291 2472 3348 datum
2498 3302 2579 3349 est
2605 3294 2674 3349 ad
2700 3298 2870 3353 caelos
2901 3309 3121 3355 euntem
3152 3301 3333 3356 videre
3357 3302 3512 3358 Domi

1948 3395 2075 3436 num
2101 3381 2459 3439 Salvatorem.
2490 3378 2861 3443 Jubilationem
2886 3404 3019 3446 vero
3047 3390 3283 3447 diximus
3315 3393 3538 3451 nimiam

1949 3475 2165 3545 quidem
2192 3490 2316 3533 esse
2342 3478 2608 3549 lmtitiam,
2652 3482 2745 3537 sed
2774 3497 2879 3539 non
2909 3500 3029 3554 quae
3078 3482 3415 3545 sermonibus
3443 3505 3537 3547 ex-

1950 3570 2200 3641 plicatur.
2240 3570 2427 3627 Vocem
2477 3589 2690 3645 quoque
2740 3576 2878 3632 tuba:
2902 3580 3067 3634 verba
3119 3581 3423 3653 signiﬁcant
3451 3598 3538 3639 an-

1950 3665 2211 3735 gelorum,
2235 3680 2354 3735 quae
2383 3680 2575 3739 magno
2604 3670 2829 3740 strepitu
2861 3668 3104 3741 percussi
3144 3676 3286 3731 aeris
3328 3675 3541 3747 fragore

1955 3763 2269 3813 tenuerunt.
2299 3758 2450 3815 Tunc
2493 3761 2636 3816 enim
2661 3761 2733 3818 de
2760 3761 2849 3818 tali
2888 3764 3096 3821 visione
3126 3768 3383 3837 apostolis
3429 3778 3542 3824 stu-

1953 3852 2203 3920 pentibus
2230 3852 2486 3910 dixerunt
2528 3855 2748 3927 angeli:
2789 3855 2904 3911 Viri
2943 3854 3170 3926 Galiltti,
3210 3860 3335 3930 quid
3373 3860 3541 3916 admi-

1953 3944 2143 3997 ramini
2161 3946 2186 3998 ?
2212 3944 2313 3998 Hic
2338 3944 2490 4000 Jesus
2507 3949 2597 4015 qui
2626 3957 2921 4018 assumptus
2947 3957 3021 4005 est
3049 3966 3081 4004 a
3103 3950 3245 4005 vobis
3265 3953 3339 4005 sic
3359 3954 3544 4020 ueniet,

1952 4034 2383 4103 quernedntodum
2410 4035 2609 4091 vidistis
2642 4050 2755 4092 eum
2784 4046 2985 4094 euntem
3031 4041 3087 4094 in
3120 4042 3303 4095 uelum
3332 4040 3468 4117 (Act.
3499 4060 3541 4117 ι,

1955 4124 2086 4194 ll);
2113 4133 2175 4182 ut
2196 4125 2429 4181 mundus
2460 4126 2669 4184 ﬁrmius
2694 4128 2941 4186 Crederet
2979 4132 3122 4202 quod
3162 4114 3359 4190 talibu’s
3403 4114 3544 4206 prae.

1955 4215 2187 4275 canibus
2216 4217 2509 4274 insonaret.
2876 4232 2879 4235 ‘

2032 4306 2184 4364 Vers.
2207 4308 2261 4365 6.
2294 4306 2651 4368 Punite-Deo
2680 4322 2876 4383 nostra,
2910 4316 3113 4386 psallite
3138 4332 3158 4373 :
3189 4316 3393 4387 psallite
3415 4319 3545 4393 Regi

1957 4408 2150 4467 nostro,
2181 4403 2407 4473 psallite.
2440 4404 2555 4460 Non
2607 4414 2762 4462 vacat
2806 4406 2951 4480 quod
2999 4413 3160 4468 toties
3208 4410 3313 4469 iste
3362 4428 3541 4471 sermo

1958 4491 2254 4562 repetitur;
2289 4497 2599 4565 agnoscitur
2640 4498 2785 4554 enim
2828 4513 2987 4569 quam
3020 4503 3169 4569 utile,
3202 4517 3363 4572 quam
3394 4505 3537 4559 salu-

248 4589 519 4661 quoni'am
547 4589 786 4660 ipsorum
805 4587 918 4645 Rex
946 4587 1068 4655 fuit,
1092 4587 1184 4643 sed
1214 4595 1297 4643 est
1321 4594 1377 4643 et
1395 4595 1709 4644 cunctarum
1727 4604 1859 4660 gen-
1883 4603 1939 4665 Β
1966 4589 2080 4639 lare
2108 4584 2178 4639 sit
2199 4599 2333 4655 opus
2360 4587 2504 4656 quod
2532 4595 2639 4643 tam
2666 4590 2853 4644 crebra
2878 4590 3049 4644 voluit
3070 4590 3354 4648 iteratione
3378 4598 3543 4663 repe-

248 4685 385 4740 tium
413 4728 429 4753 ,
464 4684 595 4756 quia
616 4689 671 4739 et
699 4682 918 4738 Creator
947 4691 1005 4739 et
1023 4672 1443 4737 Administrator
1471 4689 1555 4736 est
1578 4682 1849 4750 omnium;

248 4785 302 4832 et
328 4776 458 4832 ideo
481 4791 555 4832 ne
583 4780 790 4831 tantum
820 4782 1100 4846 putaretur
1120 4773 1285 4829 fuisse
1306 4766 1636 4840 Judaeorum,
1664 4772 1855 4846 Regem

245 4868 382 4924 dicit
408 4868 649 4924 omnium
676 4882 798 4923 esse
834 4876 1109 4922 terrarum.
1137 4862 1434 4921 Advertant
1461 4863 1633 4921 Judmi
1665 4876 1854 4935 poten-

250 4957 385 5015 tiam
427 4957 655 5015 Domini
685 4958 752 5011 ab
779 4958 1036 5029 angustiis
1063 4958 1174 5013 suis
1212 4944 1369 5027 longe
1397 4954 1665 5027 latiusque
1697 4956 1856 5015 ditiu-

247 5060 403 5125 sam,
435 5063 499 5111 et
526 5053 711 5109 colere
737 5056 847 5109 "non
876 5052 1123 5109 desinant
1148 5067 1294 5122 eum,
1325 5051 1480 5125 cujus
1510 5051 1706 5124 ubique
1736 5069 1858 5113 esse

248 5136 484 5203 audiunt
515 5144 897 5215 principatum.

319 5241 494 5299 Vers.
528 5232 584 5296 3.
619 5239 856 5311 Subjecit
886 5237 1102 5311 populos
1133 5236 1296 5301 nobis,
1324 5244 1375 5290 et
1398 5246 1569 5308 gentes
1589 5238 1683 5293 sub
1711 5237 1860 5307 pedi-

250 5334 344 5389 bus
375 5334 605 5390 nostris.
640 5320 751 5388 lioc
799 5331 867 5387 ad
907 5331 1187 5387 universos
1234 5327 1470 5397 pertinet
1495 5328 1857 5399 Christianos,

246 5428 339 5499 qui
371 5426 627 5483 divinam
666 5428 895 5498 gratiam
938 5423 1138 5479 habere
1186 5431 1521 5478 meruerunt.
1552 5422 1780 5494 Papulas
1809 5434 1858 5481 et

246 5525 459 5597 gntes,
511 5515 781 5587 signiﬁcat
833 5530 928 5571 eos
977 5514 1068 5585 qui
1118 5522 1269 5569 extra
1302 5512 1599 5568 Ecclesiam
1647 5513 1859 5572 latitare

156 5578 193 5610 θ
246 5578 595 5666 noscuntur:
631 5606 892 5664 Omnibus
922 5578 1064 5663 enim
1109 5605 1271 5676 justis
1300 5604 1649 5675 spiritualiter
1677 5605 1857 5678 subje-

243 5700 320 5755 cti
351 5708 513 5766 sunt,
540 5700 633 5770 qui
661 5714 848 5759 eorum
875 5697 1067 5755 merita
1109 5696 1440 5768 aequiparare
1469 5713 1577 5753 non
1606 5708 1851 5769 possunt.

243 5793 355 5855 Sed
386 5792 505 5873 hoc
535 5792 708 5867 magis
735 5790 1087 5866 spiritualiter
1132 5787 1394 5848 debemus
1440 5788 1745 5859 advertere,
1785 5806 1854 5848 ne

1963 4684 2097 4732 tere.
2119 4674 2251 4743 Quae
2274 4676 2443 4747 ﬁgura
2475 4678 2671 4733 dicitur
2693 4678 3021 4748 cpembasis,
3046 4683 3255 4750 quoties
3288 4682 3353 4737 ad
3377 4683 3542 4739 'deco-

1962 4783 2075 4824 rem
2104 4767 2485 4839 geminandum
2535 4769 2696 4827 verba
2749 4778 3083 4840 repetuntur.
3116 4770 3352 4828 Psallere
3397 4778 3545 4834 enim

1960 4871 2046 4918 est
2091 4862 2244 4918 bonis
2297 4862 2598 4919 actionibus
2653 4862 2840 4919 laudes
2890 4862 2999 4918 Deo
3046 4877 3283 4933 canere;
3328 4869 3472 4938 quod
3502 4871 3549 4926 si

1964 4954 2104 5011 bene
2133 4954 2472 5023 exhibeatur,
2505 4956 2670 5012 etiam
2714 4970 2835 5011 cum
2867 4956 3070 5026 angelis
3097 4958 3253 5014 nobis
3291 4964 3549 5031 probatur

1964 5061 2085 5105 esse
2122 5061 2431 5117 commune,
2480 5048 2573 5118 qui
2604 5049 2701 5104 Dei
2750 5047 3021 5116 praeconia
3056 5050 3258 5121 jugiter
3280 5054 3548 5123 spirituali

1964 5142 2325 5203 exsultatione
2364 5140 2769 5200 concelebrant.
2814 5141 3110 5212 Sequitur:
3148 5144 3371 5202 Psallite
3420 5148 3550 5222 Regi

1967 5242 2169 5300 nostro,
2213 5235 2439 5305 psallite.
2468 5233 2600 5305 Regi
2642 5240 2847 5298 nostra,
2890 5234 2943 5290 id
2971 5247 3055 5291 est
3079 5234 3293 5293 Christo
3322 5240 3550 5297 Domino

1966 5326 2119 5392 dixit,
2148 5340 2259 5382 non
2285 5325 2462 5383 alieno
2487 5339 2645 5394 quem
2673 5325 2825 5382 decet
2856 5327 2957 5383 ista
2998 5328 3261 5393 laudatio:
3293 5334 3546 5401 quoniam

1968 5420 2112 5476 solus
2141 5428 2226 5477 est
2257 5418 2349 5489 qui
2381 5418 2573 5474 merito
2609 5417 2796 5474 laudes
2824 5420 3071 5490 accipiat,
3096 5423 3316 5491 quando
3345 5423 3462 5493 ipse
3495 5431 3550 5481 et

1966 5513 2222 5570 universa
2246 5520 2415 5579 creat,
2443 5518 2499 5566 et
2516 5521 2695 5566 creata
2718 5511 2919 5583 jugiter
2942 5513 3306 5569 administrat.

2038 5604 2193 5660 Vers.
2230 5605 2281 5658 7.
2317 5602 2571 5671 Quoniam
2607 5604 2722 5659 Rea:
2749 5606 2914 5659 omnis
2945 5614 3093 5660 terrae
3122 5604 3265 5661 Deus
3292 5624 3314 5662 :
3346 5607 3550 5677 psallite

1965 5698 2239 5769 sapienter.
2271 5695 2383 5763 Hoc
2416 5703 2636 5764 propter
2661 5696 2783 5752 illos
2811 5696 3005 5753 dicitur
3028 5698 3121 5767 qui
3167 5698 3268 5753 sibi
3311 5710 3406 5766 per
3431 5698 3544 5752 sin—

1960 5788 2083 5864 gula
2132 5788 2249 5845 loca
2301 5786 2517 5846 diversa
2568 5788 2785 5848 numina
2833 5788 3121 5856 iaciebant,
3168 5789 3439 5845 Venerem
3485 5792 3538 5846 in
