3996 6346
417 370 527 431 335

1628 352 1701 409 Μ.
1740 347 2022 408 AURELlI
2055 343 2467 406 CASSIODORI

3581 334 3684 392 336

419 482 635 556 Papho,
657 477 881 538 Martem
922 475 978 533 in
1002 470 1257 541 Thracia,
1286 469 1471 527 Jovem
1520 467 1577 524 in
1620 465 1800 523 Creta.
1828 464 1997 521 Debet
2024 466 2077 525 Α
2100 469 2460 526 monstratur;
2504 455 2559 514 id
2587 462 2672 515 est
2720 467 2753 511 a
2780 453 2874 511 die
2914 457 3107 510 octava
3156 446 3503 508 calendarum
3532 447 3688 519 Apri-

420 578 568 636 enim
580 573 918 643 omnipotens
930 570 1045 624 Rex
1060 563 1427 622 universaliter
1439 561 1564 628 coli,
1577 560 1668 631 qui
1690 559 1834 615 solus
1847 572 1997 613 crea-

422 677 509 725 tor
545 664 905 733 etliberator
936 675 1057 717 esse
1095 658 1348 729 probatur
1394 662 1734 710 cunctorum.
1761 649 1996 720 Adjecit,

423 758 630 832 psallite
658 755 943 828 sapienter;
965 759 1023 806 ut
1050 764 1158 805 non
1188 747 1363 822 solum
1389 753 1690 809 cantantes,
1717 741 1814 799 sed
1843 739 2003 797 intel-

424 855 653 925 ligentes
697 848 925 921 psallere
956 845 1117 917 158
1162 843 1475 899 debeamus.
1505 838 1673 894 Nemo
1721 836 1866 893 enim
1916 848 2003 890 sa-

425 948 640 1019 pienter
668 941 951 1014 quidquam
980 936 1140 1002 facit,
1170 934 1311 1006 quod
1341 947 1446 988 non
1473 929 1742 999 intelligit.

498 1038 657 1094 Vere.
672 1035 727 1092 8.
745 1032 993 1105 Regnavit
1009 1029 1258 1084 Dominus
1276 1041 1430 1095 super
1446 1040 1621 1079 omnes
1641 1030 1815 1094 gentes
1830 1035 1852 1077 :
1868 1019 2006 1074 Deus

428 1131 566 1186 sedet
589 1142 741 1197 super
755 1122 924 1179 sedem
938 1129 1167 1176 sanctam
1190 1133 1359 1171 suam.
1379 1115 1655 1171 Venerunt
1676 1112 1770 1167 ﬁlii
1791 1112 1928 1167 Core
1939 1108 2009 1165 ad

430 1219 618 1277 saeculi
646 1216 806 1273 futuri
849 1220 1163 1284 perpetuam
1190 1206 1521 1272 felicitatem,
1553 1205 1644 1260 ubi
1669 1202 1783 1274 jam
1820 1201 2009 1257 dicunt

429 1312 717 1368 Dominum
771 1306 1005 1378 gentibus
1052 1311 1419 1377 regnaturum;
1483 1312 1606 1354 nam
1667 1294 1913 1367 quamvis
1955 1298 2013 1350 et

434 1420 580 1461 nunc
607 1401 857 1459 omnibus
900 1404 1099 1470 regnet,
1131 1404 1259 1450 tunc
1309 1400 1488 1448 tamen
1519 1388 1738 1460 proprie
1782 1399 2010 1457 regnare

433 1497 651 1565 dicitur,
678 1492 892 1564 quando
911 1489 966 1545 in
995 1490 1106 1545 suis
1128 1485 1374 1542 ﬁdelibus
1403 1481 1735 1539 manifestius
1766 1479 2012 1535 habitare

432 1597 784 1647 monstratur.
810 1584 981 1653 Super
1005 1596 1178 1635 omnes
1199 1587 1390 1653 gentes,
1412 1574 1707 1632 Jerusalem
1733 1572 2012 1629 caelestem

434 1682 700 1750 designat,
731 1690 851 1746 quae
877 1658 1227 1731 ex‘omnibus
1255 1668 1558 1725 nationibus
1590 1664 1875 1720 adunatur.
1904 1662 2010 1719 Se-

436 1773 657 1843 quitur:
690 1768 828 1823 Deus
866 1768 1004 1821 sedet
1048 1780 1202 1837 super
1240 1763 1408 1817 sedent
1438 1768 1668 1815 sanctam
1695 1773 1843 1813 suam
1861 1773 1881 1823 ;
1908 1756 2015 1812 Do-

2100 556 2252 622 lium,
2284 568 2455 624 usque
2500 552 2558 607 in
2606 550 2751 607 diem
2806 556 3053 605 octavum
3107 544 3457 603 calendarum
3485 542 3687 599 Janua-

2100 647 2324 704 riarum.
2356 644 2548 701 Merito
2571 656 2701 714 ergo
2729 650 2877 698 totus
2904 641 2993 697 hic
3030 639 3270 710 psalmus
3296 634 3602 708 specialiter
3619 633 3693 689 de

2101 736 2330 794 Domino
2357 735 2534 806 dictus
2557 731 2894 803 intelligitur,
2918 728 3134 801 quando
3160 716 3225 784 et
3256 726 3375 797 ejus
3412 737 3707 783 numerus:

2102 828 2362 900 praedicto
2387 824 2551 882 modo
2578 823 2646 880 ad
2691 832 3088 879 sacramentum
3117 819 3289 892 ipsius
3312 813 3693 890 conceptionis

2020 964 2021 967 η
2103 928 2162 979 et
2188 919 2492 978 nativitatis
2516 926 2890 988 competenter
2918 922 3150 987 aptatur.

2270 1106 2273 1109 η
2358 1050 2717 1110 EXPOSITIO
2752 1049 2821 1107 ΙΝ
2862 1045 3193 1107 PSALMUM
3227 1042 3439 1102 XLVII.

2255 1165 2513 1222 'Psalmus
2541 1164 2724 1219 cantici
2762 1161 2885 1227 ﬁliis
2907 1160 3036 1217 Core
3059 1156 3289 1215 secunda
3314 1155 3537 1213 sabbati.

2134 1275 2145 1293 λ’
2180 1274 2584 1346 Expositionem
2616 1271 2804 1343 psalmi
2831 1270 3020 1326 cantici
3068 1270 3125 1324 in
3153 1266 3472 1339 praefatione
3509 1265 3699 1336 posui-
3740 1290 3747 1343 ς

2109 1384 2250 1429 mus.
2277 1368 2411 1425 Item
2436 1367 2505 1423 de
2530 1366 2654 1436 ﬁliis
2675 1364 2805 1421 Core
2832 1364 3147 1435 frequenter
3175 1358 3379 1418 dictum
3403 1366 3507 1415 est.
3540 1356 3698 1414 Nunc

2112 1460 2391 1516 videamus
2432 1457 2561 1529 quid
2583 1451 2854 1527 signiﬁcet
2897 1454 3122 1511 secunda
3159 1452 3379 1509 sabbati.
3412 1451 3703 1508 Sabbatuns

2113 1562 2475 1625 synagogam,
2504 1548 2559 1605 id
2603 1555 2690 1605 est
2717 1547 3091 1603 collectionem
3134 1544 3397 1601 debemus
3448 1541 3702 1613 accipere

2115 1642 2444 1708 Judaeorum,
2478 1654 2601 1711 qua:
2627 1639 2909 1694 sabbatum
2934 1638 3227 1693 observare
3253 1633 3558 1690 videbatur.
3596 1631 3703 1687 Se-

2115 1734 2287 1790 cunda
2333 1746 2463 1789 vero
2510 1731 2626 1801 ejus
2672 1730 2915 1786 Ecclesia
2975 1727 3246 1785 catholica
3292 1732 3420 1793 est;
3472 1724 3706 1793 ideoque

435 1814 644 1919 :ninum
670 1858 935 1930 signiﬁcat
954 1814 1313 1923 Salvaiorem,
1345 1852 1437 1924 qui
1457 1850 1613 1907 sedet
1633 1848 1701 1905 ad
1729 1848 2008 1904 dexteram

2135 1826 2280 1883 verba
2308 1823 2501 1896 psalmi
2532 1823 2693 1893 hujus
2714 1821 3091 1878 sacerdotibus
3117 1820 3425 1877 tribuuntur
3450 1816 3520 1874 ad
3541 1814 3704 1872 Chri-

435 1953 638 2019 Patris,
681 1964 916 2021 regnans
944 1962 1039 2018 per
1083 1946 1285 2001 saecula
1313 1942 1660 2023 saeculorum.
1695 1941 1763 1995 Et
1805 1940 2016 1995 intuere

438 2038 583 2116 quod
615 2043 785 2113 ipsam
807 2038 974 2096 sedem
1001 2048 1233 2094 sanctam
1258 2036 1408 2107 dicit,
1461 2049 1531 2091 ne
1560 2032 1895 2115 intelligeres
1916 2031 2017 2086 ali-

440 2152 547 2208 qua
575 2135 849 2190 insensata
889 2140 984 2187 aut
1029 2131 1239 2185 ratione
1268 2128 1530 2195 carentia,
1581 2125 1677 2182 sed
1707 2123 1934 2179 virtutes
1964 2129 2021 2178 et

438 2227 666 2285 thronos
710 2225 901 2296 quibus
942 2223 1030 2278 ille
1067 2222 1332 2293 gloriosus
1360 2219 1631 2290 Regnator
1661 2215 1882 2272 insidet.
1916 2214 2021 2270 Po-

437 2326 550 2375 test
573 2318 676 2372 hoc
703 2324 759 2371 et
785 2316 853 2371 de
895 2314 1095 2370 sanctis
1123 2312 1382 2384 intelligi;
1429 2325 1556 2367 nam
1603 2310 1648 2366 si
1678 2310 1801 2381 quis
1827 2306 2025 2363 habeat

440 2408 766 2465 beneﬁcium
790 2408 945 2462 bonas
990 2402 1437 2469 conversationis,
1466 2409 1524 2457 et
1546 2402 1662 2472 ipse
1687 2403 1749 2455 ﬁt
1771 2398 1890 2455 sine
1917 2399 2022 2453 du-

440 2501 535 2556 bio
557 2500 690 2555 sella
721 2498 934 2569 regalis.
964 2495 1120 2563 Quod
1147 2495 1193 2551 si
1221 2494 1383 2550 altius
1411 2493 1659 2549 intendas
1688 2498 1861 2547 totum
1890 2492 2025 2544 c'on.

444 2599 527 2648 tra
573 2589 807 2662 perﬁdos
850 2589 1079 2655 dicitur;
1122 2598 1181 2643 ut
1232 2586 1416 2642 audita
1466 2591 1729 2655 potestate
1772 2596 2022 2639 succum-

443 2684 613 2753 bant,
658 2685 752 2756 qui
803 2683 1188 2742 humanitatem
1218 2680 1337 2753 ejus
1365 2686 1557 2750 putant
1608 2692 1730 2736 esse
1780 2685 2024 2734 temnen-

441 2779 590 2835 dam.
1740 2824 1741 2827 η
1878 2794 1881 2797 λ

518 2869 677 2927 Vers.
705 2868 760 2925 9.
786 2867 1061 2938 Principes
1082 2865 1394 2938 papulorum
1418 2870 1758 2919 conuenerunt
1778 2877 1896 2918 cum
1916 2856 2030 2916 Deo

445 2962 728 3020 Abraham.
760 2961 1036 3032 Principes
1064 2960 1398 3032 populorum,
1429 2958 1484 3014 id
1512 2967 1596 3014 est
1633 2956 1875 3027 primarii
1900 2969 2033 3026 gen-

447 3055 586 3112 tium
615 3052 975 3116 diversarum,
1025 3050 1094 3106 de
1130 3050 1326 3120 quibus
1352 3047 1674 3119 principium
1704 3045 1895 3116 psalmi
1941 3057 2035 3100 ca-

2119 1920 2326 1975 stianos
2364 1916 2589 1989 populos
2617 1914 2947 1981 edocendos,
2984 1927 3118 1985 quos
3142 1920 3200 1969 et
3224 1911 3367 1968 ﬁlios
3391 1912 3573 1967 crucis
3612 1910 3709 1965 ha-

2118 2012 2236 2070 beri
2260 2026 2420 2084 posse
2437 2025 2546 2066 non
2568 2008 2789 2065 dubium
2815 2016 2924 2076 est,
2942 2015 2999 2063 et
3019 2006 3288 2064 secundos
3311 2018 3436 2063 esse
3459 2013 3712 2073 tempore

2118 2116 2245 2180 post
2270 2119 2593 2179 synagogam
2622 2102 2905 2160 manifesta
2932 2100 3148 2159 ratione
3173 2097 3577 2172 cognoscimus.

2174 2220 2175 2223 “
2688 2213 2888 2270 Divisio
2909 2211 3125 2283 psalmi.

2144 2342 2147 2343 '
2192 2327 2328 2386 Cum
2355 2325 2629 2385 docendus
2652 2333 2797 2383 esset
2844 2324 3073 2396 populus
3109 2322 3337 2379 devotus
3380 2318 3450 2377 de
3502 2317 3611 2376 ﬁde
3654 2325 3713 2375 et

2123 2420 2379 2492 gradibus
2408 2418 2668 2475 Ecclesiae
2696 2415 3087 2483 custodiendis,
3116 2415 3314 2471 merito
3348 2412 3512 2469 verba
3542 2411 3708 2482 hujus

2136 2510 2334 2583 psalmi
2367 2511 2471 2582 piis
2499 2509 2868 2566 sacerdotibus
2893 2508 3112 2578 dantur,
3141 2502 3233 2577 qui
3257 2505 3314 2561 in
3357 2506 3528 2576 prima
3557 2502 3713 2575 posi-

2129 2603 2276 2659 tione
2317 2602 2507 2659 laudes
2530 2599 2767 2657 Dom‘mo
2795 2600 3003 2668 dicunt,
3038 2597 3183 2671 quod
3225 2592 3524 2653 Ecclesiam
3553 2608 3712 2651 suam

2130 2694 2455 2761 dilataverit,
2485 2702 2541 2751 et
2566 2692 2709 2765 quod
2761 2689 3029 2748 universis
3074 2686 3292 2760 regibus
3319 2695 3592 2742 terrarum
3619 2698 3718 2755 po-

2023 2796 2029 2805 ‘
2131 2789 2351 2845 tentiam
2383 2800 2495 2843 suat
2549 2770 2848 2857 majestatis
2892 2780 3217 2841 ostenderit.
3265 2777 3514 2838 Secunda
3568 2776 3719 2849 posi-

2133 2880 2281 2937 tione
2308 2878 2508 2951 gratias
2535 2886 2702 2950 agunt
2729 2878 2799 2934 de
2846 2876 3082 2933 adventu
3130 2872 3365 2932 Domini
3388 2870 3714 2948 Salvatoris,

2135 2970 2544 3029 commonentes
2571 2970 2847 3026 antistites
2877 2968 3109 3036 futuros,
3133 2974 3195 3023 ut
3218 2965 3417 3036 gradus
3441 2964 3501 3021 in
3530 2962 3722 3021 Eccle-

2135 3066 2217 3121 sia
2241 3064 2584 3134 distribuant,
2616 3076 2711 3133 per
2759 3075 2894 3133 quos
2922 3060 3182 3117 Dominus
3211 3058 3354 3115 Deus
3382 3065 3440 3115 et
3466 3056 3723 3114 Salvator

444 3148 528 3203 nit
555 3164 569 3200 :
604 3145 791 3201 Omnes
816 3142 1255 3215 gentes,plaudite
1282 3140 1533 3194 manibus.
1566 3137 1942 3204 Convenerunt,
1969 3149 2035 3191 ac
2074 3224 2103 3226 _
2137 3154 2309 3225 Ροεδίι
2330 3153 2573 3226 agnosci,
2599 3152 2693 3224 qui
2730 3151 2959 3211 [amulos
2980 3165 3108 3210 suos
3138 3158 3341 3207 meum
3379 3148 3725 3220 promo“

449 3241 500 3299 si
520 3240 724 3296 diceret
752 3236 1118 3293 crediderunt.
1154 3233 1435 3290 Convenire
1464 3232 1608 3290 enim
1651 3240 1736 3288 est
1770 3232 1838 3288 ad
1866 3246 2029 3287 unum
2057 3224 2107 3290 Ο
2138 3224 2392 3304 immani
3214 3260 3219 3267 ι

447 3331 651 3388 multos
679 3328 885 3383 venire.
931 3326 1059 3381 Cum
1082 3324 1193 3379 Deo
1223 3324 1515 3393 Abraham,
1546 3324 1648 3380 hoc
1677 3333 1762 3379 est
1791 3324 1845 3378 in
1874 3322 2034 3379 Chri-
2150 3357 2164 3369 ο
2208 3354 2211 3359 ι
2240 3352 2265 3361 --
2300 3348 2305 3355 ~
2337 3350 2345 3360 ι

444 3428 591 3478 stum
619 3419 712 3491 qui
730 3417 869 3473 Deus
891 3425 976 3473 est
1001 3415 1240 3471 Abrahw.
1268 3416 1518 3486 Expulsis
1547 3416 1695 3472 enim
1723 3414 2031 3473 inﬁdelibus

447 3512 651 3572 Iudaeis
679 3511 771 3583 qui
802 3524 969 3565 carne
1011 3515 1239 3575 tantum,
1290 3522 1398 3564 non
1445 3508 1705 3579 operibus
1754 3516 1910 3564 erant
1936 3508 2034 3564 ﬁlii

449 3604 706 3673 Abrahae,
752 3602 1138 3673 plenitudinem
1166 3602 1407 3671 gentium
1438 3601 1730 3657 intromisit
1772 3601 1841 3656 ad
1884 3600 2033 3657 illam

448 3697 827 3771 promissionis
859 3695 1242 3751 beatitudinem
1270 3694 1669 3766 possidendam,
1705 3708 1867 3765 quam
1908 3708 2035 3764 pro-

451 3792 675 3848 miserat
701 3788 930 3869 Abrahte
955 3796 1011 3843 et
1038 3787 1230 3844 semini
1255 3787 1392 3858 ejus.
1422 3786 1543 3843 Filii
1572 3786 1716 3842 enim
1735 3785 1904 3857 ipsius
1934 3801 2032 3857 per

456 3890 701 3939 sanctam
721 3879 884 3937 ﬁdem
913 3879 1043 3936 lacti
1068 3889 1215 3947 sunt,
1239 3879 1331 3951 qui
1360 3879 1541 3935 carnis
1567 3879 1777 3936 semine
1791 3892 1902 3935 non
1926 3879 2037 3937 lue-

449 3985 605 4033 runt.

522 4066 681 4122 Vers.
710 4063 799 4121 10.
848 4064 1107 4129 Quoniam
1144 4063 1219 4117 dii
1250 4063 1406 4134 fortes
1456 4070 1604 4118 teme
1633 4062 1847 4117 nimium
1875 4062 2028 4137 [mss

452 4161 545 4227 A.,
566 4158 654 4223 Β.,
672 4155 762 4226 F.,
778 4153 1114 4226 vehementer]
1131 4156 1311 4210 eleuati
1326 4162 1464 4210 sunt.
1487 4154 1691 4212 Sensus
1716 4155 1820 4211 iste
1840 4155 2036 4226 pendet

453 4253 523 4309 de
556 4250 836 4321 superiore
865 4250 1153 4306 versiculo.
1184 4248 1308 4305 Ideo
1344 4250 1487 4305 enim
1526 4249 1784 4321 principes
1813 4249 2036 4321 populo-

453 4359 572 4398 rum
598 4349 935 4397 conuenerunt
956 4357 1072 4395 cum
1094 4340 1202 4395 Deo
1224 4342 1506 4409 Abraham,
1527 4344 1646 4412 quia
1665 4344 1821 4413 fortes
1862 4352 2032 4412 teme,

458 4437 551 4509 qui
580 4446 734 4491 erant
778 4430 1002 4503 populus
1036 4433 1154 4498 Dei,
1196 4433 1415 4488 nimium
1463 4435 1641 4490 eleuati
1667 4442 1824 4503 sunt;
1853 4436 1907 4491 id
1952 4444 2036 4492 est

455 4526 650 4594 Judaei,
682 4524 879 4597 quibus
905 4523 1029 4580 data
1049 4523 1221 4579 fuerat
1261 4523 1434 4580 virtus
1463 4523 1519 4578 in
1546 4525 1819 4595 gentibus,
1868 4528 2034 4583 erecti

352 4623 359 4629 '
456 4627 646 4676 contra
691 4618 859 4673 Deum
904 4616 1167 4673 scelerata
1196 4623 1378 4671 mente
1422 4623 1768 4685 tumuerunt,
1807 4626 1862 4673 et
1912 4618 2039 4676 facti
2064 4609 2121 4674 Ι)

449 4717 589 4795 sunt
616 4722 712 4780 per
757 4705 1066 4777 superbiam
1094 4705 1342 4772 extremi,
1394 4706 1485 4776 qui
1539 4720 1635 4778 per
1674 4707 2040 4767 humilitatem

458 4808 752 4877 potuerunt
769 4814 894 4859 esse
920 4798 1199 4871 praecipui.

998 4937 1269 5009 Conclusio
1297 4940 1507 5009 psalmi.

538 5106 845 5165 intueamur
865 5112 1073 5160 textum
1121 5104 1316 5175 psalmi
1341 5103 1493 5159 istius
1522 5103 1701 5162 verbis
1734 5120 1840 5162 non
1869 5106 2045 5162 virtu-4

456 5198 610 5257 itibus
634 5197 875 5254 brevem.
906 5194 1039 5250 Nam
1070 5205 1125 5250 et
1164 5192 1419 5251 numerus
1449 5195 1564 5266 ipse
1608 5197 1832 5269 grandia
1887 5197 2045 5254 nobis

462 5298 801 5352 sacramenta
848 5287 1125 5353 declarat;
1180 5288 1586 5359 quadragesimo
1641 5290 1842 5359 quippe
1887 5298 2044 5345 sexto

458 5398 612 5452 anno
657 5381 712 5438 in
754 5379 981 5452 mystica
1032 5379 1471 5450 interpretatione
1520 5381 1782 5450 templum
1832 5378 2049 5436 Domini

458 5448 830 5547 glerosolymis'
862 5476 1089 5545 legimus
1137 5448 1302 5531 fuisse
1333 5448 1659 5545 perlectum;
1687 5471 1827 5527 Anni
1856 5480 2040 5526 autem

465 5569 556 5629 isti
582 5583 613 5624 a
642 5568 912 5627 veteribus
954 5583 1051 5640 pro
1100 5568 1290 5626 diebus
1334 5578 1460 5626 sunt
1500 5567 1680 5638 positi,
1733 5566 1823 5635 qui
1866 5565 2045 5623 sexies

467 5660 707 5731 perfecto
734 5676 955 5720 numero
984 5661 1323 5732 multiplicati
1356 5659 1599 5717 efﬁciunt
1623 5656 1738 5712 dies
1781 5657 2043 5714 ducentos

466 5756 799 5828 septuaginta
831 5772 947 5825 sex,
976 5764 1233 5828 quantum
1259 5756 1314 5810 in
1338 5760 1493 5808 utero
1513 5749 1759 5821 virginali
1785 5749 2047 5808 Dominus

466 5857 654 5931 poster
681 5848 748 5907 ad
795 5848 1201 5931 similitudinem
1246 5842 1463 5903 humani
1502 5841 1715 5911 generis
1772 5839 2047 5901 habitasse

2397 3340 2587 3359 ss‘dm‘s‘~

2673 3356 2953 3430 Expositio
2971 3358 3178 3432 psalmi.

2209 3473 2370 3533 Vers.
2401 3473 2453 3529 1.
2486 3471 2709 3545 Magnus
2736 3473 2988 3540 Dominus
3035 3483 3083 3529 et
3133 3469 3408 3528 laudabilis
3437 3468 3595 3525 nimis
3620 3482 3640 3523 :
3666 3467 3721 3521 in

2138 3566 2342 3623 civitate
2364 3564 2461 3619 Dei
2481 3564 2663 3632 nostri,
2708 3565 2765 3618 in
2789 3572 2958 3619 monte
2985 3572 3161 3627 sancte
3190 3562 3321 3634 eius.
3364 3558 3725 3616 Consideran-

2140 3656 2268 3715 dum
2298 3666 2383 3714 est
2408 3657 2855 3728 quemadmodum
2901 3657 3017 3713 haec
3060 3656 3220 3713 verba
3251 3670 3348 3727 per
3374 3654 3577 3725 gradus
3603 3667 3726 3709 cer-

2138 3758 2225 3808 tos
2244 3749 2573 3807 admirandae
2597 3748 2964 3820 dispositionis
2991 3747 3308 3805 ascendant.
3330 3745 3484 3814 Quod
3506 3742 3727 3800 schema

2138 3842 2329 3899 dicitur
2367 3842 2658 3911 emphasis.
2704 3838 2886 3896 Primo
2913 3840 3109 3910 posuit,
3161 3836 3386 3908 Magnus
3430 3834 3729 3902 Dominus;

2139 3933 2375 3991 additum
2410 3941 2514 4001 est,
2545 3932 2839 3987 laudabilis.
2869 3931 2980 3988 Sed
3024 3945 3094 3986 ne
3120 3930 3228 3986 hoc
3254 3942 3469 4001 quoque
3504 3934 3729 3999 putares

2137 4023 2482 4079 mediocriter
2509 4034 2631 4077 esse
2673 4018 3001 4089 faciendum,
3054 4020 3286 4090 ponitur,
3338 4017 3526 4082 nimis;
3575 4014 3724 4085 quod

2137 4128 2249 4171 non
2269 4112 2430 4170 habet
2450 4111 2743 4168 terminum
2766 4124 2944 4181 neque
2967 4106 3278 4177 ﬁnemfsed
3298 4106 3615 4163 assiduitate
3641 4102 3730 4159 sui

2139 4222 2352 4280 semper
2378 4214 2624 4279 augetur.
2656 4204 2881 4277 Magnus
2910 4218 3061 4275 ergo,
3107 4204 3233 4272 quia
3257 4208 3505 4272 potenter
3541 4186 3732 4254 omnia

2138 4299 2285 4356 fecit.
2316 4298 2637 4365 Laudabilis,
2663 4295 2786 4367 quia
2813 4295 3035 4366 pulchra
3061 4303 3118 4351 et
3159 4293 3295 4348 mira
3323 4290 3477 4347 fecit.
3507 4288 3623 4345 Nec
3649 4296 3733 4343 ta—

2139 4405 2264 4447 men
2294 4387 2494 4445 sul‘ﬁcit
2524 4386 2808 4443 Dominum
2836 4384 3049 4441 Patrem
3080 4382 3241 4440 nimis
3268 4380 3472 4437 dixisse
3500 4378 3733 4435 laudan-

2138 4478 2291 4546 dum,
2322 4478 2426 4533 nisi
2452 4485 2508 4533 et
2549 4476 2640 4532 ubi
2670 4475 3053 4546 praedicaretur
3096 4475 3403 4541 edicerent;
3436 4471 3650 4528 scilicet
3678 4470 3733 4525 in

2142 4573 2346 4627 civitate
2375 4569 2473 4626 Dei
2512 4568 2697 4635 nostri,
2748 4566 2803 4623 id
2832 4577 2914 4623 est
2940 4568 2997 4623 in
3024 4567 3263 4623 Ecclesia
3308 4564 3601 4623 catholica.
3632 4563 3734 4619 Est

2143 4663 2287 4719 enim
2336 4669 2392 4717 et
2446 4658 2637 4715 civitas
2688 4672 2796 4713 non
2824 4656 2923 4713 Dei
2969 4656 3162 4725 nostri,
3200 4663 3262 4711 ut
3304 4653 3604 4725 Babylonia
3643 4651 3737 4707 illa

2143 4750 2368 4818 diaboli,
2397 4750 2486 4806 ubi
2517 4764 2627 4805 non
2665 4748 2807 4805 Deus
2830 4748 3047 4817 colitur,
3083 4746 3179 4803 sed
3205 4745 3376 4818 magis
3409 4741 3735 4800 exsecrabili

2143 4843 2413 4901 dementia
2441 4840 2864 4913 blasphematur.
2889 4841 3228 4910 Quapropter
3249 4836 3563 4893 necessarie
3594 4847 3729 4890 con-

2147 4944 2393 4993 secutum
2420 4942 2503 4989 est
2529 4935 2619 4988 ubi
2650 4933 2910 4989 Dominus
2935 4932 3277 4999 laudaretur;
3320 4944 3391 4985 ne
3431 4944 3557 4985 eum
3587 4928 3731 4984 inter

2152 5027 2435 5084 haereticas
2460 5026 2891 5096 superstitiones,
2916 5035 3007 5081 aut
3035 5024 3090 5080 in
3114 5018 3389 5096 synagoga
3415 5022 3591 5077 veteri
3640 5036 3737 5091 pu-

2150 5127 2291 5176 taret
2317 5117 2506 5189 aliquis
2532 5132 2654 5174 esse
2681 5116 3097 5188 praedicandum.
3122 5116 3231 5173 Sed
3262 5130 3331 5171 ne
3358 5113 3443 5170 vel
3472 5112 3612 5168 illud
3634 5112 3736 5168 du-

2153 5208 2375 5273 bitares,
2403 5208 2494 5262 ubi
2522 5214 2669 5263 esset
2694 5206 2953 5277 praedicta
2978 5206 3222 5263 Ecclesia
3250 5204 3569 5273 constituta,
3595 5203 3740 5260 intu-

2153 5298 2234 5366 lit,
2263 5298 2319 5353 in
2361 5306 2531 5353 monte
2572 5307 2746 5353 sancto
2775 5300 2907 5371 ejus.
2938 5295 3092 5353 Mons
3130 5305 3310 5353 autem
3340 5304 3549 5352 sanctus
3579 5294 3741 5350 Chri-

2154 5399 2270 5447 stus
2289 5398 2375 5447 est
2401 5389 2677 5457 Dominus,
2704 5389 3106 5445 fundamentum
3147 5396 3205 5443 et
3226 5387 3443 5444 culmen
3475 5384 3742 5441 Ecclesiae

2151 5498 2282 5540 suae.
2316 5485 2418 5539 Iste
2437 5499 2582 5538 mons
2608 5492 2815 5539 sanctus
2842 5491 2946 5547 est,
2988 5482 3057 5537 de
3096 5495 3203 5551 quo
3235 5479 3423 5537 Daniel
3467 5466 3740 5548 propheta

2151 5567 2278 5626 dicit
2307 5587 2320 5622 :
2353 5568 2518 5626 Crevit
2560 5570 2691 5636 lapis
2717 5577 2766 5623 et
2794 5569 2960 5639 factus
2987 5577 3061 5623 est
3087 5582 3257 5636 mons,
3287 5566 3365 5621 ita
3393 5574 3449 5619 ut
3493 5564 3749 5633 implere.
3820 5588 3855 5617 ο

2150 5662 2436 5717 uniuersam
2466 5664 2647 5733 faciem
2691 5670 2839 5716 terra:
2870 5658 3033 5730 (Dan.
3078 5673 3138 5726 ll,
3170 5658 3283 5729 35).
3312 5655 3741 5713 Consideremus

2148 5752 2292 5821 quod
2325 5752 2409 5807 hic
2435 5767 2674 5821 magnum
2703 5751 2918 5821 quidem
2952 5749 3230 5808 Dominum
3270 5748 3490 5806 Patrem
3535 5745 3688 5803 dicat
3722 5761 3738 5799 :

2148 5845 2242 5903 sed
2274 5860 2487 5915 magnus
2516 5857 2724 5914 quoque
2746 5842 2912 5902 Filius
2941 5859 3048 5915 non
3080 5850 3318 5910 tacetur;
3352 5842 3491 5900 sicut
3518 5837 3590 5897 de
3615 5838 3739 5909 ipso
