  <div class='ocr_page' id='page_1' title='image "/cluster/home/n/w/nwhite01/storage/ocr_20150623/70/hvd.32044015469356/174.png"; bbox 0 0 3996 6346; ppageno 0'>
   <div class='ocr_carea' id='block_1_1' title="bbox 265 440 370 496">
    <p class='ocr_par' dir='ltr' id='par_1_1' title="bbox 265 440 370 496">
     <span class='ocr_line' id='line_1_1' title="bbox 265 440 370 496; baseline 0 0"><span class='ocrx_word' id='word_1_1' title='bbox 265 440 370 496; x_wconf 74' lang='lat'><strong>537</strong></span> 
     </span>
    </p>
   </div>
   <div class='ocr_carea' id='block_1_2' title="bbox 1186 427 2625 492">
    <p class='ocr_par' dir='ltr' id='par_1_2' title="bbox 1186 427 2625 492">
     <span class='ocr_line' id='line_1_2' title="bbox 1186 427 2625 492; baseline -0.003 -1"><span class='ocrx_word' id='word_1_2' title='bbox 1186 431 1544 491; x_wconf 76' lang='lat' dir='ltr'><strong>EXPOSITJO</strong></span> <span class='ocrx_word' id='word_1_3' title='bbox 1583 427 2135 492; x_wconf 76' lang='lat' dir='ltr'><strong>lN&#39;PSALTERlUM.</strong></span> <span class='ocrx_word' id='word_1_4' title='bbox 2175 429 2374 488; x_wconf 81' lang='lat' dir='ltr'><strong>PSAL.</strong></span> <span class='ocrx_word' id='word_1_5' title='bbox 2413 429 2625 487; x_wconf 76' lang='lat' dir='ltr'><strong>XLVII.</strong></span> 
     </span>
    </p>
   </div>
   <div class='ocr_carea' id='block_1_3' title="bbox 3438 428 3543 485">
    <p class='ocr_par' dir='ltr' id='par_1_3' title="bbox 3438 428 3543 485">
     <span class='ocr_line' id='line_1_3' title="bbox 3438 428 3543 485; baseline 0.01 -1"><span class='ocrx_word' id='word_1_6' title='bbox 3438 428 3543 485; x_wconf 76' lang='lat'><strong>358</strong></span> 
     </span>
    </p>
   </div>
   <div class='ocr_carea' id='block_1_4' title="bbox 264 532 3540 622">
    <p class='ocr_par' dir='ltr' id='par_1_4' title="bbox 264 532 3540 622">
     <span class='ocr_line' id='line_1_4' title="bbox 264 532 3540 622; baseline -0.003 -11"><span class='ocrx_word' id='word_1_7' title='bbox 264 556 332 612; x_wconf 88' lang='lat' dir='ltr'><strong>ad</strong></span> <span class='ocrx_word' id='word_1_8' title='bbox 353 553 536 611; x_wconf 86' lang='lat' dir='ltr'><strong>Titum</strong></span> <span class='ocrx_word' id='word_1_9' title='bbox 553 551 795 611; x_wconf 87' lang='lat' dir='ltr'><strong>scribens</strong></span> <span class='ocrx_word' id='word_1_10' title='bbox 817 551 944 610; x_wconf 87' lang='lat' dir='ltr'><strong>dicit</strong></span> <span class='ocrx_word' id='word_1_11' title='bbox 961 549 1279 622; x_wconf 78' lang='lat' dir='ltr'><strong>Apostolus:</strong></span> <span class='ocrx_word' id='word_1_12' title='bbox 1311 549 1469 622; x_wconf 80' lang='lat'><strong>159</strong></span> <span class='ocrx_word' id='word_1_13' title='bbox 1489 548 1858 618; x_wconf 65' lang='lat' dir='ltr'><strong>Exspectant“</strong></span> <span class='ocrx_word' id='word_1_14' title='bbox 1882 547 1934 609; x_wconf 79' lang='grc' dir='ltr'>Λ</span> <span class='ocrx_word' id='word_1_15' title='bbox 1959 545 2030 601; x_wconf 89' lang='lat' dir='ltr'><strong>ab</strong></span> <span class='ocrx_word' id='word_1_16' title='bbox 2052 544 2130 601; x_wconf 90' lang='lat' dir='ltr'><strong>eis</strong></span> <span class='ocrx_word' id='word_1_17' title='bbox 2161 543 2474 615; x_wconf 72' lang='lat' dir='ltr'><strong>perquisivit</strong></span> <span class='ocrx_word' id='word_1_18' title='bbox 2502 544 2596 600; x_wconf 91' lang='lat' dir='ltr'><strong>ubi</strong></span> <span class='ocrx_word' id='word_1_19' title='bbox 2643 543 2894 601; x_wconf 80' lang='lat' dir='ltr'><strong>Christus</strong></span> <span class='ocrx_word' id='word_1_20' title='bbox 2919 543 3178 602; x_wconf 86' lang='lat' dir='ltr'><strong>Dominus</strong></span> <span class='ocrx_word' id='word_1_21' title='bbox 3209 532 3540 601; x_wconf 80' lang='lat' dir='ltr'><strong>nasceretur.</strong></span> 
     </span>
    </p>
   </div>
   <div class='ocr_carea' id='block_1_5' title="bbox 266 638 1860 715">
    <p class='ocr_par' dir='ltr' id='par_1_5' title="bbox 266 638 1860 715">
     <span class='ocr_line' id='line_1_5' title="bbox 266 638 1860 715; baseline -0.007 -12"><span class='ocrx_word' id='word_1_22' title='bbox 266 649 468 703; x_wconf 78' lang='lat' dir='ltr'><strong>beatam</strong></span> <span class='ocrx_word' id='word_1_23' title='bbox 493 662 657 714; x_wconf 84' lang='lat' dir='ltr'><strong>spem,</strong></span> <span class='ocrx_word' id='word_1_24' title='bbox 686 655 732 702; x_wconf 90' lang='lat' dir='ltr'><strong>et</strong></span> <span class='ocrx_word' id='word_1_25' title='bbox 757 646 1030 702; x_wconf 85' lang='lat' dir='ltr'><strong>adventum</strong></span> <span class='ocrx_word' id='word_1_26' title='bbox 1070 643 1245 715; x_wconf 79' lang='lat' dir='ltr'><strong>glorite</strong></span> <span class='ocrx_word' id='word_1_27' title='bbox 1274 642 1446 713; x_wconf 81' lang='lat' dir='ltr'><strong><em>magni</em></strong></span> <span class='ocrx_word' id='word_1_28' title='bbox 1491 639 1609 706; x_wconf 89' lang='lat' dir='ltr'><strong>Dei,</strong></span> <span class='ocrx_word' id='word_1_29' title='bbox 1642 648 1691 694; x_wconf 89' lang='lat' dir='ltr'><strong>et</strong></span> <span class='ocrx_word' id='word_1_30' title='bbox 1733 638 1860 695; x_wconf 84' lang='lat' dir='ltr'><strong>Sal-</strong></span> 
     </span>
    </p>
   </div>
   <div class='ocr_carea' id='block_1_6' title="bbox 268 728 1863 806">
    <p class='ocr_par' dir='ltr' id='par_1_6' title="bbox 268 728 1863 806">
     <span class='ocr_line' id='line_1_6' title="bbox 268 728 1863 806; baseline -0.006 -11"><span class='ocrx_word' id='word_1_31' title='bbox 268 741 464 795; x_wconf 74' lang='lat' dir='ltr'><strong>uatoris</strong></span> <span class='ocrx_word' id='word_1_32' title='bbox 492 738 659 794; x_wconf 91' lang='lat' dir='ltr'><strong>nostri</strong></span> <span class='ocrx_word' id='word_1_33' title='bbox 684 738 812 792; x_wconf 85' lang='lat' dir='ltr'><strong>Jesu</strong></span> <span class='ocrx_word' id='word_1_34' title='bbox 838 736 1050 794; x_wconf 83' lang='lat' dir='ltr'><strong>Christi.</strong></span> <span class='ocrx_word' id='word_1_35' title='bbox 1079 733 1302 806; x_wconf 75' lang='lat' dir='ltr'><strong>Magnus</strong></span> <span class='ocrx_word' id='word_1_36' title='bbox 1329 732 1488 788; x_wconf 89' lang='lat' dir='ltr'><strong>etiam</strong></span> <span class='ocrx_word' id='word_1_37' title='bbox 1521 730 1716 802; x_wconf 82' lang='lat' dir='ltr'><strong>legitur</strong></span> <span class='ocrx_word' id='word_1_38' title='bbox 1742 728 1863 800; x_wconf 86' lang='lat' dir='ltr'><strong>Spi-</strong></span> 
     </span>
    </p>
   </div>
   <div class='ocr_carea' id='block_1_7' title="bbox 267 823 1859 898">
    <p class='ocr_par' dir='ltr' id='par_1_7' title="bbox 267 823 1859 898">
     <span class='ocr_line' id='line_1_7' title="bbox 267 823 1859 898; baseline -0.004 -11"><span class='ocrx_word' id='word_1_39' title='bbox 267 833 408 888; x_wconf 83' lang='lat' dir='ltr'><strong>ritus</strong></span> <span class='ocrx_word' id='word_1_40' title='bbox 437 839 683 897; x_wconf 87' lang='lat' dir='ltr'><strong>sanctus,</strong></span> <span class='ocrx_word' id='word_1_41' title='bbox 711 829 854 885; x_wconf 85' lang='lat' dir='ltr'><strong>sicut</strong></span> <span class='ocrx_word' id='word_1_42' title='bbox 880 828 1140 898; x_wconf 89' lang='lat' dir='ltr'><strong>scriptum</strong></span> <span class='ocrx_word' id='word_1_43' title='bbox 1177 836 1259 882; x_wconf 89' lang='lat' dir='ltr'><strong>est</strong></span> <span class='ocrx_word' id='word_1_44' title='bbox 1281 826 1336 881; x_wconf 93' lang='lat' dir='ltr'><strong>in</strong></span> <span class='ocrx_word' id='word_1_45' title='bbox 1369 825 1671 896; x_wconf 78' lang='lat' dir='ltr'><strong>Regnorum</strong></span> <span class='ocrx_word' id='word_1_46' title='bbox 1698 823 1859 880; x_wconf 91' lang='lat' dir='ltr'><strong>libro.</strong></span> 
     </span>
    </p>
   </div>
   <div class='ocr_carea' id='block_1_8' title="bbox 269 917 1865 987">
    <p class='ocr_par' dir='ltr' id='par_1_8' title="bbox 269 917 1865 987">
     <span class='ocr_line' id='line_1_8' title="bbox 269 917 1865 987; baseline -0.004 -8"><span class='ocrx_word' id='word_1_47' title='bbox 269 924 361 979; x_wconf 83' lang='lat' dir='ltr'><strong>Ait</strong></span> <span class='ocrx_word' id='word_1_48' title='bbox 392 921 656 976; x_wconf 87' lang='lat' dir='ltr'><strong>Dominus</strong></span> <span class='ocrx_word' id='word_1_49' title='bbox 703 920 772 976; x_wconf 85' lang='lat' dir='ltr'><strong>ad</strong></span> <span class='ocrx_word' id='word_1_50' title='bbox 821 920 989 974; x_wconf 87' lang='lat' dir='ltr'><strong>Eliam</strong></span> <span class='ocrx_word' id='word_1_51' title='bbox 1021 935 1036 974; x_wconf 90' lang='lat'>:</span> <span class='ocrx_word' id='word_1_52' title='bbox 1070 919 1206 973; x_wconf 85' lang='lat' dir='ltr'><strong>Ecce</strong></span> <span class='ocrx_word' id='word_1_53' title='bbox 1255 918 1506 973; x_wconf 91' lang='lat' dir='ltr'><strong>Dominus</strong></span> <span class='ocrx_word' id='word_1_54' title='bbox 1551 917 1786 987; x_wconf 76' lang='lat' dir='ltr'><strong>transiet,</strong></span> <span class='ocrx_word' id='word_1_55' title='bbox 1815 924 1865 972; x_wconf 89' lang='lat' dir='ltr'><strong>et</strong></span> 
     </span>
    </p>
   </div>
   <div class='ocr_carea' id='block_1_9' title="bbox 271 1008 1864 1086">
    <p class='ocr_par' dir='ltr' id='par_1_9' title="bbox 271 1008 1864 1086">
     <span class='ocr_line' id='line_1_9' title="bbox 271 1008 1864 1086; baseline -0.001 -18"><span class='ocrx_word' id='word_1_56' title='bbox 271 1015 482 1086; x_wconf 77' lang='lat' dir='ltr'><strong>spiritus</strong></span> <span class='ocrx_word' id='word_1_57' title='bbox 507 1029 728 1084; x_wconf 86' lang='lat' dir='ltr'><strong>magnus</strong></span> <span class='ocrx_word' id='word_1_58' title='bbox 758 1022 802 1067; x_wconf 91' lang='lat' dir='ltr'><strong>et</strong></span> <span class='ocrx_word' id='word_1_59' title='bbox 835 1013 981 1082; x_wconf 77' lang='lat' dir='ltr'><strong>(ortis</strong></span> <span class='ocrx_word' id='word_1_60' title='bbox 1024 1009 1149 1083; x_wconf 83' lang='grc' dir='ltr'><strong>(ΙΙΙ</strong></span> <span class='ocrx_word' id='word_1_61' title='bbox 1195 1009 1325 1081; x_wconf 85' lang='lat' dir='ltr'><strong>Reg.</strong></span> <span class='ocrx_word' id='word_1_62' title='bbox 1355 1025 1470 1075; x_wconf 76' lang='lat' dir='ltr'><strong>nx,</strong></span> <span class='ocrx_word' id='word_1_63' title='bbox 1513 1010 1625 1082; x_wconf 81' lang='grc' dir='ltr'><strong>Η).</strong></span> <span class='ocrx_word' id='word_1_64' title='bbox 1658 1008 1864 1066; x_wconf 85' lang='lat' dir='ltr'><strong>Erube-</strong></span> 
     </span>
    </p>
   </div>
   <div class='ocr_carea' id='block_1_10' title="bbox 272 1100 1861 1172">
    <p class='ocr_par' dir='ltr' id='par_1_10' title="bbox 272 1100 1861 1172">
     <span class='ocr_line' id='line_1_10' title="bbox 272 1100 1861 1172; baseline -0.004 -10"><span class='ocrx_word' id='word_1_65' title='bbox 272 1114 392 1162; x_wconf 85' lang='lat' dir='ltr'><strong>scat</strong></span> <span class='ocrx_word' id='word_1_66' title='bbox 423 1106 743 1160; x_wconf 83' lang='lat' dir='ltr'><strong>Arianorum</strong></span> <span class='ocrx_word' id='word_1_67' title='bbox 796 1104 986 1160; x_wconf 81' lang='lat' dir='ltr'><strong>insana</strong></span> <span class='ocrx_word' id='word_1_68' title='bbox 1041 1103 1340 1172; x_wconf 85' lang='lat' dir='ltr'><strong>persuasio.</strong></span> <span class='ocrx_word' id='word_1_69' title='bbox 1389 1100 1522 1166; x_wconf 86' lang='lat' dir='ltr'><strong>Quis</strong></span> <span class='ocrx_word' id='word_1_70' title='bbox 1573 1107 1678 1167; x_wconf 92' lang='lat' dir='ltr'><strong>est,</strong></span> <span class='ocrx_word' id='word_1_71' title='bbox 1710 1114 1861 1170; x_wconf 90' lang='lat' dir='ltr'><strong>rogo,</strong></span> 
     </span>
    </p>
   </div>
   <div class='ocr_carea' id='block_1_11' title="bbox 274 1192 1862 1265">
    <p class='ocr_par' dir='ltr' id='par_1_11' title="bbox 274 1192 1862 1265">
     <span class='ocr_line' id='line_1_11' title="bbox 274 1192 1862 1265; baseline -0.002 -12"><span class='ocrx_word' id='word_1_72' title='bbox 274 1199 478 1263; x_wconf 88' lang='lat' dir='ltr'><strong>minor,</strong></span> <span class='ocrx_word' id='word_1_73' title='bbox 531 1212 656 1252; x_wconf 87' lang='lat' dir='ltr'><strong>cum</strong></span> <span class='ocrx_word' id='word_1_74' title='bbox 686 1196 865 1263; x_wconf 85' lang='lat' dir='ltr'><strong>Pater,</strong></span> <span class='ocrx_word' id='word_1_75' title='bbox 908 1202 966 1251; x_wconf 88' lang='lat' dir='ltr'><strong>et</strong></span> <span class='ocrx_word' id='word_1_76' title='bbox 1005 1193 1193 1265; x_wconf 89' lang='lat' dir='ltr'><strong>Filius,</strong></span> <span class='ocrx_word' id='word_1_77' title='bbox 1246 1203 1302 1251; x_wconf 90' lang='lat' dir='ltr'><strong>et</strong></span> <span class='ocrx_word' id='word_1_78' title='bbox 1345 1192 1584 1265; x_wconf 85' lang='lat' dir='ltr'><strong>Spiritus</strong></span> <span class='ocrx_word' id='word_1_79' title='bbox 1637 1201 1862 1250; x_wconf 89' lang='lat' dir='ltr'><strong>sanctus</strong></span> 
     </span>
    </p>
   </div>
   <div class='ocr_carea' id='block_1_12' title="bbox 278 1287 771 1362">
    <p class='ocr_par' dir='ltr' id='par_1_12' title="bbox 278 1287 771 1362">
     <span class='ocr_line' id='line_1_12' title="bbox 278 1287 771 1362; baseline -0.002 -19"><span class='ocrx_word' id='word_1_80' title='bbox 278 1305 494 1362; x_wconf 83' lang='lat' dir='ltr'><strong>magnus</strong></span> <span class='ocrx_word' id='word_1_81' title='bbox 523 1289 733 1359; x_wconf 89' lang='lat' dir='ltr'><strong>legatur</strong></span> <span class='ocrx_word' id='word_1_82' title='bbox 747 1287 771 1341; x_wconf 81' lang='lat' dir='ltr'><strong>t</strong></span> 
     </span>
    </p>
   </div>
   <div class='ocr_carea' id='block_1_13' title="bbox 349 1378 1866 1437">
    <p class='ocr_par' dir='ltr' id='par_1_13' title="bbox 349 1378 1866 1437">
     <span class='ocr_line' id='line_1_13' title="bbox 349 1378 1866 1437; baseline 0 -2"><span class='ocrx_word' id='word_1_83' title='bbox 349 1381 505 1437; x_wconf 76' lang='lat' dir='ltr'><strong>Vers.</strong></span> <span class='ocrx_word' id='word_1_84' title='bbox 535 1383 591 1435; x_wconf 71' lang='lat'><strong>2.</strong></span> <span class='ocrx_word' id='word_1_85' title='bbox 617 1380 862 1436; x_wconf 88' lang='lat' dir='ltr'><strong>Dilatans</strong></span> <span class='ocrx_word' id='word_1_86' title='bbox 884 1378 1251 1435; x_wconf 73' lang='lat' dir='ltr'><strong>exsultationes</strong></span> <span class='ocrx_word' id='word_1_87' title='bbox 1278 1378 1529 1435; x_wconf 73' lang='lat' dir='ltr'><strong>universae</strong></span> <span class='ocrx_word' id='word_1_88' title='bbox 1554 1386 1702 1434; x_wconf 77' lang='lat' dir='ltr'><strong>terra:</strong></span> <span class='ocrx_word' id='word_1_89' title='bbox 1722 1394 1866 1435; x_wconf 89' lang='lat' dir='ltr'><strong>mons</strong></span> 
     </span>
    </p>
   </div>
   <div class='ocr_carea' id='block_1_14' title="bbox 277 1472 1868 1544">
    <p class='ocr_par' dir='ltr' id='par_1_14' title="bbox 277 1472 1868 1544">
     <span class='ocr_line' id='line_1_14' title="bbox 277 1472 1868 1544; baseline -0.003 -12"><span class='ocrx_word' id='word_1_90' title='bbox 277 1475 432 1542; x_wconf 83' lang='lat' dir='ltr'><strong>Sion,</strong></span> <span class='ocrx_word' id='word_1_91' title='bbox 464 1475 626 1529; x_wconf 80' lang='lat' dir='ltr'><strong>latera</strong></span> <span class='ocrx_word' id='word_1_92' title='bbox 663 1474 919 1544; x_wconf 84' lang='lat' dir='ltr'><strong>aquilonis</strong></span> <span class='ocrx_word' id='word_1_93' title='bbox 964 1475 1141 1528; x_wconf 85' lang='lat' dir='ltr'><strong>civitas</strong></span> <span class='ocrx_word' id='word_1_94' title='bbox 1166 1473 1320 1543; x_wconf 85' lang='lat' dir='ltr'><strong>Regis</strong></span> <span class='ocrx_word' id='word_1_95' title='bbox 1348 1474 1538 1544; x_wconf 88' lang='lat' dir='ltr'><strong>magni.</strong></span> <span class='ocrx_word' id='word_1_96' title='bbox 1569 1472 1646 1528; x_wconf 89' lang='lat' dir='ltr'><strong>Ne</strong></span> <span class='ocrx_word' id='word_1_97' title='bbox 1673 1473 1868 1542; x_wconf 66' lang='lat' dir='ltr'><strong>praedi-</strong></span> 
     </span>
    </p>
   </div>
   <div class='ocr_carea' id='block_1_15' title="bbox 280 1565 1867 1635">
    <p class='ocr_par' dir='ltr' id='par_1_15' title="bbox 280 1565 1867 1635">
     <span class='ocr_line' id='line_1_15' title="bbox 280 1565 1867 1635; baseline -0.002 -11"><span class='ocrx_word' id='word_1_98' title='bbox 280 1575 428 1624; x_wconf 88' lang='lat' dir='ltr'><strong>ctum</strong></span> <span class='ocrx_word' id='word_1_99' title='bbox 453 1576 688 1622; x_wconf 76' lang='lat' dir='ltr'><strong>montem</strong></span> <span class='ocrx_word' id='word_1_100' title='bbox 717 1567 943 1622; x_wconf 88' lang='lat' dir='ltr'><strong>localem</strong></span> <span class='ocrx_word' id='word_1_101' title='bbox 966 1566 1241 1635; x_wconf 88' lang='lat' dir='ltr'><strong>suscipere</strong></span> <span class='ocrx_word' id='word_1_102' title='bbox 1262 1565 1565 1631; x_wconf 85' lang='lat' dir='ltr'><strong>debuisses,</strong></span> <span class='ocrx_word' id='word_1_103' title='bbox 1592 1565 1726 1621; x_wconf 89' lang='lat' dir='ltr'><strong>dicit</strong></span> <span class='ocrx_word' id='word_1_104' title='bbox 1744 1580 1867 1621; x_wconf 90' lang='lat' dir='ltr'><strong>eum</strong></span> 
     </span>
    </p>
   </div>
   <div class='ocr_carea' id='block_1_16' title="bbox 279 1659 1863 1730">
    <p class='ocr_par' dir='ltr' id='par_1_16' title="bbox 279 1659 1863 1730">
     <span class='ocr_line' id='line_1_16' title="bbox 279 1659 1863 1730; baseline -0.001 -14"><span class='ocrx_word' id='word_1_105' title='bbox 279 1661 430 1716; x_wconf 90' lang='lat' dir='ltr'><strong>omni</strong></span> <span class='ocrx_word' id='word_1_106' title='bbox 461 1670 620 1715; x_wconf 78' lang='lat' dir='ltr'><strong>terrae</strong></span> <span class='ocrx_word' id='word_1_107' title='bbox 646 1659 835 1730; x_wconf 86' lang='lat' dir='ltr'><strong>gaudia</strong></span> <span class='ocrx_word' id='word_1_108' title='bbox 864 1659 1197 1716; x_wconf 85' lang='lat' dir='ltr'><strong>condonare.</strong></span> <span class='ocrx_word' id='word_1_109' title='bbox 1232 1659 1363 1728; x_wconf 85' lang='lat' dir='ltr'><strong>Quis</strong></span> <span class='ocrx_word' id='word_1_110' title='bbox 1418 1667 1502 1714; x_wconf 91' lang='lat' dir='ltr'><strong>est</strong></span> <span class='ocrx_word' id='word_1_111' title='bbox 1545 1660 1687 1714; x_wconf 90' lang='lat' dir='ltr'><strong>enim</strong></span> <span class='ocrx_word' id='word_1_112' title='bbox 1739 1661 1863 1725; x_wconf 90' lang='lat' dir='ltr'><strong>iste,</strong></span> 
     </span>
    </p>
   </div>
   <div class='ocr_carea' id='block_1_17' title="bbox 278 1750 1868 1822">
    <p class='ocr_par' dir='ltr' id='par_1_17' title="bbox 278 1750 1868 1822">
     <span class='ocr_line' id='line_1_17' title="bbox 278 1750 1868 1822; baseline -0.001 -14"><span class='ocrx_word' id='word_1_113' title='bbox 278 1753 385 1808; x_wconf 86' lang='lat' dir='ltr'><strong>nisi</strong></span> <span class='ocrx_word' id='word_1_114' title='bbox 422 1753 671 1808; x_wconf 89' lang='lat' dir='ltr'><strong>Dominus</strong></span> <span class='ocrx_word' id='word_1_115' title='bbox 698 1751 972 1822; x_wconf 87' lang='lat' dir='ltr'><strong>Christus,</strong></span> <span class='ocrx_word' id='word_1_116' title='bbox 1007 1754 1097 1822; x_wconf 88' lang='lat' dir='ltr'><strong>qui</strong></span> <span class='ocrx_word' id='word_1_117' title='bbox 1145 1768 1239 1820; x_wconf 90' lang='lat' dir='ltr'><strong>per</strong></span> <span class='ocrx_word' id='word_1_118' title='bbox 1268 1752 1627 1807; x_wconf 89' lang='lat' dir='ltr'><strong>universalem</strong></span> <span class='ocrx_word' id='word_1_119' title='bbox 1681 1750 1868 1807; x_wconf 91' lang='lat' dir='ltr'><strong>mundi</strong></span> 
     </span>
    </p>
   </div>
   <div class='ocr_carea' id='block_1_18' title="bbox 277 1842 1865 1914">
    <p class='ocr_par' dir='ltr' id='par_1_18' title="bbox 277 1842 1865 1914">
     <span class='ocr_line' id='line_1_18' title="bbox 277 1842 1865 1914; baseline -0.001 -15"><span class='ocrx_word' id='word_1_120' title='bbox 277 1842 579 1899; x_wconf 85' lang='lat' dir='ltr'><strong>Ecclesiam</strong></span> <span class='ocrx_word' id='word_1_121' title='bbox 620 1843 790 1898; x_wconf 87' lang='lat' dir='ltr'><strong>valuit</strong></span> <span class='ocrx_word' id='word_1_122' title='bbox 841 1845 1118 1913; x_wconf 79' lang='lat' dir='ltr'><strong>profutura</strong></span> <span class='ocrx_word' id='word_1_123' title='bbox 1147 1843 1340 1914; x_wconf 88' lang='lat' dir='ltr'><strong>gaudia</strong></span> <span class='ocrx_word' id='word_1_124' title='bbox 1372 1842 1865 1898; x_wconf 83' lang='lat' dir='ltr'><strong>dilatare?Terram</strong></span> 
     </span>
    </p>
   </div>
   <div class='ocr_carea' id='block_1_19' title="bbox 1965 627 3544 694">
    <p class='ocr_par' dir='ltr' id='par_1_19' title="bbox 1965 627 3544 694">
     <span class='ocr_line' id='line_1_19' title="bbox 1965 627 3544 694; baseline -0.001 0"><span class='ocrx_word' id='word_1_125' title='bbox 1965 636 2070 694; x_wconf 91' lang='lat' dir='ltr'><strong>Sed</strong></span> <span class='ocrx_word' id='word_1_126' title='bbox 2101 637 2176 692; x_wconf 88' lang='lat' dir='ltr'><strong>illi</strong></span> <span class='ocrx_word' id='word_1_127' title='bbox 2216 637 2598 694; x_wconf 86' lang='lat' dir='ltr'><strong>convenienter</strong></span> <span class='ocrx_word' id='word_1_128' title='bbox 2637 652 2700 694; x_wconf 88' lang='lat' dir='ltr'><strong>ac</strong></span> <span class='ocrx_word' id='word_1_129' title='bbox 2729 627 3131 694; x_wconf 86' lang='lat' dir='ltr'><strong>consentienter</strong></span> <span class='ocrx_word' id='word_1_130' title='bbox 3157 637 3412 694; x_wconf 80' lang='lat' dir='ltr'><strong>dixerunt</strong></span> <span class='ocrx_word' id='word_1_131' title='bbox 3457 651 3544 693; x_wconf 87' lang='lat' dir='ltr'><strong>se-</strong></span> 
     </span>
    </p>
   </div>
   <div class='ocr_carea' id='block_1_20' title="bbox 1965 728 3545 800">
    <p class='ocr_par' dir='ltr' id='par_1_20' title="bbox 1965 728 3545 800">
     <span class='ocr_line' id='line_1_20' title="bbox 1965 728 3545 800; baseline 0.001 -15"><span class='ocrx_word' id='word_1_132' title='bbox 1965 730 2200 785; x_wconf 88' lang='lat' dir='ltr'><strong>cundum</strong></span> <span class='ocrx_word' id='word_1_133' title='bbox 2244 728 2551 800; x_wconf 90' lang='lat' dir='ltr'><strong>Scripturas</strong></span> <span class='ocrx_word' id='word_1_134' title='bbox 2601 741 2836 797; x_wconf 89' lang='lat' dir='ltr'><strong>sanctas,</strong></span> <span class='ocrx_word' id='word_1_135' title='bbox 2872 731 2924 786; x_wconf 92' lang='lat' dir='ltr'><strong>in</strong></span> <span class='ocrx_word' id='word_1_136' title='bbox 2952 732 3226 788; x_wconf 86' lang='lat' dir='ltr'><strong>Bethleem</strong></span> <span class='ocrx_word' id='word_1_137' title='bbox 3257 746 3381 788; x_wconf 89' lang='lat' dir='ltr'><strong>eum</strong></span> <span class='ocrx_word' id='word_1_138' title='bbox 3421 744 3545 787; x_wconf 83' lang='lat' dir='ltr'><strong>esse</strong></span> 
     </span>
    </p>
   </div>
   <div class='ocr_carea' id='block_1_21' title="bbox 1964 821 3548 895">
    <p class='ocr_par' dir='ltr' id='par_1_21' title="bbox 1964 821 3548 895">
     <span class='ocr_line' id='line_1_21' title="bbox 1964 821 3548 895; baseline -0.001 -18"><span class='ocrx_word' id='word_1_139' title='bbox 1964 822 2140 878; x_wconf 88' lang='lat' dir='ltr'><strong>modis</strong></span> <span class='ocrx_word' id='word_1_140' title='bbox 2163 821 2413 878; x_wconf 86' lang='lat' dir='ltr'><strong>omnibus</strong></span> <span class='ocrx_word' id='word_1_141' title='bbox 2441 823 2772 878; x_wconf 86' lang='lat' dir='ltr'><strong>nasciturum</strong></span> <span class='ocrx_word' id='word_1_142' title='bbox 2801 822 3020 893; x_wconf 83' lang='lat' dir='ltr'><strong>(Matth.</strong></span> <span class='ocrx_word' id='word_1_143' title='bbox 3044 838 3104 893; x_wconf 84' lang='grc' dir='ltr'><strong>ιι,</strong></span> <span class='ocrx_word' id='word_1_144' title='bbox 3137 823 3212 894; x_wconf 82' lang='grc'><strong>5).</strong></span> <span class='ocrx_word' id='word_1_145' title='bbox 3241 822 3548 895; x_wconf 80' lang='lat' dir='ltr'><strong>Congregati</strong></span> 
     </span>
    </p>
   </div>
   <div class='ocr_carea' id='block_1_22' title="bbox 1963 915 3546 986">
    <p class='ocr_par' dir='ltr' id='par_1_22' title="bbox 1963 915 3546 986">
     <span class='ocr_line' id='line_1_22' title="bbox 1963 915 3546 986; baseline 0.001 -18"><span class='ocrx_word' id='word_1_146' title='bbox 1963 922 2083 970; x_wconf 87' lang='lat' dir='ltr'><strong>sunt</strong></span> <span class='ocrx_word' id='word_1_147' title='bbox 2109 930 2266 986; x_wconf 80' lang='lat' dir='ltr'><strong>ergo,</strong></span> <span class='ocrx_word' id='word_1_148' title='bbox 2290 923 2350 970; x_wconf 90' lang='lat' dir='ltr'><strong>ut</strong></span> <span class='ocrx_word' id='word_1_149' title='bbox 2375 915 2620 972; x_wconf 90' lang='lat' dir='ltr'><strong>dicerent</strong></span> <span class='ocrx_word' id='word_1_150' title='bbox 2656 916 2780 985; x_wconf 88' lang='lat' dir='ltr'><strong>quid</strong></span> <span class='ocrx_word' id='word_1_151' title='bbox 2810 917 3074 986; x_wconf 86' lang='lat' dir='ltr'><strong>legerunt.</strong></span> <span class='ocrx_word' id='word_1_152' title='bbox 3109 918 3459 970; x_wconf 82' lang='lat' dir='ltr'><strong>Convenerunt</strong></span> <span class='ocrx_word' id='word_1_153' title='bbox 3488 915 3546 969; x_wconf 86' lang='lat' dir='ltr'><strong>in</strong></span> 
     </span>
    </p>
   </div>
   <div class='ocr_carea' id='block_1_23' title="bbox 1963 1008 3376 1080">
    <p class='ocr_par' dir='ltr' id='par_1_23' title="bbox 1963 1008 3376 1080">
     <span class='ocr_line' id='line_1_23' title="bbox 1963 1008 3376 1080; baseline -0.001 -19"><span class='ocrx_word' id='word_1_154' title='bbox 1963 1021 2149 1075; x_wconf 74' lang='lat' dir='ltr'><strong>unum,</strong></span> <span class='ocrx_word' id='word_1_155' title='bbox 2175 1009 2299 1080; x_wconf 86' lang='lat' dir='ltr'><strong>quia</strong></span> <span class='ocrx_word' id='word_1_156' title='bbox 2327 1022 2515 1063; x_wconf 89' lang='lat' dir='ltr'><strong>omnes</strong></span> <span class='ocrx_word' id='word_1_157' title='bbox 2546 1022 2706 1062; x_wconf 89' lang='lat' dir='ltr'><strong>unam</strong></span> <span class='ocrx_word' id='word_1_158' title='bbox 2735 1009 3008 1076; x_wconf 83' lang='lat' dir='ltr'><strong>protulere</strong></span> <span class='ocrx_word' id='word_1_159' title='bbox 3033 1008 3376 1065; x_wconf 88' lang='lat' dir='ltr'><strong>sententiam.</strong></span> 
     </span>
    </p>
   </div>
   <div class='ocr_carea' id='block_1_24' title="bbox 2041 1099 3550 1173">
    <p class='ocr_par' dir='ltr' id='par_1_24' title="bbox 2041 1099 3550 1173">
     <span class='ocr_line' id='line_1_24' title="bbox 2041 1099 3550 1173; baseline -0.003 -16"><span class='ocrx_word' id='word_1_160' title='bbox 2041 1101 2195 1157; x_wconf 80' lang='lat' dir='ltr'><strong>Vers.</strong></span> <span class='ocrx_word' id='word_1_161' title='bbox 2229 1101 2284 1157; x_wconf 86' lang='lat'><strong>5.</strong></span> <span class='ocrx_word' id='word_1_162' title='bbox 2317 1099 2428 1173; x_wconf 84' lang='lat' dir='ltr'><strong>Ipsi</strong></span> <span class='ocrx_word' id='word_1_163' title='bbox 2454 1101 2676 1156; x_wconf 82' lang='lat' dir='ltr'><strong>videntes</strong></span> <span class='ocrx_word' id='word_1_164' title='bbox 2723 1110 2842 1154; x_wconf 87' lang='lat' dir='ltr'><strong>tunc</strong></span> <span class='ocrx_word' id='word_1_165' title='bbox 2871 1101 3111 1154; x_wconf 85' lang='lat' dir='ltr'><strong>admirati</strong></span> <span class='ocrx_word' id='word_1_166' title='bbox 3155 1109 3290 1167; x_wconf 88' lang='lat' dir='ltr'><strong>sunt,</strong></span> <span class='ocrx_word' id='word_1_167' title='bbox 3341 1106 3550 1154; x_wconf 84' lang='lat' dir='ltr'><strong>contur-</strong></span> 
     </span>
    </p>
   </div>
   <div class='ocr_carea' id='block_1_25' title="bbox 1966 1187 3538 1264">
    <p class='ocr_par' dir='ltr' id='par_1_25' title="bbox 1966 1187 3538 1264">
     <span class='ocr_line' id='line_1_25' title="bbox 1966 1187 3538 1264; baseline -0.003 -16"><span class='ocrx_word' id='word_1_168' title='bbox 1966 1195 2070 1248; x_wconf 86' lang='lat' dir='ltr'><strong>bati</strong></span> <span class='ocrx_word' id='word_1_169' title='bbox 2094 1203 2230 1260; x_wconf 89' lang='lat' dir='ltr'><strong>sunt,</strong></span> <span class='ocrx_word' id='word_1_170' title='bbox 2282 1203 2330 1248; x_wconf 90' lang='lat' dir='ltr'><strong>et</strong></span> <span class='ocrx_word' id='word_1_171' title='bbox 2357 1194 2594 1248; x_wconf 87' lang='lat' dir='ltr'><strong>commoti</strong></span> <span class='ocrx_word' id='word_1_172' title='bbox 2617 1203 2755 1248; x_wconf 84' lang='lat' dir='ltr'><strong>sunt.</strong></span> <span class='ocrx_word' id='word_1_173' title='bbox 2799 1191 2936 1264; x_wconf 84' lang='lat' dir='ltr'><strong>Ipsi,</strong></span> <span class='ocrx_word' id='word_1_174' title='bbox 2965 1192 3138 1248; x_wconf 64' lang='lat' dir='ltr'><strong>Judaei</strong></span> <span class='ocrx_word' id='word_1_175' title='bbox 3190 1192 3395 1248; x_wconf 85' lang='lat' dir='ltr'><strong>scilicet</strong></span> <span class='ocrx_word' id='word_1_176' title='bbox 3441 1187 3538 1260; x_wconf 86' lang='lat' dir='ltr'><strong>qui</strong></span> 
     </span>
    </p>
   </div>
   <div class='ocr_carea' id='block_1_26' title="bbox 1965 1281 3548 1341">
    <p class='ocr_par' dir='ltr' id='par_1_26' title="bbox 1965 1281 3548 1341">
     <span class='ocr_line' id='line_1_26' title="bbox 1965 1281 3548 1341; baseline -0.004 0"><span class='ocrx_word' id='word_1_177' title='bbox 1965 1284 2165 1341; x_wconf 83' lang='lat' dir='ltr'><strong>Herodi</strong></span> <span class='ocrx_word' id='word_1_178' title='bbox 2191 1284 2443 1340; x_wconf 84' lang='lat' dir='ltr'><strong>dixerunt</strong></span> <span class='ocrx_word' id='word_1_179' title='bbox 2470 1286 2524 1339; x_wconf 90' lang='lat' dir='ltr'><strong>in</strong></span> <span class='ocrx_word' id='word_1_180' title='bbox 2555 1284 2830 1340; x_wconf 86' lang='lat' dir='ltr'><strong>Bethleem</strong></span> <span class='ocrx_word' id='word_1_181' title='bbox 2881 1284 3164 1338; x_wconf 89' lang='lat' dir='ltr'><strong>Dominum</strong></span> <span class='ocrx_word' id='word_1_182' title='bbox 3193 1281 3548 1337; x_wconf 82' lang='lat' dir='ltr'><strong>nasciturum.</strong></span> 
     </span>
    </p>
   </div>
   <div class='ocr_carea' id='block_1_27' title="bbox 1967 1371 3587 1448">
    <p class='ocr_par' dir='ltr' id='par_1_27' title="bbox 1967 1371 3587 1448">
     <span class='ocr_line' id='line_1_27' title="bbox 1967 1371 3587 1448; baseline 0.002 -18"><span class='ocrx_word' id='word_1_183' title='bbox 1967 1376 2227 1433; x_wconf 78' lang='lat' dir='ltr'><strong>Viderant</strong></span> <span class='ocrx_word' id='word_1_184' title='bbox 2247 1377 2388 1432; x_wconf 90' lang='lat' dir='ltr'><strong>enim</strong></span> <span class='ocrx_word' id='word_1_185' title='bbox 2417 1391 2537 1446; x_wconf 70' lang='lat' dir='ltr'><strong>quae</strong></span> <span class='ocrx_word' id='word_1_186' title='bbox 2559 1376 2872 1445; x_wconf 87' lang='lat' dir='ltr'><strong>prophetata</strong></span> <span class='ocrx_word' id='word_1_187' title='bbox 2897 1376 3032 1448; x_wconf 88' lang='lat' dir='ltr'><strong>[ed.,</strong></span> <span class='ocrx_word' id='word_1_188' title='bbox 3066 1377 3117 1430; x_wconf 92' lang='lat' dir='ltr'><strong>in</strong></span> <span class='ocrx_word' id='word_1_189' title='bbox 3149 1371 3430 1444; x_wconf 80' lang='lat' dir='ltr'><strong>prepheta]</strong></span> <span class='ocrx_word' id='word_1_190' title='bbox 3462 1373 3546 1427; x_wconf 86' lang='lat' dir='ltr'><strong>le-</strong></span> <span class='ocrx_word' id='word_1_191' title='bbox 3581 1418 3587 1433; x_wconf 77' lang='lat'><strong>.-</strong></span> 
     </span>
    </p>
   </div>
   <div class='ocr_carea' id='block_1_28' title="bbox 1967 1450 3586 1540">
    <p class='ocr_par' dir='ltr' id='par_1_28' title="bbox 1967 1450 3586 1540">
     <span class='ocr_line' id='line_1_28' title="bbox 1967 1450 3586 1540; baseline -0.002 -15"><span class='ocrx_word' id='word_1_192' title='bbox 1967 1479 2184 1540; x_wconf 88' lang='lat' dir='ltr'><strong>gerant;</strong></span> <span class='ocrx_word' id='word_1_193' title='bbox 2217 1479 2273 1526; x_wconf 92' lang='lat' dir='ltr'><strong>et</strong></span> <span class='ocrx_word' id='word_1_194' title='bbox 2302 1485 2522 1526; x_wconf 88' lang='lat' dir='ltr'><strong>necesse</strong></span> <span class='ocrx_word' id='word_1_195' title='bbox 2545 1480 2662 1526; x_wconf 91' lang='lat' dir='ltr'><strong>erat</strong></span> <span class='ocrx_word' id='word_1_196' title='bbox 2693 1479 2751 1525; x_wconf 92' lang='lat' dir='ltr'><strong>ut</strong></span> <span class='ocrx_word' id='word_1_197' title='bbox 2789 1470 3071 1525; x_wconf 85' lang='lat' dir='ltr'><strong>admiratio</strong></span> <span class='ocrx_word' id='word_1_198' title='bbox 3112 1469 3178 1524; x_wconf 87' lang='lat' dir='ltr'><strong>de</strong></span> <span class='ocrx_word' id='word_1_199' title='bbox 3205 1478 3348 1522; x_wconf 89' lang='lat' dir='ltr'><strong>tanta</strong></span> <span class='ocrx_word' id='word_1_200' title='bbox 3379 1465 3552 1536; x_wconf 85' lang='lat' dir='ltr'><strong>gloria</strong></span> <span class='ocrx_word' id='word_1_201' title='bbox 3580 1450 3586 1460; x_wconf 68' lang='grc'><em>’</em></span> 
     </span>
    </p>
   </div>
   <div class='ocr_carea' id='block_1_29' title="bbox 1967 1562 3555 1628">
    <p class='ocr_par' dir='ltr' id='par_1_29' title="bbox 1967 1562 3555 1628">
     <span class='ocr_line' id='line_1_29' title="bbox 1967 1562 3555 1628; baseline -0.002 -9"><span class='ocrx_word' id='word_1_202' title='bbox 1967 1573 2302 1621; x_wconf 89' lang='lat' dir='ltr'><strong>nasceretur.</strong></span> <span class='ocrx_word' id='word_1_203' title='bbox 2335 1565 2440 1622; x_wconf 90' lang='lat' dir='ltr'><strong>Sed</strong></span> <span class='ocrx_word' id='word_1_204' title='bbox 2471 1565 2572 1621; x_wconf 89' lang='lat' dir='ltr'><strong>ista</strong></span> <span class='ocrx_word' id='word_1_205' title='bbox 2605 1563 2890 1619; x_wconf 86' lang='lat' dir='ltr'><strong>admiratio</strong></span> <span class='ocrx_word' id='word_1_206' title='bbox 2921 1577 3027 1617; x_wconf 93' lang='lat' dir='ltr'><strong>non</strong></span> <span class='ocrx_word' id='word_1_207' title='bbox 3051 1562 3202 1628; x_wconf 90' lang='lat' dir='ltr'><strong>levis,</strong></span> <span class='ocrx_word' id='word_1_208' title='bbox 3235 1576 3342 1616; x_wconf 92' lang='lat' dir='ltr'><strong>non</strong></span> <span class='ocrx_word' id='word_1_209' title='bbox 3375 1562 3555 1616; x_wconf 81' lang='lat' dir='ltr'><strong>otiosa</strong></span> 
     </span>
    </p>
   </div>
   <div class='ocr_carea' id='block_1_30' title="bbox 1969 1655 3552 1726">
    <p class='ocr_par' dir='ltr' id='par_1_30' title="bbox 1969 1655 3552 1726">
     <span class='ocr_line' id='line_1_30' title="bbox 1969 1655 3552 1726; baseline -0.004 -14"><span class='ocrx_word' id='word_1_210' title='bbox 1969 1657 2090 1712; x_wconf 82' lang='lat' dir='ltr'><strong>fuit.</strong></span> <span class='ocrx_word' id='word_1_211' title='bbox 2121 1655 2421 1712; x_wconf 86' lang='lat' dir='ltr'><strong>Conturbati</strong></span> <span class='ocrx_word' id='word_1_212' title='bbox 2473 1666 2612 1724; x_wconf 86' lang='lat' dir='ltr'><strong>sunt,</strong></span> <span class='ocrx_word' id='word_1_213' title='bbox 2668 1658 2791 1726; x_wconf 88' lang='lat' dir='ltr'><strong>quia</strong></span> <span class='ocrx_word' id='word_1_214' title='bbox 2821 1671 2882 1711; x_wconf 88' lang='lat' dir='ltr'><strong>se</strong></span> <span class='ocrx_word' id='word_1_215' title='bbox 2929 1662 3192 1711; x_wconf 90' lang='lat' dir='ltr'><strong>noverant</strong></span> <span class='ocrx_word' id='word_1_216' title='bbox 3219 1661 3552 1724; x_wconf 84' lang='lat' dir='ltr'><strong>peccatores.</strong></span> 
     </span>
    </p>
   </div>
   <div class='ocr_carea' id='block_1_31' title="bbox 1971 1749 3556 1820">
    <p class='ocr_par' dir='ltr' id='par_1_31' title="bbox 1971 1749 3556 1820">
     <span class='ocr_line' id='line_1_31' title="bbox 1971 1749 3556 1820; baseline -0.002 -16"><span class='ocrx_word' id='word_1_217' title='bbox 1971 1749 2240 1819; x_wconf 80' lang='lat' dir='ltr'><strong>Commoti,</strong></span> <span class='ocrx_word' id='word_1_218' title='bbox 2275 1752 2401 1820; x_wconf 83' lang='lat' dir='ltr'><strong>quia</strong></span> <span class='ocrx_word' id='word_1_219' title='bbox 2446 1752 2515 1806; x_wconf 90' lang='lat' dir='ltr'><strong>de</strong></span> <span class='ocrx_word' id='word_1_220' title='bbox 2543 1759 2686 1806; x_wconf 84' lang='lat' dir='ltr'><strong>tanta</strong></span> <span class='ocrx_word' id='word_1_221' title='bbox 2741 1749 3019 1820; x_wconf 85' lang='lat' dir='ltr'><strong>majestate</strong></span> <span class='ocrx_word' id='word_1_222' title='bbox 3073 1761 3399 1819; x_wconf 77' lang='lat' dir='ltr'><strong>cognoscere</strong></span> <span class='ocrx_word' id='word_1_223' title='bbox 3439 1760 3556 1801; x_wconf 71' lang='grc' dir='ltr'><strong>ωε-</strong></span> 
     </span>
    </p>
   </div>
   <div class='ocr_carea' id='block_1_32' title="bbox 1969 1841 3555 1911">
    <p class='ocr_par' dir='ltr' id='par_1_32' title="bbox 1969 1841 3555 1911">
     <span class='ocr_line' id='line_1_32' title="bbox 1969 1841 3555 1911; baseline -0.003 -12"><span class='ocrx_word' id='word_1_224' title='bbox 1969 1854 2213 1899; x_wconf 89' lang='lat' dir='ltr'><strong>ruerunt.</strong></span> <span class='ocrx_word' id='word_1_225' title='bbox 2244 1843 2367 1899; x_wconf 92' lang='lat' dir='ltr'><strong>lllos</strong></span> <span class='ocrx_word' id='word_1_226' title='bbox 2397 1844 2544 1900; x_wconf 90' lang='lat' dir='ltr'><strong>enim</strong></span> <span class='ocrx_word' id='word_1_227' title='bbox 2589 1853 2868 1900; x_wconf 88' lang='lat' dir='ltr'><strong>commotos</strong></span> <span class='ocrx_word' id='word_1_228' title='bbox 2897 1841 3142 1910; x_wconf 85' lang='lat' dir='ltr'><strong>dicimus,</strong></span> <span class='ocrx_word' id='word_1_229' title='bbox 3175 1855 3312 1911; x_wconf 90' lang='lat' dir='ltr'><strong>quos</strong></span> <span class='ocrx_word' id='word_1_230' title='bbox 3340 1847 3395 1895; x_wconf 93' lang='lat' dir='ltr'><strong>et</strong></span> <span class='ocrx_word' id='word_1_231' title='bbox 3437 1851 3555 1894; x_wconf 90' lang='lat' dir='ltr'><strong>cre-</strong></span> 
     </span>
    </p>
   </div>
   <div class='ocr_carea' id='block_1_33' title="bbox 276 1930 2482 2008">
    <p class='ocr_par' dir='ltr' id='par_1_33' title="bbox 276 1930 2482 2008">
     <span class='ocr_line' id='line_1_33' title="bbox 276 1930 2482 2008; baseline 0 -17"><span class='ocrx_word' id='word_1_232' title='bbox 276 1935 365 1992; x_wconf 90' lang='lat' dir='ltr'><strong>hic</strong></span> <span class='ocrx_word' id='word_1_233' title='bbox 413 1939 465 1990; x_wconf 93' lang='lat' dir='ltr'><strong>ln</strong></span> <span class='ocrx_word' id='word_1_234' title='bbox 498 1936 641 1992; x_wconf 89' lang='lat' dir='ltr'><strong>bono</strong></span> <span class='ocrx_word' id='word_1_235' title='bbox 670 1937 882 2008; x_wconf 88' lang='lat' dir='ltr'><strong>accipe;</strong></span> <span class='ocrx_word' id='word_1_236' title='bbox 939 1937 1202 2008; x_wconf 89' lang='lat' dir='ltr'><strong>signiﬁcat</strong></span> <span class='ocrx_word' id='word_1_237' title='bbox 1235 1940 1375 1993; x_wconf 88' lang='lat' dir='ltr'><strong>enim</strong></span> <span class='ocrx_word' id='word_1_238' title='bbox 1402 1937 1600 2008; x_wconf 89' lang='lat' dir='ltr'><strong>justos,</strong></span> <span class='ocrx_word' id='word_1_239' title='bbox 1652 1939 1743 2008; x_wconf 89' lang='lat' dir='ltr'><strong>qui</strong></span> <span class='ocrx_word' id='word_1_240' title='bbox 1773 1952 1866 1992; x_wconf 86' lang='lat' dir='ltr'><strong>co-</strong></span> <span class='ocrx_word' id='word_1_241' title='bbox 1892 1930 1942 1992; x_wconf 90' lang='lat' dir='ltr'><strong>B</strong></span> <span class='ocrx_word' id='word_1_242' title='bbox 1968 1934 2171 1990; x_wconf 86' lang='lat' dir='ltr'><strong>didisse</strong></span> <span class='ocrx_word' id='word_1_243' title='bbox 2202 1943 2482 1992; x_wconf 87' lang='lat' dir='ltr'><strong>testamur.</strong></span> 
     </span>
    </p>
   </div>
   <div class='ocr_carea' id='block_1_34' title="bbox 277 2029 1863 2101">
    <p class='ocr_par' dir='ltr' id='par_1_34' title="bbox 277 2029 1863 2101">
     <span class='ocr_line' id='line_1_34' title="bbox 277 2029 1863 2101; baseline 0.003 -18"><span class='ocrx_word' id='word_1_244' title='bbox 277 2029 425 2098; x_wconf 89' lang='lat' dir='ltr'><strong>piosa</strong></span> <span class='ocrx_word' id='word_1_245' title='bbox 455 2040 512 2086; x_wconf 91' lang='lat' dir='ltr'><strong>et</strong></span> <span class='ocrx_word' id='word_1_246' title='bbox 547 2040 754 2087; x_wconf 65' lang='lat' dir='ltr'><strong>aeterna</strong></span> <span class='ocrx_word' id='word_1_247' title='bbox 801 2033 1020 2101; x_wconf 88' lang='lat' dir='ltr'><strong>praemia</strong></span> <span class='ocrx_word' id='word_1_248' title='bbox 1067 2042 1490 2101; x_wconf 89' lang='lat' dir='ltr'><strong>consequuntur.</strong></span> <span class='ocrx_word' id='word_1_249' title='bbox 1537 2031 1690 2087; x_wconf 81' lang='lat' dir='ltr'><strong>Mons</strong></span> <span class='ocrx_word' id='word_1_250' title='bbox 1733 2046 1863 2088; x_wconf 90' lang='lat' dir='ltr'><strong>vero</strong></span> 
     </span>
    </p>
   </div>
   <div class='ocr_carea' id='block_1_35' title="bbox 276 2121 1861 2195">
    <p class='ocr_par' dir='ltr' id='par_1_35' title="bbox 276 2121 1861 2195">
     <span class='ocr_line' id='line_1_35' title="bbox 276 2121 1861 2195; baseline 0.001 -17"><span class='ocrx_word' id='word_1_251' title='bbox 276 2121 406 2178; x_wconf 84' lang='lat' dir='ltr'><strong>Sion</strong></span> <span class='ocrx_word' id='word_1_252' title='bbox 436 2123 601 2194; x_wconf 83' lang='lat' dir='ltr'><strong>(sicut</strong></span> <span class='ocrx_word' id='word_1_253' title='bbox 649 2138 795 2193; x_wconf 75' lang='lat' dir='ltr'><strong>smpe</strong></span> <span class='ocrx_word' id='word_1_254' title='bbox 848 2124 1049 2178; x_wconf 92' lang='lat' dir='ltr'><strong>dictum</strong></span> <span class='ocrx_word' id='word_1_255' title='bbox 1099 2124 1202 2195; x_wconf 90' lang='lat' dir='ltr'><strong>est)</strong></span> <span class='ocrx_word' id='word_1_256' title='bbox 1249 2124 1492 2195; x_wconf 84' lang='lat' dir='ltr'><strong>designat</strong></span> <span class='ocrx_word' id='word_1_257' title='bbox 1542 2124 1861 2192; x_wconf 89' lang='lat' dir='ltr'><strong>Ecclesiam,</strong></span> 
     </span>
    </p>
   </div>
   <div class='ocr_carea' id='block_1_36' title="bbox 276 2215 1863 2287">
    <p class='ocr_par' dir='ltr' id='par_1_36' title="bbox 276 2215 1863 2287">
     <span class='ocr_line' id='line_1_36' title="bbox 276 2215 1863 2287; baseline -0.001 -16"><span class='ocrx_word' id='word_1_258' title='bbox 276 2232 396 2286; x_wconf 69' lang='lat' dir='ltr'><strong>quas</strong></span> <span class='ocrx_word' id='word_1_259' title='bbox 425 2217 873 2287; x_wconf 87' lang='lat' dir='ltr'><strong>interpretatione</strong></span> <span class='ocrx_word' id='word_1_260' title='bbox 901 2215 1070 2286; x_wconf 91' lang='lat' dir='ltr'><strong>ipsius</strong></span> <span class='ocrx_word' id='word_1_261' title='bbox 1099 2217 1354 2284; x_wconf 87' lang='lat' dir='ltr'><strong>nominis,</strong></span> <span class='ocrx_word' id='word_1_262' title='bbox 1379 2227 1579 2273; x_wconf 70' lang='lat' dir='ltr'><strong>sancta:</strong></span> <span class='ocrx_word' id='word_1_263' title='bbox 1611 2217 1863 2286; x_wconf 82' lang='lat' dir='ltr'><strong>Specula-</strong></span> 
     </span>
    </p>
   </div>
   <div class='ocr_carea' id='block_1_37' title="bbox 279 2308 1863 2380">
    <p class='ocr_par' dir='ltr' id='par_1_37' title="bbox 279 2308 1863 2380">
     <span class='ocr_line' id='line_1_37' title="bbox 279 2308 1863 2380; baseline 0.001 -19"><span class='ocrx_word' id='word_1_264' title='bbox 279 2309 439 2363; x_wconf 87' lang='lat' dir='ltr'><strong>tionis</strong></span> <span class='ocrx_word' id='word_1_265' title='bbox 464 2309 666 2364; x_wconf 87' lang='lat' dir='ltr'><strong>virtute</strong></span> <span class='ocrx_word' id='word_1_266' title='bbox 713 2308 980 2380; x_wconf 89' lang='lat' dir='ltr'><strong>completa</strong></span> <span class='ocrx_word' id='word_1_267' title='bbox 1009 2318 1114 2363; x_wconf 91' lang='lat' dir='ltr'><strong>est.</strong></span> <span class='ocrx_word' id='word_1_268' title='bbox 1145 2309 1334 2363; x_wconf 88' lang='lat' dir='ltr'><strong>Latera</strong></span> <span class='ocrx_word' id='word_1_269' title='bbox 1375 2319 1550 2364; x_wconf 91' lang='lat' dir='ltr'><strong>autem</strong></span> <span class='ocrx_word' id='word_1_270' title='bbox 1606 2309 1863 2380; x_wconf 84' lang='lat' dir='ltr'><strong>aquilonis</strong></span> 
     </span>
    </p>
   </div>
   <div class='ocr_carea' id='block_1_38' title="bbox 278 2399 1864 2471">
    <p class='ocr_par' dir='ltr' id='par_1_38' title="bbox 278 2399 1864 2471">
     <span class='ocr_line' id='line_1_38' title="bbox 278 2399 1864 2471; baseline -0.001 -15"><span class='ocrx_word' id='word_1_271' title='bbox 278 2401 573 2470; x_wconf 83' lang='lat' dir='ltr'><strong>signiﬁcant</strong></span> <span class='ocrx_word' id='word_1_272' title='bbox 593 2400 821 2470; x_wconf 84' lang='lat' dir='ltr'><strong>papulos</strong></span> <span class='ocrx_word' id='word_1_273' title='bbox 842 2399 1116 2468; x_wconf 89' lang='lat' dir='ltr'><strong>inﬁdeles,</strong></span> <span class='ocrx_word' id='word_1_274' title='bbox 1147 2400 1203 2457; x_wconf 91' lang='lat' dir='ltr'><strong>in</strong></span> <span class='ocrx_word' id='word_1_275' title='bbox 1229 2401 1422 2471; x_wconf 90' lang='lat' dir='ltr'><strong>quibus</strong></span> <span class='ocrx_word' id='word_1_276' title='bbox 1444 2400 1643 2456; x_wconf 89' lang='lat' dir='ltr'><strong>diaboli</strong></span> <span class='ocrx_word' id='word_1_277' title='bbox 1671 2415 1864 2471; x_wconf 88' lang='lat' dir='ltr'><strong>regna-</strong></span> 
     </span>
    </p>
   </div>
   <div class='ocr_carea' id='block_1_39' title="bbox 276 2493 1864 2565">
    <p class='ocr_par' dir='ltr' id='par_1_39' title="bbox 276 2493 1864 2565">
     <span class='ocr_line' id='line_1_39' title="bbox 276 2493 1864 2565; baseline -0.001 -15"><span class='ocrx_word' id='word_1_278' title='bbox 276 2494 367 2550; x_wconf 88' lang='lat' dir='ltr'><strong>bat</strong></span> <span class='ocrx_word' id='word_1_279' title='bbox 394 2496 675 2564; x_wconf 86' lang='lat' dir='ltr'><strong>iniquitas;</strong></span> <span class='ocrx_word' id='word_1_280' title='bbox 707 2497 824 2565; x_wconf 91' lang='lat' dir='ltr'><strong>ipse</strong></span> <span class='ocrx_word' id='word_1_281' title='bbox 862 2498 1004 2550; x_wconf 91' lang='lat' dir='ltr'><strong>enim</strong></span> <span class='ocrx_word' id='word_1_282' title='bbox 1033 2494 1174 2550; x_wconf 81' lang='lat' dir='ltr'><strong>dixit</strong></span> <span class='ocrx_word' id='word_1_283' title='bbox 1206 2513 1220 2549; x_wconf 89' lang='lat'>:</span> <span class='ocrx_word' id='word_1_284' title='bbox 1253 2493 1456 2549; x_wconf 89' lang='lat' dir='ltr'><strong>Ponam</strong></span> <span class='ocrx_word' id='word_1_285' title='bbox 1485 2493 1658 2548; x_wconf 86' lang='lat' dir='ltr'><strong>sedem</strong></span> <span class='ocrx_word' id='word_1_286' title='bbox 1697 2509 1864 2549; x_wconf 85' lang='lat' dir='ltr'><strong>meam</strong></span> 
     </span>
    </p>
   </div>
   <div class='ocr_carea' id='block_1_40' title="bbox 275 2584 1859 2658">
    <p class='ocr_par' dir='ltr' id='par_1_40' title="bbox 275 2584 1859 2658">
     <span class='ocr_line' id='line_1_40' title="bbox 275 2584 1859 2658; baseline 0.001 -19"><span class='ocrx_word' id='word_1_287' title='bbox 275 2585 344 2639; x_wconf 90' lang='lat' dir='ltr'><strong>ad</strong></span> <span class='ocrx_word' id='word_1_288' title='bbox 371 2587 683 2655; x_wconf 86' lang='lat' dir='ltr'><strong>aquilonem,</strong></span> <span class='ocrx_word' id='word_1_289' title='bbox 715 2597 764 2640; x_wconf 90' lang='lat' dir='ltr'><strong>et</strong></span> <span class='ocrx_word' id='word_1_290' title='bbox 801 2603 888 2641; x_wconf 91' lang='lat' dir='ltr'><strong>ero</strong></span> <span class='ocrx_word' id='word_1_291' title='bbox 914 2587 1098 2642; x_wconf 86' lang='lat' dir='ltr'><strong>similis</strong></span> <span class='ocrx_word' id='word_1_292' title='bbox 1138 2587 1408 2641; x_wconf 82' lang='lat' dir='ltr'><strong>Altissimo</strong></span> <span class='ocrx_word' id='word_1_293' title='bbox 1439 2585 1575 2658; x_wconf 90' lang='lat' dir='ltr'><strong>(Isa.</strong></span> <span class='ocrx_word' id='word_1_294' title='bbox 1607 2601 1716 2652; x_wconf 73' lang='lat' dir='ltr'><strong>xxv,</strong></span> <span class='ocrx_word' id='word_1_295' title='bbox 1748 2584 1859 2658; x_wconf 80' lang='grc'><strong>15).</strong></span> 
     </span>
    </p>
   </div>
   <div class='ocr_carea' id='block_1_41' title="bbox 277 2676 1862 2749">
    <p class='ocr_par' dir='ltr' id='par_1_41' title="bbox 277 2676 1862 2749">
     <span class='ocr_line' id='line_1_41' title="bbox 277 2676 1862 2749; baseline 0.001 -17"><span class='ocrx_word' id='word_1_296' title='bbox 277 2676 390 2732; x_wconf 87' lang='lat' dir='ltr'><strong>Sed</strong></span> <span class='ocrx_word' id='word_1_297' title='bbox 417 2678 536 2747; x_wconf 80' lang='lat' dir='ltr'><strong>quia</strong></span> <span class='ocrx_word' id='word_1_298' title='bbox 583 2686 911 2747; x_wconf 89' lang='lat' dir='ltr'><strong>peccatores,</strong></span> <span class='ocrx_word' id='word_1_299' title='bbox 942 2679 1033 2749; x_wconf 92' lang='lat' dir='ltr'><strong>qui</strong></span> <span class='ocrx_word' id='word_1_300' title='bbox 1078 2693 1107 2731; x_wconf 90' lang='lat' dir='ltr'><strong>a</strong></span> <span class='ocrx_word' id='word_1_301' title='bbox 1157 2677 1373 2733; x_wconf 90' lang='lat' dir='ltr'><strong>diabolo</strong></span> <span class='ocrx_word' id='word_1_302' title='bbox 1412 2678 1737 2733; x_wconf 89' lang='lat' dir='ltr'><strong>tenebantur</strong></span> <span class='ocrx_word' id='word_1_303' title='bbox 1766 2677 1862 2733; x_wconf 91' lang='lat' dir='ltr'><strong>ob-</strong></span> 
     </span>
    </p>
   </div>
   <div class='ocr_carea' id='block_1_42' title="bbox 282 2772 1863 2843">
    <p class='ocr_par' dir='ltr' id='par_1_42' title="bbox 282 2772 1863 2843">
     <span class='ocr_line' id='line_1_42' title="bbox 282 2772 1863 2843; baseline 0.002 -17"><span class='ocrx_word' id='word_1_304' title='bbox 282 2773 456 2840; x_wconf 82' lang='lat' dir='ltr'><strong>noxii,</strong></span> <span class='ocrx_word' id='word_1_305' title='bbox 507 2773 616 2828; x_wconf 92' lang='lat' dir='ltr'><strong>Deo</strong></span> <span class='ocrx_word' id='word_1_306' title='bbox 665 2774 975 2843; x_wconf 87' lang='lat' dir='ltr'><strong>miserante,</strong></span> <span class='ocrx_word' id='word_1_307' title='bbox 1007 2773 1257 2830; x_wconf 84' lang='lat' dir='ltr'><strong>conversi</strong></span> <span class='ocrx_word' id='word_1_308' title='bbox 1305 2782 1462 2840; x_wconf 87' lang='lat' dir='ltr'><strong>sunt;</strong></span> <span class='ocrx_word' id='word_1_309' title='bbox 1512 2772 1675 2828; x_wconf 91' lang='lat' dir='ltr'><strong>modo</strong></span> <span class='ocrx_word' id='word_1_310' title='bbox 1717 2788 1863 2829; x_wconf 86' lang='lat' dir='ltr'><strong>mons</strong></span> 
     </span>
    </p>
   </div>
   <div class='ocr_carea' id='block_1_43' title="bbox 278 2863 1864 2937">
    <p class='ocr_par' dir='ltr' id='par_1_43' title="bbox 278 2863 1864 2937">
     <span class='ocr_line' id='line_1_43' title="bbox 278 2863 1864 2937; baseline 0.001 -17"><span class='ocrx_word' id='word_1_311' title='bbox 278 2863 519 2931; x_wconf 54' lang='lat' dir='ltr'><strong>Sionpet</strong></span> <span class='ocrx_word' id='word_1_312' title='bbox 547 2867 704 2920; x_wconf 82' lang='lat' dir='ltr'><strong>latera</strong></span> <span class='ocrx_word' id='word_1_313' title='bbox 747 2866 1044 2937; x_wconf 86' lang='lat' dir='ltr'><strong>aquilonis,</strong></span> <span class='ocrx_word' id='word_1_314' title='bbox 1087 2866 1140 2921; x_wconf 88' lang='lat' dir='ltr'><strong>id</strong></span> <span class='ocrx_word' id='word_1_315' title='bbox 1179 2875 1261 2921; x_wconf 84' lang='lat' dir='ltr'><strong>est</strong></span> <span class='ocrx_word' id='word_1_316' title='bbox 1304 2866 1449 2920; x_wconf 86' lang='lat' dir='ltr'><strong>natio</strong></span> <span class='ocrx_word' id='word_1_317' title='bbox 1475 2863 1782 2920; x_wconf 73' lang='lat' dir='ltr'><strong>Judteorum</strong></span> <span class='ocrx_word' id='word_1_318' title='bbox 1808 2872 1864 2921; x_wconf 89' lang='lat' dir='ltr'><strong>et</strong></span> 
     </span>
    </p>
   </div>
   <div class='ocr_carea' id='block_1_44' title="bbox 276 2957 1862 3030">
    <p class='ocr_par' dir='ltr' id='par_1_44' title="bbox 276 2957 1862 3030">
     <span class='ocr_line' id='line_1_44' title="bbox 276 2957 1862 3030; baseline 0.001 -18"><span class='ocrx_word' id='word_1_319' title='bbox 276 2957 458 3027; x_wconf 89' lang='lat' dir='ltr'><strong>populi</strong></span> <span class='ocrx_word' id='word_1_320' title='bbox 487 2959 744 3028; x_wconf 87' lang='lat' dir='ltr'><strong>gentium,</strong></span> <span class='ocrx_word' id='word_1_321' title='bbox 797 2959 936 3014; x_wconf 77' lang='lat' dir='ltr'><strong>facta</strong></span> <span class='ocrx_word' id='word_1_322' title='bbox 964 2967 1050 3015; x_wconf 91' lang='lat' dir='ltr'><strong>est</strong></span> <span class='ocrx_word' id='word_1_323' title='bbox 1098 2958 1283 3013; x_wconf 88' lang='lat' dir='ltr'><strong>civitas</strong></span> <span class='ocrx_word' id='word_1_324' title='bbox 1312 2958 1470 3030; x_wconf 84' lang='lat' dir='ltr'><strong>Regis</strong></span> <span class='ocrx_word' id='word_1_325' title='bbox 1516 2958 1710 3029; x_wconf 87' lang='lat' dir='ltr'><strong>magni,</strong></span> <span class='ocrx_word' id='word_1_326' title='bbox 1759 2957 1862 3014; x_wconf 89' lang='lat' dir='ltr'><strong>hoc</strong></span> 
     </span>
    </p>
   </div>
   <div class='ocr_carea' id='block_1_45' title="bbox 276 3049 1862 3121">
    <p class='ocr_par' dir='ltr' id='par_1_45' title="bbox 276 3049 1862 3121">
     <span class='ocr_line' id='line_1_45' title="bbox 276 3049 1862 3121; baseline 0 -15"><span class='ocrx_word' id='word_1_327' title='bbox 276 3058 361 3106; x_wconf 91' lang='lat' dir='ltr'><strong>est</strong></span> <span class='ocrx_word' id='word_1_328' title='bbox 409 3050 646 3106; x_wconf 78' lang='lat' dir='ltr'><strong>Ecclesia</strong></span> <span class='ocrx_word' id='word_1_329' title='bbox 695 3052 980 3121; x_wconf 89' lang='lat' dir='ltr'><strong>catholica,</strong></span> <span class='ocrx_word' id='word_1_330' title='bbox 1036 3065 1196 3121; x_wconf 90' lang='lat' dir='ltr'><strong>quam</strong></span> <span class='ocrx_word' id='word_1_331' title='bbox 1243 3050 1312 3106; x_wconf 90' lang='lat' dir='ltr'><strong>de</strong></span> <span class='ocrx_word' id='word_1_332' title='bbox 1365 3051 1614 3106; x_wconf 88' lang='lat' dir='ltr'><strong>universo</strong></span> <span class='ocrx_word' id='word_1_333' title='bbox 1660 3049 1862 3106; x_wconf 91' lang='lat' dir='ltr'><strong>mundo</strong></span> 
     </span>
    </p>
   </div>
   <div class='ocr_carea' id='block_1_46' title="bbox 277 3142 1860 3213">
    <p class='ocr_par' dir='ltr' id='par_1_46' title="bbox 277 3142 1860 3213">
     <span class='ocr_line' id='line_1_46' title="bbox 277 3142 1860 3213; baseline 0.001 -17"><span class='ocrx_word' id='word_1_334' title='bbox 277 3151 487 3197; x_wconf 83' lang='lat' dir='ltr'><strong>constat</strong></span> <span class='ocrx_word' id='word_1_335' title='bbox 509 3157 632 3199; x_wconf 91' lang='lat' dir='ltr'><strong>esse</strong></span> <span class='ocrx_word' id='word_1_336' title='bbox 652 3142 956 3200; x_wconf 86' lang='lat' dir='ltr'><strong>collectam.</strong></span> <span class='ocrx_word' id='word_1_337' title='bbox 981 3142 1100 3212; x_wconf 88' lang='lat' dir='ltr'><strong>Ipsa</strong></span> <span class='ocrx_word' id='word_1_338' title='bbox 1123 3152 1206 3199; x_wconf 89' lang='lat' dir='ltr'><strong>est</strong></span> <span class='ocrx_word' id='word_1_339' title='bbox 1233 3143 1462 3198; x_wconf 84' lang='lat' dir='ltr'><strong>secunda</strong></span> <span class='ocrx_word' id='word_1_340' title='bbox 1482 3142 1679 3197; x_wconf 84' lang='lat' dir='ltr'><strong>sabbati</strong></span> <span class='ocrx_word' id='word_1_341' title='bbox 1699 3157 1860 3213; x_wconf 86' lang='lat' dir='ltr'><strong>quam</strong></span> 
     </span>
    </p>
   </div>
   <div class='ocr_carea' id='block_1_47' title="bbox 281 3231 1854 3306">
    <p class='ocr_par' dir='ltr' id='par_1_47' title="bbox 281 3231 1854 3306">
     <span class='ocr_line' id='line_1_47' title="bbox 281 3231 1854 3306; baseline 0.002 -19"><span class='ocrx_word' id='word_1_342' title='bbox 281 3231 462 3288; x_wconf 89' lang='lat' dir='ltr'><strong>titulus</strong></span> <span class='ocrx_word' id='word_1_343' title='bbox 479 3233 631 3288; x_wconf 76' lang='lat' dir='ltr'><strong>dixit.</strong></span> <span class='ocrx_word' id='word_1_344' title='bbox 667 3233 924 3290; x_wconf 88' lang='lat' dir='ltr'><strong>Dicuntur</strong></span> <span class='ocrx_word' id='word_1_345' title='bbox 948 3233 1169 3306; x_wconf 86' lang='lat' dir='ltr'><strong>quidem</strong></span> <span class='ocrx_word' id='word_1_346' title='bbox 1194 3243 1250 3290; x_wconf 92' lang='lat' dir='ltr'><strong>et</strong></span> <span class='ocrx_word' id='word_1_347' title='bbox 1277 3243 1542 3290; x_wconf 84' lang='lat' dir='ltr'><strong>terrarum</strong></span> <span class='ocrx_word' id='word_1_348' title='bbox 1570 3233 1854 3304; x_wconf 90' lang='lat' dir='ltr'><strong>principes,</strong></span> 
     </span>
    </p>
   </div>
   <div class='ocr_carea' id='block_1_48' title="bbox 2043 2046 3557 2120">
    <p class='ocr_par' dir='ltr' id='par_1_48' title="bbox 2043 2046 3557 2120">
     <span class='ocr_line' id='line_1_48' title="bbox 2043 2046 3557 2120; baseline -0.001 -20"><span class='ocrx_word' id='word_1_349' title='bbox 2043 2049 2195 2105; x_wconf 87' lang='lat' dir='ltr'><strong>Vers.</strong></span> <span class='ocrx_word' id='word_1_350' title='bbox 2225 2049 2278 2104; x_wconf 90' lang='lat'><strong>6.</strong></span> <span class='ocrx_word' id='word_1_351' title='bbox 2313 2049 2527 2104; x_wconf 87' lang='lat' dir='ltr'><strong>Tremor</strong></span> <span class='ocrx_word' id='word_1_352' title='bbox 2553 2049 2893 2120; x_wconf 83' lang='lat' dir='ltr'><strong>apprehendit</strong></span> <span class='ocrx_word' id='word_1_353' title='bbox 2944 2064 3028 2103; x_wconf 85' lang='lat' dir='ltr'><strong>eos</strong></span> <span class='ocrx_word' id='word_1_354' title='bbox 3055 2047 3164 2101; x_wconf 89' lang='lat' dir='ltr'><strong>ibi:</strong></span> <span class='ocrx_word' id='word_1_355' title='bbox 3193 2046 3395 2100; x_wconf 81' lang='lat' dir='ltr'><strong>dolores</strong></span> <span class='ocrx_word' id='word_1_356' title='bbox 3423 2051 3557 2099; x_wconf 74' lang='lat' dir='ltr'><strong>sicut</strong></span> 
     </span>
    </p>
   </div>
   <div class='ocr_carea' id='block_1_49' title="bbox 1967 2136 3551 2214">
    <p class='ocr_par' dir='ltr' id='par_1_49' title="bbox 1967 2136 3551 2214">
     <span class='ocr_line' id='line_1_49' title="bbox 1967 2136 3551 2214; baseline -0.004 -17"><span class='ocrx_word' id='word_1_357' title='bbox 1967 2144 2319 2214; x_wconf 81' lang='lat' dir='ltr'><strong>parturientis.</strong></span> <span class='ocrx_word' id='word_1_358' title='bbox 2379 2142 2742 2198; x_wconf 91' lang='lat' dir='ltr'><strong>Pulcherrime</strong></span> <span class='ocrx_word' id='word_1_359' title='bbox 2797 2155 3130 2210; x_wconf 87' lang='lat' dir='ltr'><strong>consequens</strong></span> <span class='ocrx_word' id='word_1_360' title='bbox 3181 2155 3362 2194; x_wconf 89' lang='lat' dir='ltr'><strong>rerum</strong></span> <span class='ocrx_word' id='word_1_361' title='bbox 3416 2136 3551 2192; x_wconf 84' lang='lat' dir='ltr'><strong>ordo</strong></span> 
     </span>
    </p>
   </div>
   <div class='ocr_carea' id='block_1_50' title="bbox 1968 2229 3556 2302">
    <p class='ocr_par' dir='ltr' id='par_1_50' title="bbox 1968 2229 3556 2302">
     <span class='ocr_line' id='line_1_50' title="bbox 1968 2229 3556 2302; baseline -0.006 -10"><span class='ocrx_word' id='word_1_362' title='bbox 1968 2243 2210 2292; x_wconf 87' lang='lat' dir='ltr'><strong>servatus</strong></span> <span class='ocrx_word' id='word_1_363' title='bbox 2240 2242 2342 2290; x_wconf 92' lang='lat' dir='ltr'><strong>est.</strong></span> <span class='ocrx_word' id='word_1_364' title='bbox 2375 2235 2555 2290; x_wconf 88' lang='lat' dir='ltr'><strong>Primo</strong></span> <span class='ocrx_word' id='word_1_365' title='bbox 2582 2249 2676 2290; x_wconf 91' lang='lat' dir='ltr'><strong>eos</strong></span> <span class='ocrx_word' id='word_1_366' title='bbox 2706 2235 2891 2290; x_wconf 89' lang='lat' dir='ltr'><strong>dicunt</strong></span> <span class='ocrx_word' id='word_1_367' title='bbox 2918 2234 3139 2301; x_wconf 87' lang='lat' dir='ltr'><strong>vidisse,</strong></span> <span class='ocrx_word' id='word_1_368' title='bbox 3168 2240 3356 2302; x_wconf 89' lang='lat' dir='ltr'><strong>postea</strong></span> <span class='ocrx_word' id='word_1_369' title='bbox 3380 2229 3556 2284; x_wconf 90' lang='lat' dir='ltr'><strong>admi-</strong></span> 
     </span>
    </p>
   </div>
   <div class='ocr_carea' id='block_1_51' title="bbox 1966 2326 3552 2396">
    <p class='ocr_par' dir='ltr' id='par_1_51' title="bbox 1966 2326 3552 2396">
     <span class='ocr_line' id='line_1_51' title="bbox 1966 2326 3552 2396; baseline -0.006 -12"><span class='ocrx_word' id='word_1_370' title='bbox 1966 2337 2136 2394; x_wconf 87' lang='lat' dir='ltr'><strong>ratos,</strong></span> <span class='ocrx_word' id='word_1_371' title='bbox 2165 2327 2358 2383; x_wconf 92' lang='lat' dir='ltr'><strong>deinde</strong></span> <span class='ocrx_word' id='word_1_372' title='bbox 2381 2327 2748 2395; x_wconf 88' lang='lat' dir='ltr'><strong>conturbatos,</strong></span> <span class='ocrx_word' id='word_1_373' title='bbox 2779 2339 2834 2381; x_wconf 87' lang='lat' dir='ltr'><strong>et</strong></span> <span class='ocrx_word' id='word_1_374' title='bbox 2861 2326 2928 2381; x_wconf 90' lang='lat' dir='ltr'><strong>ad</strong></span> <span class='ocrx_word' id='word_1_375' title='bbox 2955 2335 3287 2396; x_wconf 88' lang='lat' dir='ltr'><strong>postremum</strong></span> <span class='ocrx_word' id='word_1_376' title='bbox 3311 2333 3552 2377; x_wconf 88' lang='lat' dir='ltr'><strong>tremore</strong></span> 
     </span>
    </p>
   </div>
   <div class='ocr_carea' id='block_1_52' title="bbox 1968 2413 3554 2488">
    <p class='ocr_par' dir='ltr' id='par_1_52' title="bbox 1968 2413 3554 2488">
     <span class='ocr_line' id='line_1_52' title="bbox 1968 2413 3554 2488; baseline -0.004 -15"><span class='ocrx_word' id='word_1_377' title='bbox 1968 2432 2280 2474; x_wconf 88' lang='lat' dir='ltr'><strong>concussos.</strong></span> <span class='ocrx_word' id='word_1_378' title='bbox 2326 2417 2445 2488; x_wconf 87' lang='lat' dir='ltr'><strong>Ipse</strong></span> <span class='ocrx_word' id='word_1_379' title='bbox 2472 2420 2617 2474; x_wconf 84' lang='lat' dir='ltr'><strong>enim</strong></span> <span class='ocrx_word' id='word_1_380' title='bbox 2644 2416 2935 2472; x_wconf 86' lang='lat' dir='ltr'><strong>vehemens</strong></span> <span class='ocrx_word' id='word_1_381' title='bbox 2967 2430 3130 2486; x_wconf 89' lang='lat' dir='ltr'><strong>pavor</strong></span> <span class='ocrx_word' id='word_1_382' title='bbox 3160 2421 3264 2480; x_wconf 91' lang='lat' dir='ltr'><strong>est,</strong></span> <span class='ocrx_word' id='word_1_383' title='bbox 3295 2413 3386 2483; x_wconf 92' lang='lat' dir='ltr'><strong>qui</strong></span> <span class='ocrx_word' id='word_1_384' title='bbox 3429 2426 3554 2481; x_wconf 88' lang='lat' dir='ltr'><strong>per-</strong></span> 
     </span>
    </p>
   </div>
   <div class='ocr_carea' id='block_1_53' title="bbox 1966 2505 3554 2580">
    <p class='ocr_par' dir='ltr' id='par_1_53' title="bbox 1966 2505 3554 2580">
     <span class='ocr_line' id='line_1_53' title="bbox 1966 2505 3554 2580; baseline -0.003 -14"><span class='ocrx_word' id='word_1_385' title='bbox 1966 2511 2114 2566; x_wconf 84' lang='lat' dir='ltr'><strong>ducit</strong></span> <span class='ocrx_word' id='word_1_386' title='bbox 2162 2511 2411 2566; x_wconf 89' lang='lat' dir='ltr'><strong>homines</strong></span> <span class='ocrx_word' id='word_1_387' title='bbox 2443 2511 2509 2565; x_wconf 89' lang='lat' dir='ltr'><strong>ad</strong></span> <span class='ocrx_word' id='word_1_388' title='bbox 2538 2519 2828 2566; x_wconf 89' lang='lat' dir='ltr'><strong>tremorem</strong></span> <span class='ocrx_word' id='word_1_389' title='bbox 2856 2525 2872 2574; x_wconf 93' lang='lat'><strong>;</strong></span> <span class='ocrx_word' id='word_1_390' title='bbox 2918 2511 3040 2580; x_wconf 88' lang='lat' dir='ltr'><strong>quia</strong></span> <span class='ocrx_word' id='word_1_391' title='bbox 3072 2523 3293 2564; x_wconf 89' lang='lat' dir='ltr'><strong>necesse</strong></span> <span class='ocrx_word' id='word_1_392' title='bbox 3323 2514 3408 2562; x_wconf 92' lang='lat' dir='ltr'><strong>est</strong></span> <span class='ocrx_word' id='word_1_393' title='bbox 3435 2505 3554 2562; x_wconf 79' lang='lat' dir='ltr'><strong>ani-</strong></span> 
     </span>
    </p>
   </div>
   <div class='ocr_carea' id='block_1_54' title="bbox 1967 2603 3553 2675">
    <p class='ocr_par' dir='ltr' id='par_1_54' title="bbox 1967 2603 3553 2675">
     <span class='ocr_line' id='line_1_54' title="bbox 1967 2603 3553 2675; baseline -0.002 -18"><span class='ocrx_word' id='word_1_394' title='bbox 1967 2617 2112 2658; x_wconf 91' lang='lat' dir='ltr'><strong>mum</strong></span> <span class='ocrx_word' id='word_1_395' title='bbox 2135 2603 2369 2673; x_wconf 85' lang='lat' dir='ltr'><strong>graviter</strong></span> <span class='ocrx_word' id='word_1_396' title='bbox 2397 2604 2679 2671; x_wconf 84' lang='lat' dir='ltr'><strong>ﬂuctuare,</strong></span> <span class='ocrx_word' id='word_1_397' title='bbox 2711 2603 2866 2675; x_wconf 86' lang='lat' dir='ltr'><strong>cujus</strong></span> <span class='ocrx_word' id='word_1_398' title='bbox 2894 2617 3089 2671; x_wconf 91' lang='lat' dir='ltr'><strong>corpus</strong></span> <span class='ocrx_word' id='word_1_399' title='bbox 3110 2617 3143 2657; x_wconf 88' lang='lat' dir='ltr'><strong>a</strong></span> <span class='ocrx_word' id='word_1_400' title='bbox 3165 2609 3398 2656; x_wconf 88' lang='lat' dir='ltr'><strong>tremore</strong></span> <span class='ocrx_word' id='word_1_401' title='bbox 3430 2614 3553 2654; x_wconf 89' lang='lat' dir='ltr'><strong>con-</strong></span> 
     </span>
    </p>
   </div>
   <div class='ocr_carea' id='block_1_55' title="bbox 1966 2694 3552 2766">
    <p class='ocr_par' dir='ltr' id='par_1_55' title="bbox 1966 2694 3552 2766">
     <span class='ocr_line' id='line_1_55' title="bbox 1966 2694 3552 2766; baseline -0.003 -16"><span class='ocrx_word' id='word_1_402' title='bbox 1966 2696 2147 2766; x_wconf 84' lang='lat' dir='ltr'><strong>tigerit</strong></span> <span class='ocrx_word' id='word_1_403' title='bbox 2191 2695 2549 2765; x_wconf 88' lang='lat' dir='ltr'><strong>apprehendi.</strong></span> <span class='ocrx_word' id='word_1_404' title='bbox 2581 2695 2690 2751; x_wconf 87' lang='lat' dir='ltr'><strong>Nec</strong></span> <span class='ocrx_word' id='word_1_405' title='bbox 2719 2696 2890 2750; x_wconf 92' lang='lat' dir='ltr'><strong>solum</strong></span> <span class='ocrx_word' id='word_1_406' title='bbox 2923 2694 3064 2750; x_wconf 88' lang='lat' dir='ltr'><strong>istud</strong></span> <span class='ocrx_word' id='word_1_407' title='bbox 3116 2694 3171 2749; x_wconf 91' lang='lat' dir='ltr'><strong>in</strong></span> <span class='ocrx_word' id='word_1_408' title='bbox 3203 2703 3311 2748; x_wconf 87' lang='lat' dir='ltr'><strong>tam</strong></span> <span class='ocrx_word' id='word_1_409' title='bbox 3355 2706 3552 2762; x_wconf 85' lang='lat' dir='ltr'><strong>magna</strong></span> 
     </span>
    </p>
   </div>
   <div class='ocr_carea' id='block_1_56' title="bbox 1965 2783 3550 2854">
    <p class='ocr_par' dir='ltr' id='par_1_56' title="bbox 1965 2783 3550 2854">
     <span class='ocr_line' id='line_1_56' title="bbox 1965 2783 3550 2854; baseline -0.002 -13"><span class='ocrx_word' id='word_1_410' title='bbox 1965 2800 2128 2842; x_wconf 83' lang='lat' dir='ltr'><strong>causa</strong></span> <span class='ocrx_word' id='word_1_411' title='bbox 2151 2786 2396 2851; x_wconf 75' lang='lat' dir='ltr'><strong>sullecit;</strong></span> <span class='ocrx_word' id='word_1_412' title='bbox 2422 2785 2520 2841; x_wconf 91' lang='lat' dir='ltr'><strong>sed</strong></span> <span class='ocrx_word' id='word_1_413' title='bbox 2551 2787 2730 2840; x_wconf 87' lang='lat' dir='ltr'><strong>statim</strong></span> <span class='ocrx_word' id='word_1_414' title='bbox 2756 2794 2942 2841; x_wconf 88' lang='lat' dir='ltr'><strong>secuta</strong></span> <span class='ocrx_word' id='word_1_415' title='bbox 2972 2785 3290 2854; x_wconf 85' lang='lat' dir='ltr'><strong>poenitentia</strong></span> <span class='ocrx_word' id='word_1_416' title='bbox 3317 2794 3420 2848; x_wconf 88' lang='lat' dir='ltr'><strong>est,</strong></span> <span class='ocrx_word' id='word_1_417' title='bbox 3455 2783 3550 2838; x_wconf 90' lang='lat' dir='ltr'><strong>ubi</strong></span> 
     </span>
    </p>
   </div>
   <div class='ocr_carea' id='block_1_57' title="bbox 1965 2874 3553 2948">
    <p class='ocr_par' dir='ltr' id='par_1_57' title="bbox 1965 2874 3553 2948">
     <span class='ocr_line' id='line_1_57' title="bbox 1965 2874 3553 2948; baseline -0.001 -17"><span class='ocrx_word' id='word_1_418' title='bbox 1965 2875 2168 2931; x_wconf 85' lang='lat' dir='ltr'><strong>dolores</strong></span> <span class='ocrx_word' id='word_1_419' title='bbox 2191 2877 2434 2932; x_wconf 92' lang='lat' dir='ltr'><strong>cruciant</strong></span> <span class='ocrx_word' id='word_1_420' title='bbox 2454 2885 2708 2948; x_wconf 90' lang='lat' dir='ltr'><strong>tanquam</strong></span> <span class='ocrx_word' id='word_1_421' title='bbox 2732 2886 2932 2931; x_wconf 89' lang='lat' dir='ltr'><strong>matres</strong></span> <span class='ocrx_word' id='word_1_422' title='bbox 2966 2876 3333 2947; x_wconf 87' lang='lat' dir='ltr'><strong>parturientes.</strong></span> <span class='ocrx_word' id='word_1_423' title='bbox 3359 2874 3553 2931; x_wconf 88' lang='lat' dir='ltr'><strong>Gravis</strong></span> 
     </span>
    </p>
   </div>
   <div class='ocr_carea' id='block_1_58' title="bbox 1968 2967 3551 3041">
    <p class='ocr_par' dir='ltr' id='par_1_58' title="bbox 1968 2967 3551 3041">
     <span class='ocr_line' id='line_1_58' title="bbox 1968 2967 3551 3041; baseline -0.004 -12"><span class='ocrx_word' id='word_1_424' title='bbox 1968 2973 2111 3029; x_wconf 88' lang='lat' dir='ltr'><strong>enim</strong></span> <span class='ocrx_word' id='word_1_425' title='bbox 2141 2970 2296 3026; x_wconf 89' lang='lat' dir='ltr'><strong>dolor</strong></span> <span class='ocrx_word' id='word_1_426' title='bbox 2325 2979 2429 3040; x_wconf 90' lang='lat' dir='ltr'><strong>est,</strong></span> <span class='ocrx_word' id='word_1_427' title='bbox 2480 2970 2573 3041; x_wconf 92' lang='lat' dir='ltr'><strong>qui</strong></span> <span class='ocrx_word' id='word_1_428' title='bbox 2603 2970 2918 3026; x_wconf 85' lang='lat' dir='ltr'><strong>mulieribus</strong></span> <span class='ocrx_word' id='word_1_429' title='bbox 2971 2984 3070 3039; x_wconf 86' lang='lat' dir='ltr'><strong>pro</strong></span> <span class='ocrx_word' id='word_1_430' title='bbox 3120 2983 3276 3038; x_wconf 68' lang='lat' dir='ltr'><strong>pena</strong></span> <span class='ocrx_word' id='word_1_431' title='bbox 3337 2967 3551 3038; x_wconf 89' lang='lat' dir='ltr'><strong>peccati</strong></span> 
     </span>
    </p>
   </div>
   <div class='ocr_carea' id='block_1_59' title="bbox 1967 3062 3553 3135">
    <p class='ocr_par' dir='ltr' id='par_1_59' title="bbox 1967 3062 3553 3135">
     <span class='ocr_line' id='line_1_59' title="bbox 1967 3062 3553 3135; baseline -0.003 -15"><span class='ocrx_word' id='word_1_432' title='bbox 1967 3073 2182 3121; x_wconf 89' lang='lat' dir='ltr'><strong>constat</strong></span> <span class='ocrx_word' id='word_1_433' title='bbox 2210 3066 2464 3121; x_wconf 90' lang='lat' dir='ltr'><strong>indictus.</strong></span> <span class='ocrx_word' id='word_1_434' title='bbox 2515 3065 2620 3122; x_wconf 90' lang='lat' dir='ltr'><strong>Sed</strong></span> <span class='ocrx_word' id='word_1_435' title='bbox 2671 3066 2795 3135; x_wconf 88' lang='lat' dir='ltr'><strong>quia</strong></span> <span class='ocrx_word' id='word_1_436' title='bbox 2838 3065 3179 3135; x_wconf 86' lang='lat' dir='ltr'><strong>parturientes</strong></span> <span class='ocrx_word' id='word_1_437' title='bbox 3227 3062 3553 3127; x_wconf 86' lang='lat' dir='ltr'><strong>audivimus,</strong></span> 
     </span>
    </p>
   </div>
   <div class='ocr_carea' id='block_1_60' title="bbox 1967 3156 3551 3228">
    <p class='ocr_par' dir='ltr' id='par_1_60' title="bbox 1967 3156 3551 3228">
     <span class='ocr_line' id='line_1_60' title="bbox 1967 3156 3551 3228; baseline -0.002 -16"><span class='ocrx_word' id='word_1_438' title='bbox 1967 3156 2200 3213; x_wconf 84' lang='lat' dir='ltr'><strong>fructum</strong></span> <span class='ocrx_word' id='word_1_439' title='bbox 2214 3159 2337 3213; x_wconf 89' lang='lat' dir='ltr'><strong>inde</strong></span> <span class='ocrx_word' id='word_1_440' title='bbox 2353 3167 2602 3228; x_wconf 89' lang='lat' dir='ltr'><strong>putemus</strong></span> <span class='ocrx_word' id='word_1_441' title='bbox 2621 3157 2964 3213; x_wconf 82' lang='lat' dir='ltr'><strong>confessione</strong></span> <span class='ocrx_word' id='word_1_442' title='bbox 2986 3156 3172 3212; x_wconf 91' lang='lat' dir='ltr'><strong>humili</strong></span> <span class='ocrx_word' id='word_1_443' title='bbox 3195 3157 3551 3212; x_wconf 87' lang='lat' dir='ltr'><strong>nasciturum.</strong></span> 
     </span>
    </p>
   </div>
   <div class='ocr_carea' id='block_1_61' title="bbox 2037 3245 3556 3319">
    <p class='ocr_par' dir='ltr' id='par_1_61' title="bbox 2037 3245 3556 3319">
     <span class='ocr_line' id='line_1_61' title="bbox 2037 3245 3556 3319; baseline -0.004 -13"><span class='ocrx_word' id='word_1_444' title='bbox 2037 3249 2195 3306; x_wconf 74' lang='lat' dir='ltr'><strong>Vera.</strong></span> <span class='ocrx_word' id='word_1_445' title='bbox 2224 3251 2279 3310; x_wconf 89' lang='lat'><strong>7.</strong></span> <span class='ocrx_word' id='word_1_446' title='bbox 2317 3249 2387 3304; x_wconf 88' lang='lat' dir='ltr'><strong>In</strong></span> <span class='ocrx_word' id='word_1_447' title='bbox 2413 3251 2601 3319; x_wconf 87' lang='lat' dir='ltr'><strong>spiritu</strong></span> <span class='ocrx_word' id='word_1_448' title='bbox 2628 3250 2910 3304; x_wconf 84' lang='lat' dir='ltr'><strong>vehementi</strong></span> <span class='ocrx_word' id='word_1_449' title='bbox 2936 3257 3159 3303; x_wconf 82' lang='lat' dir='ltr'><strong>conteres</strong></span> <span class='ocrx_word' id='word_1_450' title='bbox 3191 3263 3342 3302; x_wconf 87' lang='lat' dir='ltr'><strong>naves</strong></span> <span class='ocrx_word' id='word_1_451' title='bbox 3385 3245 3556 3300; x_wconf 83' lang='lat' dir='ltr'><strong>Thar-</strong></span> 
     </span>
    </p>
   </div>
   <div class='ocr_carea' id='block_1_62' title="bbox 275 3325 1864 3411">
    <p class='ocr_par' dir='ltr' id='par_1_62' title="bbox 275 3326 1858 3399">
     <span class='ocr_line' id='line_1_62' title="bbox 275 3326 1858 3399; baseline -0.001 -18"><span class='ocrx_word' id='word_1_452' title='bbox 275 3340 430 3397; x_wconf 85' lang='lat' dir='ltr'><strong>reges</strong></span> <span class='ocrx_word' id='word_1_453' title='bbox 461 3345 476 3384; x_wconf 88' lang='lat'><strong>:</strong></span> <span class='ocrx_word' id='word_1_454' title='bbox 505 3326 732 3399; x_wconf 79' lang='lat' dir='ltr'><strong>Magnus</strong></span> <span class='ocrx_word' id='word_1_455' title='bbox 757 3336 935 3384; x_wconf 88' lang='lat' dir='ltr'><strong>autem</strong></span> <span class='ocrx_word' id='word_1_456' title='bbox 960 3328 1072 3384; x_wconf 82' lang='lat' dir='ltr'><strong>Rea:</strong></span> <span class='ocrx_word' id='word_1_457' title='bbox 1094 3331 1360 3384; x_wconf 89' lang='lat' dir='ltr'><strong>veraciter</strong></span> <span class='ocrx_word' id='word_1_458' title='bbox 1384 3327 1488 3384; x_wconf 92' lang='lat' dir='ltr'><strong>dici</strong></span> <span class='ocrx_word' id='word_1_459' title='bbox 1522 3343 1628 3383; x_wconf 90' lang='lat' dir='ltr'><strong>non</strong></span> <span class='ocrx_word' id='word_1_460' title='bbox 1657 3332 1858 3398; x_wconf 85' lang='lat' dir='ltr'><strong>potest,</strong></span> 
     </span>
    </p>
   </div>
   <div class='ocr_carea' id='block_1_63' title="bbox 1976 3325 3556 3411">
    <p class='ocr_par' dir='ltr' id='par_1_63' title="bbox 1976 3337 3556 3411">
     <span class='ocr_line' id='line_1_63' title="bbox 1976 3337 3556 3411; baseline -0.003 -15"><span class='ocrx_word' id='word_1_461' title='bbox 1976 3343 2059 3397; x_wconf 84' lang='lat' dir='ltr'><strong>sis.</strong></span> <span class='ocrx_word' id='word_1_462' title='bbox 2095 3344 2260 3398; x_wconf 83' lang='lat' dir='ltr'><strong>Actus</strong></span> <span class='ocrx_word' id='word_1_463' title='bbox 2292 3341 2407 3411; x_wconf 86' lang='lat' dir='ltr'><strong>ipse</strong></span> <span class='ocrx_word' id='word_1_464' title='bbox 2456 3339 2738 3396; x_wconf 74' lang='lat' dir='ltr'><strong>dominica:</strong></span> <span class='ocrx_word' id='word_1_465' title='bbox 2767 3339 3061 3395; x_wconf 88' lang='lat' dir='ltr'><strong>nativitatis</strong></span> <span class='ocrx_word' id='word_1_466' title='bbox 3083 3341 3388 3408; x_wconf 85' lang='lat' dir='ltr'><strong>exponitur.</strong></span> <span class='ocrx_word' id='word_1_467' title='bbox 3417 3337 3556 3393; x_wconf 84' lang='lat' dir='ltr'><strong>Nam</strong></span> 
     </span>
    </p>
   </div>
   <div class='ocr_carea' id='block_1_64' title="bbox 276 3420 1866 3490">
    <p class='ocr_par' dir='ltr' id='par_1_64' title="bbox 276 3420 1866 3490">
     <span class='ocr_line' id='line_1_64' title="bbox 276 3420 1866 3490; baseline -0.001 -12"><span class='ocrx_word' id='word_1_468' title='bbox 276 3421 381 3478; x_wconf 86' lang='lat' dir='ltr'><strong>nisi</strong></span> <span class='ocrx_word' id='word_1_469' title='bbox 412 3422 558 3478; x_wconf 88' lang='lat' dir='ltr'><strong>solus</strong></span> <span class='ocrx_word' id='word_1_470' title='bbox 608 3423 769 3479; x_wconf 87' lang='lat' dir='ltr'><strong>Deus.</strong></span> <span class='ocrx_word' id='word_1_471' title='bbox 820 3421 973 3490; x_wconf 84' lang='lat' dir='ltr'><strong>Quod</strong></span> <span class='ocrx_word' id='word_1_472' title='bbox 1013 3433 1191 3479; x_wconf 85' lang='lat' dir='ltr'><strong>autem</strong></span> <span class='ocrx_word' id='word_1_473' title='bbox 1236 3423 1394 3487; x_wconf 78' lang='lat' dir='ltr'><strong>dixit,</strong></span> <span class='ocrx_word' id='word_1_474' title='bbox 1427 3421 1579 3476; x_wconf 80' lang='lat' dir='ltr'><strong>Mons</strong></span> <span class='ocrx_word' id='word_1_475' title='bbox 1610 3420 1762 3487; x_wconf 88' lang='lat' dir='ltr'><strong>Sion,</strong></span> <span class='ocrx_word' id='word_1_476' title='bbox 1809 3428 1866 3477; x_wconf 90' lang='lat' dir='ltr'><strong>et</strong></span> 
     </span>
    </p>
   </div>
   <div class='ocr_carea' id='block_1_65' title="bbox 274 3512 1863 3586">
    <p class='ocr_par' dir='ltr' id='par_1_65' title="bbox 274 3512 1863 3586">
     <span class='ocr_line' id='line_1_65' title="bbox 274 3512 1863 3586; baseline -0.001 -16"><span class='ocrx_word' id='word_1_477' title='bbox 274 3514 504 3582; x_wconf 64' lang='lat' dir='ltr'><strong>addidit,</strong></span> <span class='ocrx_word' id='word_1_478' title='bbox 534 3516 699 3570; x_wconf 87' lang='lat' dir='ltr'><strong>latera</strong></span> <span class='ocrx_word' id='word_1_479' title='bbox 726 3516 981 3585; x_wconf 84' lang='lat' dir='ltr'><strong>aquilonis</strong></span> <span class='ocrx_word' id='word_1_480' title='bbox 1026 3515 1202 3570; x_wconf 84' lang='lat' dir='ltr'><strong>civitas</strong></span> <span class='ocrx_word' id='word_1_481' title='bbox 1253 3514 1411 3586; x_wconf 84' lang='lat' dir='ltr'><strong>Regis</strong></span> <span class='ocrx_word' id='word_1_482' title='bbox 1458 3515 1666 3586; x_wconf 83' lang='lat' dir='ltr'><strong>magni,</strong></span> <span class='ocrx_word' id='word_1_483' title='bbox 1695 3512 1863 3584; x_wconf 81' lang='lat' dir='ltr'><strong>ﬁgura</strong></span> 
     </span>
    </p>
   </div>
   <div class='ocr_carea' id='block_1_66' title="bbox 275 3608 1865 3683">
    <p class='ocr_par' dir='ltr' id='par_1_66' title="bbox 275 3608 1865 3683">
     <span class='ocr_line' id='line_1_66' title="bbox 275 3608 1865 3683; baseline -0.004 -15"><span class='ocrx_word' id='word_1_484' title='bbox 275 3621 358 3668; x_wconf 87' lang='lat' dir='ltr'><strong>est</strong></span> <span class='ocrx_word' id='word_1_485' title='bbox 388 3613 664 3683; x_wconf 77' lang='lat' dir='ltr'><strong>exergasia</strong></span> <span class='ocrx_word' id='word_1_486' title='bbox 697 3630 710 3665; x_wconf 90' lang='lat'><strong>:</strong></span> <span class='ocrx_word' id='word_1_487' title='bbox 745 3612 797 3667; x_wconf 92' lang='lat' dir='ltr'><strong>id</strong></span> <span class='ocrx_word' id='word_1_488' title='bbox 826 3620 912 3667; x_wconf 90' lang='lat' dir='ltr'><strong>est</strong></span> <span class='ocrx_word' id='word_1_489' title='bbox 940 3612 1148 3682; x_wconf 89' lang='lat' dir='ltr'><strong>quoties</strong></span> <span class='ocrx_word' id='word_1_490' title='bbox 1177 3609 1376 3680; x_wconf 89' lang='lat' dir='ltr'><strong>aliquid</strong></span> <span class='ocrx_word' id='word_1_491' title='bbox 1404 3608 1640 3665; x_wconf 89' lang='lat' dir='ltr'><strong>breviter</strong></span> <span class='ocrx_word' id='word_1_492' title='bbox 1668 3621 1865 3679; x_wconf 87' lang='lat' dir='ltr'><strong>propo-</strong></span> 
     </span>
    </p>
   </div>
   <div class='ocr_carea' id='block_1_67' title="bbox 275 3701 1431 3772">
    <p class='ocr_par' dir='ltr' id='par_1_67' title="bbox 275 3701 1431 3772">
     <span class='ocr_line' id='line_1_67' title="bbox 275 3701 1431 3772; baseline -0.003 -13"><span class='ocrx_word' id='word_1_493' title='bbox 275 3703 438 3770; x_wconf 88' lang='lat' dir='ltr'><strong>nitur,</strong></span> <span class='ocrx_word' id='word_1_494' title='bbox 464 3713 520 3759; x_wconf 89' lang='lat' dir='ltr'><strong>et</strong></span> <span class='ocrx_word' id='word_1_495' title='bbox 549 3703 818 3760; x_wconf 85' lang='lat' dir='ltr'><strong>subtiliter</strong></span> <span class='ocrx_word' id='word_1_496' title='bbox 844 3718 905 3758; x_wconf 90' lang='lat' dir='ltr'><strong>ac</strong></span> <span class='ocrx_word' id='word_1_497' title='bbox 928 3703 1088 3758; x_wconf 87' lang='lat' dir='ltr'><strong>latius</strong></span> <span class='ocrx_word' id='word_1_498' title='bbox 1112 3701 1431 3772; x_wconf 82' lang='lat' dir='ltr'><strong>explicatur.</strong></span> 
     </span>
    </p>
   </div>
   <div class='ocr_carea' id='block_1_68' title="bbox 349 3791 1865 3866">
    <p class='ocr_par' dir='ltr' id='par_1_68' title="bbox 349 3791 1865 3866">
     <span class='ocr_line' id='line_1_68' title="bbox 349 3791 1865 3866; baseline -0.002 -18"><span class='ocrx_word' id='word_1_499' title='bbox 349 3793 508 3849; x_wconf 82' lang='lat' dir='ltr'><strong>Vers.</strong></span> <span class='ocrx_word' id='word_1_500' title='bbox 535 3796 586 3848; x_wconf 79' lang='lat'><strong>&#39;5.</strong></span> <span class='ocrx_word' id='word_1_501' title='bbox 623 3791 764 3848; x_wconf 86' lang='lat' dir='ltr'><strong>Deus</strong></span> <span class='ocrx_word' id='word_1_502' title='bbox 810 3795 866 3847; x_wconf 88' lang='lat' dir='ltr'><strong>in</strong></span> <span class='ocrx_word' id='word_1_503' title='bbox 895 3794 1140 3866; x_wconf 85' lang='lat' dir='ltr'><strong>gradibus</strong></span> <span class='ocrx_word' id='word_1_504' title='bbox 1190 3794 1300 3864; x_wconf 88' lang='lat' dir='ltr'><strong>ejus</strong></span> <span class='ocrx_word' id='word_1_505' title='bbox 1347 3793 1700 3864; x_wconf 88' lang='lat' dir='ltr'><strong>dignoscetur,</strong></span> <span class='ocrx_word' id='word_1_506' title='bbox 1743 3792 1865 3846; x_wconf 86' lang='lat' dir='ltr'><strong>dum</strong></span> 
     </span>
    </p>
   </div>
   <div class='ocr_carea' id='block_1_69' title="bbox 275 3882 1866 3956">
    <p class='ocr_par' dir='ltr' id='par_1_69' title="bbox 275 3882 1866 3956">
     <span class='ocr_line' id='line_1_69' title="bbox 275 3882 1866 3956; baseline -0.001 -17"><span class='ocrx_word' id='word_1_507' title='bbox 275 3886 525 3956; x_wconf 87' lang='lat' dir='ltr'><strong>suscipiet</strong></span> <span class='ocrx_word' id='word_1_508' title='bbox 569 3901 699 3939; x_wconf 90' lang='lat' dir='ltr'><strong>eam.</strong></span> <span class='ocrx_word' id='word_1_509' title='bbox 729 3883 986 3940; x_wconf 88' lang='lat' dir='ltr'><strong>Futurum</strong></span> <span class='ocrx_word' id='word_1_510' title='bbox 1017 3893 1226 3955; x_wconf 87' lang='lat' dir='ltr'><strong>tempus</strong></span> <span class='ocrx_word' id='word_1_511' title='bbox 1257 3899 1464 3956; x_wconf 70' lang='lat' dir='ltr'><strong>magna:</strong></span> <span class='ocrx_word' id='word_1_512' title='bbox 1492 3884 1635 3939; x_wconf 88' lang='lat' dir='ltr'><strong>illius</strong></span> <span class='ocrx_word' id='word_1_513' title='bbox 1658 3882 1866 3954; x_wconf 82' lang='lat' dir='ltr'><strong>judica-</strong></span> 
     </span>
    </p>
   </div>
   <div class='ocr_carea' id='block_1_70' title="bbox 277 3978 1865 4048">
    <p class='ocr_par' dir='ltr' id='par_1_70' title="bbox 277 3978 1865 4048">
     <span class='ocr_line' id='line_1_70' title="bbox 277 3978 1865 4048; baseline 0.001 -16"><span class='ocrx_word' id='word_1_514' title='bbox 277 3979 441 4033; x_wconf 84' lang='lat' dir='ltr'><strong>tionis</strong></span> <span class='ocrx_word' id='word_1_515' title='bbox 469 3978 790 4046; x_wconf 90' lang='lat' dir='ltr'><strong>ostenditur,</strong></span> <span class='ocrx_word' id='word_1_516' title='bbox 822 3978 1038 4048; x_wconf 88' lang='lat' dir='ltr'><strong>quando</strong></span> <span class='ocrx_word' id='word_1_517' title='bbox 1081 3979 1336 4034; x_wconf 88' lang='lat' dir='ltr'><strong>Dominus</strong></span> <span class='ocrx_word' id='word_1_518' title='bbox 1374 3979 1674 4034; x_wconf 89' lang='lat' dir='ltr'><strong>Ecclesiam</strong></span> <span class='ocrx_word' id='word_1_519' title='bbox 1711 3992 1865 4034; x_wconf 88' lang='lat' dir='ltr'><strong>suam</strong></span> 
     </span>
    </p>
   </div>
   <div class='ocr_carea' id='block_1_71' title="bbox 278 4072 1868 4144">
    <p class='ocr_par' dir='ltr' id='par_1_71' title="bbox 278 4072 1868 4144">
     <span class='ocr_line' id='line_1_71' title="bbox 278 4072 1868 4144; baseline 0.003 -19"><span class='ocrx_word' id='word_1_520' title='bbox 278 4072 606 4140; x_wconf 87' lang='lat' dir='ltr'><strong>suscipiens,</strong></span> <span class='ocrx_word' id='word_1_521' title='bbox 634 4073 689 4126; x_wconf 91' lang='lat' dir='ltr'><strong>in</strong></span> <span class='ocrx_word' id='word_1_522' title='bbox 718 4073 982 4144; x_wconf 84' lang='lat' dir='ltr'><strong>gradibus,</strong></span> <span class='ocrx_word' id='word_1_523' title='bbox 1021 4074 1072 4128; x_wconf 92' lang='lat' dir='ltr'><strong>id</strong></span> <span class='ocrx_word' id='word_1_524' title='bbox 1112 4083 1195 4130; x_wconf 87' lang='lat' dir='ltr'><strong>est</strong></span> <span class='ocrx_word' id='word_1_525' title='bbox 1223 4074 1279 4128; x_wconf 92' lang='lat' dir='ltr'><strong>in</strong></span> <span class='ocrx_word' id='word_1_526' title='bbox 1307 4074 1568 4129; x_wconf 88' lang='lat' dir='ltr'><strong>membris</strong></span> <span class='ocrx_word' id='word_1_527' title='bbox 1598 4073 1708 4129; x_wconf 89' lang='lat' dir='ltr'><strong>suis</strong></span> <span class='ocrx_word' id='word_1_528' title='bbox 1749 4088 1868 4129; x_wconf 62' lang='lat' dir='ltr'><strong>sano</strong></span> 
     </span>
    </p>
   </div>
   <div class='ocr_carea' id='block_1_72' title="bbox 274 4164 1867 4237">
    <p class='ocr_par' dir='ltr' id='par_1_72' title="bbox 274 4164 1867 4237">
     <span class='ocr_line' id='line_1_72' title="bbox 274 4164 1867 4237; baseline 0.003 -19"><span class='ocrx_word' id='word_1_529' title='bbox 274 4164 534 4220; x_wconf 80' lang='lat' dir='ltr'><strong>ctissimis</strong></span> <span class='ocrx_word' id='word_1_530' title='bbox 561 4173 722 4236; x_wconf 90' lang='lat' dir='ltr'><strong>atque</strong></span> <span class='ocrx_word' id='word_1_531' title='bbox 751 4167 1141 4236; x_wconf 89' lang='lat' dir='ltr'><strong>probatissimis</strong></span> <span class='ocrx_word' id='word_1_532' title='bbox 1165 4167 1282 4237; x_wconf 88' lang='lat' dir='ltr'><strong>ipse</strong></span> <span class='ocrx_word' id='word_1_533' title='bbox 1310 4176 1689 4236; x_wconf 90' lang='lat' dir='ltr'><strong>cognoscetur.</strong></span> <span class='ocrx_word' id='word_1_534' title='bbox 1717 4167 1867 4222; x_wconf 87' lang='lat' dir='ltr'><strong>Tunc</strong></span> 
     </span>
    </p>
   </div>
   <div class='ocr_carea' id='block_1_73' title="bbox 274 4253 1868 4328">
    <p class='ocr_par' dir='ltr' id='par_1_73' title="bbox 274 4253 1868 4328">
     <span class='ocr_line' id='line_1_73' title="bbox 274 4253 1868 4328; baseline 0.002 -18"><span class='ocrx_word' id='word_1_535' title='bbox 274 4256 422 4310; x_wconf 90' lang='lat' dir='ltr'><strong>enim</strong></span> <span class='ocrx_word' id='word_1_536' title='bbox 465 4253 606 4310; x_wconf 85' lang='lat' dir='ltr'><strong>Deus</strong></span> <span class='ocrx_word' id='word_1_537' title='bbox 648 4258 992 4328; x_wconf 87' lang='lat' dir='ltr'><strong>dignoscetur,</strong></span> <span class='ocrx_word' id='word_1_538' title='bbox 1031 4257 1086 4312; x_wconf 90' lang='lat' dir='ltr'><strong>id</strong></span> <span class='ocrx_word' id='word_1_539' title='bbox 1115 4265 1227 4326; x_wconf 91' lang='lat' dir='ltr'><strong>est,</strong></span> <span class='ocrx_word' id='word_1_540' title='bbox 1278 4258 1513 4327; x_wconf 80' lang='lat' dir='ltr'><strong>potentia</strong></span> <span class='ocrx_word' id='word_1_541' title='bbox 1561 4257 1727 4326; x_wconf 91' lang='lat' dir='ltr'><strong>ipsius</strong></span> <span class='ocrx_word' id='word_1_542' title='bbox 1756 4259 1868 4313; x_wconf 90' lang='lat' dir='ltr'><strong>vir-</strong></span> 
     </span>
    </p>
   </div>
   <div class='ocr_carea' id='block_1_74' title="bbox 276 4348 1868 4419">
    <p class='ocr_par' dir='ltr' id='par_1_74' title="bbox 276 4348 1868 4419">
     <span class='ocr_line' id='line_1_74' title="bbox 276 4348 1868 4419; baseline 0.002 -16"><span class='ocrx_word' id='word_1_543' title='bbox 276 4358 474 4417; x_wconf 85' lang='lat' dir='ltr'><strong>tusque</strong></span> <span class='ocrx_word' id='word_1_544' title='bbox 502 4348 885 4419; x_wconf 88' lang='lat' dir='ltr'><strong>declarabitur,</strong></span> <span class='ocrx_word' id='word_1_545' title='bbox 926 4351 1139 4418; x_wconf 90' lang='lat' dir='ltr'><strong>quando</strong></span> <span class='ocrx_word' id='word_1_546' title='bbox 1170 4349 1412 4405; x_wconf 87' lang='lat' dir='ltr'><strong>Ecclesia</strong></span> <span class='ocrx_word' id='word_1_547' title='bbox 1449 4349 1528 4404; x_wconf 90' lang='lat' dir='ltr'><strong>illi</strong></span> <span class='ocrx_word' id='word_1_548' title='bbox 1558 4349 1746 4406; x_wconf 91' lang='lat' dir='ltr'><strong>beatos</strong></span> <span class='ocrx_word' id='word_1_549' title='bbox 1787 4350 1868 4406; x_wconf 89' lang='lat' dir='ltr'><strong>vi-</strong></span> 
     </span>
    </p>
   </div>
   <div class='ocr_carea' id='block_1_75' title="bbox 273 4440 1866 4514">
    <p class='ocr_par' dir='ltr' id='par_1_75' title="bbox 273 4440 1866 4514">
     <span class='ocr_line' id='line_1_75' title="bbox 273 4440 1866 4514; baseline 0.003 -19"><span class='ocrx_word' id='word_1_550' title='bbox 273 4455 370 4496; x_wconf 89' lang='lat' dir='ltr'><strong>ros</strong></span> <span class='ocrx_word' id='word_1_551' title='bbox 393 4440 612 4507; x_wconf 85' lang='lat' dir='ltr'><strong>oll&#39;erre,</strong></span> <span class='ocrx_word' id='word_1_552' title='bbox 633 4443 749 4513; x_wconf 89' lang='lat' dir='ltr'><strong>ipso</strong></span> <span class='ocrx_word' id='word_1_553' title='bbox 778 4443 1062 4514; x_wconf 90' lang='lat' dir='ltr'><strong>largiente,</strong></span> <span class='ocrx_word' id='word_1_554' title='bbox 1088 4442 1474 4498; x_wconf 89' lang='lat' dir='ltr'><strong>monstrabitur</strong></span> <span class='ocrx_word' id='word_1_555' title='bbox 1493 4460 1506 4498; x_wconf 90' lang='lat'><strong>:</strong></span> <span class='ocrx_word' id='word_1_556' title='bbox 1527 4443 1652 4499; x_wconf 92' lang='lat' dir='ltr'><strong>dum</strong></span> <span class='ocrx_word' id='word_1_557' title='bbox 1671 4457 1866 4500; x_wconf 83' lang='lat' dir='ltr'><strong>secun-</strong></span> 
     </span>
    </p>
   </div>
   <div class='ocr_carea' id='block_1_76' title="bbox 275 4533 1867 4605">
    <p class='ocr_par' dir='ltr' id='par_1_76' title="bbox 275 4533 1867 4605">
     <span class='ocr_line' id='line_1_76' title="bbox 275 4533 1867 4605; baseline 0.003 -17"><span class='ocrx_word' id='word_1_558' title='bbox 275 4533 407 4588; x_wconf 91' lang='lat' dir='ltr'><strong>dum</strong></span> <span class='ocrx_word' id='word_1_559' title='bbox 450 4533 648 4603; x_wconf 83' lang='lat' dir='ltr'><strong>gradus</strong></span> <span class='ocrx_word' id='word_1_560' title='bbox 698 4534 1014 4590; x_wconf 87' lang='lat' dir='ltr'><strong>meritorum</strong></span> <span class='ocrx_word' id='word_1_561' title='bbox 1063 4545 1251 4591; x_wconf 88' lang='lat' dir='ltr'><strong>sancta</strong></span> <span class='ocrx_word' id='word_1_562' title='bbox 1293 4536 1445 4605; x_wconf 92' lang='lat' dir='ltr'><strong>plebs</strong></span> <span class='ocrx_word' id='word_1_563' title='bbox 1493 4537 1559 4592; x_wconf 89' lang='lat' dir='ltr'><strong>ad</strong></span> <span class='ocrx_word' id='word_1_564' title='bbox 1589 4538 1867 4593; x_wconf 84' lang='lat' dir='ltr'><strong>dexteram</strong></span> 
     </span>
    </p>
   </div>
   <div class='ocr_carea' id='block_1_77' title="bbox 273 4626 1868 4698">
    <p class='ocr_par' dir='ltr' id='par_1_77' title="bbox 273 4626 1868 4698">
     <span class='ocr_line' id='line_1_77' title="bbox 273 4626 1868 4698; baseline 0.002 -18"><span class='ocrx_word' id='word_1_565' title='bbox 273 4626 600 4695; x_wconf 87' lang='lat' dir='ltr'><strong>collocatur,</strong></span> <span class='ocrx_word' id='word_1_566' title='bbox 656 4627 794 4683; x_wconf 90' lang='lat' dir='ltr'><strong>sicut</strong></span> <span class='ocrx_word' id='word_1_567' title='bbox 841 4627 970 4682; x_wconf 87' lang='lat' dir='ltr'><strong>dicit</strong></span> <span class='ocrx_word' id='word_1_568' title='bbox 1011 4627 1346 4698; x_wconf 85' lang='lat' dir='ltr'><strong>Apostolus:</strong></span> <span class='ocrx_word' id='word_1_569' title='bbox 1391 4629 1559 4685; x_wconf 88' lang='lat' dir='ltr'><strong>Stella</strong></span> <span class='ocrx_word' id='word_1_570' title='bbox 1609 4630 1671 4682; x_wconf 90' lang='lat' dir='ltr'><strong>ab</strong></span> <span class='ocrx_word' id='word_1_571' title='bbox 1716 4629 1868 4684; x_wconf 87' lang='lat' dir='ltr'><strong>stella</strong></span> 
     </span>
    </p>
   </div>
   <div class='ocr_carea' id='block_1_78' title="bbox 1967 3427 3555 3504">
    <p class='ocr_par' dir='ltr' id='par_1_78' title="bbox 1967 3427 3555 3504">
     <span class='ocr_line' id='line_1_78' title="bbox 1967 3427 3555 3504; baseline -0.002 -15"><span class='ocrx_word' id='word_1_572' title='bbox 1967 3440 2027 3489; x_wconf 89' lang='lat' dir='ltr'><strong>ut</strong></span> <span class='ocrx_word' id='word_1_573' title='bbox 2043 3427 2264 3504; x_wconf 78' lang='lat' dir='ltr'><strong>quidam</strong></span> <span class='ocrx_word' id='word_1_574' title='bbox 2284 3432 2464 3488; x_wconf 88' lang='lat' dir='ltr'><strong>dicere</strong></span> <span class='ocrx_word' id='word_1_575' title='bbox 2483 3432 2789 3500; x_wconf 88' lang='lat' dir='ltr'><strong>voluerunt,</strong></span> <span class='ocrx_word' id='word_1_576' title='bbox 2815 3431 3028 3501; x_wconf 87' lang='lat' dir='ltr'><strong>spiritus</strong></span> <span class='ocrx_word' id='word_1_577' title='bbox 3045 3429 3309 3485; x_wconf 86' lang='lat' dir='ltr'><strong>vehemens</strong></span> <span class='ocrx_word' id='word_1_578' title='bbox 3336 3429 3555 3501; x_wconf 80' lang='lat' dir='ltr'><strong>(Matth.</strong></span> 
     </span>
    </p>
   </div>
   <div class='ocr_carea' id='block_1_79' title="bbox 1965 3520 3555 3597">
    <p class='ocr_par' dir='ltr' id='par_1_79' title="bbox 1965 3520 3555 3597">
     <span class='ocr_line' id='line_1_79' title="bbox 1965 3520 3555 3597; baseline -0.004 -16"><span class='ocrx_word' id='word_1_579' title='bbox 1965 3540 2030 3593; x_wconf 82' lang='lat' dir='ltr'><strong>ll,</strong></span> <span class='ocrx_word' id='word_1_580' title='bbox 2061 3523 2119 3597; x_wconf 89' lang='grc'><strong>8)</strong></span> <span class='ocrx_word' id='word_1_581' title='bbox 2147 3534 2284 3591; x_wconf 90' lang='lat' dir='ltr'><strong>erat,</strong></span> <span class='ocrx_word' id='word_1_582' title='bbox 2320 3524 2538 3596; x_wconf 87' lang='lat' dir='ltr'><strong>quando</strong></span> <span class='ocrx_word' id='word_1_583' title='bbox 2569 3524 2809 3580; x_wconf 84' lang='lat' dir='ltr'><strong>Herodes</strong></span> <span class='ocrx_word' id='word_1_584' title='bbox 2833 3522 2902 3578; x_wconf 92' lang='lat' dir='ltr'><strong>de</strong></span> <span class='ocrx_word' id='word_1_585' title='bbox 2930 3536 3029 3578; x_wconf 92' lang='lat' dir='ltr'><strong>suo</strong></span> <span class='ocrx_word' id='word_1_586' title='bbox 3060 3536 3227 3592; x_wconf 87' lang='lat' dir='ltr'><strong>regno</strong></span> <span class='ocrx_word' id='word_1_587' title='bbox 3265 3520 3555 3588; x_wconf 86' lang='lat' dir='ltr'><strong>sollicitus,</strong></span> 
     </span>
    </p>
   </div>
   <div class='ocr_carea' id='block_1_80' title="bbox 1967 3615 3558 3690">
    <p class='ocr_par' dir='ltr' id='par_1_80' title="bbox 1967 3615 3558 3690">
     <span class='ocr_line' id='line_1_80' title="bbox 1967 3615 3558 3690; baseline -0.003 -16"><span class='ocrx_word' id='word_1_588' title='bbox 1967 3633 2153 3690; x_wconf 86' lang='lat' dir='ltr'><strong>magos</strong></span> <span class='ocrx_word' id='word_1_589' title='bbox 2200 3619 2422 3674; x_wconf 89' lang='lat' dir='ltr'><strong>miserat</strong></span> <span class='ocrx_word' id='word_1_590' title='bbox 2447 3627 2507 3674; x_wconf 90' lang='lat' dir='ltr'><strong>ut</strong></span> <span class='ocrx_word' id='word_1_591' title='bbox 2550 3618 2753 3689; x_wconf 77' lang='lat' dir='ltr'><strong>Regem</strong></span> <span class='ocrx_word' id='word_1_592' title='bbox 2798 3625 2980 3672; x_wconf 90' lang='lat' dir='ltr'><strong>natum</strong></span> <span class='ocrx_word' id='word_1_593' title='bbox 3012 3616 3294 3682; x_wconf 88' lang='lat' dir='ltr'><strong>viderent,</strong></span> <span class='ocrx_word' id='word_1_594' title='bbox 3343 3615 3558 3684; x_wconf 85' lang='lat' dir='ltr'><strong>sibique</strong></span> 
     </span>
    </p>
   </div>
   <div class='ocr_carea' id='block_1_81' title="bbox 1969 3704 3558 3778">
    <p class='ocr_par' dir='ltr' id='par_1_81' title="bbox 1969 3704 3558 3778">
     <span class='ocr_line' id='line_1_81' title="bbox 1969 3704 3558 3778; baseline -0.005 -12"><span class='ocrx_word' id='word_1_595' title='bbox 1969 3709 2243 3778; x_wconf 90' lang='lat' dir='ltr'><strong>cognitum</strong></span> <span class='ocrx_word' id='word_1_596' title='bbox 2263 3710 2596 3765; x_wconf 88' lang='lat' dir='ltr'><strong>nuntiarent.</strong></span> <span class='ocrx_word' id='word_1_597' title='bbox 2623 3707 2728 3764; x_wconf 85' lang='lat' dir='ltr'><strong>Sed</strong></span> <span class='ocrx_word' id='word_1_598' title='bbox 2756 3706 2864 3763; x_wconf 91' lang='lat' dir='ltr'><strong>illis</strong></span> <span class='ocrx_word' id='word_1_599' title='bbox 2892 3721 2999 3762; x_wconf 92' lang='lat' dir='ltr'><strong>non</strong></span> <span class='ocrx_word' id='word_1_600' title='bbox 3027 3705 3095 3761; x_wconf 91' lang='lat' dir='ltr'><strong>ad</strong></span> <span class='ocrx_word' id='word_1_601' title='bbox 3121 3720 3180 3762; x_wconf 90' lang='lat' dir='ltr'><strong>se</strong></span> <span class='ocrx_word' id='word_1_602' title='bbox 3207 3704 3558 3761; x_wconf 86' lang='lat' dir='ltr'><strong>redeuntibus</strong></span> 
     </span>
    </p>
   </div>
   <div class='ocr_carea' id='block_1_82' title="bbox 1973 3796 3562 3868">
    <p class='ocr_par' dir='ltr' id='par_1_82' title="bbox 1973 3796 3562 3868">
     <span class='ocr_line' id='line_1_82' title="bbox 1973 3796 3562 3868; baseline -0.004 -12"><span class='ocrx_word' id='word_1_603' title='bbox 1973 3814 2203 3856; x_wconf 87' lang='lat' dir='ltr'><strong>necesse</strong></span> <span class='ocrx_word' id='word_1_604' title='bbox 2258 3800 2443 3856; x_wconf 90' lang='lat' dir='ltr'><strong>habuit</strong></span> <span class='ocrx_word' id='word_1_605' title='bbox 2490 3800 2798 3855; x_wconf 88' lang='lat' dir='ltr'><strong>vehementi</strong></span> <span class='ocrx_word' id='word_1_606' title='bbox 2855 3797 3048 3868; x_wconf 90' lang='lat' dir='ltr'><strong>spiritu</strong></span> <span class='ocrx_word' id='word_1_607' title='bbox 3101 3796 3452 3862; x_wconf 88' lang='lat' dir='ltr'><strong>commoveri,</strong></span> <span class='ocrx_word' id='word_1_608' title='bbox 3504 3803 3562 3851; x_wconf 91' lang='lat' dir='ltr'><strong>et</strong></span> 
     </span>
    </p>
   </div>
   <div class='ocr_carea' id='block_1_83' title="bbox 1969 3891 3561 3962">
    <p class='ocr_par' dir='ltr' id='par_1_83' title="bbox 1969 3891 3561 3962">
     <span class='ocr_line' id='line_1_83' title="bbox 1969 3891 3561 3962; baseline -0.003 -13"><span class='ocrx_word' id='word_1_609' title='bbox 1969 3903 2226 3950; x_wconf 86' lang='lat' dir='ltr'><strong>conterere</strong></span> <span class='ocrx_word' id='word_1_610' title='bbox 2251 3911 2402 3949; x_wconf 87' lang='lat' dir='ltr'><strong>naves</strong></span> <span class='ocrx_word' id='word_1_611' title='bbox 2424 3893 2622 3948; x_wconf 81' lang='lat' dir='ltr'><strong>Tharso</strong></span> <span class='ocrx_word' id='word_1_612' title='bbox 2642 3893 2862 3958; x_wconf 86' lang='lat' dir='ltr'><strong>Ciliciae,</strong></span> <span class='ocrx_word' id='word_1_613' title='bbox 2906 3907 3026 3962; x_wconf 67' lang='lat' dir='ltr'><strong>quas</strong></span> <span class='ocrx_word' id='word_1_614' title='bbox 3066 3891 3347 3960; x_wconf 69' lang='lat' dir='ltr'><strong>praedictos</strong></span> <span class='ocrx_word' id='word_1_615' title='bbox 3371 3902 3561 3958; x_wconf 85' lang='lat' dir='ltr'><strong>magos</strong></span> 
     </span>
    </p>
   </div>
   <div class='ocr_carea' id='block_1_84' title="bbox 1971 3982 3555 4056">
    <p class='ocr_par' dir='ltr' id='par_1_84' title="bbox 1971 3982 3555 4056">
     <span class='ocr_line' id='line_1_84' title="bbox 1971 3982 3555 4056; baseline -0.004 -13"><span class='ocrx_word' id='word_1_616' title='bbox 1971 3988 2185 4043; x_wconf 90' lang='lat' dir='ltr'><strong>occulte</strong></span> <span class='ocrx_word' id='word_1_617' title='bbox 2209 3989 2263 4042; x_wconf 86' lang='lat' dir='ltr'><strong>in</strong></span> <span class='ocrx_word' id='word_1_618' title='bbox 2291 4001 2440 4041; x_wconf 90' lang='lat' dir='ltr'><strong>suam</strong></span> <span class='ocrx_word' id='word_1_619' title='bbox 2473 3987 2802 4056; x_wconf 90' lang='lat' dir='ltr'><strong>provinciam</strong></span> <span class='ocrx_word' id='word_1_620' title='bbox 2833 3985 3230 4053; x_wconf 88' lang='lat' dir='ltr'><strong>transposuisse</strong></span> <span class='ocrx_word' id='word_1_621' title='bbox 3257 3982 3555 4037; x_wconf 88' lang='lat' dir='ltr'><strong>credeban-</strong></span> 
     </span>
    </p>
   </div>
   <div class='ocr_carea' id='block_1_85' title="bbox 1975 4074 3556 4146">
    <p class='ocr_par' dir='ltr' id='par_1_85' title="bbox 1975 4074 3556 4146">
     <span class='ocr_line' id='line_1_85' title="bbox 1975 4074 3556 4146; baseline -0.004 -12"><span class='ocrx_word' id='word_1_622' title='bbox 1975 4088 2083 4134; x_wconf 89' lang='lat' dir='ltr'><strong>tur.</strong></span> <span class='ocrx_word' id='word_1_623' title='bbox 2112 4079 2262 4146; x_wconf 91' lang='lat' dir='ltr'><strong>Quod</strong></span> <span class='ocrx_word' id='word_1_624' title='bbox 2293 4079 2408 4133; x_wconf 86' lang='lat' dir='ltr'><strong>ﬁeri</strong></span> <span class='ocrx_word' id='word_1_625' title='bbox 2459 4078 2600 4132; x_wconf 89' lang='lat' dir='ltr'><strong>solet</strong></span> <span class='ocrx_word' id='word_1_626' title='bbox 2626 4092 2657 4131; x_wconf 93' lang='lat' dir='ltr'><strong>a</strong></span> <span class='ocrx_word' id='word_1_627' title='bbox 2697 4077 2913 4145; x_wconf 90' lang='lat' dir='ltr'><strong>regibus</strong></span> <span class='ocrx_word' id='word_1_628' title='bbox 2961 4074 3447 4137; x_wconf 85' lang='lat' dir='ltr'><strong>calumniantibus;</strong></span> <span class='ocrx_word' id='word_1_629' title='bbox 3496 4080 3556 4128; x_wconf 93' lang='lat' dir='ltr'><strong>ut</strong></span> 
     </span>
    </p>
   </div>
   <div class='ocr_carea' id='block_1_86' title="bbox 1971 4162 3559 4240">
    <p class='ocr_par' dir='ltr' id='par_1_86' title="bbox 1971 4162 3559 4240">
     <span class='ocr_line' id='line_1_86' title="bbox 1971 4162 3559 4240; baseline -0.003 -17"><span class='ocrx_word' id='word_1_630' title='bbox 1971 4168 2187 4240; x_wconf 88' lang='lat' dir='ltr'><strong>quando</strong></span> <span class='ocrx_word' id='word_1_631' title='bbox 2214 4182 2310 4222; x_wconf 88' lang='lat' dir='ltr'><strong>sua</strong></span> <span class='ocrx_word' id='word_1_632' title='bbox 2341 4167 2608 4222; x_wconf 89' lang='lat' dir='ltr'><strong>desideria</strong></span> <span class='ocrx_word' id='word_1_633' title='bbox 2639 4167 2862 4236; x_wconf 91' lang='lat' dir='ltr'><strong>implere</strong></span> <span class='ocrx_word' id='word_1_634' title='bbox 2911 4171 3204 4235; x_wconf 91' lang='lat' dir='ltr'><strong>nequeunt,</strong></span> <span class='ocrx_word' id='word_1_635' title='bbox 3239 4179 3333 4233; x_wconf 90' lang='lat' dir='ltr'><strong>per</strong></span> <span class='ocrx_word' id='word_1_636' title='bbox 3360 4162 3559 4219; x_wconf 85' lang='lat' dir='ltr'><strong>damna</strong></span> 
     </span>
    </p>
   </div>
   <div class='ocr_carea' id='block_1_87' title="bbox 1971 4261 3558 4331">
    <p class='ocr_par' dir='ltr' id='par_1_87' title="bbox 1971 4261 3558 4331">
     <span class='ocr_line' id='line_1_87' title="bbox 1971 4261 3558 4331; baseline -0.002 -13"><span class='ocrx_word' id='word_1_637' title='bbox 1971 4263 2252 4318; x_wconf 89' lang='lat' dir='ltr'><strong>humilium</strong></span> <span class='ocrx_word' id='word_1_638' title='bbox 2280 4269 2660 4331; x_wconf 88' lang='lat' dir='ltr'><strong>tormentaque</strong></span> <span class='ocrx_word' id='word_1_639' title='bbox 2687 4261 3011 4316; x_wconf 88' lang='lat' dir='ltr'><strong>discurrant.</strong></span> <span class='ocrx_word' id='word_1_640' title='bbox 3059 4261 3269 4330; x_wconf 87' lang='lat' dir='ltr'><strong>Inspice</strong></span> <span class='ocrx_word' id='word_1_641' title='bbox 3297 4269 3558 4331; x_wconf 87' lang='lat' dir='ltr'><strong>quantum</strong></span> 
     </span>
    </p>
   </div>
   <div class='ocr_carea' id='block_1_88' title="bbox 1970 4354 3558 4428">
    <p class='ocr_par' dir='ltr' id='par_1_88' title="bbox 1970 4354 3558 4428">
     <span class='ocr_line' id='line_1_88' title="bbox 1970 4354 3558 4428; baseline -0.003 -14"><span class='ocrx_word' id='word_1_642' title='bbox 1970 4357 2204 4415; x_wconf 87' lang='lat' dir='ltr'><strong>creverit</strong></span> <span class='ocrx_word' id='word_1_643' title='bbox 2248 4355 2353 4412; x_wconf 88' lang='lat' dir='ltr'><strong>ista</strong></span> <span class='ocrx_word' id='word_1_644' title='bbox 2386 4357 2647 4423; x_wconf 89' lang='lat' dir='ltr'><strong>narratio,</strong></span> <span class='ocrx_word' id='word_1_645' title='bbox 2696 4371 2804 4428; x_wconf 90' lang='lat' dir='ltr'><strong>quo</strong></span> <span class='ocrx_word' id='word_1_646' title='bbox 2856 4356 3123 4428; x_wconf 90' lang='lat' dir='ltr'><strong>principio</strong></span> <span class='ocrx_word' id='word_1_647' title='bbox 3165 4357 3438 4424; x_wconf 89' lang='lat' dir='ltr'><strong>inchoata,</strong></span> <span class='ocrx_word' id='word_1_648' title='bbox 3486 4354 3558 4411; x_wconf 86' lang='lat' dir='ltr'><strong>ad</strong></span> 
     </span>
    </p>
   </div>
   <div class='ocr_carea' id='block_1_89' title="bbox 1971 4451 2883 4525">
    <p class='ocr_par' dir='ltr' id='par_1_89' title="bbox 1971 4451 2883 4525">
     <span class='ocr_line' id='line_1_89' title="bbox 1971 4451 2883 4525; baseline -0.002 -17"><span class='ocrx_word' id='word_1_649' title='bbox 1971 4466 2130 4525; x_wconf 89' lang='lat' dir='ltr'><strong>quam</strong></span> <span class='ocrx_word' id='word_1_650' title='bbox 2160 4451 2468 4523; x_wconf 89' lang='lat' dir='ltr'><strong>pervenerit</strong></span> <span class='ocrx_word' id='word_1_651' title='bbox 2495 4451 2883 4507; x_wconf 89' lang='lat' dir='ltr'><strong>summitatem.</strong></span> 
     </span>
    </p>
   </div>
   <div class='ocr_carea' id='block_1_90' title="bbox 2045 4542 3561 4609">
    <p class='ocr_par' dir='ltr' id='par_1_90' title="bbox 2045 4542 3561 4609">
     <span class='ocr_line' id='line_1_90' title="bbox 2045 4542 3561 4609; baseline -0.003 -8"><span class='ocrx_word' id='word_1_652' title='bbox 2045 4545 2202 4601; x_wconf 81' lang='lat' dir='ltr'><strong>Vers.</strong></span> <span class='ocrx_word' id='word_1_653' title='bbox 2232 4546 2285 4601; x_wconf 91' lang='lat'><strong>8.</strong></span> <span class='ocrx_word' id='word_1_654' title='bbox 2319 4545 2463 4602; x_wconf 89' lang='lat' dir='ltr'><strong>Sicut</strong></span> <span class='ocrx_word' id='word_1_655' title='bbox 2493 4547 2804 4609; x_wconf 85' lang='lat' dir='ltr'><strong>audivimus,</strong></span> <span class='ocrx_word' id='word_1_656' title='bbox 2836 4545 2911 4599; x_wconf 89' lang='lat' dir='ltr'><strong>ita</strong></span> <span class='ocrx_word' id='word_1_657' title='bbox 2937 4553 2983 4599; x_wconf 91' lang='lat' dir='ltr'><strong>et</strong></span> <span class='ocrx_word' id='word_1_658' title='bbox 3016 4545 3235 4599; x_wconf 84' lang='lat' dir='ltr'><strong>vidimus</strong></span> <span class='ocrx_word' id='word_1_659' title='bbox 3276 4545 3332 4597; x_wconf 88' lang='lat' dir='ltr'><strong>in</strong></span> <span class='ocrx_word' id='word_1_660' title='bbox 3357 4542 3561 4597; x_wconf 90' lang='lat' dir='ltr'><strong>civitate</strong></span> 
     </span>
    </p>
   </div>
   <div class='ocr_carea' id='block_1_91' title="bbox 1973 4635 3557 4705">
    <p class='ocr_par' dir='ltr' id='par_1_91' title="bbox 1973 4635 3557 4705">
     <span class='ocr_line' id='line_1_91' title="bbox 1973 4635 3557 4705; baseline 0 -15"><span class='ocrx_word' id='word_1_661' title='bbox 1973 4636 2182 4692; x_wconf 88' lang='lat' dir='ltr'><strong>Domini</strong></span> <span class='ocrx_word' id='word_1_662' title='bbox 2203 4638 2467 4705; x_wconf 88' lang='lat' dir='ltr'><strong>virtutum,</strong></span> <span class='ocrx_word' id='word_1_663' title='bbox 2497 4638 2551 4691; x_wconf 89' lang='lat' dir='ltr'><strong>in</strong></span> <span class='ocrx_word' id='word_1_664' title='bbox 2575 4639 2772 4692; x_wconf 86' lang='lat' dir='ltr'><strong>civitate</strong></span> <span class='ocrx_word' id='word_1_665' title='bbox 2815 4635 2914 4690; x_wconf 87' lang='lat' dir='ltr'><strong>Dei</strong></span> <span class='ocrx_word' id='word_1_666' title='bbox 2945 4637 3130 4691; x_wconf 86' lang='lat' dir='ltr'><strong>nostri.</strong></span> <span class='ocrx_word' id='word_1_667' title='bbox 3157 4635 3410 4690; x_wconf 86' lang='lat' dir='ltr'><strong>Decursis</strong></span> <span class='ocrx_word' id='word_1_668' title='bbox 3439 4649 3557 4691; x_wconf 91' lang='lat' dir='ltr'><strong>om-</strong></span> 
     </span>
    </p>
   </div>
   <div class='ocr_carea' id='block_1_92' title="bbox 274 4716 3558 4798">
    <p class='ocr_par' dir='ltr' id='par_1_92' title="bbox 274 4716 3558 4798">
     <span class='ocr_line' id='line_1_92' title="bbox 274 4716 3558 4798; baseline 0.002 -27"><span class='ocrx_word' id='word_1_669' title='bbox 274 4716 453 4786; x_wconf 73' lang='grc' dir='ltr'><strong>άὶιγενι</strong></span> <span class='ocrx_word' id='word_1_670' title='bbox 491 4719 548 4772; x_wconf 91' lang='lat' dir='ltr'><strong>in</strong></span> <span class='ocrx_word' id='word_1_671' title='bbox 588 4718 819 4775; x_wconf 89' lang='lat' dir='ltr'><strong>claritate</strong></span> <span class='ocrx_word' id='word_1_672' title='bbox 842 4762 856 4786; x_wconf 93' lang='lat'><strong>,</strong></span> <span class='ocrx_word' id='word_1_673' title='bbox 899 4721 972 4776; x_wconf 84' lang='lat' dir='ltr'><strong>sic</strong></span> <span class='ocrx_word' id='word_1_674' title='bbox 1013 4722 1109 4776; x_wconf 82' lang='lat' dir='ltr'><strong>erit</strong></span> <span class='ocrx_word' id='word_1_675' title='bbox 1136 4733 1182 4777; x_wconf 87' lang='lat' dir='ltr'><strong>et</strong></span> <span class='ocrx_word' id='word_1_676' title='bbox 1208 4724 1511 4778; x_wconf 85' lang='lat' dir='ltr'><strong>resurrectio</strong></span> <span class='ocrx_word' id='word_1_677' title='bbox 1551 4732 1868 4782; x_wconf 86' lang='lat' dir='ltr'><strong>mortuorum</strong></span> <span class='ocrx_word' id='word_1_678' title='bbox 1895 4717 1948 4780; x_wconf 89' lang='lat' dir='ltr'><strong>D</strong></span> <span class='ocrx_word' id='word_1_679' title='bbox 1974 4726 2134 4783; x_wconf 89' lang='lat' dir='ltr'><strong>nibus</strong></span> <span class='ocrx_word' id='word_1_680' title='bbox 2162 4742 2285 4798; x_wconf 87' lang='lat' dir='ltr'><strong>quae</strong></span> <span class='ocrx_word' id='word_1_681' title='bbox 2312 4726 2455 4782; x_wconf 79' lang='lat' dir='ltr'><strong>facta</strong></span> <span class='ocrx_word' id='word_1_682' title='bbox 2483 4736 2608 4781; x_wconf 91' lang='lat' dir='ltr'><strong>sunt</strong></span> <span class='ocrx_word' id='word_1_683' title='bbox 2631 4727 2684 4782; x_wconf 93' lang='lat' dir='ltr'><strong>in</strong></span> <span class='ocrx_word' id='word_1_684' title='bbox 2702 4727 2976 4781; x_wconf 86' lang='lat' dir='ltr'><strong>nativitate</strong></span> <span class='ocrx_word' id='word_1_685' title='bbox 3001 4725 3217 4781; x_wconf 90' lang='lat' dir='ltr'><strong>Domini</strong></span> <span class='ocrx_word' id='word_1_686' title='bbox 3239 4724 3558 4792; x_wconf 89' lang='lat' dir='ltr'><strong>Salvatoris,</strong></span> 
     </span>
    </p>
   </div>
   <div class='ocr_carea' id='block_1_93' title="bbox 276 4808 1864 4880">
    <p class='ocr_par' dir='ltr' id='par_1_93' title="bbox 276 4808 1864 4880">
     <span class='ocr_line' id='line_1_93' title="bbox 276 4808 1864 4880; baseline 0.004 -17"><span class='ocrx_word' id='word_1_687' title='bbox 276 4808 334 4879; x_wconf 90' lang='grc' dir='ltr'><strong>(Ι</strong></span> <span class='ocrx_word' id='word_1_688' title='bbox 365 4809 488 4867; x_wconf 88' lang='lat' dir='ltr'><strong>Cor.</strong></span> <span class='ocrx_word' id='word_1_689' title='bbox 520 4826 616 4878; x_wconf 83' lang='lat' dir='ltr'><strong>xv,</strong></span> <span class='ocrx_word' id='word_1_690' title='bbox 649 4811 764 4880; x_wconf 70' lang='grc'><strong>42).</strong></span> <span class='ocrx_word' id='word_1_691' title='bbox 798 4812 949 4868; x_wconf 90' lang='lat' dir='ltr'><strong>Tunc</strong></span> <span class='ocrx_word' id='word_1_692' title='bbox 991 4815 1133 4869; x_wconf 88' lang='lat' dir='ltr'><strong>enim</strong></span> <span class='ocrx_word' id='word_1_693' title='bbox 1168 4816 1218 4870; x_wconf 91' lang='lat' dir='ltr'><strong>in</strong></span> <span class='ocrx_word' id='word_1_694' title='bbox 1266 4825 1523 4872; x_wconf 71' lang='lat' dir='ltr'><strong>aeternam</strong></span> <span class='ocrx_word' id='word_1_695' title='bbox 1573 4814 1864 4870; x_wconf 89' lang='lat' dir='ltr'><strong>beatitudi-</strong></span> 
     </span>
    </p>
   </div>
   <div class='ocr_carea' id='block_1_94' title="bbox 277 4904 1868 4980">
    <p class='ocr_par' dir='ltr' id='par_1_94' title="bbox 277 4904 1868 4980">
     <span class='ocr_line' id='line_1_94' title="bbox 277 4904 1868 4980; baseline 0.006 -22"><span class='ocrx_word' id='word_1_696' title='bbox 277 4918 404 4958; x_wconf 85' lang='lat' dir='ltr'><strong>nem</strong></span> <span class='ocrx_word' id='word_1_697' title='bbox 435 4904 746 4975; x_wconf 89' lang='lat' dir='ltr'><strong>suscipitur,</strong></span> <span class='ocrx_word' id='word_1_698' title='bbox 778 4907 992 4976; x_wconf 89' lang='lat' dir='ltr'><strong>quando</strong></span> <span class='ocrx_word' id='word_1_699' title='bbox 1037 4908 1112 4964; x_wconf 92' lang='lat' dir='ltr'><strong>illi</strong></span> <span class='ocrx_word' id='word_1_700' title='bbox 1153 4919 1408 4980; x_wconf 85' lang='lat' dir='ltr'><strong>perpetua</strong></span> <span class='ocrx_word' id='word_1_701' title='bbox 1451 4909 1640 4980; x_wconf 85' lang='lat' dir='ltr'><strong>gaudia</strong></span> <span class='ocrx_word' id='word_1_702' title='bbox 1668 4924 1868 4966; x_wconf 89' lang='lat' dir='ltr'><strong>conce-</strong></span> 
     </span>
    </p>
   </div>
   <div class='ocr_carea' id='block_1_95' title="bbox 277 4995 1868 5072">
    <p class='ocr_par' dir='ltr' id='par_1_95' title="bbox 277 4995 1868 5072">
     <span class='ocr_line' id='line_1_95' title="bbox 277 4995 1868 5072; baseline 0.005 -22"><span class='ocrx_word' id='word_1_703' title='bbox 277 4995 505 5050; x_wconf 90' lang='lat' dir='ltr'><strong>duntur.</strong></span> <span class='ocrx_word' id='word_1_704' title='bbox 539 4997 617 5051; x_wconf 88' lang='lat' dir='ltr'><strong>lbi</strong></span> <span class='ocrx_word' id='word_1_705' title='bbox 651 4996 793 5052; x_wconf 89' lang='lat' dir='ltr'><strong>Deus</strong></span> <span class='ocrx_word' id='word_1_706' title='bbox 823 4997 1175 5069; x_wconf 83' lang='lat' dir='ltr'><strong>dignoscitur,</strong></span> <span class='ocrx_word' id='word_1_707' title='bbox 1212 5001 1263 5055; x_wconf 90' lang='lat' dir='ltr'><strong>id</strong></span> <span class='ocrx_word' id='word_1_708' title='bbox 1303 5010 1404 5068; x_wconf 90' lang='lat' dir='ltr'><strong>est,</strong></span> <span class='ocrx_word' id='word_1_709' title='bbox 1437 5002 1673 5072; x_wconf 90' lang='lat' dir='ltr'><strong>potentia</strong></span> <span class='ocrx_word' id='word_1_710' title='bbox 1700 5001 1868 5072; x_wconf 90' lang='lat' dir='ltr'><strong>ipsius</strong></span> 
     </span>
    </p>
   </div>
   <div class='ocr_carea' id='block_1_96' title="bbox 278 5088 1870 5164">
    <p class='ocr_par' dir='ltr' id='par_1_96' title="bbox 278 5088 1870 5164">
     <span class='ocr_line' id='line_1_96' title="bbox 278 5088 1870 5164; baseline 0.005 -22"><span class='ocrx_word' id='word_1_711' title='bbox 278 5088 563 5158; x_wconf 87' lang='lat' dir='ltr'><strong>virtusque</strong></span> <span class='ocrx_word' id='word_1_712' title='bbox 608 5089 935 5158; x_wconf 89' lang='lat' dir='ltr'><strong>declaratur,</strong></span> <span class='ocrx_word' id='word_1_713' title='bbox 987 5107 1109 5148; x_wconf 90' lang='lat' dir='ltr'><strong>cum</strong></span> <span class='ocrx_word' id='word_1_714' title='bbox 1137 5093 1395 5150; x_wconf 70' lang='lat' dir='ltr'><strong>Ecclesia:</strong></span> <span class='ocrx_word' id='word_1_715' title='bbox 1437 5107 1548 5149; x_wconf 84' lang='lat' dir='ltr'><strong>suae</strong></span> <span class='ocrx_word' id='word_1_716' title='bbox 1579 5094 1702 5150; x_wconf 86' lang='lat' dir='ltr'><strong>talia</strong></span> <span class='ocrx_word' id='word_1_717' title='bbox 1734 5108 1870 5164; x_wconf 74' lang='lat' dir='ltr'><strong>prte—</strong></span> 
     </span>
    </p>
   </div>
   <div class='ocr_carea' id='block_1_97' title="bbox 279 5182 1869 5258">
    <p class='ocr_par' dir='ltr' id='par_1_97' title="bbox 279 5182 1869 5258">
     <span class='ocr_line' id='line_1_97' title="bbox 279 5182 1869 5258; baseline 0.004 -21"><span class='ocrx_word' id='word_1_718' title='bbox 279 5182 385 5237; x_wconf 85' lang='lat' dir='ltr'><strong>mia</strong></span> <span class='ocrx_word' id='word_1_719' title='bbox 410 5182 515 5238; x_wconf 89' lang='lat' dir='ltr'><strong>sub</strong></span> <span class='ocrx_word' id='word_1_720' title='bbox 537 5182 966 5241; x_wconf 89' lang='lat' dir='ltr'><strong>distinctionibus</strong></span> <span class='ocrx_word' id='word_1_721' title='bbox 987 5185 1172 5254; x_wconf 90' lang='lat' dir='ltr'><strong>donat,</strong></span> <span class='ocrx_word' id='word_1_722' title='bbox 1199 5203 1317 5258; x_wconf 84' lang='lat' dir='ltr'><strong>quae</strong></span> <span class='ocrx_word' id='word_1_723' title='bbox 1338 5203 1608 5257; x_wconf 88' lang='lat' dir='ltr'><strong>nunquam</strong></span> <span class='ocrx_word' id='word_1_724' title='bbox 1636 5187 1869 5244; x_wconf 86' lang='lat' dir='ltr'><strong>ﬁnienda</strong></span> 
     </span>
    </p>
   </div>
   <div class='ocr_carea' id='block_1_98' title="bbox 279 5273 1870 5350">
    <p class='ocr_par' dir='ltr' id='par_1_98' title="bbox 279 5273 1870 5350">
     <span class='ocr_line' id='line_1_98' title="bbox 279 5273 1870 5350; baseline 0.006 -22"><span class='ocrx_word' id='word_1_725' title='bbox 279 5273 596 5344; x_wconf 85' lang='lat' dir='ltr'><strong>depereant.</strong></span> <span class='ocrx_word' id='word_1_726' title='bbox 641 5276 737 5332; x_wconf 86' lang='lat' dir='ltr'><strong>Hic</strong></span> <span class='ocrx_word' id='word_1_727' title='bbox 783 5277 927 5334; x_wconf 90' lang='lat' dir='ltr'><strong>enim</strong></span> <span class='ocrx_word' id='word_1_728' title='bbox 975 5279 1233 5349; x_wconf 90' lang='lat' dir='ltr'><strong>creditur,</strong></span> <span class='ocrx_word' id='word_1_729' title='bbox 1281 5280 1423 5350; x_wconf 90' lang='lat' dir='ltr'><strong>quod</strong></span> <span class='ocrx_word' id='word_1_730' title='bbox 1465 5281 1538 5336; x_wconf 90' lang='lat' dir='ltr'><strong>ibi</strong></span> <span class='ocrx_word' id='word_1_731' title='bbox 1584 5282 1870 5338; x_wconf 82' lang='lat' dir='ltr'><strong>manifesta</strong></span> 
     </span>
    </p>
   </div>
   <div class='ocr_carea' id='block_1_99' title="bbox 279 5371 834 5441">
    <p class='ocr_par' dir='ltr' id='par_1_99' title="bbox 279 5371 834 5441">
     <span class='ocr_line' id='line_1_99' title="bbox 279 5371 834 5441; baseline 0.009 -18"><span class='ocrx_word' id='word_1_732' title='bbox 279 5371 494 5426; x_wconf 83' lang='lat' dir='ltr'><strong>visione</strong></span> <span class='ocrx_word' id='word_1_733' title='bbox 521 5381 834 5441; x_wconf 69' lang='lat' dir='ltr'><strong>praestatur.</strong></span> 
     </span>
    </p>
   </div>
   <div class='ocr_carea' id='block_1_100' title="bbox 360 5460 1866 5539">
    <p class='ocr_par' dir='ltr' id='par_1_100' title="bbox 360 5460 1866 5539">
     <span class='ocr_line' id='line_1_100' title="bbox 360 5460 1866 5539; baseline 0.007 -25"><span class='ocrx_word' id='word_1_734' title='bbox 360 5460 514 5517; x_wconf 79' lang='lat' dir='ltr'><strong>Vere.</strong></span> <span class='ocrx_word' id='word_1_735' title='bbox 546 5462 602 5517; x_wconf 73' lang='grc'><strong>4.</strong></span> <span class='ocrx_word' id='word_1_736' title='bbox 633 5463 893 5531; x_wconf 84' lang='lat' dir='ltr'><strong>Quoniam</strong></span> <span class='ocrx_word' id='word_1_737' title='bbox 921 5480 1037 5522; x_wconf 88' lang='lat' dir='ltr'><strong>ecce</strong></span> <span class='ocrx_word' id='word_1_738' title='bbox 1064 5480 1207 5537; x_wconf 87' lang='lat' dir='ltr'><strong>reges</strong></span> <span class='ocrx_word' id='word_1_739' title='bbox 1233 5472 1382 5520; x_wconf 74' lang='lat' dir='ltr'><strong>terra:</strong></span> <span class='ocrx_word' id='word_1_740' title='bbox 1406 5469 1702 5539; x_wconf 83' lang='lat' dir='ltr'><strong>congregati</strong></span> <span class='ocrx_word' id='word_1_741' title='bbox 1727 5477 1866 5539; x_wconf 87' lang='lat' dir='ltr'><strong>sunt,</strong></span> 
     </span>
    </p>
   </div>
   <div class='ocr_carea' id='block_1_101' title="bbox 231 5560 1866 5633">
    <p class='ocr_par' dir='ltr' id='par_1_101' title="bbox 231 5560 1866 5633">
     <span class='ocr_line' id='line_1_101' title="bbox 231 5560 1866 5633; baseline 0.007 -26"><span class='ocrx_word' id='word_1_742' title='bbox 231 5561 332 5624; x_wconf 78' lang='grc' dir='ltr'><em>,ει</em></span> <span class='ocrx_word' id='word_1_743' title='bbox 361 5569 701 5612; x_wconf 86' lang='lat' dir='ltr'><strong>convenerunt</strong></span> <span class='ocrx_word' id='word_1_744' title='bbox 732 5560 785 5614; x_wconf 89' lang='lat' dir='ltr'><strong>in</strong></span> <span class='ocrx_word' id='word_1_745' title='bbox 816 5577 994 5615; x_wconf 86' lang='lat' dir='ltr'><strong>unum.</strong></span> <span class='ocrx_word' id='word_1_746' title='bbox 1042 5560 1168 5616; x_wconf 61' lang='lat' dir='ltr'><strong>Hice</strong></span> <span class='ocrx_word' id='word_1_747' title='bbox 1213 5568 1338 5616; x_wconf 85' lang='lat' dir='ltr'><strong>sunt</strong></span> <span class='ocrx_word' id='word_1_748' title='bbox 1385 5561 1549 5615; x_wconf 85' lang='lat' dir='ltr'><strong>latera</strong></span> <span class='ocrx_word' id='word_1_749' title='bbox 1589 5563 1866 5633; x_wconf 85' lang='lat' dir='ltr'><strong>aquilonis,</strong></span> 
     </span>
    </p>
   </div>
   <div class='ocr_carea' id='block_1_102' title="bbox 280 5651 1868 5726">
    <p class='ocr_par' dir='ltr' id='par_1_102' title="bbox 280 5651 1868 5726">
     <span class='ocr_line' id='line_1_102' title="bbox 280 5651 1868 5726; baseline 0.008 -27"><span class='ocrx_word' id='word_1_750' title='bbox 280 5661 405 5716; x_wconf 75' lang='lat' dir='ltr'><strong>qua:</strong></span> <span class='ocrx_word' id='word_1_751' title='bbox 425 5652 675 5720; x_wconf 83' lang='lat' dir='ltr'><strong>superius</strong></span> <span class='ocrx_word' id='word_1_752' title='bbox 703 5651 864 5718; x_wconf 83' lang='lat' dir='ltr'><strong>dixit;</strong></span> <span class='ocrx_word' id='word_1_753' title='bbox 905 5653 1025 5724; x_wconf 86' lang='lat' dir='ltr'><strong>quia</strong></span> <span class='ocrx_word' id='word_1_754' title='bbox 1077 5653 1202 5710; x_wconf 89' lang='lat' dir='ltr'><strong>licet</strong></span> <span class='ocrx_word' id='word_1_755' title='bbox 1230 5664 1417 5709; x_wconf 89' lang='lat' dir='ltr'><strong>contra</strong></span> <span class='ocrx_word' id='word_1_756' title='bbox 1456 5654 1624 5709; x_wconf 92' lang='lat' dir='ltr'><strong>Deum</strong></span> <span class='ocrx_word' id='word_1_757' title='bbox 1656 5658 1868 5726; x_wconf 86' lang='lat' dir='ltr'><strong>conspi-</strong></span> 
     </span>
    </p>
   </div>
   <div class='ocr_carea' id='block_1_103' title="bbox 281 5747 1872 5812">
    <p class='ocr_par' dir='ltr' id='par_1_103' title="bbox 281 5747 1872 5812">
     <span class='ocr_line' id='line_1_103' title="bbox 281 5747 1872 5812; baseline 0.007 -19"><span class='ocrx_word' id='word_1_758' title='bbox 281 5751 398 5796; x_wconf 86' lang='lat' dir='ltr'><strong>rata</strong></span> <span class='ocrx_word' id='word_1_759' title='bbox 426 5752 610 5799; x_wconf 77' lang='lat' dir='ltr'><strong>mettte</strong></span> <span class='ocrx_word' id='word_1_760' title='bbox 636 5748 903 5812; x_wconf 83' lang='lat' dir='ltr'><strong>venerint,</strong></span> <span class='ocrx_word' id='word_1_761' title='bbox 948 5747 1101 5802; x_wconf 90' lang='lat' dir='ltr'><strong>multi</strong></span> <span class='ocrx_word' id='word_1_762' title='bbox 1137 5756 1314 5802; x_wconf 88' lang='lat' dir='ltr'><strong>tamen</strong></span> <span class='ocrx_word' id='word_1_763' title='bbox 1357 5761 1542 5801; x_wconf 92' lang='lat' dir='ltr'><strong>eorum</strong></span> <span class='ocrx_word' id='word_1_764' title='bbox 1574 5747 1872 5804; x_wconf 87' lang='lat' dir='ltr'><strong>credidisse</strong></span> 
     </span>
    </p>
   </div>
   <div class='ocr_carea' id='block_1_104' title="bbox 283 5836 1866 5908">
    <p class='ocr_par' dir='ltr' id='par_1_104' title="bbox 283 5836 1866 5908">
     <span class='ocr_line' id='line_1_104' title="bbox 283 5836 1866 5908; baseline 0.004 -20"><span class='ocrx_word' id='word_1_765' title='bbox 283 5843 604 5892; x_wconf 85' lang='lat' dir='ltr'><strong>noscuntur.</strong></span> <span class='ocrx_word' id='word_1_766' title='bbox 630 5836 792 5907; x_wconf 86' lang='lat' dir='ltr'><strong>Reges</strong></span> <span class='ocrx_word' id='word_1_767' title='bbox 822 5848 994 5904; x_wconf 65' lang='lat' dir='ltr'><strong>terrae,</strong></span> <span class='ocrx_word' id='word_1_768' title='bbox 1027 5840 1128 5893; x_wconf 93' lang='lat' dir='ltr'><strong>hoc</strong></span> <span class='ocrx_word' id='word_1_769' title='bbox 1161 5839 1282 5894; x_wconf 94' lang='lat' dir='ltr'><strong>loco</strong></span> <span class='ocrx_word' id='word_1_770' title='bbox 1311 5839 1681 5906; x_wconf 86' lang='lat' dir='ltr'><strong>signiﬁcantur</strong></span> <span class='ocrx_word' id='word_1_771' title='bbox 1714 5839 1866 5908; x_wconf 84' lang='lat' dir='ltr'><strong>prin-</strong></span> 
     </span>
    </p>
   </div>
   <div class='ocr_carea' id='block_1_105' title="bbox 286 5926 1860 6006">
    <p class='ocr_par' dir='ltr' id='par_1_105' title="bbox 286 5926 1860 6006">
     <span class='ocr_line' id='line_1_105' title="bbox 286 5926 1860 6006; baseline 0.003 -23"><span class='ocrx_word' id='word_1_772' title='bbox 286 5926 438 5995; x_wconf 85' lang='lat' dir='ltr'><strong>cipes</strong></span> <span class='ocrx_word' id='word_1_773' title='bbox 465 5927 796 5999; x_wconf 64' lang='lat' dir='ltr'><strong>Judsorum,</strong></span> <span class='ocrx_word' id='word_1_774' title='bbox 819 5945 953 6006; x_wconf 86' lang='lat' dir='ltr'><strong>quos</strong></span> <span class='ocrx_word' id='word_1_775' title='bbox 973 5930 1214 5988; x_wconf 82' lang='lat' dir='ltr'><strong>Herodes</strong></span> <span class='ocrx_word' id='word_1_776' title='bbox 1236 5931 1289 5989; x_wconf 91' lang='lat' dir='ltr'><strong>in</strong></span> <span class='ocrx_word' id='word_1_777' title='bbox 1315 5946 1476 5988; x_wconf 89' lang='lat' dir='ltr'><strong>unum</strong></span> <span class='ocrx_word' id='word_1_778' title='bbox 1506 5945 1860 6004; x_wconf 86' lang='lat' dir='ltr'><strong>congregans,</strong></span> 
     </span>
    </p>
   </div>
   <div class='ocr_carea' id='block_1_106' title="bbox 1979 4816 3559 4890">
    <p class='ocr_par' dir='ltr' id='par_1_106' title="bbox 1979 4816 3559 4890">
     <span class='ocr_line' id='line_1_106' title="bbox 1979 4816 3559 4890; baseline 0.001 -17"><span class='ocrx_word' id='word_1_779' title='bbox 1979 4819 2226 4890; x_wconf 87' lang='lat' dir='ltr'><strong>sequitur</strong></span> <span class='ocrx_word' id='word_1_780' title='bbox 2251 4819 2410 4890; x_wconf 84' lang='lat' dir='ltr'><strong>digna</strong></span> <span class='ocrx_word' id='word_1_781' title='bbox 2445 4819 2750 4886; x_wconf 91' lang='lat' dir='ltr'><strong>conclusio,</strong></span> <span class='ocrx_word' id='word_1_782' title='bbox 2778 4820 2849 4874; x_wconf 87' lang='lat' dir='ltr'><strong>ita</strong></span> <span class='ocrx_word' id='word_1_783' title='bbox 2874 4819 3043 4874; x_wconf 82' lang='lat' dir='ltr'><strong>fuisse</strong></span> <span class='ocrx_word' id='word_1_784' title='bbox 3072 4820 3244 4873; x_wconf 91' lang='lat' dir='ltr'><strong>visum</strong></span> <span class='ocrx_word' id='word_1_785' title='bbox 3273 4819 3414 4873; x_wconf 91' lang='lat' dir='ltr'><strong>sicut</strong></span> <span class='ocrx_word' id='word_1_786' title='bbox 3443 4816 3559 4874; x_wconf 82' lang='lat' dir='ltr'><strong>lue-</strong></span> 
     </span>
    </p>
   </div>
   <div class='ocr_carea' id='block_1_107' title="bbox 1977 4911 3558 4983">
    <p class='ocr_par' dir='ltr' id='par_1_107' title="bbox 1977 4911 3558 4983">
     <span class='ocr_line' id='line_1_107' title="bbox 1977 4911 3558 4983; baseline -0.001 -15"><span class='ocrx_word' id='word_1_787' title='bbox 1977 4922 2060 4968; x_wconf 85' lang='lat' dir='ltr'><strong>rat</strong></span> <span class='ocrx_word' id='word_1_788' title='bbox 2078 4921 2204 4968; x_wconf 90' lang='lat' dir='ltr'><strong>ante</strong></span> <span class='ocrx_word' id='word_1_789' title='bbox 2233 4917 2628 4983; x_wconf 86' lang='lat' dir='ltr'><strong>prophetatum.</strong></span> <span class='ocrx_word' id='word_1_790' title='bbox 2668 4911 2755 4967; x_wconf 86' lang='lat' dir='ltr'><strong>Ita</strong></span> <span class='ocrx_word' id='word_1_791' title='bbox 2775 4927 2906 4968; x_wconf 90' lang='lat' dir='ltr'><strong>vero</strong></span> <span class='ocrx_word' id='word_1_792' title='bbox 2935 4911 3078 4982; x_wconf 89' lang='lat' dir='ltr'><strong>quod</strong></span> <span class='ocrx_word' id='word_1_793' title='bbox 3101 4911 3301 4966; x_wconf 87' lang='lat' dir='ltr'><strong>dictum</strong></span> <span class='ocrx_word' id='word_1_794' title='bbox 3331 4919 3436 4978; x_wconf 87' lang='lat' dir='ltr'><strong>est,</strong></span> <span class='ocrx_word' id='word_1_795' title='bbox 3467 4926 3558 4967; x_wconf 87' lang='lat' dir='ltr'><strong>re-</strong></span> 
     </span>
    </p>
   </div>
   <div class='ocr_carea' id='block_1_108' title="bbox 1976 5003 3559 5075">
    <p class='ocr_par' dir='ltr' id='par_1_108' title="bbox 1976 5003 3559 5075">
     <span class='ocr_line' id='line_1_108' title="bbox 1976 5003 3559 5075; baseline -0.001 -15"><span class='ocrx_word' id='word_1_796' title='bbox 1976 5019 2095 5060; x_wconf 88' lang='lat' dir='ltr'><strong>rum</strong></span> <span class='ocrx_word' id='word_1_797' title='bbox 2119 5003 2278 5060; x_wconf 88' lang='lat' dir='ltr'><strong>ﬁdem</strong></span> <span class='ocrx_word' id='word_1_798' title='bbox 2307 5004 2596 5075; x_wconf 87' lang='lat' dir='ltr'><strong>diligenter</strong></span> <span class='ocrx_word' id='word_1_799' title='bbox 2626 5005 2921 5074; x_wconf 84' lang='lat' dir='ltr'><strong>expressit;</strong></span> <span class='ocrx_word' id='word_1_800' title='bbox 2952 5003 3072 5072; x_wconf 85' lang='lat' dir='ltr'><strong>quia</strong></span> <span class='ocrx_word' id='word_1_801' title='bbox 3106 5011 3275 5058; x_wconf 91' lang='lat' dir='ltr'><strong>totum</strong></span> <span class='ocrx_word' id='word_1_802' title='bbox 3306 5005 3385 5058; x_wconf 92' lang='lat' dir='ltr'><strong>sic</strong></span> <span class='ocrx_word' id='word_1_803' title='bbox 3427 5017 3559 5059; x_wconf 88' lang='lat' dir='ltr'><strong>con-</strong></span> 
     </span>
    </p>
   </div>
   <div class='ocr_carea' id='block_1_109' title="bbox 1972 5096 3554 5170">
    <p class='ocr_par' dir='ltr' id='par_1_109' title="bbox 1972 5096 3554 5170">
     <span class='ocr_line' id='line_1_109' title="bbox 1972 5096 3554 5170; baseline -0.001 -16"><span class='ocrx_word' id='word_1_804' title='bbox 1972 5098 2150 5155; x_wconf 85' lang='lat' dir='ltr'><strong>stabat</strong></span> <span class='ocrx_word' id='word_1_805' title='bbox 2177 5098 2398 5166; x_wconf 73' lang='lat' dir='ltr'><strong>tactum,</strong></span> <span class='ocrx_word' id='word_1_806' title='bbox 2434 5096 2884 5170; x_wconf 88' lang='lat' dir='ltr'><strong>quemadmodum</strong></span> <span class='ocrx_word' id='word_1_807' title='bbox 2924 5097 3096 5152; x_wconf 84' lang='lat' dir='ltr'><strong>fuerat</strong></span> <span class='ocrx_word' id='word_1_808' title='bbox 3123 5097 3554 5167; x_wconf 77' lang='lat' dir='ltr'><strong>etpromissum.</strong></span> 
     </span>
    </p>
   </div>
   <div class='ocr_carea' id='block_1_110' title="bbox 1971 5189 3560 5258">
    <p class='ocr_par' dir='ltr' id='par_1_110' title="bbox 1971 5189 3560 5258">
     <span class='ocr_line' id='line_1_110' title="bbox 1971 5189 3560 5258; baseline -0.001 -10"><span class='ocrx_word' id='word_1_809' title='bbox 1971 5192 2222 5248; x_wconf 84' lang='lat' dir='ltr'><strong>Additum</strong></span> <span class='ocrx_word' id='word_1_810' title='bbox 2248 5202 2349 5258; x_wconf 91' lang='lat' dir='ltr'><strong>est,</strong></span> <span class='ocrx_word' id='word_1_811' title='bbox 2396 5194 2450 5246; x_wconf 89' lang='lat' dir='ltr'><strong>in</strong></span> <span class='ocrx_word' id='word_1_812' title='bbox 2494 5193 2693 5246; x_wconf 85' lang='lat' dir='ltr'><strong>civitate</strong></span> <span class='ocrx_word' id='word_1_813' title='bbox 2724 5189 2930 5244; x_wconf 89' lang='lat' dir='ltr'><strong>Domini</strong></span> <span class='ocrx_word' id='word_1_814' title='bbox 2956 5191 3218 5257; x_wconf 85' lang='lat' dir='ltr'><strong>virtutum,</strong></span> <span class='ocrx_word' id='word_1_815' title='bbox 3265 5189 3354 5245; x_wconf 91' lang='lat' dir='ltr'><strong>ubi</strong></span> <span class='ocrx_word' id='word_1_816' title='bbox 3384 5197 3440 5246; x_wconf 89' lang='lat' dir='ltr'><strong>et</strong></span> <span class='ocrx_word' id='word_1_817' title='bbox 3464 5203 3560 5246; x_wconf 81' lang='lat' dir='ltr'><strong>ve-</strong></span> 
     </span>
    </p>
   </div>
   <div class='ocr_carea' id='block_1_111' title="bbox 1973 5280 3560 5354">
    <p class='ocr_par' dir='ltr' id='par_1_111' title="bbox 1973 5280 3560 5354">
     <span class='ocr_line' id='line_1_111' title="bbox 1973 5280 3560 5354; baseline -0.002 -13"><span class='ocrx_word' id='word_1_818' title='bbox 1973 5301 2092 5341; x_wconf 88' lang='lat' dir='ltr'><strong>rum</strong></span> <span class='ocrx_word' id='word_1_819' title='bbox 2119 5285 2354 5354; x_wconf 88' lang='lat' dir='ltr'><strong>auditur,</strong></span> <span class='ocrx_word' id='word_1_820' title='bbox 2392 5294 2446 5340; x_wconf 91' lang='lat' dir='ltr'><strong>et</strong></span> <span class='ocrx_word' id='word_1_821' title='bbox 2498 5283 2819 5353; x_wconf 90' lang='lat' dir='ltr'><strong>promissum</strong></span> <span class='ocrx_word' id='word_1_822' title='bbox 2867 5296 3027 5338; x_wconf 90' lang='lat' dir='ltr'><strong>omne</strong></span> <span class='ocrx_word' id='word_1_823' title='bbox 3071 5282 3423 5352; x_wconf 83' lang='lat' dir='ltr'><strong>conSpicitur.</strong></span> <span class='ocrx_word' id='word_1_824' title='bbox 3452 5280 3560 5338; x_wconf 80' lang='lat' dir='ltr'><strong>Re-</strong></span> 
     </span>
    </p>
   </div>
   <div class='ocr_carea' id='block_1_112' title="bbox 1975 5373 3557 5448">
    <p class='ocr_par' dir='ltr' id='par_1_112' title="bbox 1975 5373 3557 5448">
     <span class='ocr_line' id='line_1_112' title="bbox 1975 5373 3557 5448; baseline -0.002 -16"><span class='ocrx_word' id='word_1_825' title='bbox 1975 5378 2174 5448; x_wconf 90' lang='lat' dir='ltr'><strong>petitur</strong></span> <span class='ocrx_word' id='word_1_826' title='bbox 2197 5384 2250 5431; x_wconf 84' lang='lat' dir='ltr'><strong>tn</strong></span> <span class='ocrx_word' id='word_1_827' title='bbox 2279 5376 2479 5430; x_wconf 82' lang='lat' dir='ltr'><strong>civitate</strong></span> <span class='ocrx_word' id='word_1_828' title='bbox 2509 5375 2604 5430; x_wconf 90' lang='lat' dir='ltr'><strong>Dei</strong></span> <span class='ocrx_word' id='word_1_829' title='bbox 2631 5375 2818 5444; x_wconf 87' lang='lat' dir='ltr'><strong>nostri,</strong></span> <span class='ocrx_word' id='word_1_830' title='bbox 2848 5382 2908 5430; x_wconf 92' lang='lat' dir='ltr'><strong>ut</strong></span> <span class='ocrx_word' id='word_1_831' title='bbox 2933 5373 3250 5430; x_wconf 87' lang='lat' dir='ltr'><strong>catholicam</strong></span> <span class='ocrx_word' id='word_1_832' title='bbox 3282 5373 3450 5428; x_wconf 90' lang='lat' dir='ltr'><strong>solam</strong></span> <span class='ocrx_word' id='word_1_833' title='bbox 3484 5373 3557 5429; x_wconf 82' lang='lat' dir='ltr'><strong>in-</strong></span> 
     </span>
    </p>
   </div>
   <div class='ocr_carea' id='block_1_113' title="bbox 1976 5467 3558 5539">
    <p class='ocr_par' dir='ltr' id='par_1_113' title="bbox 1976 5467 3558 5539">
     <span class='ocr_line' id='line_1_113' title="bbox 1976 5467 3558 5539; baseline -0.002 -13"><span class='ocrx_word' id='word_1_834' title='bbox 1976 5470 2264 5539; x_wconf 88' lang='lat' dir='ltr'><strong>telligeres,</strong></span> <span class='ocrx_word' id='word_1_835' title='bbox 2310 5483 2377 5524; x_wconf 94' lang='lat' dir='ltr'><strong>ne</strong></span> <span class='ocrx_word' id='word_1_836' title='bbox 2427 5468 2530 5524; x_wconf 87' lang='lat' dir='ltr'><strong>sibi</strong></span> <span class='ocrx_word' id='word_1_837' title='bbox 2562 5467 2663 5524; x_wconf 92' lang='lat' dir='ltr'><strong>hoc</strong></span> <span class='ocrx_word' id='word_1_838' title='bbox 2693 5481 2888 5525; x_wconf 91' lang='lat' dir='ltr'><strong>nomen</strong></span> <span class='ocrx_word' id='word_1_839' title='bbox 2919 5476 2973 5524; x_wconf 91' lang='lat' dir='ltr'><strong>et</strong></span> <span class='ocrx_word' id='word_1_840' title='bbox 3019 5467 3398 5524; x_wconf 77' lang='lat' dir='ltr'><strong>haereticorum</strong></span> <span class='ocrx_word' id='word_1_841' title='bbox 3429 5479 3558 5523; x_wconf 90' lang='lat' dir='ltr'><strong>con-</strong></span> 
     </span>
    </p>
   </div>
   <div class='ocr_carea' id='block_1_114' title="bbox 1973 5559 2618 5618">
    <p class='ocr_par' dir='ltr' id='par_1_114' title="bbox 1973 5559 2618 5618">
     <span class='ocr_line' id='line_1_114' title="bbox 1973 5559 2618 5618; baseline -0.003 0"><span class='ocrx_word' id='word_1_842' title='bbox 1973 5561 2239 5618; x_wconf 86' lang='lat' dir='ltr'><strong>venticula</strong></span> <span class='ocrx_word' id='word_1_843' title='bbox 2268 5559 2618 5616; x_wconf 91' lang='lat' dir='ltr'><strong>vindicarent.</strong></span> 
     </span>
    </p>
   </div>
   <div class='ocr_carea' id='block_1_115' title="bbox 2046 5650 3556 5724">
    <p class='ocr_par' dir='ltr' id='par_1_115' title="bbox 2046 5650 3556 5724">
     <span class='ocr_line' id='line_1_115' title="bbox 2046 5650 3556 5724; baseline -0.005 -14"><span class='ocrx_word' id='word_1_844' title='bbox 2046 5654 2202 5710; x_wconf 76' lang='lat' dir='ltr'><strong>Vers.</strong></span> <span class='ocrx_word' id='word_1_845' title='bbox 2232 5654 2286 5709; x_wconf 86' lang='lat'><strong>9.</strong></span> <span class='ocrx_word' id='word_1_846' title='bbox 2316 5652 2453 5708; x_wconf 89' lang='lat' dir='ltr'><strong>Deus</strong></span> <span class='ocrx_word' id='word_1_847' title='bbox 2480 5653 2712 5724; x_wconf 77' lang='lat' dir='ltr'><strong>fundavit</strong></span> <span class='ocrx_word' id='word_1_848' title='bbox 2743 5670 2855 5709; x_wconf 90' lang='lat' dir='ltr'><strong>eam</strong></span> <span class='ocrx_word' id='word_1_849' title='bbox 2901 5655 2956 5708; x_wconf 89' lang='lat' dir='ltr'><strong>in</strong></span> <span class='ocrx_word' id='word_1_850' title='bbox 2984 5663 3249 5709; x_wconf 76' lang='lat' dir='ltr'><strong>quernum.</strong></span> <span class='ocrx_word' id='word_1_851' title='bbox 3279 5650 3358 5708; x_wconf 82' lang='lat' dir='ltr'><strong>Ne</strong></span> <span class='ocrx_word' id='word_1_852' title='bbox 3397 5651 3556 5706; x_wconf 87' lang='lat' dir='ltr'><strong>istam</strong></span> 
     </span>
    </p>
   </div>
   <div class='ocr_carea' id='block_1_116' title="bbox 1975 5742 3557 5816">
    <p class='ocr_par' dir='ltr' id='par_1_116' title="bbox 1975 5742 3557 5816">
     <span class='ocr_line' id='line_1_116' title="bbox 1975 5742 3557 5816; baseline -0.005 -14"><span class='ocrx_word' id='word_1_853' title='bbox 1975 5746 2247 5802; x_wconf 89' lang='lat' dir='ltr'><strong>civitatem</strong></span> <span class='ocrx_word' id='word_1_854' title='bbox 2299 5746 2391 5800; x_wconf 89' lang='lat' dir='ltr'><strong>Dei</strong></span> <span class='ocrx_word' id='word_1_855' title='bbox 2447 5747 2795 5816; x_wconf 89' lang='lat' dir='ltr'><strong>temporalem</strong></span> <span class='ocrx_word' id='word_1_856' title='bbox 2849 5745 3128 5802; x_wconf 89' lang='lat' dir='ltr'><strong>debuisses</strong></span> <span class='ocrx_word' id='word_1_857' title='bbox 3181 5745 3447 5812; x_wconf 89' lang='lat' dir='ltr'><strong>accipere,</strong></span> <span class='ocrx_word' id='word_1_858' title='bbox 3501 5742 3557 5795; x_wconf 84' lang='lat' dir='ltr'><strong>iu</strong></span> 
     </span>
    </p>
   </div>
   <div class='ocr_carea' id='block_1_117' title="bbox 1976 5835 3556 5904">
    <p class='ocr_par' dir='ltr' id='par_1_117' title="bbox 1976 5835 3556 5904">
     <span class='ocr_line' id='line_1_117' title="bbox 1976 5835 3556 5904; baseline -0.004 -6"><span class='ocrx_word' id='word_1_859' title='bbox 1976 5852 2224 5898; x_wconf 68' lang='lat' dir='ltr'><strong>aeternum</strong></span> <span class='ocrx_word' id='word_1_860' title='bbox 2252 5841 2551 5899; x_wconf 87' lang='lat' dir='ltr'><strong>Ecclesiam</strong></span> <span class='ocrx_word' id='word_1_861' title='bbox 2603 5843 2734 5897; x_wconf 90' lang='lat' dir='ltr'><strong>dicit</strong></span> <span class='ocrx_word' id='word_1_862' title='bbox 2761 5856 2883 5897; x_wconf 89' lang='lat' dir='ltr'><strong>esse</strong></span> <span class='ocrx_word' id='word_1_863' title='bbox 2933 5840 3222 5902; x_wconf 84' lang='lat' dir='ltr'><strong>ﬁrmatam,</strong></span> <span class='ocrx_word' id='word_1_864' title='bbox 3271 5849 3388 5904; x_wconf 66' lang='lat' dir='ltr'><strong>quae</strong></span> <span class='ocrx_word' id='word_1_865' title='bbox 3439 5835 3556 5891; x_wconf 88' lang='lat' dir='ltr'><strong>sola</strong></span> 
     </span>
    </p>
   </div>
   <div class='ocr_carea' id='block_1_118' title="bbox 1977 5926 3554 6003">
    <p class='ocr_par' dir='ltr' id='par_1_118' title="bbox 1977 5926 3554 6003">
     <span class='ocr_line' id='line_1_118' title="bbox 1977 5926 3554 6003; baseline -0.007 -12"><span class='ocrx_word' id='word_1_866' title='bbox 1977 5936 2238 5991; x_wconf 86' lang='lat' dir='ltr'><strong>veraciter</strong></span> <span class='ocrx_word' id='word_1_867' title='bbox 2265 5935 2453 5992; x_wconf 85' lang='lat' dir='ltr'><strong>civitas</strong></span> <span class='ocrx_word' id='word_1_868' title='bbox 2477 5935 2686 5992; x_wconf 90' lang='lat' dir='ltr'><strong>Domini</strong></span> <span class='ocrx_word' id='word_1_869' title='bbox 2716 5941 3082 6003; x_wconf 86' lang='lat' dir='ltr'><strong>nuncupatur.</strong></span> <span class='ocrx_word' id='word_1_870' title='bbox 3110 5927 3384 5987; x_wconf 86' lang='lat' dir='ltr'><strong>Gaudeanl</strong></span> <span class='ocrx_word' id='word_1_871' title='bbox 3404 5926 3554 5984; x_wconf 87' lang='lat' dir='ltr'><strong>Chri-</strong></span> 
     </span>
    </p>
   </div>
  </div>
