3996 6346
445 427 545 482 559

1665 427 1734 482 Μ.
1777 421 2054 482 AUBELII
2093 421 2500 484 ωεειοθυκι

3601 426 3704 485 383

446 539 623 604 stiani,
657 547 712 596 ct
737 546 848 596 tota
879 541 1075 596 mentis
1103 540 1460 598 exsultatione
1505 541 1779 607 laetentur,
1807 540 2022 613 quando
2045 540 2098 602 Α
2125 539 2336 596 Domini
2383 540 2592 598 sinibus
2645 541 2826 600 cordis
2877 543 3238 615 amplectitur.
3281 541 3538 600 Additum
3581 553 3668 600 est
3689 585 3706 611 ,

443 635 667 692 audiunt
700 647 730 688 a
765 632 990 688 Domino
1017 647 1137 689 esse
1163 633 1458 702 fundatam,
1493 635 1548 690 in
1573 649 1680 706 qua
1705 649 1766 692 se
1796 634 2019 690 ﬁrmiter
2120 640 2332 686 narrate
2359 632 2412 686 in
2441 633 2668 688 turribus
2695 634 2834 702 eius;
2859 643 2914 690 ut
2954 649 2986 690 a
3010 635 3266 707 religioso
3311 650 3562 694 sermone
3585 651 3707 695 ces-

443 729 742 786 consistcre
781 742 940 798 posse
990 743 1098 783 non
1155 727 1421 784 dubitant.
1455 728 1611 799 Nam,
1659 729 1786 787 licet
1839 729 2019 786 seaculi

444 827 599 886 istius
631 825 862 897 procella
894 824 1222 894 quatiantur,
1263 824 1384 895 jure
1436 840 1544 881 non
1581 826 1839 882 metuitur
1878 824 2020 895 quod

445 919 808 975 transitorium
861 917 1278 988 comprobatur,
1331 919 1467 974 sicut
1511 918 1799 988 Apostolus
1847 917 2018 974 dicit:

449 1010 568 1064 Non
593 1019 706 1066 sunt
733 1010 1000 1080 condigna
1030 1011 1290 1080 passiones
1321 1008 1480 1082 hujus
1502 1012 1744 1081 temporis
1775 1011 1846 1066 ad
1875 1010 2019 1082 [ntus

441 1119 551 1160 rem
580 1102 817 1173 gloriam,
840 1117 953 1170 quia
981 1100 1284 1156 revelabitur
1311 1101 1360 1156 iu
1391 1103 1534 1157 nobis
1561 1101 1738 1174 (Rem.
1772 1118 1883 1167 vm,
1909 1099 2019 1168 i8).

517 1195 668 1250 Ver-s.
703 1195 790 1251 10.
821 1193 1172 1264 Suscepimns,
1201 1193 1356 1259 Deus,
1384 1195 1786 1252 misericordiam
1809 1206 1950 1252 tuam
1970 1196 2023 1250 in

443 1289 610 1342 medio
641 1288 816 1357 templi
847 1287 940 1342 tui.
973 1284 1249 1344 Venerunt
1278 1286 1348 1356 pii
1380 1288 1686 1344 sacerdotes
1733 1288 1798 1344 ad
1829 1301 2024 1345 secun-

449 1380 571 1434 dam
627 1388 852 1450 partem,
895 1379 984 1434 ubi
1027 1394 1214 1450 magna
1267 1380 1450 1437 laetitia
1503 1382 1684 1438 cordis
1730 1383 2022 1438 exsultant.

445 1474 782 1546 Suscepimue
833 1489 938 1528 non
969 1473 1130 1528 debet
1154 1475 1480 1544 generaliter
1511 1475 1703 1546 accipi,
1759 1476 1882 1546 quia
1915 1489 2023 1532 non

443 1582 629 1624 omnes
659 1566 1035 1632 crediderunt;
1067 1566 1162 1622 sed
1205 1566 1272 1622 ad
1301 1567 1599 1624 catholicos
1637 1568 1793 1640 100
1817 1575 2023 1623 tantum

443 1661 708 1728 pertinet,
739 1660 830 1730 qui
857 1658 974 1725 eius
1019 1668 1284 1729 praecepta
1331 1661 1500 1716 secuti
1542 1667 1682 1715 sunt.
1721 1659 2020 1714 Misericor-

447 1751 586 1806 diam
639 1750 827 1807 dicunt
883 1750 1164 1806 Dominum
1217 1750 1519 1817 Christum,
1567 1751 1660 1822 qui
1705 1750 2025 1810 exorbitanti

451 1844 652 1900 mundo
691 1844 942 1900 misertus
969 1855 1084 1909 est;
1118 1852 1172 1900 et
1192 1843 1260 1900 ad
1289 1843 1394 1902 hoc
1413 1853 1615 1902 tantum
1641 1859 1701 1901 se
1745 1843 1910 1900 voluit
1937 1843 2026 1898 vi-

2123 738 2246 780 sare
2275 739 2382 782 non
2427 726 2678 796 debeant,
2731 727 2826 797 qui
2867 729 3070 786 sanctis
3117 729 3398 786 ordinibus
3442 733 3709 789 obsecuta»

2123 819 2268 878 dant.
2296 819 2366 876 Et
2393 821 2644 892 quoniam
2672 820 2915 877 Ecclesia
2939 822 3126 878 civitas
3161 822 3378 888 Deiest,
3409 830 3578 879 turres
3604 823 3711 880 ibi-

2123 909 2246 966 dem
2272 922 2640 982 competenter
2682 923 2881 984 aptatia
2909 923 3064 981 sunt;
3095 914 3147 970 id
3189 924 3272 971 est
3301 913 3608 971 altitudines
3650 921 3712 972 et

2125 1001 2452 1066 munitiones
2493 1013 2674 1060 contra
2706 1005 2888 1060 hostes
2915 1004 3218 1062 haereticos.
3247 1005 3353 1062 Sed
3379 1006 3506 1076 quia
3532 1007 3708 1062 incre-

2128 1095 2268 1154 dulis
2296 1109 2516 1153 narrare
2539 1097 2855 1167 suadebant,
2897 1099 2988 1169 qui
3021 1097 3154 1154 foris
3175 1099 3244 1154 ab
3273 1099 3510 1156 Ecclesia
3531 1113 3713 1155 mon-

2125 1191 2342 1260 bantur,
2370 1208 2476 1248 non
2525 1193 2594 1250 de
2621 1194 2888 1264 domibus,
2937 1209 3040 1250 non
3069 1195 3137 1252 de
3167 1194 3482 1265 porticibus,
3515 1195 3612 1252 sed
3639 1195 3715 1252 de

2126 1285 2248 1340 altis
2273 1285 2498 1339 turribus
2524 1285 2707 1342 dicunt
2737 1300 2860 1342 esse
2905 1287 3327 1358 praedicandum,
3351 1285 3502 1345 unde
3537 1301 3714 1360 popu-

2125 1377 2212 1434 lus
2238 1377 2429 1434 audire
2453 1379 2626 1449 possit
2649 1386 2962 1436 extraneas.

2205 1468 2354 1525 Vers.
2387 1467 2476 1525 η.
2503 1467 2882 1526 Peniteeorde
2896 1479 3061 1526 acerra
3089 1471 3145 1527 in
3169 1473 3507 1544 oirtadeejats,
3538 1473 3717 1528 sedle-

2127 1562 2333 1619 tribuite
2379 1565 2576 1635 gradus
2611 1566 2725 1636 ejus
2749 1579 2772 1619 :-
2793 1574 2852 1618 nt
2891 1565 3142 1620 narratis
3175 1565 3230 1619 in
3259 1567 3500 1638 progenie
3527 1565 3712 1619 altae.

2129 1655 2208 1713 Ne
2234 1656 2428 1714 animat
2471 1657 2702 1714 ﬁdelium
2731 1657 2996 1715 audiendo
3039 1659 3282 1715 laetitiam
3317 1668 3372 1716 et
3399 1657 3719 1715 exsultatio—

2129 1764 2254 1806 nem
2277 1750 2454 1821 aliqea
2478 1751 3178 1808 remissione-lentescereot
3199 1793 3214 1817 ,
3233 1751 3291 1806 in
3325 1750 3583 1807 Ecclesiae
3603 1751 3712 1804 air-

2129 1845 2437 1911 sutecorda,
2465 1844 2648 1900 dicunt
2667 1860 2774 1900 esse
2795 1845 3126 1916 reponenda;
3154 1844 3208 1900 id
3234 1852 3319 1901 est
3345 1845 3399 1899 in
3429 1844 3712 1908 charltate,

453 1936 588 2007 deri,
616 1946 670 1991 ut
709 1937 882 1991 omnis
902 1935 1125 1992 credens
1151 1936 1415 2008 potuisset
1443 1936 1666 1994 absolvi.
1697 1936 1892 2006 Aptum
1923 1950 2025 1992 no-
2057 1920 2106 1986 Β
2131 1949 2233 2005 qua
2267 1935 2466 1990 virtute
2485 1934 2620 1992 nihil
2651 1944 2826 2006 potest
2845 1951 2964 1992 esse
2989 1937 3368 2007 praestantius;
3401 1936 3544 1992 sicut
3570 1937 3718 2004 Apo-

453 2042 597 2093 mcn,
628 2035 772 2084 certa
807 2027 1124 2095 promissio;
1148 2038 1205 2084 ut
1233 2027 1320 2086 ille
1349 2029 1696 2094 misericordia
1725 2037 2028 2095 vocaretur,

453 2119 542 2190 qui
573 2127 626 2176 et
653 2118 896 2175 Salvator
920 2134 1045 2176 vere
1086 2119 1283 2176 dicitur
1311 2128 1364 2175 et
1390 2119 1733 2192 Redemptor.
1769 2117 1833 2174 In
1862 2119 2028 2184 medio

452 2216 626 2287 templi
652 2216 744 2282 tui,
775 2230 1094 2290 synagognm
1140 2216 1328 2272 volunt
1360 2215 1606 2286 intelligi,
1648 2214 1714 2272 ad
1753 2229 1912 2284 quam
1939 2228 2028 2270 ve-

421 2362 427 2364 _
453 2317 605 2364 uerat
634 2307 996 2374 liberandam;
1028 2307 1146 2375 sed,
1173 2322 1239 2368 eo
1269 2309 1466 2382 popqu
1493 2323 1598 2368 non
1627 2307 1901 2375 credente,
1933 2323 2031 2370 vo-

429 2409 585 2472 cata:
631 2410 820 2474 gentes
868 2400 1233 2458 misericordia:
1289 2416 1510 2458 munera
1559 2408 1934 2476 perceperunt,
1964 2399 2031 2456 In

453 2497 616 2552 medio
647 2497 820 2568 templi
856 2495 1056 2552 dictum
1086 2507 1192 2562 est,
1239 2504 1298 2554 ut
1325 2510 1430 2556 non
1470 2495 1804 2554 credentium
1832 2498 2030 2567 impro—

451 2585 587 2648 bitas
640 2587 853 2657 gravius
899 2597 1170 2659 arguatur,
1221 2589 1309 2660 qui
1366 2598 1802 2660 contempserunt
1843 2591 2030 2663 sequi,

449 2693 608 2748 quem
647 2679 701 2734 in
730 2679 907 2736 medio
936 2695 1122 2738 eorum
1143 2689 1354 2738 constat
1374 2695 1495 2738 esse
1519 2692 1884 2752 conspectum.

521 2770 674 2828 Vers.
711 2772 796 2828 ii.
830 2772 1124 2830 Secundum
1149 2791 1334 2832 nomen
1366 2785 1530 2844 tuum,
1563 2775 1726 2844 Deus,
1749 2779 1826 2842 ita
1853 2787 1900 2832 et
1919 2777 2032 2840 laus

449 2871 538 2918 tua
562 2863 614 2916 in
644 2863 769 2932 ﬁnes
800 2874 949 2922 terra:
975 2881 994 2920 :
1012 2867 1219 2937 justitia
1255 2868 1410 2938 plena
1449 2877 1521 2923 est
1545 2869 1756 2930 dextera
1783 2880 1890 2928 tua.
1921 2869 2033 2926 N0!

449 2969 562 3008 men
593 2953 688 3011 Dei
734 2957 786 3012 in
819 2964 930 3013 toto
956 2957 1090 3013 orbe
1124 2968 1386 3026 terrarum
1431 2960 1549 3016 sine
1595 2961 1760 3018 dubio
1797 2960 2034 3026 creditur

443 3044 794 3102 adorandum.
832 3046 1058 3103 Possunt
1091 3053 1230 3108 enim
1253 3051 1416 3122 aliqui
1447 3053 1656 3108 nescire
1685 3053 2034 3123 quemadmoe

448 3137 576 3192 dum
607 3137 676 3192 sit
702 3139 980 3208 colendus,
1017 3142 1190 3196 nullus
1237 3152 1416 3200 tamen
1465 3153 1548 3200 est
1602 3146 1691 3216 qui
1725 3147 1810 3204 isti
1840 3147 2035 3208 nomini

450 3244 558 3286 non
585 3244 644 3286 se
677 3240 828 3301 putet
851 3246 972 3290 esse
995 3235 1318 3307 subjectum.
1343 3235 1456 3302 Hoc
1481 3249 1610 3308 ergo
1639 3236 1860 3304 dicunt:
1885 3238 2034 3298 Sicut

2133 2026 2308 2084 stolus
2330 2026 2489 2084 docet
2514 2047 2527 2083 :
2559 2025 2775 2082 Manent
2797 2036 2968 2082 autem
3009 2027 3157 2095 ﬁdes,
3186 2042 3320 2099 spes,
3343 2025 3592 2094 chordas,
3615 2025 3719 2080 tn'e

2137 2121 2282 2188 haec;
2310 2120 2472 2189 maior
2522 2129 2695 2176 autem
2739 2121 2922 2175 horam
2952 2122 3176 2176 caerites
3225 2118 3280 2191 (l
3311 2119 3432 2176 Cor.
3463 2135 3578 2186 aut,
3625 2117 3717 2190 i3)

2136 2209 2410 2268 Distribuit
2429 2222 2610 2270 autem
2638 2214 2828 2285 gradus
2857 2213 3137 2280 Ecclesiae,
3168 2214 3258 2285 qui
3287 2212 3464 2274 ofﬁcis
3481 2213 3604 2284 eius
3633 2211 3718 2268 di-

2135 2307 2332 2363 stincta
2360 2307 2698 2364 ordinatione
2717 2307 2974 2380 disponit.
3004 2307 3144 2372 Sunt,
3167 2309 3310 2364 enim
3331 2307 3392 2362 in
3429 2306 3520 2363 illa
3551 2307 3720 2363 lecto-

2137 2414 2257 2470 res,
2289 2409 2414 2455 sunt
2441 2398 2778 2466 subdiaconi,
2806 2408 2932 2455 sunt
2973 2399 3205 2466 diaconi,
3233 2408 3358 2460 sunt
3385 2397 3716 2471 ptesbyteri,

2135 2503 2264 2551 sunt
2288 2494 2557 2566 episcopi;
2587 2501 2644 2550 et
2663 2494 2908 2565 quamvis
2925 2509 3028 2551 una
3047 2495 3120 2550 sit
3141 2494 3400 2563 Ecclesia,
3431 2494 3607 2550 cilicia
3639 2503 3719 2548 ta-

2137 2603 2259 2646 men
2288 2589 2528 2643 continet
2555 2587 2824 2643 honorum
2855 2587 3114 2645 varietate
3131 2587 3401 2644 distincta.
3432 2588 3561 2643 haec
3585 2601 3716 2659 ergo

2137 2680 2212 2750 pii
2240 2680 2550 2736 sacerdotes
2590 2688 2931 2736 commonent
2973 2679 3173 2740 debere
3214 2680 3471 2749 distribui,
3516 2689 3574 2735 ut
3621 2687 3712 2749 per

2141 2787 2238 2828 eos
2266 2773 2320 2828 in
2353 2772 2702 2844 generatione
2730 2771 2900 2830 altera
2941 2773 3202 2843 magnalia
3228 2772 3448 2830 Doniini
3485 2771 3694 2828 debeas

2139 2865 2442 2934 praedicari.
2456 2864 2680 2920 Alteram
2699 2866 2840 2922 enim
2859 2866 3151 2938 progeniem
3167 2865 3434 2937 signiﬁcat
3459 2863 3711 2935 populum

2134 2956 2520 3023 Christianum,
2549 2957 2636 3028 qui
2657 2957 2728 3013 ab
2751 2956 2998 3024 Hebraeo,
3017 2971 3178 3028 quem
3207 2957 3440 3028 primum
3459 2955 3714 3012 homines

2136 3050 2318 3121 elegit,
2353 3051 2622 3107 secundus
2642 3063 2764 3106 esse
2784 3049 3137 3120 dignoscitur.

2207 3141 2362 3200 Vera.
2415 3143 2504 3198 15.
2561 3141 2820 3210 Quoniam
2864 3141 2948 3195 hie
2980 3150 3072 3215 est
3097 3140 3256 3208 Dens,
3287 3140 3426 3198 Deae
3451 3149 3626 3195 noster
3661 3140 3717 3195 in

2137 3249 2402 3304 tetanum,
2429 3245 2484 3292 et
2517 3236 2572 3290 in
2597 3235 2842 3291 siccatum
2867 3233 3044 3290 amenti
3069 3253 3083 3288 :
3113 3235 3225 3306 ipse
3245 3243 3384 3306 reget
3404 3249 3500 3288 nos
3526 3234 3582 3288 in
3617 3245 3715 3288 eo-

449 3323 502 3380 in
529 3332 640 3381 teto
665 3328 796 3383 orbe
832 3336 1096 3384 terrarum
1126 3328 1425 3386 reverentia
1454 3329 1530 3386 tui
1572 3332 1799 3386 nominis
1841 3330 2033 3394 dilata-
2057 3323 2106 3388 Ο
2137 3333 2272 3390 cute.
2305 3331 2418 3387 Iioe
2445 3339 2526 3386 est
2554 3329 2694 3400 quod
2737 3343 2832 3400 per
2860 3328 3076 3384 ordines
3109 3328 3528 3392 ecclesiasticos.
3578 3328 3718 3384 sient

449 3427 574 3476 tur:
605 3420 672 3474 ita
700 3429 756 3477 et
786 3422 840 3476 in
867 3421 1104 3478 Ecclesia
1122 3462 1138 3490 ,
1169 3438 1290 3493 quas
1311 3439 1406 3494 per
1428 3433 1593 3482 totum
1621 3425 1877 3488 mundum
1905 3425 2029 3496 dis-3

449 3511 702 3581 tenditur,
749 3514 964 3572 devotio
1007 3516 1100 3572 tibi
1141 3517 1316 3576 laudis
1358 3519 1598 3578 offertur.
1625 3520 1898 3598 Sequitur,
1934 3525 2027 3592 jus

449 3607 592 3662 stitia
617 3607 768 3677 plena
787 3617 862 3666 est
891 3609 1100 3666 dextera
1125 3620 1234 3668 tua.
1270 3611 1469 3674 Locum
1512 3613 1779 3684 signiﬁcat
1822 3613 2028 3676 ubijsti

451 3707 576 3756 sunt
599 3701 930 3770 collocandi;
961 3703 1028 3758 ad
1059 3704 1320 3761 dexteram
1341 3691 1562 3776 quippe
1586 3704 1752 3776 ipsius
1783 3705 2024 3771 veniunt,

449 3795 754 3866 quicunque
779 3805 977 3854 aterna
1026 3797 1245 3868 praemia
1288 3808 1706 3872 consequuntur.
1741 3797 1908 3854 Plena
1951 3805 2026 3852 est

449 3903 580 3960 ergo
607 3891 818 3948 dextera
857 3892 974 3962 ejus
992 3894 1222 3966 justitia,
1271 3894 1398 3965 quia
1427 3892 1481 3950 in
1511 3893 1661 3950 illam
1704 3901 1912 3962 partem
1937 3905 2030 3948 re-.

449 3979 736 4050 cipiuutur,
766 3983 856 4054 qui
879 3983 1043 4053 ipsius
1072 3999 1294 4042 munere
1318 3984 1448 4056 justi
1478 3999 1600 4042 esse
1625 3987 1937 4044 meruerint.

520 4071 672 4142 Vere.
699 4074 797 4140 ii.
826 4075 1048 4132 Laetetur
1078 4094 1220 4134 morte
1249 4078 1394 4142 Sion,
1429 4089 1474 4132 et
1500 4079 1751 4134 exsultent
1779 4079 1901 4148 ﬁliae
1927 4078 2028 4133 Ju-

447 4165 549 4231 dw,
599 4177 805 4242 propter
825 4168 1032 4240 judicia
1062 4179 1182 4235 tua,
1226 4169 1460 4224 Domine.
1507 4171 1606 4226 Per
1632 4181 1850 4225 montem
1896 4169 2029 4226 Sion

448 4253 692 4312 Ecclesia
738 4257 1000 4312 catholica
1041 4257 1394 4327 significatur,
1441 4275 1559 4330 qua:
1589 4260 2029 4330 interpretatione

451 4349 617 4419 ipsius
661 4351 894 4406 nominis
925 4351 978 4404 in
1008 4351 1375 4420 speculatione
1407 4353 1586 4422 populi
1621 4355 1857 4410 noscitur
1902 4367 2030 4410 cou-

449 4440 656 4494 stituta.
689 4439 813 4494 ilico
840 4448 1053 4509 optatur
1099 4441 1299 4508 tentari,
1349 4445 1475 4512 quia
1512 4459 1574 4498 ex
1604 4457 1824 4506 munere
1865 4445 2032 4514 ipsius

445 4539 647 4586 aeterna
689 4530 878 4603 gaudia
927 4532 1242 4600 possidebit.
1293 4531 1448 4588 Filia:
1486 4532 1660 4600 Judaz,
1691 4550 1878 4592 omnes
1905 4550 2032 4592 san-

446 4633 558 4678 ctas
589 4625 811 4678 feminas
839 4623 1092 4680 declarat.
1121 4623 1222 4680 Per
1253 4622 1449 4682 ludam
1479 4627 1620 4681 enim
1659 4628 1924 4696 iustarum
1957 4627 2032 4685 le—

2133 3423 2294 3480 hedie
2324 3423 2402 3490 ﬁt,
2452 3435 2672 3478 narrare
2696 3421 2981 3478 voluerunt
3007 3420 3202 3492 populo
3242 3419 3406 3478 ﬁdeli.
3431 3418 3714 3477 Sententia

2133 3516 2348 3587 qsidem
2377 3515 2577 3579 brevis,
2623 3513 2719 3572 sed
2749 3529 2870 3584 qua:
2897 3515 3142 3570 universa
3176 3513 3448 3572 concludit
3471 3531 3483 3566 :
3510 3509 3616 3568 Hie
3639 3521 3720 3568 est

2132 3607 2272 3672 Deus
2318 3606 2456 3662 Dens
2485 3615 2686 3675 noster,
2735 3603 3007 3662 Christum
3059 3605 3323 3677 signiﬁcat
3361 3622 3378 3660 :
3421 3605 3720 3662 “tendens

2131 3713 2253 3754 eum
2285 3697 2453 3768 digito
2481 3705 2734 3767 tanquam
2763 3703 3105 3768 prasentmn.
3135 3697 3266 3764 Qum
3311 3697 3478 3768 ﬁgura
3519 3697 3717 3754 dicitur

2135 3791 2275 3856 idea,
2307 3789 2495 3846 Latine
2519 3790 2766 3860 species:
2793 3789 3008 3860 quando
3051 3789 3250 3859 aliquid
3297 3788 3538 3845 futurum
3569 3788 3715 3844 velut

2132 3882 2308 3938 occis
2352 3881 2676 3948 minus,
2740 3891 2944 3938 metum
2998 3882 3164 3938 animi
3207 3883 3560 3939 concitamus.
3611 3881 3718 3936 Hie

2133 3979 2300 4042 enim,
2335 3989 2632 4047 pronomen
2679 3975 2961 4032 articulate
3003 3984 3107 4046 est,
3141 3975 3281 4048 quod
3324 3984 3451 4031 tunc
3474 3975 3716 4047 ponitur,

2132 4069 2344 4138 quando
2374 4078 2526 4124 tensa
2571 4081 2732 4125 manu
2766 4067 2961 4139 aliquis
2986 4067 3272 4124 indicatur.
3295 4069 3416 4140 ipse
3439 4070 3590 4124 enim
3627 4067 3720 4123 hic

2135 4171 2466 4218 monstratus
2485 4171 2590 4231 est,
2615 4162 2704 4232 qui
2733 4170 2790 4218 et
2823 4162 3131 4218 carnalibus
3149 4163 3324 4218 oculis
3357 4163 3532 4218 voluit
3553 4177 3720 4233 appa-

2134 4269 2252 4310 rere
2281 4272 2298 4310 ε
2325 4253 2394 4309 de
2419 4269 2524 4324 quo
2571 4253 2816 4310 similiter
2848 4253 3056 4309 Baruch
3103 4256 3360 4325 propheta
3405 4256 3578 4315 dicit:
3613 4255 3722 4312 Hic

2135 4355 2210 4404 est
2235 4343 2375 4402 Deus
2405 4357 2590 4412 noster,
2623 4355 2794 4401 etnon
2835 4347 3173 4402 animabitur
3213 4346 3348 4402 alias
3389 4347 3583 4418 absque
3625 4349 3720 4403 ille

2136 4438 2368 4508 (Baraclt
2397 4455 2476 4506 tu,
2527 4440 2642 4511 36).
2691 4441 2965 4512 Sequitur,
2997 4443 3052 4497 in
3079 4453 3358 4507 internum,
3387 4452 3436 4497 et
3481 4444 3540 4496 in
3563 4459 3723 4497 sern-

2135 4533 2244 4586 lum
2267 4531 2464 4588 surculi.
2513 4531 2710 4588 Contra
2740 4533 2860 4593 illos
2902 4535 3005 4589 hoc
3031 4535 3315 4591 dicendum
3367 4546 3451 4592 est
3498 4536 3587 4606 qui
3615 4534 3720 4592 sibi

2136 4623 2457 4693 temporales
2485 4623 2730 4682 homines
2777 4625 2908 4682 deos
2936 4641 3058 4682 esse
3086 4627 3320 4683 inaniter
3345 4629 3711 4694 somniahant,

447 4719 708 4774 minarum
749 4733 917 4790 genus
947 4719 1267 4785 ostenditur,
1320 4729 1535 4790 propter
1565 4719 1843 4779 ilontinum
1875 4722 2029 4780 Chri-
2056 4717 2107 4777 D
2136 4717 2374 4780 Martem.
2422 4705 2760 4785 Mercurium,
2791 4718 3102 4788 Saturnum,
3133 4730 3432 4790 cmleraquc
3463 4728 3716 4790 portenta

444 4819 607 4880 stum,
638 4816 723 4882 qui
757 4830 821 4870 cx
856 4813 964 4883 ipsi;
1010 4813 1150 4868 tribu
1182 4815 1360 4868 carnis
1401 4816 1778 4885 pt‘Opagatiouc
1797 4819 2024 4876 descen-

431 4904 542 4958 .dit.
571 4904 637 4960 lit
669 4907 762 4960 has
796 4916 979 4976 petunt
1005 4909 1304 4972 exsultare;
1336 4909 1468 4964 utin
1513 4920 1736 4980 utroque
1765 4926 1895 4966 sexu
1931 4914 2026 4967 lic-

445 4996 664 5062 clcsiam
691 4997 898 5054 Domini
921 4999 1222 5067 gavisurum
1245 5013 1365 5054 esse
1386 5011 1759 5057 monstrarent.
1785 5004 2024 5070 Addunt,

447 5098 654 5158 propter
673 5090 879 5160 judicia
930 5101 1038 5158 tua,
1085 5089 1336 5155 Domine;
1374 5091 1488 5162 ipsa
1538 5104 1616 5148 est
1660 5096 1804 5150 enim
1837 5111 2028 5166 inagna

445 5195 604 5236 causa
653 5180 868 5247 laetitiae,
910 5191 966 5236 ut
1012 5193 1218 5251 prepter
1257 5183 1464 5252 judit'ia
1506 5182 1715 5240 Domini
1753 5191 2023 5262 eximent,

447 5271 546 5324 ubi
569 5286 628 5325 se
675 5271 743 5328 ad
785 5271 1167 5328 beatitudinem
1216 5283 1472 5330 aeternam
1525 5285 1854 5347 cognoscunt
1907 5291 2028 5332 esse

445 5371 605 5416 ventu
613 5376 718 5418 ras.

520 5452 785 5509 Vers.13.
821 5454 1144 5512 Circumdate
1169 5455 1319 5526 Sion,
1353 5468 1402 5514 et
1451 5459 1848 5528 complectimini
1872 5473 2026 5513 eam:

443 5553 651 5600 narrate
678 5548 731 5600 in
759 5548 985 5602 turribus
1029 5550 1162 5619 ejus.
1195 5550 1485 5622 Postquam
1534 5562 1815 5620 utrumque
1840 5564 2026 5606 sexum

447 5638 518 5708 pii
553 5642 862 5700 sacerdotes
889 5654 1357 5709 commonucrunt,
1389 5645 1608 5700 veniunt
1656 5643 1724 5698 ad
1773 5644 2026 5702 ecclesia-

446 5733 608 5788 sticos
636 5733 876 5804 ordines,
905 5737 993 5808 qui
1020 5736 1238 5794 domum
1269 5737 1364 5792 Dei
1413 5736 1700 5792 aﬂectuosa
1746 5735 2030 5792 devotione

447 5825 792 5882 circumdant.
830 5826 1174 5890 Circumdate,
1219 5828 1284 5880 ad
1336 5825 1566 5880 honores
1614 5825 1844 5895 pertinet
1873 5825 2026 5880 exhi-

451 5915 646 5970 bendos
681 5935 693 5969 :
723 5920 1132 5991 cemptectimini,
1175 5920 1240 5970 ad
1289 5916 1608 5970 cliazitatem
1666 5933 1782 5986 qua:
1830 5932 2028 5976 nomen

2137 4810 2312 4878 potius
2339 4809 2566 4865 dicenda
2593 4825 2750 4880 quam
2795 4812 3032 4866 numina.
3068 4811 3208 4882 Ergo
3235 4811 3402 4867 Deum
3431 4813 3714 4867 immorta-

2136 4903 2262 4968 lem,
2290 4904 2696 4972 sempiternum,
2723 4905 2838 4961 sine
2861 4905 2968 4960 line
2990 4908 3415 4976 potentissimum
3437 4906 3720 4963 Christum

2138 4993 2420 5049 Dominum
2446 5005 2693 5051 asserunt
2734 4997 3149 5066 przedicandum,
3181 4999 3272 5068 qui
3303 5001 3356 5054 in
3399 5014 3463 5054 se
3488 5002 3722 5057 creden-

2137 5096 2212 5140 tes
2237 5089 2431 5155 jugiter
2453 5091 2680 5159 protegit
2707 5104 2770 5146 ac
2793 5091 3054 5148 defendit.
3085 5093 3336 5160 infertur,
3365 5105 3411 5148 et
3440 5095 3555 5161 ipse
3579 5105 3720 5167 reget

2135 5194 2228 5233 nos
2258 5181 2312 5234 in
2343 5180 2554 5235 saecula.
2588 5180 2750 5254 Roget
2779 5184 2962 5254 utique
2991 5199 3106 5251 nos,
3140 5185 3264 5256 quia
3312 5187 3428 5255 ipse
3477 5185 3594 5240 Rex
3622 5201 3722 5240 no-

2133 5279 2244 5326 ster
2278 5272 2488 5341 proprie
2516 5287 2579 5328 ac
2605 5275 2870 5332 veraciter
2891 5275 3094 5332 dicitur
3116 5275 3382 5333 Christus.
3409 5275 3477 5332 In
3501 5279 3718 5343 sarcula,

2133 5363 2397 5434 signiﬁcat
2426 5367 2541 5423 sine
2591 5369 2721 5435 ﬁne,
2749 5371 2999 5440 quoniam
3043 5385 3182 5442 quos
3205 5371 3302 5428 ille
3322 5373 3576 5444 menda
3599 5388 3722 5427 sus-

2134 5459 2337 5527 ceperit
2365 5459 2388 5531 (
2401 5460 2442 5514 si
2468 5468 2646 5518 tamen
2691 5462 2760 5518 ab
2791 5464 2908 5534 ipso
2935 5476 3044 5519 non
3071 5463 3328 5535 deciens)
3353 5464 3454 5522 sub
3480 5465 3721 5536 gloriosa

2135 5556 2486 5624 perpetuitate
2514 5557 2769 5614 custodit.

2671 5650 2945 5707 Conclusio
2971 5651 3176 5721 psalmi.

2206 5739 2430 5796 Paterna
2473 5740 2624 5796 nobis
2649 5749 2707 5796 et
2733 5741 3082 5798 sacerdota!
3113 5743 3256 5798 dicta
3283 5750 3614 5809 senm,
3663 5749 3726 5798 at

2133 5830 2201 5886 ab
2225 5833 2372 5886 omni
2401 5839 2551 5901 parte
2573 5833 2788 5901 pulsati,
2821 5833 2890 5889 ad
2911 5846 3112 5890 rectam
3137 5835 3386 5894 semitam
3414 5847 3726 5891 amantur

2134 5923 2343 5978 adduci.
2378 5923 2582 5987 Quanta
2627 5922 2745 5989 tibi,
2773 5923 2886 5980 Res
2935 5926 3089 6003 hunc,
3122 5940 3248 5982 cura
3279 5935 3362 5981 est
3411 5925 3716 5994 Matinum,
