3996 6346
460 398 574 458 345

1689 396 1762 454 Il.
1807 392 2093 457 AURELII
2125 391 2530 457 CASSIODORI

3640 400 3745 457 3N

459 515 696 574 nuntiat.
712 514 846 584 Quae
870 515 1040 588 ﬁgura
1055 513 1253 573 dicitur
1263 513 1448 587 pensis
1467 518 1525 572 et
1541 513 1825 585 apocrisis,
1839 512 2056 585 quando
2078 513 2135 574 Α
2157 512 2214 567 in
2236 521 2505 578 (sternunt,
2533 511 2627 583 qui
2652 519 2907 584 perpetua
2936 514 3143 573 ultione
3162 515 3455 575 damnandi
3481 527 3639 588 sunt;
3670 526 3745 578 ei-

458 610 887 682 interrogatioue
906 608 1210 681 praemissa,
1236 607 1518 679 responsio
1541 615 1664 679 apta
1685 604 2046 677 subsequitur.

460 703 608 760 Dicit
631 703 799 771 enim,
826 698 1018 772 thuid
1045 700 1269 756 timebo!
1296 700 1355 756 Id
1380 707 1483 766 est,
1506 713 1673 770 quare
1699 698 2050 755 formidolosa

459 795 790 866 cogitatione
832 791 1167 848 confundat?
1195 791 1265 846 In
1310 792 1393 846 die
1420 791 1590 859 mala,
1626 790 1681 845 in
1727 790 1816 846 die
1844 788 2052 845 scilicet

456 891 751 961 passionis,
781 904 900 960 quae
929 888 1070 943 mala
1098 886 1319 953 ludatis,
1361 886 1499 943 bona
1530 884 1775 941 ﬁdelibus
1806 884 1925 940 fuit.
1956 883 2049 939 llle

458 983 607 1039 enim
637 984 825 1038 timere
845 980 1004 1037 debet
1028 981 1149 1037 vita:
1175 980 1361 1047 linem,
1383 981 1471 1051 qui
1501 986 1841 1051 peccatorum
1867 991 2050 1033 recor-

456 1074 677 1131 datione
724 1074 1019 1130 mordetur.
1062 1072 1307 1129 Christus
1355 1081 1534 1129 autem
1574 1080 1804 1128 mortem
1852 1071 2047 1126 timere

454 1183 563 1223 non
596 1175 842 1237 poterat,
894 1167 984 1237 qui
1017 1175 1234 1237 peccata
1284 1165 1607 1222 omnimodis
1636 1180 1743 1222 non
1793 1164 2043 1223 habebat.

453 1258 594 1316 Dicit
620 1260 763 1316 enim
797 1277 813 1313 :
842 1260 1022 1327 Quare
1043 1259 1247 1313 timeam
1273 1260 1329 1313 in
1358 1258 1443 1313 die
1465 1257 1650 1313 mala?
1675 1256 1921 1326 Nunquid
1941 1256 2046 1311 ini-

452 1355 625 1426 quitas
654 1355 885 1408 calcanei
918 1354 1017 1408 mei
1045 1352 1387 1408 circumdabit
1433 1354 1554 1407 me?
1581 1351 2042 1420 Quemadmodum

454 1447 596 1503 solet
622 1448 933 1517 contingere
959 1446 1249 1517 peccatori,
1282 1454 1342 1501 ut
1367 1454 1604 1502 extrema
1634 1444 1750 1514 ejus
1781 1443 2041 1499 scelerato

452 1538 562 1595 fine
587 1539 926 1595 claudantur.
971 1539 1081 1594 Alii
1108 1552 1238 1594 vero
1266 1545 1484 1608 propter
1507 1534 1885 1593 excellentiam
1911 1548 2040 1590 san-

412 1616 427 1704 ξ
452 1641 556 1689 cla:
583 1633 962 1689 incarnationis
986 1635 1087 1689 hoc
1117 1632 1287 1704 magis
1315 1648 1346 1687 a
1379 1640 1528 1703 parte
1553 1630 1914 1687 membrorum
1943 1643 2037 1685 ac-

412 1682 753 1878 ‘cipiendum
783 1742 903 1783 esse
932 1727 1201 1783 dixerunt.

520 1818 672 1875 Vers.
707 1818 759 1874 6.
817 1820 918 1878 Qui
942 1820 1201 1878 conﬁdunt

520 1818 672 1875 Vers.
707 1818 759 1874 6.
817 1820 918 1887 Qui
942 1820 1209 1887 conﬁdunt
1253 1820 1309 1873 in
1353 1818 1536 1874 virtute
1579 1832 1722 1873 sua:
1753 1816 1941 1887 quique
1978 1815 2037 1869 in

2150 614 2264 661 vent
2293 606 2346 661 in
2386 605 2488 662 hoc
2527 605 2730 663 mundo
2770 610 2826 663 in
2866 608 3007 677 ﬁne,
3044 608 3138 681 qui
3175 609 3461 681 desperata
3496 612 3748 673 libertate

2152 698 2448 754 luxuriant.
2471 699 2812 772 Quapropter
2836 703 2892 757 in
2913 702 3183 760 voluntate
3200 706 3306 761 erit
3332 706 3626 776 legentium
3646 708 3748 766 eli-

2150 804 2278 860 gere
2300 790 2429 860 quid
2448 801 2762 862 sequantur.
2783 792 2894 849 Nos
2921 803 3098 851 tamen
3119 795 3187 851 de
3215 794 3467 854 ﬁdelibus
3483 797 3748 857 hactenus

2149 880 2352 937 dictum
2401 897 2523 939 esse
2572 885 2983 955 perspeximus;
3031 900 3174 943 nunc
3217 888 3500 946 audiamus
3549 892 3746 963 perﬁdi

2148 982 2346 1043 quanta
2375 976 2581 1044 passuri
2609 976 2739 1033 sint.

2219 1086 2375 1143 Vers.
2410 1089 2497 1144 10.
2544 1090 2673 1145 Cum
2718 1091 2898 1146 uiderit
2936 1093 3190 1163 sapientes
3234 1097 3506 1152 morientes
3536 1113 3558 1153 :
3585 1099 3747 1154 airnad

2145 1178 2396 1251 insipiens
2422 1191 2471 1237 et
2499 1182 2687 1239 stultus
2724 1185 2980 1256 peribunt,
3011 1196 3062 1241 et
3086 1188 3369 1259 relinquent
3395 1189 3582 1245 alienis
3611 1191 3751 1245 dini-

2147 1270 2246 1326 tias
2290 1288 2431 1328 suas.
2464 1272 2625 1329 Venit
2650 1274 2718 1329 ad
2749 1276 3043 1331 secundum
3085 1278 3311 1336 docendi
3359 1280 3579 1335 modum
3601 1321 3619 1347 ,
3649 1280 3748 1337 ubi

2144 1372 2459 1433 peccatores
2488 1378 2610 1420 cum
2661 1365 2992 1435 sapientibus
3043 1367 3198 1439 hujus
3243 1369 3428 1425 mundi
3457 1369 3591 1426 dicit
3617 1386 3747 1429 esse

2146 1454 2448 1523 perituros,
2493 1464 2547 1512 et
2576 1455 2789 1512 divitias
2833 1471 2992 1525 suas,
3030 1473 3166 1531 quas
3192 1475 3516 1532 magnopere
3542 1462 3744 1532 dilige-

2143 1544 2294 1613 bant,
2327 1562 2434 1603 nnn
2464 1548 2599 1615 suis,
2648 1548 2763 1614 sed,
2804 1548 2947 1618 quod
2977 1550 3191 1619 gravius
3235 1558 3437 1619 ureret,
3466 1553 3744 1610 extraneis

2144 1639 2550 1694 successoribus
2577 1638 2765 1695 deﬂuit
2806 1655 2931 1696 esse
2975 1640 3387 1711 relinquendas;
3418 1651 3476 1697 ut
3518 1654 3747 1714 propter

2141 1745 2277 1800 quas
2306 1730 2486 1785 omnia
2535 1739 2754 1799 peccata
2801 1733 3224 1801 commiserant,
3257 1748 3363 1789 non
3396 1735 3743 1803 possessione

2141 1822 2374 1893 ipsarum
2400 1864 2415 1891 ,
2470 1839 2570 1879 nec.
2601 1824 2819 1895 proprio
2870 1839 3185 1881 successore
3216 1825 3566 1894 laetarentur;
3601 1827 3745 1884 sicut

446 1912 765 1967 abundantia
792 1911 1087 1966 divitiarum
1127 1928 1339 1967 suarum
1382 1912 1692 1984 gloriantur.
1726 1909 1855 1964 Ηωο
1899 1923 2036 1978 pen-
2064 1891 2115 1954 Β
2139 1891 2392 1975 Salomon
2422 1918 2551 1973 dicit,
2585 1891 2616 1973 ε-
2638 1891 2717 1973 In.
2734 1920 2872 1990 quod
2900 1929 3248 1990 peccaverunt,
3279 1936 3371 1975 nec
3395 1891 3563 1975 laturi
3603 1920 3740 1995 [ed,,

448 2003 576 2060 dent
606 2004 674 2059 de
716 2004 995 2073 superidre
1020 2003 1309 2071 versiculo,
1352 2003 1545 2073 quibus
1568 2000 1900 2072 jungendum
1929 2009 2035 2068 est,

446 2095 582 2153 tales
608 2096 1010 2152 circumdantur
1034 2097 1088 2151 in
1130 2096 1410 2166 iniquitate
1438 2094 1698 2150 calcanei.
1730 2093 1861 2148 Nam
1893 2108 2033 2162 prae-

444 2200 668 2246 sumunt
691 2193 743 2245 in
759 2192 945 2245 virtute
967 2207 1083 2259 sua,
1110 2190 1199 2261 qui
1216 2189 1465 2246 videntur
1486 2190 1660 2259 aliqua
1678 2188 2036 2259 possibilitate

442 2286 724 2355 conﬁdere,
755 2294 814 2341 ttt
839 2285 1043 2341 viribus
1065 2284 1339 2354 corporeis
1362 2284 1623 2350 valentes,
1654 2283 1815 2338 animi
1838 2282 2035 2338 robore

444 2389 500 2438 et
522 2380 717 2453 linguae
744 2381 900 2453 162
922 2378 1298 2435 disertitudine
1324 2378 1724 2449 praeminentes.
1750 2375 1857 2431 Sed
1882 2382 2033 2445 post-

446 2489 607 2546 quam
644 2473 779 2528 dixit
803 2473 1125 2529 intrinsecus
1148 2471 1427 2539 attributa,
1468 2485 1610 2525 nunc
1639 2470 1784 2525 venit
1807 2468 1875 2523 ad
1900 2468 2035 2522 divi-

445 2563 550 2620 tias
570 2579 690 2633 qute
714 2563 1051 2620 extrinsecus
1076 2565 1317 2629 veniunt,
1347 2577 1445 2633 per
1465 2577 1597 2632 quas
1623 2560 1853 2617 maxime
1881 2559 2035 2615 inﬂa-

442 2661 532 2711 tur
558 2654 882 2712 humanitas.
908 2656 1053 2713 Raro
1071 2656 1215 2714 enim
1237 2655 1388 2712 dives
1408 2665 1609 2712 sortem
1634 2654 1738 2711 sibi
1758 2668 1878 2709 cum
1902 2668 2035 2723 pau-

442 2746 666 2820 peribus
694 2748 945 2819 intelligit
972 2761 1094 2805 esse
1122 2762 1485 2804 communem.
1516 2747 1581 2802 Et
1618 2759 1840 2802 necesse
1865 2754 1948 2802 est
1972 2753 2033 2801 ut

441 2839 580 2895 tales
605 2839 833 2895 timeant
856 2839 1042 2907 linem,
1059 2837 1152 2910 qui
1178 2846 1235 2894 et
1251 2838 1502 2895 deserere
1529 2836 1798 2893 mundana
1820 2834 2029 2903 nolunt,

440 2938 498 2987 et
525 2938 868 3003 peccatorum
910 2945 1130 2988 suorum
1160 2945 1349 3002 pmnas
1376 2930 1707 2988 conscientia
1750 2935 1888 2986 teste
1918 2928 2026 2983 ior-

589 3041 663 3080 nt.

589 3041 619 3079 n
647 3062 663 3080 .

436 3025 671 3175 marg.
705 3117 761 3173 7.
812 3113 1004 3172 Frater
1030 3132 1135 3172 non
1170 3115 1416 3171 redimit!
1458 3116 1671 3171 redimet
1702 3114 1897 3169 homo:
1930 3128 2033 3168 non

438 3210 581 3265 dabit
607 3209 721 3265 Deo
749 3209 1095 3282 placationem
1122 3224 1288 3263 suam.
1322 3208 1611 3278 Postquam
1639 3205 1708 3263 de
1736 3205 2032 3275 peccatori-

2139 2006 2335 2079 latere]
2365 2017 2641 2079 potuerunt
2670 2009 2691 2079 (
2714 2008 2844 2078 Sap.
2873 2025 2908 2063 x
2932 2050 2949 2078 ,
2980 2012 3013 2065 8
3038 2010 3078 2081 ).
3111 2009 3239 2065 Cum
3262 2011 3447 2065 viderit
3486 2021 3743 2081 peccator

2141 2101 2327 2172 utique
2355 2102 2610 2171 sapientes
2639 2102 2821 2156 saeculi
2845 2102 2998 2157 istius
3027 2102 3095 2157 ab
3121 2104 3338 2158 interitu
3367 2119 3472 2158 non
3496 2104 3739 2171 liberari,

2138 2201 2198 2248 ut
2223 2192 2320 2247 luit
2338 2192 2502 2248 Solon
2529 2192 2895 2257 Atheniensis,
2930 2193 3086 2249 Philo
3114 2194 3578 2263 Lacedaemonius,
3610 2195 3739 2251 Ario

2136 2283 2366 2353 stippus,
2388 2293 2442 2338 et
2463 2284 2644 2340 caeteri
2665 2284 2757 2354 qui
2780 2284 3062 2340 mundana:
3080 2285 3355 2356 sapientia:
3375 2286 3738 2343 celeberrima

2136 2374 2295 2431 laude
2340 2376 2655 2447 viguerunt;
2698 2376 2795 2432 sed
2835 2376 2981 2432 videt
3026 2391 3120 2433 eos
3161 2378 3525 2434 communiter
3553 2378 3735 2444 mori,

2135 2484 2273 2540 quos
2316 2468 2511 2524 divinas
2536 2468 2826 2538 Sapientia:
2864 2469 3147 2539 participes
3189 2470 3514 2542 aestimabat.
3542 2469 3737 2540 Sequi-

2136 2567 2222 2616 tur
2244 2601 2262 2627 ,
2308 2560 2461 2614 sintul
2488 2560 2734 2630 insipiens
2779 2569 2825 2616 et
2854 2562 3042 2616 stultus
3081 2561 3334 2633 peribunt.
3381 2561 3617 2618 Necesse
3644 2569 3731 2618 est

2136 2653 2282 2710 enim
2312 2662 2371 2709 ut
2398 2654 2641 2725 insipiens
2670 2663 2716 2710 et
2741 2654 2927 2710 stultus
2956 2654 3333 2726 desperatione
3357 2665 3583 2727 pereant,
3606 2672 3728 2713 cum

2135 2758 2265 2800 suos
2306 2746 2578 2817 sapientes
2607 2748 2960 2818 cognoverint
3003 2747 3243 2805 interire.
3273 2747 3474 2805 Verum
3513 2757 3571 2805 ut
3615 2749 3734 2804 haec

2135 2835 2311 2908 magis
2356 2836 2706 2907 spiritualiter
2754 2838 3000 2907 accipere
3049 2838 3381 2906 debeamus;
3433 2840 3731 2912 insipientes

2137 2936 2265 2982 sunt
2305 2927 2400 2997 qui
2448 2927 2914 2997 praedicationibus
2960 2927 3339 3000 prophetarum
3384 2931 3731 3001 acquiescere

2136 3020 2462 3087 noluerunt;
2514 3021 2658 3075 stulti
2688 3029 2865 3077 autem
2909 3020 3032 3091 jure
3077 3022 3290 3079 dicendi
3319 3033 3446 3080 sunt
3489 3024 3582 3094 qui
3630 3039 3732 3080 nec

2135 3113 2314 3183 ipsum
2360 3112 2632 3169 Christum
2662 3112 2946 3170 Dominum
2994 3114 3290 3172 venientem
3323 3117 3570 3187 recipere
3616 3132 3732 3175 ma-

2136 3205 2371 3262 luerunt.
2406 3204 2468 3259 lli
2499 3219 2627 3276 ergo
2674 3205 2831 3260 simul
2869 3207 3140 3278 peribunt,
3170 3206 3420 3277 quoniam
3464 3207 3519 3262 in
3550 3206 3729 3264 futura

435 3303 540 3362 bus
568 3303 742 3372 dixit,
794 3317 1023 3374 quorum
1054 3303 1306 3373 iniquitas
1347 3301 1657 3357 calcaneum
1686 3298 2023 3368 circumdat,
2055 3292 2104 3359 C
2132 3298 2462 3371 judicatione
2488 3296 2776 3354 damnandi
2802 3308 2943 3354 sunt.
2980 3299 3313 3370 Reliquerunt
3338 3309 3518 3355 autem
3554 3300 3727 3356 Judaei

434 3400 587 3456 venit
615 3399 683 3455 ad
709 3414 879 3472 genus
925 3399 1218 3456 curationis
1259 3398 1535 3455 eximium.
1565 3398 1633 3454 Et
1675 3399 1775 3453 hoc
1815 3411 2028 3468 quoque

435 3491 539 3549 sub
578 3491 933 3549 admiratione
960 3491 1242 3562 legendum
1271 3500 1353 3548 est
1386 3509 1400 3545 :
1434 3489 1624 3546 Frater
1651 3506 1755 3546 non
1782 3490 2028 3544 redimit!

436 3585 495 3643 id
524 3593 605 3643 est
636 3585 894 3643 Dominus
916 3585 1183 3654 Christus,
1216 3590 1308 3657 qul
1333 3585 1466 3641 dixit
1488 3586 1541 3641 in
1571 3584 1861 3656 Evangelio
1895 3601 1910 3639 :
1943 3583 2028 3639 Ite

434 3678 666 3734 nuntiate
713 3680 956 3751 fratribus
986 3678 1111 3734 meis
1160 3677 1398 3751 (Matth.
1433 3693 1636 3744 xxvttl,
1686 3676 1835 3747 10);
1879 3675 2025 3730 etin

430 3772 643 3842 psalmo
673 3786 688 3827 :
722 3771 965 3828 Narrabo
1007 3789 1191 3828 nomen
1219 3780 1359 3827 tuum
1407 3772 1649 3843 fratribus
1690 3771 1814 3824 meis
1846 3767 2021 3840 (Psal.

430 3878 522 3920 xxi
550 3906 565 3929 ,
596 3863 667 3918 25
686 3864 727 3937 ).
759 3865 878 3936 Ipse
923 3865 969 3921 si
1012 3881 1120 3921 non
1167 3865 1398 3921 redimat
1424 3868 1515 3934 qui
1545 3863 1682 3918 fudit
1708 3861 2022 3932 sanguinem

432 3955 758 4027 pretiosum;
793 3954 1170 4037 redempturus
1196 3965 1279 4013 est
1304 3958 1486 4024 homo,
1520 3955 1570 4011 id
1600 3962 1684 4010 est
1706 3954 1898 4021 Adam,
1929 3953 2023 4024 qui

434 4051 723 4106 humanum
747 4066 914 4123 genus
930 4042 1389 4121 transgressionis
1410 4048 1542 4104 vitio
1571 4046 1864 4104 sauciarit?
1895 4045 2023 4102 Non

430 4145 594 4213 dabit,
615 4146 858 4218 negantis
887 4159 966 4201 est
994 4162 1009 4211 ;
1040 4144 1166 4216 quia
1190 4144 1333 4200 nulla
1362 4143 1586 4210 oblatio,
1614 4140 1761 4197 nulla
1791 4140 2022 4211 placatio

429 4245 611 4309 potest
657 4252 1039 4309 compensare,
1071 4237 1213 4308 quod
1260 4250 1361 4293 nos
1390 4234 1649 4291 Divinitas
1691 4242 1776 4291 est
1803 4233 2020 4306 dignata

425 4330 715 4385 redimere.

500 4420 658 4479 Vers.
691 4419 743 4475 8.
794 4419 907 4475 Nec
934 4420 1152 4491 pretium
1178 4420 1537 4492 redemptionis
1582 4420 1769 4476 animae
1798 4435 1905 4475 sua:
1922 4437 1942 4488 ;
1969 4430 2019 4477 et

426 4511 681 4569 laborabit
705 4513 761 4567 in
781 4520 1047 4568 telernum.
1081 4512 1214 4567 Pars
1238 4511 1339 4566 ista
1362 4511 1532 4581 prima
1554 4525 1743 4568 versus
1764 4510 1922 4582 hujus
1951 4511 2019 4569 ad

429 4607 753 4662 sententiam
782 4604 1000 4676 respicit
1024 4604 1357 4675 superiorem
1381 4619 1396 4658 :
1422 4605 1545 4675 quia
1578 4606 1740 4661 homo
1761 4605 2017 4662 liberatus

2136 3391 2320 3446 alienis
2345 3390 2548 3445 divitias
2574 3406 2716 3458 suas,
2746 3392 2995 3460 quoniam
3023 3391 3400 3461 spernentibus
3434 3392 3515 3447 eis
3542 3390 3726 3449 Domio

2133 3496 2263 3539 num
2291 3481 2648 3551 Salvatorem,
2691 3481 2760 3537 ad
2783 3491 2971 3553 gentes
3008 3491 3294 3541 extraneas
3316 3483 3508 3541 salutis
3536 3499 3724 3542 eorum

2131 3576 2353 3647 praemia
2384 3576 2730 3632 transierunt.

2206 3679 2360 3734 Vers.
2393 3679 2481 3734 ll.
2513 3677 2582 3732 Et
2610 3679 2845 3748 sepulcra
2871 3694 3049 3734 eorum
3085 3676 3265 3735 domus
3293 3696 3470 3737 eorum
3493 3681 3551 3735 in
3574 3690 3724 3737 teter-

2129 3785 2253 3825 num
2276 3786 2295 3835 ;
2345 3770 2676 3825 tabernacula
2705 3785 2882 3824 eorum
2909 3772 2963 3825 in
2991 3774 3313 3842 generatione
3339 3782 3385 3828 et
3432 3774 3683 3846 progenie
3704 3813 3722 3842 ,

2127 3860 2435 3916 invocabant
2463 3862 2675 3915 nomina
2717 3876 2894 3916 eorum
2938 3863 2992 3915 in
3020 3865 3169 3918 terris
3195 3864 3445 3935 ipsorum.
3489 3864 3724 3920 Morien-

2126 3951 2261 4007 tium
2292 3952 2515 4008 divitum
2559 3967 2752 4024 pompa
2801 3953 3140 4019 describitur,
3183 3956 3273 4026 qui
3321 3956 3424 4011 sibi
3455 3954 3726 4013 aediﬁcant

2126 4048 2375 4118 sepulcra
2405 4048 2611 4119 magnis
2640 4046 2956 4104 tractatibus
2979 4048 3262 4118 exquisita.
3292 4049 3551 4108 Videmus
3576 4054 3722 4110 enim

2126 4141 2371 4213 quaedam
2394 4140 2668 4197 mausolea
2685 4138 3063 4211 pulcherrimis
3082 4142 3316 4198 renitere
3337 4146 3722 4215 marmoribus,

2127 4244 2189 4291 ut
2217 4234 2409 4290 domus
2444 4236 2776 4290 aestimentur
2802 4242 3020 4290 aeternae
3059 4236 3266 4307 magnis
3296 4236 3529 4294 molibus
3560 4240 3726 4298 labri-

2123 4338 2279 4386 catte.
2308 4328 2437 4385 Post
2467 4327 2584 4386 haec
2612 4328 2761 4385 venit
2787 4327 2854 4383 ad
2883 4343 3070 4385 eorum
3098 4330 3445 4400 tabernacula,
3477 4349 3601 4404 qua
3632 4349 3727 4391 co.

2122 4419 2274 4490 piosa
2302 4418 2550 4490 largitate
2578 4419 2760 4475 lulcita
2788 4430 2931 4485 sunt,
2974 4429 3032 4476 ut
3058 4421 3111 4477 in
3151 4421 3338 4494 longas
3362 4428 3723 4495 generationes

2121 4521 2170 4567 et
2188 4513 2452 4584 progenies
2469 4512 2735 4567 constanti
2763 4510 3159 4581 pulchritudine
3178 4515 3563 4584 perducantur.
3586 4517 3725 4575 Sub—

2119 4603 2297 4674 junxit
2324 4604 2485 4659 etiam
2533 4603 2695 4659 ritum
2740 4618 2898 4674 quem
2930 4605 3201 4674 gentilitas
3245 4605 3299 4661 in
3347 4609 3722 4677 parentalibus

425 4714 531 4753 non
555 4699 696 4754 dabit
723 4698 832 4753 Deo
871 4697 1212 4770 placationent
1242 4714 1411 4766 suam,
1454 4714 1547 4753 nec
1574 4699 1794 4768 pretium
1819 4698 2020 4753 redem-
2043 4687 2100 4752 Ι)
2123 4709 2281 4767 agere
2324 4696 2623 4762 consuevit,
2651 4696 2867 4767 quando
2891 4694 3037 4751 fatua
3078 4697 3458 4767 superstitione
3490 4700 3545 4754 in
3574 4702 3725 4757 terris

425 4793 615 4865 ptionis
634 4795 821 4849 animae
845 4808 971 4849 sua.
998 4792 1230 4847 Pretium
1254 4800 1339 4850 est
1355 4792 1500 4848 enim
1522 4792 1745 4862 alicujus
1773 4792 1851 4847 rei
1871 4805 2021 4847 com-

424 4886 692 4959 pensatio.
726 4887 897 4942 Homo
943 4892 1124 4942 autem
1173 4885 1301 4956 quid
1330 4885 1479 4941 dabit
1525 4886 1577 4941 in
1610 4884 1837 4955 pretium
1862 4925 1878 4952 ,
1928 4884 2019 4955 qui

422 4989 596 5040 totum
616 4981 769 5053 quod
798 4982 991 5038 oll'erre
1020 4981 1192 5052 possit
1217 4981 1461 5052 accepit?
1492 4980 1764 5051 Sequitur,
1806 4987 1851 5031 ct
1881 4978 2022 5032 labo-

422 5075 559 5129 rabit
585 5075 640 5129 in
662 5083 907 5129 teternum
930 5089 949 5129 :
969 5072 1035 5129 de
1060 5073 1305 5130 ﬁdelibus
1330 5073 1484 5140 dixit,
1502 5074 1616 5143 qui,
1636 5072 1881 5142 quamvis
1900 5085 2016 5140 pre.—

423 5169 553 5224 tium
592 5167 957 5237 redemptionis
985 5167 1171 5223 animle
1197 5182 1302 5223 sute
1331 5170 1454 5222 dare
1481 5180 1588 5223 non
1614 5165 1841 5235 possint,
1870 5165 2017 5219 labo-

421 5269 544 5315 rant
579 5267 759 5316 tamen
798 5259 853 5314 in
880 5269 1145 5325 aeternum,
1177 5258 1303 5315 dum
1334 5257 1437 5314 hoc
1475 5266 1637 5329 agunt
1664 5255 1807 5326 quod
1825 5255 1916 5325 eis
1945 5256 2013 5311 ad

419 5353 642 5423 praemia
671 5353 794 5409 vitae
823 5363 1037 5409 ueterum
1066 5352 1331 5424 proficiat.
1661 5348 1683 5367 ’

492 5445 651 5503 Vers.
681 5448 736 5505 9.
773 5446 840 5503 Et
867 5449 996 5502 vivet
1023 5448 1077 5501 in
1104 5448 1276 5517 ﬁnem,
1310 5444 1551 5515 quoniam
1578 5458 1681 5497 non
1720 5440 1905 5496 uidebit
1929 5442 2013 5496 in-

421 5538 647 5594 teritum.
681 5537 757 5596 De
777 5540 880 5596 illis
907 5538 1084 5595 adhuc
1103 5535 1255 5607 dicit,
1277 5536 1364 5606 qui
1396 5534 1628 5588 laborant
1655 5532 1709 5585 in
1728 5540 2011 5596 attentum;

423 5631 516 5690 isti
544 5633 685 5689 enim
710 5633 764 5689 in
791 5635 894 5702 ﬁne
917 5635 1161 5696 viventes,
1186 5629 1238 5684 id
1267 5635 1349 5682 est
1374 5626 1427 5680 in
1463 5624 1690 5680 Domino
1713 5623 2008 5692 Salvatore,

424 5727 684 5783 interitum
701 5744 802 5783 non
832 5727 1106 5783 videbunt:
1130 5720 1253 5793 quia
1281 5719 1407 5775 licet
1438 5732 1666 5785 corpore
1692 5716 2010 5786 moriantur,

426 5829 641 5877 aetemae
667 5825 786 5875 vitae
816 5833 1040 5875 munere
1065 5823 1192 5872 sunt
1219 5811 1393 5869 dilati.
1424 5810 1526 5865 Alii
1556 5824 1743 5866 versus
1775 5809 1908 5865 istos
1938 5809 2010 5865 ita

421 5912 792 5979 peccatoribus
807 5912 1076 5970 estimant
1095 5904 1465 5979 applicandos,
1488 5902 1752 5971 dicentes,
1773 5898 2010 5959 laborant

2121 4802 2330 4856 eorum,
2351 4788 2402 4843 id
2422 4788 2575 4844 estin
2594 4787 2857 4859 sepulcris
2872 4790 3109 4843 invocant
3130 4788 3340 4843 nomina
3357 4802 3719 4860 mortuorum;

2121 4886 2176 4936 et
2203 4880 2431 4935 credunt
2474 4878 2578 4934 hoc
2606 4880 2713 4935 illis
2756 4880 3036 4951 prodesse,
3067 4879 3211 4951 quod
3240 4896 3427 4938 eorum
3467 4882 3723 4942 videntur

2121 4972 2377 5028 exhibere
2406 4973 2704 5028 memoriae.
3014 4968 3017 4969 ν

2197 5072 2349 5127 Vers.
2383 5071 2469 5127 12.
2522 5071 2590 5125 Et
2622 5072 2773 5128 homo
2803 5089 2919 5129 cum
2947 5074 3002 5129 in
3040 5074 3234 5130 honore
3260 5082 3389 5131 esset
3428 5091 3535 5131 non
3561 5078 3723 5133 intel.

2121 5163 2243 5217 texit
2272 5179 2292 5217 :
2322 5173 2650 5233 comparatus
2679 5174 2751 5220 est
2768 5168 3019 5239 jumentis
3045 5166 3429 5239 insipientibus,
3459 5178 3507 5224 et
3534 5171 3721 5227 similis

2119 5255 2288 5323 factus
2336 5265 2408 5311 est
2434 5257 2560 5311 illis.
2609 5254 2688 5314 De
2735 5258 2869 5327 ipsis
2916 5260 3090 5315 adhuc
3120 5260 3356 5331 loquitur
3403 5262 3494 5332 qui
3527 5263 3718 5319 mundi

2118 5345 2275 5401 istius
2323 5346 2528 5403 honore
2556 5348 2871 5406 floruerunt.
2921 5349 3055 5405 Nam
3103 5353 3349 5421 quamvis
3380 5363 3638 5423 peccator
3666 5356 3720 5410 in

2117 5439 2311 5495 honore
2335 5439 2405 5496 sit
2432 5441 2557 5498 dum
2580 5443 2729 5512 vivit,
2759 5444 2885 5514 quia
2909 5443 3003 5500 Dei
3028 5455 3206 5514 portat
3230 5447 3539 5517 imaginem,
3564 5458 3717 5505 recte

2119 5531 2311 5588 dicitur
2339 5534 2652 5606 dignitatem
2701 5550 2852 5591 suam
2900 5552 3002 5591 non
3051 5538 3373 5611 intelligere,
3419 5540 3547 5597 dum
3581 5542 3715 5598 talia

2120 5620 2267 5690 facit,
2293 5641 2412 5695 qua:
2439 5625 2508 5681 ab
2548 5627 2666 5697 ipso
2693 5624 2949 5685 Creatore
2976 5629 3223 5688 videntur
3246 5633 3577 5688 omnimodis
3607 5635 3716 5691 dis-

2117 5722 2357 5786 crepare.
2402 5719 2674 5788 Sequitur,
2717 5732 3038 5793 comparatus
3077 5731 3151 5777 est
3183 5724 3431 5795 jumentis
3461 5724 3714 5795 insipien-

2118 5808 2270 5877 tibus,
2299 5820 2345 5863 et
2371 5810 2554 5867 similis
2580 5815 2748 5883 factus
2774 5823 2848 5869 est
2871 5815 2996 5870 illis.
3034 5815 3341 5872 Similitudo
3366 5816 3525 5874 datur
3546 5817 3710 5890 digna

2116 5900 2469 5972 vecordibus;
2498 5912 2558 5961 ut
2580 5902 2673 5975 qui
2698 5918 2759 5964 se
2787 5905 3075 5979 imaginem
3099 5907 3198 5967 Dei
3237 5918 3452 5980 gestare
3473 5925 3584 5969 non
3614 5912 3707 5973 in-
