3996 6346
1123 402 1487 464 EXPOSITIO
1522 401 1592 462 IN
1628 399 2090 462 PSAL'I‘ERIUM.
2132 400 2327 461 PSAL.
2369 399 2600 458 XLVIII.

230 373 438 468 345'

3395 397 3501 454 546

232 522 500 593 telligunt,
530 529 767 589 congrue
781 516 1031 588 iumentis
1056 515 1414 587 insipientibus
1438 525 1815 589 comparentur.
1844 517 1902 579 Α
2001 516 2155 573 Vers.
2187 518 2274 573 15.
2326 513 2394 571 Et
2421 517 2675 572 auxilium
2703 529 2877 571 eorum
2903 520 3176 572 octerascet
3202 515 3258 571 in
3285 515 3504 586 inferno,

229 616 366 674 Nam
407 627 531 670 cum
576 611 836 667 rationem
882 616 1190 680 perceptam
1229 609 1561 682 jussionibus
1606 609 1819 666 Domini

232 708 610 776 mandatisque
640 719 745 759 non
773 704 1051 770 exhibent,
1087 705 1279 760 merito
1305 719 1423 759 eam
1452 711 1704 774 tanquam
1733 704 1817 759 in-

231 798 382 870 digni
431 806 578 852 tanto
613 809 838 852 munere
865 795 1229 866 perdiderunt.
1274 794 1408 851 Nam
1439 797 1568 852 tolle
1615 794 1819 851 homini

232 895 332 950 Dei
373 892 884 959 considerationem,
913 901 969 948 et
995 894 1213 948 omnino
1236 907 1396 963 pecus
1432 893 1688 964 insipiens
1713 901 1817 963 est,

231 987 582 1058 praesumptio
609 1001 767 1052 vana,
796 993 852 1042 et
891 987 1093 1044 caduca
1133 988 1403 1057 superbia.
1441 988 1546 1044 Sed
1575 987 1822 1058 quamvis

231 1081 304 1139 de
332 1080 648 1137 mortalibus
673 1080 879 1135 dicatur
906 1095 921 1132 :
955 1079 1025 1133 Et
1063 1081 1213 1136 homo
1241 1097 1357 1134 cum
1396 1081 1450 1134 in
1477 1080 1669 1136 honore
1693 1091 1821 1137 esset

232 1192 342 1230 non
380 1175 646 1240 intellexit,
697 1182 921 1241 possunt
951 1173 1037 1228 hic
1063 1181 1118 1229 et
1157 1174 1601 1244 praevaricatores
1644 1175 1819 1246 angeli

233 1269 405 1339 accipi
434 1268 524 1338 qui
549 1267 617 1322 de
645 1267 783 1322 ctelo
811 1266 1033 1338 proiecti
1065 1277 1211 1336 sunt,
1269 1269 1392 1338 quia
1421 1283 1519 1324 nec
1546 1268 1644 1338 ipsi
1674 1268 1825 1324 intel-

233 1361 488 1416 lexerunt
535 1360 790 1413 honorem
834 1373 986 1413 suum
1016 1399 1034 1425 ,
1076 1358 1202 1414 dum
1251 1360 1457 1415 auctori
1501 1360 1825 1430 superbiisse

234 1460 625 1507 monstrantur.
677 1450 847 1504 Homo
891 1451 1034 1506 enim
1081 1461 1134 1506 et
1177 1466 1274 1520 pro
1321 1452 1536 1507 diabolo
1584 1454 1821 1522 ponitur,

232 1550 376 1604 sicut
397 1550 449 1602 in
474 1547 758 1618 Evangelia
777 1547 1036 1602 Dominus
1063 1556 1292 1602 testatur
1309 1549 1524 1620 (Matth.
1556 1564 1675 1616 xttt,
1694 1548 1784 1619 25)
1808 1567 1822 1604 :

230 1640 493 1694 Inimicus
521 1649 690 1693 autem
724 1639 883 1693 homo
910 1639 998 1708 qui
1031 1640 1480 1707 superseminavit
1515 1639 1714 1694 zizania
1744 1647 1827 1695 est

231 1731 504 1785 diabolus.
549 1729 674 1784 Haec
698 1729 903 1784 decima
931 1730 1137 1799 species
1166 1738 1247 1785 est
1289 1729 1633 1797 deﬁnitionis,
1667 1745 1825 1801 quam

233 1818 412 1876 Graeci
442 1824 510 1880 ὡς
538 1823 706 1892 τύπῳ,
738 1819 911 1875 Latini
935 1821 1098 1876 veluti
1128 1820 1395 1891 appellant
1420 1838 1433 1873 :
1468 1823 1680 1890 quando
1706 1825 1826 1878 talis

1921 617 1970 666 et
1997 625 2030 665 α
2059 611 2224 683 gloria
2253 626 2346 665 sua
2374 611 2575 682 expulsi
2604 619 2742 665 sunt.
2774 610 2964 668 Adhuc
3005 618 3344 682 peccatorum
3373 610 3508 667 infer

1921 702 2179 760 licitatem
2209 704 2562 774 miseriasque
2596 704 2872 772 describit,
2901 720 3127 775 quorum
3156 704 3353 759 auxilia
3391 712 3510 759 tan-

1921 810 2080 868 quam
2107 797 2270 866 panni
2302 795 2582 864 putrefacti
2607 808 2942 852 veterascunt.
2974 797 3110 864 Quid
3140 797 3283 854 enim
3310 797 3509 853 divitiae

1922 889 2255 958 praestabunt
2303 887 2570 942 mortuis?
2599 887 2736 955 Quid
2785 891 3126 959 praesumptio
3158 890 3386 944 humana
3416 889 3510 944 de—

1923 980 2139 1049 functis,
2163 981 2253 1051 qui
2281 990 2469 1036 cuncta
2493 981 2744 1035 amittunt
2762 981 2953 1050 quibus
2980 982 3065 1037 hic
3085 981 3332 1036 delectati
3360 987 3506 1047 sunt;

1923 1081 1978 1128 et
2000 1074 2052 1127 in
2092 1080 2320 1128 aiternas
2347 1088 2533 1143 plenas
2562 1073 2898 1143 perveniunt,
2929 1089 3061 1144 quas
3091 1089 3150 1130 se
3181 1075 3288 1144 pati
3332 1073 3510 1130 nulla-

1924 1175 2080 1221 tenus
2107 1166 2490 1222 credidernnt?
2522 1165 2792 1236 Sequitur,
2835 1174 2882 1220 et
2911 1184 2942 1220 a
2969 1167 3133 1238 gloria
3179 1183 3274 1220 sua
3314 1165 3514 1236 expulsi

1925 1271 2080 1329 sunt;
2109 1263 2178 1318 de
2206 1262 2407 1318 mundo
2450 1262 2660 1318 scilicet
2688 1261 2737 1316 in
2768 1276 2872 1332 quo
2915 1261 3300 1330 gloriabantur,
3332 1260 3415 1315 vel
3445 1259 3513 1317 de

1925 1354 2030 1411 illis
2077 1353 2237 1410 rebus
2264 1355 2316 1409 in
2345 1354 2539 1424 quibus
2567 1355 2775 1420 decepti
2809 1352 3007 1408 infelici
3037 1360 3185 1407 sorte
3224 1366 3514 1422 praesume-

1925 1448 2088 1511 bant;
2120 1448 2259 1502 sicut
2301 1447 2354 1502 in
2401 1447 2689 1516 Evangelio
2734 1447 2884 1501 diviti
2916 1446 3117 1501 dictum
3163 1453 3246 1500 est
3276 1463 3288 1498 :
3323 1444 3512 1511 Stulte,

1926 1542 2022 1595 hac
2048 1550 2192 1595 nocte
2217 1541 2478 1610 auferetur
2502 1556 2534 1592 a
2559 1551 2606 1593 te
2632 1539 2803 1593 anima
2833 1548 2955 1605 tua;
2985 1552 3099 1607 qua:
3122 1546 3288 1591 autem
3315 1552 3517 1608 prwpa-

1925 1633 2074 1700 rasti,
2105 1635 2254 1697 cuius
2282 1641 2428 1686 erunt
2457 1631 2608 1702 (Luc.
2643 1647 2744 1697 xu,
2774 1630 2904 1699 20)?

2000 1729 2156 1785 νει-ε.
2191 1729 2278 1783 16.
2311 1728 2666 1784 Verumtamen
2693 1727 2830 1782 Deus
2860 1726 3092 1782 liberabit
3115 1726 3337 1780 animam
3355 1738 3517 1778 meam

1930 1825 1994 1878 de
2017 1840 2174 1877 manu
2212 1822 2389 1894 inferi,
2421 1837 2536 1875 cum
2566 1821 2816 1890 acceperit
2846 1837 2940 1876 me.
2970 1821 3094 1876 Post
3115 1835 3324 1877 errores
3354 1831 3520 1887 expo-

233 1923 316 1969 est
343 1913 567 1981 alicujus
597 1913 673 1967 rei
703 1913 1027 1982 complexio,
1069 1924 1124 1968 ut
1154 1929 1259 1969 non
1292 1923 1493 1970 tantum
1527 1917 1619 1971 uni
1650 1917 1729 1972 rei
1757 1917 1824 1974 de
1855 1901 1902 1961 B
1931 1917 2062 1972 sitos
2106 1926 2469 1986 peccatorum,
2514 1917 2706 1969 merito
2738 1914 3002 1969 sententia
3032 1913 3321 1969 Salvatoris
3351 1912 3519 1968 infer-

235 2022 336 2078 qua
366 2008 599 2071 dicitur.
648 2007 742 2062 sed
793 2018 847 2062 et
894 2008 1015 2062 aliis
1043 2008 1297 2078 applicari
1351 2024 1508 2078 posse
1537 2011 1820 2080 videatur;

235 2101 374 2157 sicut
413 2112 465 2156 et
496 2101 548 2156 in
578 2101 852 2172 trigesimo
881 2103 1067 2172 quinto
1113 2103 1321 2172 psalmo
1342 2103 1450 2173 jam
1481 2105 1672 2160 lectum
1703 2115 1821 2162 est:

241 2192 486 2248 Homines
504 2202 551 2247 et
570 2198 810 2266 jumenta
837 2198 1000 2250 salvos
1027 2196 1204 2265 facies,
1227 2195 1441 2250 Domine
1471 2198 1639 2268 (Psal.
1662 2215 1822 2268 xxxv,

240 2287 335 2358 7);
365 2303 465 2342 non
497 2288 642 2342 enim
686 2288 939 2343 Dominus
971 2289 1086 2344 hzec
1112 2290 1242 2355 sola,
1274 2289 1369 2345 sed
1411 2298 1464 2345 et
1493 2290 1694 2361 reliqua
1722 2291 1828 2346 sal-

238 2394 365 2434 vare
391 2379 684 2434 consuevit.

271 2530 280 2536 ,
315 2471 461 2526 Vers.
498 2473 586 2528 15.
619 2471 750 2526 Ilazc
777 2472 857 2526 via
899 2473 1107 2526 illorum
1133 2473 1433 2528 scandalum
1463 2476 1625 2544 ipsis;
1654 2485 1702 2531 et
1743 2493 1828 2548 po-

236 2574 346 2619 slea
392 2568 447 2619 in
487 2582 574 2620 ore
617 2582 709 2621 suo
756 2567 1065 2623 benedicent.
1116 2567 1211 2622 llic
1244 2567 1353 2638 jam
1398 2570 1830 2627 enumerationes

237 2659 507 2724 decursze,
534 2660 677 2714 velut
701 2660 940 2730 diapersa
967 2675 1130 2730 grana
1162 2661 1214 2715 in
1242 2676 1404 2716 unum
1432 2662 1704 2716 cumulum
1727 2662 1832 2718 col-

238 2751 508 2821 liguntur.
534 2752 662 2807 Nam
697 2763 815 2820 post
842 2753 929 2808 illa
957 2770 1077 2824 quae
1103 2753 1244 2810 dicta
1270 2763 1416 2823 sunt,
1439 2756 1830 2812 sententialiter

239 2847 560 2902 enuntiatur
581 2887 596 2911 ,
642 2846 770 2902 Htec
793 2849 875 2902 via
900 2865 1097 2905 eorum.
1151 2850 1296 2906 Viam
1316 2829 1343 2917 ,’
1363 2852 1526 2907 vitam
1569 2851 1830 2906 debemus

236 2938 486 3008 accipere
511 2984 524 3006 ,
573 2937 624 2992 in
655 2954 757 3009 qua
805 2939 856 2994 in
904 2941 1005 2996 hoc
1035 2944 1234 2997 saeculo
1263 2952 1474 3000 actuum
1521 2954 1829 3000 nostrorum

237 3031 479 3101 vestigiis
501 3030 854 3087 ambulamus.
887 3033 992 3088 Sed
1035 3035 1142 3088 hwc
1179 3037 1260 3089 via
1288 3036 1416 3106 quid
1449 3037 1602 3091 malis
1631 3036 1827 3106 faciat,

243 3136 347 3176 non
377 3132 582 3178 tacetur
606 3140 620 3178 :
652 3126 951 3179 scandalum
978 3125 1159 3197 utique
1181 3127 1490 3184 auctoribus
1511 3130 1643 3198 suis,
1675 3130 1728 3185 id
1751 3139 1832 3186 est

242 3215 516 3270 stimulum
546 3224 707 3287 atque
751 3217 1014 3273 dolorem.
1060 3218 1173 3273 Non
1202 3221 1344 3274 enim
1391 3220 1456 3275 ad
1485 3221 1830 3278 securitatem

243 3322 393 3362 suam
429 3309 582 3381 163
603 3310 889 3380 quidquam
916 3320 1162 3379 peccator
1183 3311 1368 3376 efficit,
1389 3314 1473 3368 cui
1501 3313 1569 3370 de
1589 3329 1680 3369 sua
1705 3330 1826 3385 pro-
1856 3299 1902 3364 C

240 3401 390 3455 venit
415 3403 626 3458 actione
666 3403 922 3473 torqueri.
952 3403 1228 3476 Sequitur,
1257 3418 1306 3461 et
1331 3416 1505 3477 postea
1543 3408 1598 3461 in
1624 3424 1709 3462 ore
1736 3425 1830 3465 suo

243 3491 555 3547 benedicent.
599 3493 695 3549 Hic
723 3495 1046 3551 describitur
1091 3499 1426 3554 consuetudo
1454 3501 1788 3570 peccantium
1813 3542 1830 3570 ,

243 3585 357 3653 qui,
383 3595 664 3656 postquam
704 3597 887 3643 votum
935 3591 1280 3659 nequissima;
1316 3592 1680 3664 dispositionis
1727 3596 1831 3652 im-

245 3677 533 3746 pleverim.
566 3695 690 3735 mox
721 3681 992 3737 Divinitati
1033 3685 1233 3752 gratias
1274 3696 1456 3755 agunt,
1487 3689 1736 3757 quoniam
1765 3689 1832 3745 ad

245 3783 402 3824 suum
432 3771 570 3826 velle
597 3773 837 3841 perducti
863 3783 987 3830 sunt
1015 3792 1028 3828 :
1061 3777 1381 3846 nescientes,
1412 3780 1697 3835 miserrimi
1740 3781 1836 3836 lto-

245 3860 477 3929 minum,
505 3863 628 3934 quia
658 3865 748 3920 illo
771 3875 990 3923 auctore
1019 3877 1220 3923 tantum
1251 3870 1317 3924 ad
1357 3880 1541 3926 sancta
1569 3871 1835 3928 desideria

248 3955 579 4022 pervenitur.
623 3955 726 4013 Sed
772 3959 854 4012 isti
883 3959 938 4012 in
967 3977 1074 4027 ore,
1120 3977 1224 4017 non
1251 3963 1302 4018 in
1329 3964 1496 4020 corde
1521 3965 1835 4036 benedicent,

247 4049 393 4104 unde
420 4051 659 4119 procedit
709 4053 1024 4125 plerumque
1070 4058 1316 4114 simulata
1365 4063 1667 4127 sententia;
1701 4063 1838 4117 sicut

247 4142 415 4198 Ianias
441 4145 572 4200 dicit
601 4164 613 4199 :
645 4146 879 4219 Papulas
905 4151 986 4203 hic
1013 4150 1162 4206 labiis
1187 4169 1266 4206 me
1289 4153 1527 4224 honorat,
1557 4171 1644 4208 cor
1670 4163 1839 4210 autem

245 4254 429 4292 eorum
457 4239 608 4312 longe
633 4252 705 4296 est
731 4260 761 4296 a
789 4261 867 4298 me
895 4243 1028 4316 (Isa.
1057 4263 1204 4315 χχιιι,
1235 4248 1346 4319 15).

323 4331 479 4389 Vers.
514 4334 600 4388 ll.
647 4333 793 4390 Sicut
822 4353 936 4391 oves
966 4340 1018 4390 in
1045 4339 1245 4408 inferno
1275 4343 1429 4408 positi
1465 4352 1602 4411 sunt,
1633 4353 1679 4399 et
1704 4361 1840 4400 mors

249 4425 487 4494 depascet
517 4441 636 4492 eos;
665 4435 710 4480 et
735 4428 1024 4482 obtinebunt
1053 4447 1137 4486 eos
1154 4434 1288 4505 justi
1314 4435 1366 4488 in
1392 4437 1659 4492 matutino.
1687 4434 1845 4494 Venit

250 4515 315 4569 ad
349 4517 565 4571 tertiam
613 4521 904 4574 seetionem
931 4562 944 4585 ,
993 4522 1080 4576 ubi
1106 4522 1266 4592 justis
1306 4534 1361 4580 et
1385 4525 1563 4595 impiis
1607 4542 1704 4598 pro
1732 4530 1843 4586 suis

256 4608 463 4662 meritis
500 4608 630 4663 dicit
673 4624 794 4666 esse
838 4612 1190 4670 reddendum.
1242 4617 1557 4674 Peccatores
1596 4621 1738 4676 enim
1790 4623 1841 4676 in

1930 2019 2050 2075 tur;
2084 2019 2140 2063 ut
2170 2009 2310 2063 sicut
2342 2008 2570 2062 humana
2603 2006 2858 2076 fragilitas
2889 2016 3096 2062 terrore
3125 2014 3386 2076 prostrata
3415 2013 3517 2073 est,

1928 2101 2000 2156 ita
2028 2114 2123 2169 Spe
2165 2099 2324 2154 futuri
2356 2099 2562 2168 praemii
2595 2099 2870 2152 sublevata
2903 2107 3206 2167 consurgat.
3240 2097 3371 2152 Nam
3402 2099 3521 2152 sive

1929 2192 2034 2247 hoc
2061 2191 2318 2245 Dominus
2338 2191 2585 2245 Christus
2606 2190 2674 2245 de
2699 2205 2758 2245 se
2784 2191 2945 2255 dicat,
2975 2191 3091 2245 sive
3119 2203 3149 2244 a
3180 2197 3332 2258 parte
3351 2202 3522 2243 mem-

1929 2283 2148 2339 brorum
2191 2297 2434 2348 suorum,
2466 2291 2522 2335 ut
2562 2281 2779 2346 assolet,
2814 2281 3086 2348 loquatur,
3112 2277 3520 2334 accommodum

1929 2387 2033 2434 est.
2079 2377 2196 2446 Ipse
2223 2377 2362 2432 enim
2394 2376 2729 2431 descendens
2756 2374 2982 2428 animam
3024 2387 3173 2428 suam
3215 2373 3282 2426 ab
3312 2371 3521 2426 inferno

1931 2471 2198 2536 liberavit;
2242 2469 2338 2525 sed
2381 2467 2540 2523 simul
2591 2475 2644 2522 ct
2689 2467 2900 2522 illorum
2945 2465 3035 2536 qui
3076 2463 3362 2519 adventum
3405 2460 3524 2531 ejus

1930 2564 2200 2620 constanti
2227 2564 2405 2618 animo
2433 2560 2798 2617 crediderunt.
2842 2559 2920 2614 De
2947 2575 3102 2613 manu
3141 2566 3319 2613 autem
3345 2554 3521 2625 inferi,

1930 2656 2063 2712 dicit
2089 2656 2158 2713 de
2197 2663 2465 2726 potestate
2513 2653 2754 2721 diaboli,
2798 2650 2888 2723 qui
2918 2659 3044 2708 ante
3087 2649 3375 2706 adventum
3402 2646 3521 2718 ejus

1933 2747 2142 2804 animas
2173 2747 2392 2803 tenebat
2416 2745 2694 2801 obnoxias.

2011 2858 2164 2915 Vers.
2193 2858 2280 2914 17.
2307 2857 2392 2912 Ne
2419 2856 2649 2910 timueris
2677 2869 2794 2909 cum
2820 2854 2958 2908 dives
2984 2853 3148 2922 factus
3177 2851 3331 2920 fuerit
3351 2848 3526 2916 homo,

1931 2959 1980 3007 et
2009 2966 2122 3004 cum
2152 2948 2496 3020 multiplicata
2543 2946 2695 3012 fuerit
2739 2944 2906 3016 gloria
2949 2943 3130 2997 domus
3156 2944 3289 3016 ejus.
3322 2939 3525 3006 Quarta

1933 3061 2062 3117 pars
2091 3042 2282 3115 psalmi
2324 3056 2396 3096 ex
2429 3053 2524 3096 ore
2551 3037 2795 3093 veritatis
2835 3035 3128 3107 egreditur,
3173 3044 3229 3088 ut
3258 3033 3410 3088 nobis
3440 3045 3527 3085 sa-

1934 3137 2227 3196 luberrima
2247 3133 2515 3190 medicina
2542 3137 2847 3200 praestetur.
2865 3127 2995 3183 Nam
3022 3127 3184 3182 totius
3211 3124 3392 3180 mundi
3412 3124 3528 3180 haec

1934 3248 2042 3288 una
2071 3228 2292 3302 querela
2325 3235 2406 3282 est
2431 3241 2445 3279 :
2469 3225 2644 3293 Quare
2667 3223 2719 3277 in
2747 3222 2851 3278 hoc
2880 3220 3077 3277 szeculo
3104 3221 3328 3275 lloreant
3359 3217 3531 3274 homi-

1936 3341 2032 3382 nes
2057 3339 2194 3395 quos
2222 3337 2253 3378 a
2282 3321 2494 3377 cultura
2526 3317 2736 3374 Domini
2763 3314 3138 3386 cognoscimus
3161 3313 3385 3368 alienos.
3419 3311 3527 3367 Sed

1937 3415 2312 3490 peccatoribus
2335 3414 2436 3468 ista
2465 3411 2729 3484 promissa
2759 3416 2914 3475 sunt;
2948 3408 3172 3478 ideoque
3201 3406 3320 3477 pius
3341 3404 3530 3460 doctor

1935 3525 2093 3568 veros
2119 3506 2411 3578 alloquitur
2430 3505 2788 3570 Christianos,
2817 3516 2886 3558 ne
2911 3510 3172 3558 terrarum
3199 3499 3390 3555 divites
3412 3510 3534 3566 per-

1937 3605 2244 3669 timescant,
2280 3601 2532 3670 quoniam
2563 3599 2703 3654 bene
2741 3596 3062 3668 generaliter
3089 3593 3411 3664 pecuniosus
3439 3603 3536 3660 pa-

1934 3697 2195 3762 vescitur,
2228 3709 2350 3750 cum
2399 3691 2450 3748 ei
2480 3689 2726 3747 famulari
2771 3689 3048 3745 hominum
3089 3685 3356 3756 cupiditas
3383 3682 3532 3739 msti-

1937 3797 2136 3843 matur.
2166 3785 2319 3840 Dives
2360 3784 2502 3840 enim
2529 3783 2703 3838 dictus
2731 3789 2814 3838 est
2841 3796 2870 3836 a
2902 3779 3048 3845 divo,
3076 3777 3166 3848 qui
3209 3776 3362 3846 quasi
3393 3775 3534 3830 Deus

1939 3882 2074 3938 nihil
2114 3880 2352 3936 creditur
2384 3877 2642 3948 indigere.
2686 3873 2961 3928 Hominem
2992 3872 3078 3927 hic
3120 3870 3342 3940 impium
3370 3865 3537 3922 debe-

1939 3987 2060 4027 mus
2088 3971 2335 4039 accipere
2361 4010 2375 4034 ,
2426 3968 2516 4038 qui
2547 3982 2604 4022 se
2643 3964 2900 4033 subjectis
2931 3960 3320 4029 formidabilem
3364 3957 3495 4012 facit
3516 3998 3536 4026 ,

1943 4066 2068 4121 dum
2098 4064 2363 4134 aequitatis
2385 4062 2508 4132 jura
2530 4057 2846 4115 contemnit.
2881 4053 3155 4126 Sequitur,
3182 4062 3230 4108 et
3255 4067 3371 4105 cum
3397 4049 3538 4104 mul-

1941 4158 2170 4227 tiplicata
2215 4154 2370 4224 fuerit
2397 4152 2565 4224 gloria
2597 4151 2779 4203 domus
2815 4150 2947 4215 eius.
2995 4146 3164 4216 Junge
3193 4161 3257 4199 ne
3285 4143 3535 4199 timueris.

1942 4251 2072 4316 Quze
2113 4247 2280 4318 ﬁgura
2310 4245 2503 4301 dicitur
2529 4244 2632 4300 ἀπὸ
2665 4248 2826 4297 κοινοῦ
2851 4281 2866 4308 ,
2915 4239 2968 4294 id
2997 4247 3080 4295 est
3101 4281 3116 4303 ,
3150 4240 3194 4294 Δ
3223 4235 3493 4293 communi
3520 4274 3539 4304 ,

1943 4341 2159 4415 quando
2183 4340 2459 4410 superiora
2491 4336 2556 4393 ad
2585 4335 2838 4392 inferiora
2867 4331 3213 4404 respondent.
3247 4332 3311 4387 Et
3330 4330 3539 4401 respice

1947 4450 2052 4508 qua
2083 4433 2253 4505 gratia
2282 4439 2473 4487 cuncta
2507 4428 2803 4500 proficiant.
2834 4426 3007 4483 Minus
3036 4426 3181 4482 enim
3212 4424 3384 4481 fuerat
3411 4423 3543 4478 divi-

1947 4536 2046 4582 tem
2069 4527 2206 4593 lieri,
2235 4527 2358 4596 quia
2403 4524 2503 4579 hoc
2535 4522 2844 4593 frequenter
2885 4519 3092 4575 invenis
3119 4520 3169 4574 in
3198 4516 3542 4585 negotiatori-

1952 4619 2050 4674 bus
2079 4628 2131 4673 et
2161 4618 2213 4672 in
2258 4616 2564 4672 hominibus
2592 4614 2835 4683 abiectis.
2863 4611 3103 4676 Addidit,
3137 4618 3182 4662 et
3225 4624 3338 4661 cum
3369 4605 3542 4660 mutti-

252 4701 459 4762 mferno
485 4701 676 4766 positos
704 4718 839 4756 mors
878 4713 1075 4759 aeterna
1109 4707 1356 4777 depascit.
1383 4709 1511 4764 Nam
1551 4711 1688 4766 sicut
1711 4727 1842 4768 oves
1872 4695 1924 4756 D
1951 4713 2137 4783 plicata
2169 4712 2322 4780 fuerit
2365 4710 2530 4780 gloria
2559 4708 2742 4761 domus
2771 4709 2919 4778 ejus;
2950 4703 3000 4758 id
3031 4711 3133 4768 est,
3164 4715 3284 4755 cum
3326 4699 3542 4753 honori-

255 4788 390 4843 lana:
421 4806 536 4844 sua:
576 4792 864 4849 amissione
900 4795 1100 4866 jugiter
1124 4809 1488 4868 perseverant,
1521 4803 1597 4856 sic
1628 4803 1679 4857 in
1722 4803 1843 4860 illos

255 4896 474 4953 semper
523 4885 637 4940 sine
668 4887 1040 4946 imminutiune
1088 4893 1398 4950 substantiae
1429 4898 1651 4964 invenit,
1701 4898 1843 4968 quod

254 4995 415 5050 poma
446 4983 756 5041 discruciet.
787 4987 1035 5057 Depascet
1062 4990 1202 5045 enim
1247 5006 1274 5046 a
1319 4993 1577 5060 iumentis
1618 5001 1844 5048 tractum

257 5085 361 5140 est,
391 5092 513 5145 qua:
557 5076 750 5131 herbas
781 5094 887 5134 non
930 5083 1184 5136 radicitus
1211 5085 1464 5151 evellunl,
1496 5085 1589 5141 sed
1637 5085 1847 5142 abscin-

257 5167 387 5220 dunt
415 5168 562 5237 ipsas
590 5170 765 5238 potius
793 5173 1146 5228 summitates.
1176 5173 1449 5244 Sequitur,
1477 5185 1525 5230 et
1553 5176 1844 5231 obtinebunt

259 5277 342 5315 eos
359 5262 497 5331 justi
524 5263 578 5316 in
622 5265 890 5319 matutino.
924 5266 1231 5321 Obtincbunt
1254 5309 1268 5333 ,
1305 5269 1440 5324 dixit
1479 5271 1843 5340 superabunt,

260 5357 398 5427 quod
431 5357 612 5428 utique
643 5358 693 5413 in
724 5359 811 5413 illa
843 5361 1231 5416 resurrectione
1259 5362 1489 5417 felicium
1517 5373 1619 5434 est,
1649 5372 1709 5419 ut
1737 5380 1848 5420 ma-

262 5449 324 5503 lis
351 5451 724 5520 praemineant.
754 5452 852 5508 llic
879 5455 1022 5509 enim
1055 5456 1225 5525 justas
1251 5454 1473 5510 obtinent
1499 5468 1844 5527 peccatores:

264 5544 314 5598 in
340 5545 432 5599 illo
463 5559 594 5602 vero
614 5545 815 5616 judicio
844 5548 978 5614 justi
1006 5547 1252 5603 inlideles
1288 5548 1461 5604 modis
1486 5551 1732 5608 omnibus
1760 5554 1850 5608 ob-

267 5637 516 5694 tinebtmt.
547 5638 613 5692 In
642 5642 914 5707 matutina,
943 5656 1006 5697 ac
1034 5641 1079 5696 si
1108 5643 1326 5711 diceret,
1352 5643 1404 5697 in
1435 5643 1738 5700 albescente
1761 5647 1849 5703 die

266 5743 381 5784 cum
411 5729 582 5800 gloria
625 5733 1035 5788 resurrectionis
1065 5733 1318 5803 illuxerit,
1349 5734 1561 5804 quando
1583 5736 1692 5806 jam
1726 5737 1848 5794 bea-

269 5821 508 5875 titudinis
556 5823 772 5878 claritas
800 5825 1055 5895 aperitur,
1106 5834 1160 5884 et
1188 5826 1405 5884 inchoat
1452 5840 1573 5885 esse
1614 5827 1728 5885 dies
1757 5827 1850 5900 qui

273 5911 413 5967 nulla
447 5923 605 5972 nocte
635 5914 834 5974 linitur.

1951 4805 2070 4870 bus,
2103 4819 2221 4858 cum
2257 4799 2711 4872 possessionibus,
2751 4812 2871 4853 cum
2905 4805 3012 4851 tota
3063 4794 3335 4848 hominum
3380 4790 3542 4847 fuerit

1953 4898 2110 4953 laude
2136 4896 2425 4963 celebrata,
2455 4903 2511 4949 ut
2538 4893 2668 4948 nihil
2699 4891 2800 4946 sibi
2841 4889 2939 4944 nisi
2967 4888 3139 4942 solum
3171 4884 3360 4940 deesse
3393 4889 3543 4954 putet

1952 4989 2258 5059 imperium.
2292 4989 2358 5042 Et
2384 4987 2506 5042 vide
2531 4986 2656 5056 quia
2686 4985 2865 5038 domus
2893 4983 3002 5050 ejus
3030 4977 3201 5046 dixit,
3234 4985 3293 5032 ut
3322 4991 3425 5032 non
3454 4989 3540 5032 so-

1954 5084 2062 5139 lum
2086 5085 2222 5154 ipse,
2245 5097 2430 5158 verum
2455 5081 2616 5137 etiam
2639 5091 2826 5133 omnes
2846 5078 2931 5147 qui
2961 5077 3028 5130 ad
3055 5077 3226 5147 ipsum
3251 5077 3538 5146 pertinent,

1954 5195 2144 5250 magna
2184 5193 2378 5251 pompa
2423 5177 2615 5231 ﬂorere
2644 5173 2942 5228 videantur.
2976 5172 3083 5229 Sed
3111 5186 3276 5243 quare
3313 5169 3401 5226 isti
3431 5183 3538 5226 non

1955 5274 2185 5330 debeant
2215 5271 2410 5335 timeri,
2439 5267 2659 5338 pulchre
2689 5265 3051 5337 subsequitur.

2029 5365 2183 5420 Vers.
2218 5365 2305 5418 18.
2328 5362 2580 5428 Quoniam
2599 5376 2714 5414 cum
2741 5362 3006 5425 morietur,
3036 5376 3138 5414 non
3167 5359 3375 5429 accipiet
3406 5356 3540 5430 [ed.,

1956 5457 2174 5532 perient]
2200 5457 2307 5512 ltwc
2335 5455 2527 5522 omnia,
2556 5471 2715 5526 neque
2735 5455 2890 5508 simul
2917 5456 3182 5510 descendet
3207 5471 3322 5508 cum
3348 5469 3406 5508 eo
3430 5453 3542 5524 glo-

1955 5551 2034 5603 ria
2059 5551 2238 5604 domus
2264 5549 2396 5617 ejus.
2430 5547 2571 5602 Ecce
2595 5547 2734 5602 ratio
2762 5545 3001 5601 redditur
3027 5560 3190 5616 quare
3219 5545 3394 5600 timeri
3435 5559 3542 5600 non

1957 5643 2147 5699 debeat
2173 5641 2356 5696 mundi
2378 5641 2662 5711 gloriosus.
2687 5642 2794 5696 Cur
2821 5641 2966 5696 enim
2997 5641 3277 5696 timeamus
3297 5640 3536 5704 divitem,

1955 5736 2047 5806 qni
2076 5735 2298 5790 moritur
2325 5734 2564 5804 pauper?
2601 5733 2917 5790 Scandalutn
2942 5746 3183 5787 nosnrum
3227 5747 3329 5785 non
3353 5740 3434 5784 est
3462 5728 3542 5785 illi

1957 5838 2291 5900 perpetuum,
2320 5844 2418 5884 nec
2448 5827 2589 5882 aliud
2622 5843 2802 5883 secum
2827 5828 2966 5882 Valet
2995 5838 3226 5897 portare,
3259 5824 3360 5878 nisi
3404 5823 3544 5880 nndo

1961 5920 2126 5992 possit
2143 5921 2353 5980 ardere.
2371 5920 2544 5990 Quam
2560 5920 2854 5979 deformem
2883 5919 2939 5979 in
2963 5921 3056 5980 illa
3077 5919 3244 5993 patria
3261 5918 3539 5989 respicies,
