3996 6346
429 429 534 489 347

1649 417 1718 478 Μ.
1769 413 2050 476 AURELII
2085 413 2492 474 CASSIODOM

3583 413 3686 466 543

427 559 586 614 quem
633 543 722 600 hic
767 541 1172 599 mundissimum
1219 539 1452 610 pretiosa
1481 543 1630 594 veste
1677 535 1910 590 miraris.
1943 535 2006 592 Et
2031 533 2086 595 Δ
2110 545 2268 596 nam;
2307 531 2446 586 sicut
2473 543 2658 584 versus
2701 527 2788 582 ille
2817 525 3080 598 pollicitus
3127 533 3210 582 est
3243 541 3255 578 :
3289 525 3364 581 0s
3411 539 3582 579 meum
3611 525 3688 578 to-

429 637 566 692 bene
581 635 1028 692 dixirdescenderc
1037 640 1274 688 mortuos
1289 637 1602 702 peccatores
1617 629 1766 700 quasi
1785 631 1838 683 in
1859 627 2008 700 abys-

431 743 520 782 sos
547 727 700 794 altas,
733 727 880 796 quasi
923 727 976 780 in
1005 723 1468 794 profundissimam
1501 720 1740 786 foveam;
1771 717 1864 776 sed
1893 721 2008 774 sine

431 822 600 892 gloria
627 817 889 884 saeculari,
921 817 1038 872 sine
1079 817 1232 872 tut-ba
1261 815 1571 882 satellitum,
1603 813 1720 868 sine
1747 827 2008 882 prtesum-

433 915 618 984 ptinne
645 925 910 982 gazarum.
945 909 1142 964 Domus
1181 909 1266 964 illa
1297 923 1452 978 quam
1495 907 1794 968 mirabaris.
1835 917 2010 960 rema-

433 1013 524 1060 net
567 1011 712 1068 tota;
747 1001 842 1058 sed
877 1013 1042 1056 onera
1065 1041 1078 1066 ,
1111 1015 1230 1070 qua:
1277 1013 1382 1053 non
1413 997 1628 1054 videbas
1653 1039 1668 1064 ,
1701 997 2010 1054 transmittit

433 1095 686 1164 ingentia.

507 1187 660 1240 Vers.
685 1183 772 1240 19.
797 1185 930 1250 Quia
955 1183 1128 1236 anima
1155 1185 1266 1254 ejus
1295 1181 1460 1234 inrita
1485 1181 1644 1250 ipsius
1661 1179 1976 1234 benedicatur
1993 1193 2012 1232 :

431 1281 752 1352 conﬁtebitur
781 1281 892 1348 tibi,
939 1293 1054 1330 cum
1083 1275 1380 1342 benefet‘crt's
1431 1275 1496 1326 ei.
1531 1273 1628 1328 llic
1671 1273 2012 1332 bertedicctur,

435 1373 638 1430 nonad
683 1369 1156 1427 sanctiﬁcationem
1209 1365 1438 1432 pertinet
1481 1367 1884 1434 impetrandam.
1919 1363 2010 1418 sed

435 1467 500 1520 ad
527 1465 904 1527 luxuriantium
946 1459 1262 1516 favorabiles
1289 1473 1468 1514 voces.
1503 1457 1834 1512 Benedicetur
1875 1456 2012 1512 enim

437 1557 638 1614 dictum
667 1563 772 1618 est,
797 1561 1016 1623 propter
1037 1553 1270 1622 linguam
1293 1551 1598 1616 satellitum,
1625 1553 1714 1620 qui
1741 1549 1878 1604 inter
1897 1563 2016 1618 gar-

439 1651 680 1704 rulitates
725 1655 778 1700 et
821 1647 1004 1712 epulas
1035 1643 1332 1714 pastoribus
1373 1643 1484 1698 suis
1515 1643 1648 1696 bene
1677 1653 1862 1710 optare
1891 1657 2018 1696 con-

439 1751 748 1806 sueverunt,
783 1753 1010 1808 quorum
1035 1739 1212 1792 anima
1243 1751 1348 1792 non
1379 1735 1446 1790 de
1471 1737 1614 1790 bono
1649 1745 1788 1794 actu.
1821 1733 1920 1788 sed
1943 1751 2014 1788 ex

443 1833 756 1888 deliciarum
787 1829 1168 1900 prteparatioue
1209 1827 1470 1882 laudatur.
1501 1825 1772 1894 Sequitur,
1811 1827 2010 1894 conﬁte-

437 1925 706 1988 ωηεν-ΛΜ,
737 1939 852 1976 cuin
891 1921 1188 1990 beuefeceris
1215 1921 1282 1976 ei.
1311 1921 1428 1974 illali
1461 1929 1584 1974 tmte
1623 1919 1788 1972 Deum
1815 1919 2006 1972 benedi-
2049 1927 2098 1988 Β

443 2027 584 2082 cunt,
615 2016 826 2086 quando
857 2013 1160 2083 temporalia
1191 2011 1328 2066 bona
1363 2011 1650 2080 percipiunt
1687 2029 1698 2064 :
1733 2009 1904 2066 lienus
1931 2025 2022 2064 au-

443 2119 550 2164 tem
589 2109 766 2164 laudat
807 2107 1086 2162 Dominum
1133 2113 1186 2158 et
1221 2117 1340 2158 cum
1373 2103 1630 2158 inalorutn
1663 2101 1810 2156 fasce
1837 2103 2018 2170 depri-

443 2203 636 2264 mitur;
667 2207 806 2258 sicut
847 2201 966 2254 iecit
995 2199 1116 2264 Job,
1145 2209 1196 2252 et
1227 2199 1406 2252 oratori
1437 2197 1604 2248 sancti
1643 2195 1778 2262 ejus.
1823 2194 2024 2248 Dicitur

441 2307 568 2362 ergo
597 2291 732 2346 Patri
759 2307 776 2346 :
807 2291 912 2346 istc
937 2299 1182 2358 peccator
1209 2287 1530 2356 confitebitur
1557 2285 1644 2340 tibi
1665 2301 1680 2338 :
1703 2285 1794 2340 sed
1813 2285 2024 2352 quando

443 2383 520 2436 illi
559 2383 894 2452 beitelsceris;
925 2381 1050 2450 quid
1095 2379 1140 2432 si
1169 2379 1366 2446 aliquid
1413 2377 1738 2432 cotttrarium
1773 2377 2022 2446 patiatur,

397 2449 408 2468 ’
447 2449 820 2544 blaspltemare
867 2449 972 2528 non
1025 2471 1246 2526 desinit.
1281 2471 1346 2524 Et
1393 2469 1516 2522 ideo
1565 2465 1896 2522 consuetudo
1925 2467 2024 2520 ista

449 2563 662 2620 vitanda
691 2573 792 2628 est,
825 2579 948 2634 quae
977 2565 1028 2618 in
1071 2561 1346 2617 sceleratis
1377 2561 1572 2628 stepius
1603 2557 1890 2612 invenitur.
1921 2557 2026 2610 Nos

447 2664 624 2712 autem
665 2655 752 2724 pio
779 2653 942 2710 corde
983 2653 1128 2708 omni
1177 2661 1416 2720 tempore
1443 2647 1808 2704 collaudcmus
1847 2645 2028 2700 Domi-

449 2767 598 2816 num,
627 2749 714 2818 qui
747 2747 966 2802 salutem
1011 2755 1244 2802 nostram
1273 2755 1324 2800 et
1355 2745 1408 2798 in
1453 2743 1718 2810 adversis,
1745 2751 1800 2798 et
1827 2743 1878 2796 in
1907 2757 2024 2812 pro-

447 2843 620 2914 speris
647 2859 858 2912 semper
887 2849 1158 2910 operatur.

523 2937 672 2992 vers.
703 2937 796 2992 20.
829 2933 1066 2988 lntroibit
1093 2947 1252 3002 usque
1279 2931 1332 2984 in
1361 2929 1646 3000 progeniem
1685 2935 1888 2998 patrum
1913 2941 2030 2996 suo;

453 3045 568 3084 runt
597 3041 612 3080 :
645 3043 800 3094 usque
825 3027 876 3080 in
903 3037 1144 3080 a'ternum
1175 3039 1274 3076 non
1303 3022 1486 3076 videbit
1513 3023 1702 3076 lumen.
1731 3019 1828 3084 Qui
1855 3027 2030 3086 patres

453 3119 714 3190 pessimos
737 3117 1032 3188 imitamur,
1063 3131 1248 3168 eorum
1277 3115 1534 3188 societate
1563 3107 1850 3166 damnandi
1875 3117 2028 3174 sunt;

453 3221 508 3268 et
533 3211 650 3264 ideo
675 3217 982 3280 peccatores
1011 3205 1142 3260 dicit
1171 3221 1326 3274 usque
1349 3203 1416 3258 ad
1439 3213 1636 3274 patrum
1673 3217 1882 3262 suorum
1911 3215 2030 3268 pro-

455 3303 624 3376 genies
651 3301 904 3354 introisse.
939 3299 1122 3354 Patres
1163 3297 1306 3350 cuitu
1333 3295 1570 3366 ipsm'um
1601 3291 1886 3364 appellavit
1925 3307 2030 3348 n0n

459 3403 662 3450 tantum
689 3407 754 3448 ex
782 3391 986 3446 semine
1011 3391 1208 3452 carnis,
1237 3399 1490 3458 quantum
1519 3401 1654 3456 quos
1681 3401 1890 3440 morum
1917 3385 2034 3438 imi-

463 3485 662 3542 tatione
687 3483 856 3540 secuti
885 3493 1040 3548 sunt;
1071 3481 1210 3544 sicut
1235 3479 1288 3534 in
1321 3477 1617 3550 Evangelio
1637 3477 1764 3534 dicit
1791 3477 2036 3532 incredu-

461 3577 528 3632 lis
553 3595 562 3630 ι
595 3575 694 3632 l'os
721 3591 752 3628 a
781 3581 922 3644 patre
943 3571 1146 3628 diabolo
1173 3571 1290 3626 estis
1315 3567 1492 3642 (Joaa.
1521 3585 1628 3636 vnt,
1657 3569 1774 3640 44).
1797 3569 2034 3640 Addidit,

461 3685 616 3738 usque
645 3669 696 3722 in
727 3675 970 3722 atemum
1009 3681 1112 3720 non
1139 3663 1318 3718 ridebit
1353 3665 1524 3716 lumen
1555 3677 1572 3718 :
1603 3661 1724 3734 quia
1753 3663 1888 3718 sicut
1915 3677 2036 3734 pec-

463 3769 582 3818 cata
607 3763 886 3816 tenebrosa
909 3769 1054 3824 sunt,
1079 3757 1150 3830 ita
1175 3757 1540 3828 peccatoribus
1561 3757 1830 3824 sapientia!
1859 3757 2036 3814 lumen

461 3851 728 3908 auferunt.
751 3851 820 3904 Et
849 3851 970 3904 ideo
989 3849 1140 3914 dixit,
1171 3849 1220 3902 in
1249 3857 1494 3904 wtcrnum
1519 3865 1618 3902 non
1639 3848 1822 3902 videbit
1845 3851 2036 3918 lunten,

463 3949 708 4016 quoniam
763 3941 920 4016 164
947 3957 1046 3998 nec
1089 3943 1140 3996 in
1173 3943 1276 3996 isto
1305 3941 1502 3996 mundo
1545 3941 1874 3998 illuminatus
1903 3943 2036 4010 fuit,

463 4036 622 4108 cujus.
640 4051 731 4092 cor
763 4035 978 4090 noxium
1009 4035 1178 4106 caligo
1207 4035 1405 4088 erroris
1435 4033 1662 4088 obsedit.
1687 4035 1854 4090 Simili
1885 4037 2040 4092 modo

463 4145 560 4186 nec
587 4129 638 4184 in
661 4141 900 4184 a’ternutu
925 4129 1108 4184 videbit
1131 4129 1320 4194 ltnnen,
1349 4127 1488 4196 quod
1521 4127 1608 4182 hic
1633 4127 1760 4182 vitio
1789 4145 1898 4184 sua:
1923 4145 2042 4198 pra-

465 4223 640 4278 vitatis
669 4221 864 4276 habere
895 4237 1002 4276 non
1033 4221 1241 4276 meruit.
1273 4217 1468 4274 Lumen
1497 4221 1638 4274 enim
1683 4235 1872 4286 verum,
1905 4221 2042 4290 quod

463 4313 718 4368 illuminat
747 4329 944 4366 omnem
975 4311 1226 4364 hominem
1255 4313 1530 4366 venientem
1559 4313 1608 4364 in
1639 4311 1772 4366 hunc
1799 4315 2042 4366 mtmdttm

469 4403 648 4476 (Joau.
677 4421 714 4470 ι,
739 4401 818 4475 il),
841 4401 1088 4458 Christus
1111 4413 1188 4454 cst
1223 4403 1500 4466 Dominus,
1527 4419 1684 4474 quem
1707 4405 2042 4460 solummodo

467 4493 517 4550 in
553 4495 754 4550 Deitate
781 4509 872 4550 sua
903 4493 1082 4548 videre
1115 4507 1222 4546 sant
1243 4501 1414 4546 torum
1443 4505 1540 4548 ρει.
1933 4493 1941 4500 ’

535 4589 688 4646 V’t-rs.
720 4589 808 4644 21.
847 4587 910 4642 Et
939 4587 1090 4640 homo
1137 4603 1248 4638 tum
1279 4587 1328 4640 in
1357 4587 1547 4640 honore
1573 4597 1716 4654 esset,
1749 4605 1848 4642 non
1897 4589 2044 4644 intel-

469 4683 622 4746 lexit;
655 4691 976 4750 comparatus
1015 4679 1356 4748 estjttmentis
1385 4677 1756 4746 insipientibus,
1789 4691 1834 4734 et
1860 4681 2042 4736 similis
2071 4677 2164 4774 Di

467 4781 628 4844 {eius
659 4785 730 4828 est
761 4775 881 4828 illis.
917 4773 1196 4840 l'oStquatn
1227 4769 1400 4824 omnia
1433 4787 1548 4840 qua:
1579 4771 1782 4828 luerunt
1815 4773 2038 4828 dicenda

471 4869 804 4932 p':cttt(t'.uit,
843 4863 1252 4932 pult‘ltcrtlmutn
1299 4863 1556 4932 psalmum
1607 4867 1826 4932 repellat
1857 4883 2040 4920 Versus

471 4957 734 5024 λιιι-ἰιίιειῐυ
759 4955 1052 5020 conclusit;
1089 4963 1138 5007 ut
1183 4969 1238 5005 se
1273 4963 1515 5022 [luctator
1543 4971 1570 5008 a
1606 4957 1744 5008 tnalo
1774 4959 2040 5026 proposito

467 5057 786 5112 removeret,
817 5063 932 5100 cum
969 5057 1200 5101 nuntiam
1241 5045 1628 5104 deformitatem
1657 5063 1806 5104 suam
1855 5053 2038 5104 iterata

467 5141 828 5210 increpatione
859 5149 1222 5212 cognosceret.

997 5299 1262 5358 Conclusio
1295 5305 1496 5370 psalmi.

539 5443 818 5518 Legendus
863 5445 1058 5516 saepius
1087 5447 1344 5518 psalmus,
1395 5455 1446 5500 ct
1481 5447 1534 5500 in
1567 5445 1894 5500 tlicsaurario
1925 5461 2038 5502 me-

467 5541 650 5596 moriae
695 5539 1048 5608 reponendus.
1081 5539 1294 5610 quando
1333 5541 1446 5606 ipse
1475 5539 1526 5592 in
1563 5539 1834 5608 principiis
1863 5537 2040 5594 admo-

467 5645 572 5700 net,
603 5645 660 5690 ut
685 5635 860 5690 cordis
881 5635 1098 5690 auribus
1125 5632 1386 5688 audiatur.
1411 5631 1526 5700 Ipse
1555 5633 1696 5686 enim
1721 5641 1944 5686 testatus
1963 5641 2042 5686 est

465 5729 580 5798 ejus
609 5729 876 5796 meritum,
907 5729 996 5798 qui
1023 5743 1146 5782 eum
1191 5725 1390 5782 monuit
1423 5725 1658 5780 studiose
1687 5727 1752 5782 ab
1783 5727 2042 5780 universis

467 5821 644 5878 mundi
673 5823 910 5892 partibus
931 5817 1274 5876 audiendum.
1303 5815 1490 5872 Totum
1519 5818 1678 5872 habet
1703 5819 1952 5888 quidquid
1977 5819 2042 5874 ad

466 5919 836 5988 inspectivam,
877 5911 1132 5986 quidquid
1161 5911 1226 5966 ad
1269 5911 1526 5968 moralem
1555 5913 1784 5981 pertinet
1813 5913 2046 5984 discipli-

2057 3315 2106 3378 C

2111 631 2296 692 quetur
2325 623 2648 690 sapientiam,
2677 629 2722 674 et
2741 617 3000 674 meditatio
3025 617 3192 672 cordis
3215 617 3316 672 mei
3339 617 3688 690 prudentiam.

2111 713 2420 784 Resignavit
2441 711 2594 768 nobis
2623 721 2804 768 sancta
2835 711 3042 766 Veritas
3069 725 3188 782 quae
3217 709 3462 780 promisit
3489 725 3506 762 :
3539 707 3696 764 faciat

2113 819 2252 862 nunc
2299 805 2546 860 sensibus
2583 803 2780 860 nostris
2829 803 3130 858 dulcescere
3155 843 3170 870 ,
3219 809 3380 872 atque
3429 797 3694 856 inhaerere

2111 899 2252 970 quod
2283 897 2542 970 praecipit.

2375 1009 2738 1068 EXPOSlTlO
2775 1008 2842 1064 ΙΝ
2881 1007 3204 1066 PSALMUM
3241 1005 3430 1064 XLIX.

2669 1119 2908 1174 Psalmus
2937 1121 3130 1192 Asaplt.

2185 1233 2360 1306 Λεαρή
2404 1233 2502 1288 fuit
2533 1232 2670 1288 ﬁlius
2699 1231 2998 1298 Barachiel,
3037 1233 3126 1302 qui
3171 1234 3224 1288 in
3255 1231 3700 1302 Paralipomenon

2115 1327 2308 1396 legitur
2333 1325 2534 1382 electus
2571 1326 2710 1380 inter
2737 1335 2962 1396 quatuor
2999 1337 3278 1382 cantorum
3307 1327 3616 1398 magistros,
3645 1335 3704 1382 It

2117 1419 2486 1474 instrumentis
2529 1417 2748 1472 musicis
2779 1417 3010 1486 psalmos
3039 1415 3264 1472 Domino
3303 1425 3626 1488 personaret
3651 1415 3700 1486 (t

2119 1511 2248 1570 Par.
2275 1529 2352 1578 vi,
2377 1513 2490 1584 39).
2515 1511 2612 1568 llic
2635 1527 2732 1582 pro
2761 1511 2842 1566 sui
2869 1511 3100 1566 nominis
3121 1509 3506 1582 signiﬁcatione
3529 1511 3580 1564 in
3605 1509 3706 1566 hoc

2123 1605 2278 1660 titulo
2303 1605 2498 1660 meruit
2525 1603 2788 1666 adhiberi,
2817 1617 2922 1658 non
2951 1613 3138 1658 auctor
3167 1603 3378 1672 psalmi,
3405 1602 3550 1658 sicut
3571 1611 3626 1658 et
3643 1601 3710 1656 de

2119 1697 2238 1752 aliis
2269 1697 2526 1762 scriptum
2557 1703 2676 1760 est;
2707 1695 2800 1750 sed
2851 1697 3086 1750 musicus
3129 1695 3396 1766 egregius,
3425 1693 3520 1764 qui
3557 1693 3712 1750 nobis

2125 1805 2218 1858 per
2257 1789 2572 1844 vocabulum
2603 1802 2758 1842 suum
2807 1787 3006 1860 aliquid
3037 1787 3314 1844 indicaret.
3365 1785 3540 1856 Hujus
3563 1787 3714 1844 enim

2125 1879 2352 1934 nominis
2401 1877 2736 1946 signiﬁcatio,
2785 1893 2904 1948 qua:
2933 1877 3074 1944 apud
3105 1877 3360 1934 llcbrteos
3385 1891 3602 1948 semper
3633 1887 3716 1932 est

2125 1971 2282 2040 plena
2329 1969 2638 2040 mysteriis,
2685 1967 2888 2024 indicat
2927 1969 3300 2040 Synagogam,
3349 1985 3468 2038 quae
3513 1969 3570 2024 in
3613 1967 3716 2024 hoc

2125 2063 2332 2132 psalmo
2361 2061 2614 2130 loquitur.
2646 2059 2752 2116 Sed
2781 2059 2868 2116 hic
2893 2059 2982 2114 illa
3007 2059 3180 2116 ﬁdelis
3203 2059 3410 2114 Domini
3435 2059 3716 2132 Synagoga

2127 2151 2468 2222 intelligenda
2510 2163 2592 2206 est
2622 2167 2740 2220 qua!
2767 2161 2820 2206 et
2847 2159 3126 2206 venturum
3167 2151 3436 2206 Christum
3467 2151 3716 2216 credidit,

2129 2253 2180 2302 ct
2205 2243 2490 2300 adventum
2523 2243 2638 2312 ejus
2665 2243 2896 2314 gloriosa
2925 2243 3324 2312 exspectatione
3349 2242 3586 2312 suscepit
3616 2259 3630 2292 :
3665 2241 3718 2296 in

2129 2351 2230 2406 qua
2265 2335 2472 2390 fuerunt
2507 2335 2822 2402 patriarcha:
2845 2375 2860 2398 ,
2891 2335 3164 2404 propheta:
3189 2379 3204 2404 ,
3245 2332 3544 2388 Natbanael
3569 2373 3584 2398 ,
3615 2333 3720 2402 ipsi

2129 2439 2340 2494 quoque
2365 2425 2612 2492 apostoli,
2643 2433 2698 2480 et
2723 2425 2910 2494 reliqui
2941 2427 3148 2482 sincera
3177 2427 3462 2482 devotione
3489 2427 3724 2482 creden-

2131 2529 2228 2576 tes.
2277 2517 2564 2574 Sciendum
2599 2519 2754 2588 plane
2783 2517 2924 2588 quod
2971 2519 3056 2574 hic
3087 2521 3322 2588 psalmus
3367 2519 3598 2588 primum
3625 2517 3724 2572 ad-

2131 2621 2346 2664 ventum
2375 2609 2610 2674 Domini,
2633 2609 3034 2680 seCundumque
3065 2629 3110 2680 pl
3125 2613 3372 2680 ophetet;
3401 2609 3644 2680 quamvis
3669 2617 3724 2664 et

2133 2697 2510 2768 nonagesimus
2555 2699 2791 2768 quintus,
2827 2707 2880 2754 et
2911 2701 3284 2770 nonagesimus
3327 2701 3592 2766 septimus
3631 2715 3724 2754 ea-

2133 2789 2252 2844 dem
2285 2789 2574 2858 prardicare
2604 2799 2922 2856 noscantur;
2943 2801 3208 2862 quatenus
3237 2791 3510 2848 excusatio
3523 2790 3724 2846 Judznis

2135 2898 2239 2938 non
2273 2881 2616 2938 crcdcntilms
2647 2883 2882 2940 funditus
2915 2885 3212 2954 tolleretur,
3243 2883 3456 2956 quando
3497 2885 3584 2938 illa
3617 2899 3722 2938 non

2135 2973 2434 3042 suscipiunt
2455 2989 2572 3042 qua:
2599 2975 2710 3044 ipsa
2741 2989 2954 3044 quoque
2985 2975 3260 3048 Synagoga
3287 2983 3530 3030 testatur.
3562 2973 3722 3040 Quid,

2133 3083 2288 3138 rogo,
2309 3067 2510 3138 colunt,
2533 3069 2574 3122 si
2597 3069 2760 3124 etiam
2781 3067 2948 3138 ipsam
2971 3065 3156 3122 audire
3171 3075 3544 3134 contemnunt,
3563 3080 3726 3134 quam

2135 3175 2194 3218 se
2221 3161 2462 3217 venerari
2495 3159 2714 3216 dicunt?

2709 3275 2906 3332 Diuisio
2935 3275 3140 3348 psalmi.

2211 3391 2270 3448 In
2299 3389 2470 3462 prima
2501 3391 2744 3446 sectione
2785 3389 2958 3444 tidelis
2999 3389 3278 3459 Synagoga
3309 3387 3562 3460 loquitur,
3605 3401 3728 3458 qua

2140 3499 2284 3542 nunc
2311 3493 2392 3538 cst
2417 3485 2468 3540 in
2511 3481 2722 3554 populis
2761 3481 3098 3546 Christianis,
3125 3481 3196 3537 de
3219 3481 3390 3550 primo
3413 3491 3468 3536 et
3493 3481 3730 3536 secundo

2141 3577 2376 3632 adventu
2403 3575 2612 3632 Domini
2631 3575 2850 3632 Christi.
2871 3575 3126 3646 Sequenti
3155 3589 3284 3631 vero
3307 3583 3458 3646 parte
3481 3577 3594 3644 ipse
3611 3571 3728 3630 Rex

2135 3669 2378 3738 loquitur
2415 3667 2682 3732 Christus,
2735 3681 3082 3722 commoneas
3127 3667 3350 3736 populos
3377 3675 3456 3734 ut,
3495 3665 3730 3722 victimis

2141 3762 2408 3834 pecudum
2457 3761 2752 3826 derelictis,
2783 3759 3104 3816 sacriﬁcium
3147 3759 3320 3814 laudis
3349 3759 3578 3814 debeant
3621 3759 3730 3814 im-

2143 3857 2366 3912 molare.
2397 3855 2574 3910 Tertia
2603 3855 2844 3910 sectione
2875 3853 3070 3908 iterum
3095 3851 3284 3908 devota
3313 3867 3470 3922 quam
3495 3851 3730 3906 diximus

2143 3949 2420 4020 Synagoga
2441 3947 2760 4020 reloquitur,
2779 3947 3050 4016 imputans
3065 3943 3438 4016 peccatoribus
3459 3941 3732 4014 nequitias

2139 4057 2286 4096 suas.

2679 4147 2950 4220 Expositio
2979 4149 3182 4222 psalmi.

2217 4263 2370 4316 Vers.
2403 4263 2452 4317 1.
2501 4261 2640 4316 Deus
2667 4261 2876 4316 deorum
2925 4259 3178 4316 Dominus
3207 4261 3404 4316 locutus
3433 4269 3530 4326 est,
3575 4271 3622 4314 et
3649 4277 3734 4314 πεο-

2143 4357 2272 4410 cci-it
2319 4363 2530 4416 terram,
2561 4369 2592 4405 ιτ
2620 4353 2742 4405 satis
2773 4361 2890 4406 ortu
2923 4369 3076 4420 usque
3102 4353 3170 4405 ad
3213 4369 3448 4406 occasum
3493 4349 3570 4408 Ne
3613 4353 3730 4424 quis

2143 4445 2570 4501 incarnationem
2603 4443 2814 4496 Domini
2835 4443 3088 4498 mediocri
3119 4443 3360 4498 crederet
3379 4445 3732 4500 testimatione

2145 4537 2494 4606 pensandum,
2537 4537 2772 4604 potentia
2799 4535 2966 4606 ipsius
2991 4545 3112 4590 ante
3139 4535 3464 4606 prmdicitttr,
3491 4545 3550 4590 ut
3573 4537 3732 4592 totius

2147 4625 2532 4682 intredulitatis
2571 4625 2804 4694 pravitas
2833 4625 3124 4680 auferatur.
3171 4625 3260 4680 Dii
3287 4627 3538 4682 dicuntur
3567 4627 3734 4682 homi-

2171 4733 2264 4782 nes,
2297 4721 2386 4788 qui
2407 4717 2560 4772 bouis
2587 4717 3082 4773 convcrsationibus
3107 4721 3329 4790 gratiam
3361 4735 3608 4790 supernae
3627 4721 3734 4774 illa-

2139 4810 2350 4880 jcstatis
2373 4809 2670 4878 accipiunt;
2703 4811 2838 4864 sicut
2863 4811 2910 4864 in
2941 4811 3046 4864 alio
3077 4811 3281 4880 psalmo
3307 4813 3380 4867 ait
3411 4829 3425 4866 :
3459 4809 3576 4884 Ego
3601 4813 3728 4876 dixi,

2145 4903 2370 4964 diicstis,
2397 4911 2442 4956 et
2467 4901 2562 4968 ﬁlii
2583 4901 2782 4957 Eri-eisi
2805 4919 2978 4958 omnes
2999 4901 3170 4974 (Psal.
3201 4919 3388 4968 LXXXI,
3414 4903 3492 4974 ﬁ).
3511 4903 3588 4958 Ita
3605 4919 3732 4974 ergo

2147 4993 2240 5048 lilii
2269 4995 2536 5056 dicuntur,
2567 4993 2702 5048 sicut
2734 5003 2786 5049 et
2815 4995 2910 5054 dii.
2941 4997 3066 5064 quia
3091 5005 3378 5065 utrmnque
3403 4997 3572 5066 gratia
3601 5011 3732 5066 prte-

2149 5093 2254 5140 stat
2279 5085 2482 5152 utique,
2513 5099 2616 5138 non
2651 5095 2854 5138 natura.
2887 5085 3024 5138 Deus
3053 5093 3228 5140 autem
3261 5087 3470 5140 deorum
3507 5075 3590 5142 est
3635 5087 3734 5140 Do-

2149 5175 2326 5230 minus
2355 5175 2628 5238 Christus;
2661 5175 2774 5242 ipsc
2795 5177 2940 5230 enim
2971 5191 3090 5230 cum
3119 5175 3272 5232 Patre
3307 5187 3360 5232 et
3383 5177 3584 5248 Spiritu
3611 5193 3732 5232 san-

2145 5275 2236 5320 cto
2279 5281 2404 5320 vere
2433 5267 2628 5322 dicitur
2659 5266 2798 5322 Deus
2839 5267 3092 5330 deorum;
3121 5267 3262 5337 quod
3311 5277 3486 5324 tamen
3539 5283 3732 5324 nomen

2149 5373 2256 5414 non
2289 5359 2504 5412 omnino
2539 5359 2840 5414 Divinitatis
2869 5369 2948 5416 est
2999 5361 3268 5430 preprium
3293 5401 3308 5426 ,
3361 5361 3452 5416 sed
3503 5359 3730 5415 humana

2147 5451 2346 5520 lingua,
2371 5449 2508 5504 sicut
2531 5451 2640 5520 jam
2669 5449 2920 5514 diximus,
2949 5453 3308 5508 sutnmitatem
3329 5451 3446 5524 ejus
3465 5451 3606 5508 ultra
3639 5453 3734 5506 hoc

2147 5557 2252 5596 non
2283 5551 2456 5610 potest
2479 5543 2736 5598 indicare.
2773 5541 2910 5596 Deus
2949 5543 3090 5598 enim
3117 5543 3300 5600 Grtcca
3345 5547 3522 5616 lingua
3545 5547 3732 5602 dicitur

2149 5637 2342 5700 timor;
2375 5645 2430 5692 et
2457 5635 2710 5706 quoniam
2743 5637 2888 5692 solus
2919 5637 3034 5706 ipse
3065 5637 3330 5692 timendus
3359 5649 3460 5702 est,
3487 5637 3538 5692 in
3567 5639 3734 5693 vicem

2149 5731 2384 5784 nominis
2401 5723 2620 5784 verbum
2641 5729 2746 5782 tale
2767 5729 3030 5783 transivit.
3059 5729 3272 5800 Legitur
3287 5731 3424 5784 enim
3449 5731 3498 5786 in
3519 5729 3704 5785 Exodo
3721 5747 3732 5784 :

2151 5815 2352 5878 Nomen
2385 5839 2542 5876 meum
2575 5823 2772 5874 Admitti
2815 5837 2916 5874 non
2945 5823 3166 5876 indicari
3193 5825 3262 5878 eis
3295 5825 3486 5894 (Exod.
3531 5841 3606 5886 vt,
3639 5823 3730 5892 5);

2151 5929 2208 5974 ut
2235 5919 2468 5972 sciamus
2489 5931 2682 5970 notnen
2713 5931 2830 5972 esse
2855 5919 3306 5990 secretum,quod
3333 5935 3430 5974 nec
3447 5919 3634 5976 electis
3661 5921 3706 5972 la
