4004 6342
235 425 327 483 549

1127 412 1485 480 EXPOSITIO
1526 422 1593 479 ΙΝ
1630 418 2085 487 PSALTEMUM.
2130 432 2322 493 PSAL.
2365 435 2547 492 XLIX.

3373 436 3479 494 350

233 545 374 603 mulis
398 542 1049 615 cognosciturindicatum.
1078 542 1298 599 Locutus
1316 556 1387 600 est
1413 562 1537 620 ergo
1557 561 1651 618 per
1672 562 1793 618 pro-
1820 553 1874 611 Α
1901 561 2075 610 autem
2098 572 2200 611 non
2224 559 2407 624 silebit,
2435 559 2648 629 quando
2680 560 2952 617 sceleratis
2980 562 3218 618 dicturus
3243 571 3362 618 est:
3394 562 3479 619 Ite

232 641 407 712 phetas
428 680 444 706 ,
492 653 588 709 per
608 639 877 709 apostolos
902 681 917 706 ,
950 648 1003 695 et
1025 682 1040 708 ,
1073 640 1213 711 quod
1245 650 1322 696 est
1349 644 1616 710 potentius
1640 686 1653 707 ,
1698 656 1796 711 per

228 735 469 805 seipsum.
502 732 770 803 Sequitur,
801 742 848 788 et
873 735 1065 788 vocavit
1092 742 1297 790 (errant.
1330 734 1545 789 Terrani
1584 735 1669 791 hic
1698 750 1791 806 ge-

229 844 320 884 nus
349 828 619 883 hominum
664 828 922 884 debemus
962 828 1239 884 advertere
1265 873 1279 897 ,
1312 829 1450 899 quod
1484 844 1579 899 per
1624 838 1793 884 totum

227 920 396 975 orbem
437 929 699 975 terrarum
744 920 955 976 videtur
984 936 1103 978 esse
1131 920 1397 976 diliusum.
1445 920 1547 977 Sed
1581 918 1795 990 promer

227 1012 343 1068 illud
359 1012 495 1083 quod
530 1012 753 1079 habitat,
776 1014 1003 1083 positum
1035 1014 1268 1085 estquod
1301 1014 1639 1069 inhabitatur.
1661 1013 1792 1069 Nam

225 1105 475 1175 quomodo
525 1117 747 1163 vocasset
786 1107 925 1177 quod
985 1108 1169 1163 audire
1224 1110 1343 1164 non‘
1377 1109 1625 1179 poterat?
1683 1107 1794 1162 Hoc

224 1198 420 1251 schema
446 1196 643 1252 dicitur
675 1201 1024 1271 metonymia,
1053 1202 1266 1271 quando
1293 1186 1393 1273 per
1417 1201 1467 1256 id
1499 1201 1636 1270 quod
1667 1216 1796 1257 con-

223 1290 361 1358 tinet,
394 1289 493 1345 hoc
527 1294 669 1362 quod
717 1296 1021 1350 continetur
1051 1297 1300 1352 edicitur.
1346 1295 1580 1363 Addidit,
1616 1312 1645 1349 a
1674 1297 1795 1350 solis

222 1392 323 1438 ortu
348 1400 503 1452 usque
540 1387 611 1437 ad
640 1402 893 1441 occasum.
926 1386 1028 1444 Per
1069 1389 1193 1442 solis
1218 1402 1451 1454 cursum,
1482 1390 1792 1444 Universum

221 1476 466 1544 significat
513 1478 802 1543 mundum;
837 1481 957 1550 quia
1009 1484 1153 1535 omni
1192 1492 1345 1536 terrte
1374 1483 1542 1537 oritur
1571 1493 1621 1536 et
1649 1483 1795 1537 occi-

219 1561 287 1621 dit
318 1566 529 1623 claritas
553 1570 691 1638 ejus.
720 1569 829 1625 lioc
860 1571 1000 1625 enim
1031 1572 1157 1627 fecit
1183 1584 1383 1627 sancta:
1418 1564 1797 1628 incarnationis

217 1657 490 1727 adventus,
532 1671 589 1715 ut
622 1661 902 1717 universas
942 1671 1129 1732 gentes
1159 1663 1336 1732 pravis
1377 1664 1647 1719 erroribus
1677 1680 1798 1721 sau-

212 1751 360 1806 cialas
391 1753 455 1808 ad
511 1754 841 1811 credulitatis
870 1771 979 1811 sua:
1014 1758 1247 1812 remedia
1292 1758 1409 1828 pius
1448 1758 1683 1815 Medicus
1714 1760 1797 1815 in-

211 1845 423 1914 vitaret;
454 1848 601 1903 sicut
650 1849 762 1920 ipse
802 1849 987 1905 dixit:
1030 1849 1209 1906 Venite
1252 1853 1320 1905 ad
1347 1869 1461 1918 me,
1500 1870 1672 1908 omnes
1712 1852 1799 1921 qui

1898 648 1948 701 in
1992 651 2157 718 ignem
2184 662 2426 707 teternum
2448 694 2462 717 ,
2504 654 2590 723 qui
2616 664 2824 724 paratus
2859 665 2930 707 est
2957 655 3157 710 diabolo
3199 664 3248 710 et
3279 658 3477 727 angelis

1897 741 2006 806 eius
2030 736 2243 808 (Matth.
2269 755 2393 807 xxv,
2417 741 2528 811 4!).
2552 742 2677 798 Inde
2704 753 2755 799 et
2777 743 2904 798 alibi
2924 743 3084 799 dicit:
3110 745 3289 814 Tacui,
3315 750 3472 816 tacui,

1896 831 2128 902 nunquid
2164 849 2361 903 semper
2389 836 2558 888 tacebo
2603 834 2781 905 (Iam,
2833 852 2972 905 xm,
3005 835 3131 908 ts)?
3156 837 3289 893 Nam
3330 839 3472 909 quod

1897 923 2154 993 sequitur,
2180 926 2313 996 ignis
2342 926 2395 979 in
2426 939 2696 996 conspectu
2723 931 2829 999 ejus
2852 932 3090 984 ardebit:
3123 934 3295 1001 magni
3324 934 3474 989 Judi-

1895 1018 1990 1079 cis,
2010 1014 2151 1071 sicut
2174 1019 2369 1073 dictum
2394 1028 2496 1087 est,
2519 1022 2805 1089 praeclarus
2826 1022 3081 1079 adventus
3113 1025 3330 1094 mystica
3356 1026 3472 1079 vir-

1898 1118 2011 1164 tute
2038 1108 2376 1166 describitur.
2402 1111 2542 1181 ignis
2566 1113 2708 1167 enim
2742 1116 2928 1181 prteire
2948 1114 3168 1180 dicitur;
3201 1126 3255 1168 ut
3277 1117 3365 1185 qui
3390 1125 3473 1171 est

1899 1204 2048 1269 palea
2071 1244 2085 1269 ,
2129 1219 2189 1260 se
2219 1204 2463 1261 formidet
2492 1220 2755 1260 arsurum.
2790 1206 3042 1271 Addidit,
3078 1216 3121 1262 et
3163 1212 3217 1262 in
3255 1210 3473 1263 circuitu

1896 1296 2003 1368 ejus
2022 1308 2288 1369 tempestas
2310 1301 2495 1355 valida.
2517 1300 2641 1356 Haec
2664 1310 2929 1370 tempestas
2953 1317 3055 1357 non
3076 1308 3251 1358 ventis
3272 1306 3468 1373 agitur,

1896 1401 1994 1441 nec
2036 1389 2283 1457 procellis
2315 1390 2653 1446 saevientibus
2691 1394 2978 1458 excitatur;
3020 1393 3111 1448 sed
3156 1394 3331 1449 divina
3380 1408 3470 1463 poc

1899 1480 2061 1534 tentia
2087 1480 2375 1537 vehemens
2404 1490 2687 1552 consurget
2714 1484 2965 1552 Spiritus,
3008 1493 3065 1539 ut
3109 1498 3231 1540 area
3262 1474 3472 1539 Domini

1897 1572 2162 1640 aquitatis
2199 1572 2317 1642 ejus
2360 1575 2624 1629 sententia
2670 1575 2987 1643 ventiletur;
3035 1583 3159 1630 tunc
3206 1575 3471 1631 frumenta

1898 1662 2254 1732 sequestrabit
2281 1679 2311 1717 a
2339 1664 2525 1732 paleis,
2557 1665 2659 1720 hoc
2683 1673 2767 1719 est
2794 1666 2963 1720 bonos
2989 1666 3259 1720 discernet
3285 1666 3352 1719 ab
3375 1666 3476 1720 im-

1900 1753 2020 1822 piis.
2043 1754 2171 1819 Quae
2198 1754 2454 1822 iudicatio
2476 1757 2668 1811 merito
2690 1766 2956 1829 tempestas
2977 1756 3195 1825 dicitur,
3223 1759 3473 1827 quoniam

1898 1854 1953 1901 et
1982 1846 2266 1915 improvisa
2296 1848 2495 1914 veniet,
2519 1857 2573 1903 et
2597 1850 2648 1903 iu
2678 1850 3117 1917 disceptationem
3139 1864 3291 1904 suam
3314 1850 3477 1903 nimia

218 1939 439 1993 laboratis
483 1952 534 1995 et
576 1942 771 1995 onerati
812 1943 929 1998 estis
952 1986 965 2010 ,
999 1952 1044 1996 et
1070 1959 1162 2013 ego
1190 1960 1276 1999 vos
1303 1944 1529 2014 reﬁciam
1561 1947 1575 2015 (
1604 1944 1789 2001 Matth.
1824 1942 1873 2007 Β
1900 1940 2170 1995 celeritate
2219 1939 2469 2008 raptabit.
2525 1940 2708 1994 Valida
2735 1956 2945 2009 quoque
2975 1942 3228 1996 decenter
3256 1934 3479 2010 adhuc-

219 2045 287 2097 st,
318 2030 428 2101 :28).

277 2122 425 2177 Vers.
460 2124 515 2178 ‘2.
562 2124 645 2179 Ex
677 2125 805 2182 Sion
834 2128 1025 2196 species
1063 2128 1258 2182 decoris
1287 2130 1420 2199 ejus.
1452 2127 1551 2183 ilic
1582 2128 1796 2184 Jeroso—

217 2214 346 2286 lyma
373 2217 724 2286 significatur,
750 2219 886 2274 intra
911 2234 1067 2291 quam
1100 2221 1369 2275 civitatem
1393 2235 1547 2276 mons
1576 2223 1679 2277 iste
1702 2237 1795 2290 pu-

214 2306 282 2360 ris
328 2309 600 2363 mentibus
630 2312 772 2365 velut
802 2327 959 2366 aurea
1009 2326 1183 2367 massa
1231 2313 1557 2381 restilendet.
1593 2314 1666 2369 De
1698 2316 1794 2369 hac

212 2398 341 2452 enim
372 2400 508 2455 urbe
551 2410 807 2458 exeuntes
855 2405 1080 2473 apostoli
1112 2407 1328 2473 speciem
1371 2405 1565 2459 decoris
1596 2405 1795 2460 Christi

211 2492 654 2549 annuntiaveruut
704 2496 756 2549 in
809 2504 919 2553 toto
949 2497 1078 2552 orbe
1126 2506 1430 2562 terrarum;
1465 2499 1598 2553 sicut
1630 2497 1793 2552 Isaias

212 2583 328 2639 dicit
361 2602 375 2640 :
406 2584 495 2641 Ea:
527 2586 655 2643 Sion
678 2588 831 2642 exibit
862 2591 969 2656 (ex,
1000 2598 1049 2644 et
1072 2592 1275 2643 verbum
1304 2590 1513 2643 Domini
1544 2591 1609 2643 de
1636 2588 1793 2643 Jeru-

209 2678 355 2731 salem
385 2676 524 2745 (lsa.
556 2693 615 2745 ιι,
649 2679 725 2747 5).
761 2679 1077 2735 Veneranda
1113 2682 1261 2747 urbs,
1292 2694 1533 2737 sanctum
1555 2684 1790 2746 culmen;

211 2775 256 2821 ut
294 2766 431 2821 illud
471 2765 630 2838 Regis
659 2770 826 2823 nostri
856 2770 1063 2841 insigne
1093 2771 1441 2838 domicilium,
1470 2785 1649 2826 arcem
1681 2787 1795 2827 me-
1820 2829 1828 2834 _

212 2858 305 2912 rito
329 2857 577 2913 dicamus
603 2872 722 2914 esse
748 2868 1032 2915 terrarum.
1061 2861 1127 2915 Et
1152 2862 1361 2930 respice
1391 2874 1547 2931 quam
1575 2877 1796 2933 compe-

214 2958 375 3006 tenter
398 2950 719 3007 edocemur.‘
741 2952 797 3007 In
825 2953 1101 3024 superiore
1120 2969 1281 3009 versu
1303 2955 1507 3009 dixerat
1527 2954 1796 3011 Christum

218 3037 489 3094 Dominum
524 3040 799 3095 universas
828 3052 1015 3111 gentes
1044 3056 1299 3108 evocare,
1335 3058 1474 3098 nunc
1521 3043 1682 3099 etiam
1713 3045 1799 3100 de-

217 3130 378 3197 signat
399 3131 544 3186 unde
566 3131 804 3186 doctrina
829 3134 945 3200 ejus
971 3143 1218 3204 tanquam
1237 3134 1305 3189 de
1331 3134 1616 3203 purissimo
1641 3144 1798 3207 atque

220 3221 617 3279 Illittentissimo
642 3224 789 3279 fonte
826 3240 921 3295 per
948 3220 1306 3295 spatia’totius
1332 3225 1477 3282 orbis
1508 3226 1795 3283 efﬂuxerit.

1899 2039 2007 2085 tum
2037 2038 2146 2095 est;
2180 2046 2297 2084 nam
2321 2046 2479 2100 quam
2506 2032 2574 2086 sit
2604 2040 2792 2101 potens
2820 2033 2942 2087 hinc
2965 2033 3121 2088 datur
3152 2033 3393 2103 intelligi,
3419 2041 3479 2086 ut

1898 2136 2057 2177 omne
2085 2137 2253 2192 genus
2286 2124 2556 2177 hominum
2591 2138 2685 2192 pro
2726 2124 2838 2178 suis
2868 2126 3073 2180 meritis
3103 2133 3479 2179 momentanea

1896 2216 2169 2271 celeritate
2199 2215 2494 2287 discernat;
2538 2218 2677 2271 sicut
2718 2216 3006 2287 Apostolus
3047 2217 3221 2272 dicit:-
3255 2216 3318 2270 ln
3363 2232 3475 2270 mo-

1896 2321 2086 2378 mento,
2104 2313 2156 2365 in
2178 2314 2279 2365 ictu
2307 2312 2459 2376 oculi,
2480 2313 2533 2366 in
2558 2312 2826 2366 novissima
2844 2314 2995 2378 tuba;
3012 2322 3158 2365 canet
3178 2312 3312 2365 enim
3335 2311 3475 2375 tuba,

1897 2413 1943 2458 et
1982 2405 2165 2456 mortui
2192 2413 2454 2474 resurgent
2498 2402 2559 2475 (1
2602 2405 2719 2457 Cor.
2752 2420 2841 2467 xv,
2874 2402 3001 2473 5‘2).
3035 2402 3101 2456 In
3127 2404 3339 2457 circuitu
3367 2404 3480 2474 ejus

1898 2504 2164 2565 tempestas
2191 2494 2358 2563 calida
2390 2508 2491 2548 non
2519 2495 2946 2562 incompetenter
2977 2491 3293 2561 advertitur,
3346 2507 3480 2561 quo-

1899 2589 2038 2643 niam
2075 2598 2194 2643 cttm
2238 2590 2350 2656 ipso
2391 2589 2519 2658 justi
2562 2588 2810 2643 sedentes
2837 2627 2849 2651 ,
2895 2587 3035 2643 sicut
3065 2586 3393 2658 promittitur
3422 2586 3479 2641 in

1901 2682 2206 2752 Evangelia,
2236 2682 2571 2751 jndicabunt.

1972 2774 2125 2829 Vcrs.
2155 2773 2208 2827 4.
2240 2775 2515 2827 Adt'ocabit
2542 2775 2721 2827 caelum
2748 2791 2967 2841 sursum,
2997 2782 3046 2827 et
3074 2783 3259 2827 terram
3289 2782 3343 2826 ut
3369 2773 3477 2825 dis-

1901 2880 2118 2926 cerneret
2147 2870 2387 2940 populum
2419 2883 2587 2923 suum.
2623 2869 2732 2923 Hoc
2760 2878 2907 2922 certe
2934 2868 3169 2921 facturus
3194 2874 3277 2921 est
3305 2866 3357 2920 in
3386 2865 3479 2919 illo

1898 2962 2116 3034 judicio.
2145 2961 2248 3017 Sed
2288 2970 2423 3014 terra
2451 2960 2839 3015 rationabiliter
2866 2960 3097 3013 fortasse
3125 2957 3321 3012 dicitur
3360 2970 3478 3011 sur—

1902 3072 2012 3112 sunt
2038 3063 2247 3119 vocata,
2297 3067 2417 3122 quas
2448 3068 2587 3109 nunc
2620 3055 2671 3107 in
2715 3052 2824 3108 imo
2861 3053 2978 3106 loco
3019 3049 3259 3105 noscitur
3284 3049 3486 3104 consti-

1903 3157 2039 3205 tuta.
2073 3147 2264 3203 Ctrlum
2290 3157 2465 3201 autem
2498 3162 2617 3201 cum
2642 3147 2712 3199 sit
2737 3144 2982 3213 desuper,
3006 3143 3093 3198 ubi
3116 3143 3244 3198 illud
3269 3154 3483 3196 sursum

1906 3238 2151 3295 vocavit?
2173 3237 2277 3294 Sed
2306 3237 2484 3293 calum
2510 3236 2616 3303 hic,
2645 3250 2859 3291 onmem
2887 3236 3083 3303 justum
3108 3234 3367 3289 debemus
3387 3247 3480 3286 ac-

220 3314 303 3372 His
347 3320 488 3374 enim
524 3317 681 3373 dictis
730 3317 1035 3387 evangelica
1067 3318 1224 3374 verba
1273 3320 1599 3375 concordant
1628 3320 1793 3393 (Luc.

1906 3336 2120 3405 cipere,
2170 3343 2356 3388 terram
2402 3339 2780 3404 peccatorem;
2814 3329 2937 3399 quia
2987 3329 3077 3384 ille
3118 3327 3380 3398 spiritnaii
3427 3340 3487 3380 se

221 3425 352 3478 xxiv,
396 3410 515 3482 47),
549 3425 645 3481 per
690 3426 879 3467 omnes
911 3422 1097 3482 gentes
1128 3412 1506 3481 incipientibus
1552 3415 1621 3468 ab
1646 3413 1797 3470 Jeru~

222 3503 396 3559 salem.
429 3502 565 3559 inde
618 3503 757 3558 enim
789 3505 1065 3574 praedicari
1111 3507 1273 3575 C(Bpil
1316 3504 1599 3576 Christus,
1648 3507 1799 3578 cujus

223 3594 413 3664 species
429 3595 635 3651 decora
653 3596 1017 3665 cognoscitur,
1032 3605 1266 3675 testante
1280 3598 1385 3653 alio
1414 3599 1615 3668 psalmo
1635 3616 1649 3651 :
1670 3599 1800 3668 Spe-

224 3690 376 3742 ciosus
405 3689 576 3753 forma
608 3702 714 3757 pne
743 3687 864 3756 ﬁliis
904 3688 1169 3743 hominum
1201 3690 1369 3761 (Psal.
1400 3706 1542 3757 xuv,
1586 3690 1676 3763 3);
1711 3692 1798 3748 ubi

226 3780 540 3839 sufﬁcienter
590 3781 891 3853 expositum
921 3794 1002 3839 est
1051 3799 1144 3839 cur
1174 3787 1447 3854 speciosus
1500 3786 1799 3856 specialiter

226 3870 435 3932 dicatur.

294 3966 440 4038 135
461 3967 617 4023 Vers.
649 3969 701 4024 3.
735 3965 872 4023 Deus
898 3969 1163 4039 manifeste
1189 3970 1370 4037 ueniet,
1394 3969 1530 4025 Deus
1556 3978 1723 4025 noster
1745 3977 1797 4024 et

226 4071 327 4110 neu
350 4059 548 4124 silebit;
581 4060 714 4129 ignis
750 4060 804 4113 in
835 4069 1105 4130 conspectu
1135 4062 1242 4131 ejus
1275 4061 1501 4126 ardebit,
1536 4070 1583 4115 et
1612 4063 1663 4115 in
1694 4062 1797 4114 cir-

230 4151 363 4203 cuitu
403 4155 515 4223 ejus
545 4154 1037 4222 tempestassalida.
1073 4154 1349 4225 Synagoga
1384 4155 1615 4209 ﬁdelium
1650 4164 1798 4224 post-

230 4254 380 4309 quam
411 4241 476 4297 de
512 4245 683 4313 primo
713 4245 875 4299 multa
906 4245 1069 4310 dixit,
1102 4246 1245 4300 venit
1273 4247 1337 4300 ad
1368 4248 1659 4301 secundum
1698 4248 1802 4300 Do-

228 4332 351 4387 mini
382 4334 667 4391 Salvatoris
697 4337 1006 4404 adventum,
1038 4352 1195 4408 quem
1230 4354 1325 4406 per
1366 4338 1585 4407 ﬁguram
1617 4340 1795 4393 ideam

229 4424 439 4482 diversis
460 4429 902 4485 similitudinibus
934 4429 1164 4484 mirabili
1196 4429 1578 4500 imaginatione
1602 4430 1804 4485 descri-

230 4516 326 4585 bit;
357 4528 411 4574 ut
430 4535 539 4576 non
562 4530 669 4577 tam
698 4520 904 4576 iuturus
934 4534 1092 4590 quam
1124 4534 1364 4589 praesens
1389 4535 1508 4576 esse
1534 4520 1798 4575 videatur.

230 4610 448 4668 Dicendo
492 4613 667 4680 enim,
716 4614 980 4683 manifeste
1008 4613 1201 4678 veniet,
1244 4613 1511 4683 signiﬁcat
1556 4612 1705 4666 illum
1752 4613 1801 4665 in

1905 3428 2335 3491 conversatione,
2362 3426 2585 3479 Domino
2614 3430 2925 3493 praestante,
2955 3421 3220 3492 purificat,
3247 3420 3350 3475 iste
3371 3427 3486 3473 ter-

1902 3534 2029 3575 rena
2062 3518 2309 3573 vitiorum
2335 3516 2590 3586 qualitate
2610 3514 2895 3570 sordescit.
2932 3514 2999 3568 Et
3020 3512 3138 3568 vide
3158 3513 3279 3582 quia
3300 3512 3353 3565 in
3378 3511 3485 3579 pri-

1904 3628 1991 3667 mo
2036 3611 2267 3666 adventu
2302 3624 2489 3665 omnes
2536 3609 2827 3664 indiscrete
2855 3615 3171 3671 vocaverat;
3203 3613 3262 3660 ut
3298 3605 3487 3659 admo-

1905 3705 2021 3770 Ititi,
2058 3704 2109 3758 in
2141 3704 2242 3757 hoc
2275 3702 2472 3757 mundo
2500 3717 2561 3757 se
2587 3701 2862 3771 corrigere
2890 3700 3232 3763 debuissent;
3265 3697 3403 3751 sicut
3432 3696 3485 3749 in

1904 3794 2194 3867 Evangeiio
2216 3795 2346 3848 dicit
2375 3812 2385 3846 :
2421 3794 2487 3847 Et
2506 3795 2740 3849 exierunt
2766 3794 2817 3845 in
2839 3792 3004 3845 exitus
3025 3792 3238 3853 viarum,
3268 3799 3316 3841 et
3339 3803 3486 3840 voca-

1901 3898 2081 3942 verunt
2108 3902 2434 3957 quoscunque
2463 3888 2762 3940 invenerunt
2802 3884 2957 3937 bonos
2991 3894 3037 3935 et
3072 3883 3233 3934 malos
3268 3878 3486 3950 (Matth.

1904 3994 2033 4044 χχιι,
2062 3980 2172 4047 id).
2198 3980 2252 4032 In
2283 3978 2390 4032 line
2415 3986 2590 4030 autem
2621 3976 2800 4029 mundi
2831 3975 3015 4026 coelum
3038 3974 3284 4035 advocat;
3309 3969 3487 4038 titiam

1900 4070 2074 4141 justos
2115 4068 2382 4121 discernat
2425 4066 2493 4118 ab
2535 4064 2743 4133 impiis,
2783 4077 2854 4116 ne
2897 4061 3151 4124 ulterius,
3190 4058 3331 4114 sicut
3374 4059 3483 4126 hie,

1904 4158 2141 4214 confusis
2173 4156 2598 4210 habitationibus
2627 4155 2980 4207 misceantur.

1982 4251 2130 4304 γεω.
2165 4250 2219 4302 5.
2251 4248 2562 4317 Congregate
2593 4245 2671 4300 illi
2709 4253 2910 4300 sanctos
2946 4245 3081 4314 ejus,
3123 4243 3215 4313 qui
3250 4244 3491 4297 ordinant

1907 4349 2253 4395 testamentum
2270 4340 2381 4409 ejus
2392 4352 2542 4406 super
2554 4337 2687 4392 sacri
2692 4337 2985 4405 ﬁcia.Nnnc
2999 4335 3281 4407 Syuagoga
3292 4334 3489 4391 Christi

1906 4434 2067 4488 verba
2089 4431 2212 4485 iacit
2228 4430 2293 4484 ad
2316 4427 2557 4497 angelos,
2576 4429 2664 4497 qui
2683 4428 2981 4482 ministerio
3001 4443 3100 4483 suo
3116 4428 3168 4484 in
3186 4429 3293 4483 line
3309 4427 3493 4481 διωῑί

1907 4535 2111 4580 sanctos
2137 4525 2205 4578 de
2235 4525 2485 4576 universo
2523 4522 2743 4591 mundo,
2777 4522 2916 4576 sicut
2959 4522 3185 4591 legitur,
3213 4534 3492 4589 congrega-

1909 4617 2051 4669 bunt.
2082 4613 2219 4669 Dicit
2251 4612 2394 4668 enim
2427 4610 2543 4679 ipse
2574 4612 2828 4665 Dominus
2871 4610 2925 4664 in
2960 4609 3249 4679 Evangelio
3276 4625 3288 4660 :
3322 4606 3491 4661 Mittet

231 4703 390 4771 primo
433 4705 665 4761 adventu
697 4702 899 4759 cunctis
933 4718 1036 4757 non
1067 4702 1233 4756 fuisse
1265 4704 1604 4758 manifestum
1635 4719 1649 4767 ;
1683 4702 1803 4771 quia
1832 4720 1886 4783 D
1911 4706 2118 4775 angelos
2141 4719 2282 4767 suos,
2316 4712 2361 4756 et
2387 4704 2764 4773 congregabunt
2799 4709 2913 4755 ante
2941 4715 3059 4752 eum
3100 4714 3275 4753 omnes
3300 4708 3489 4767 gentes,

232 4797 472 4865 maiestas
508 4797 626 4866 ejus
652 4810 846 4850 carnea
879 4796 1021 4851 nube
1049 4795 1220 4850 celata
1257 4804 1367 4861 est;
1399 4794 1535 4850 sicut
1562 4805 1616 4849 et
1657 4797 1801 4864 Apo—

234 4889 395 4944 stolus
418 4888 486 4945 de
513 4888 821 4945 inﬁdelibus
850 4871 980 4942 dicit
1009 4905 1022 4941 :
1054 4886 1114 4943 Si
1143 4888 1510 4958 cognovissent,
1544 4903 1805 4956 nunquam

236 4976 501 5035 Dominum
545 4982 725 5052 glorise
763 4981 1128 5048 cruciﬁmissent
1170 4979 1232 5049 (ι
1267 4978 1387 5033 Cor.
1421 4994 1492 5043 ιι,
1526 4976 1604 5047 8).
1638 4977 1808 5032 Mani-

239 5072 350 5138 feste
376 5088 501 5129 vero
524 5082 653 5128 tune
676 5073 860 5141 veniet,
891 5074 1106 5142 quando
1131 5073 1233 5141 jam
1267 5070 1373 5126 min
1408 5072 1552 5126 cruci
1581 5070 1804 5141 afﬁgen-

236 5162 355 5228 dus,
383 5166 474 5221 sed
500 5165 831 5235 judicatums
872 5174 951 5220 est
982 5164 1258 5218 mundum.
1291 5163 1514 5217 Tractus
1559 5177 1735 5217 sermo
1775 5176 1804 5216 a

237 5260 523 5325 sacriﬁciis,
553 5259 696 5329 quod
726 5268 840 5315 toto
866 5260 955 5313 die
988 5257 1258 5313 festivitati
1293 5266 1591 5315 vacaretur.
1632 5256 1805 5311 Μαηίο
1852 5300 1867 5315 κ

241 5349 355 5417 fests
377 5354 518 5407 enim
548 5352 765 5421 dicitur,
799 5353 948 5422 quasi
972 5366 1001 5404 a
1033 5365 1191 5404 mane
1218 5349 1338 5405 dies
1381 5350 1566 5405 festus.
1600 5350 1807 5419 Repetit

240 5438 373 5496 Deus
398 5455 596 5515 uoster,
631 5461 697 5501 ne
728 5445 831 5501 sibi
860 5444 1103 5500 inﬁdeles
1130 5450 1380 5513 putarent
1406 5457 1525 5498 esse
1564 5457 1805 5497 commu-

244 5545 377 5590 nem.
405 5535 543 5593 Deus
566 5538 709 5593 enim
725 5537 1148 5592 Christianorum
1173 5536 1286 5605 ipse
1307 5544 1389 5589 est
1409 5533 1551 5589 Deus
1569 5534 1809 5600 deorum,

244 5630 326 5697 qui
350 5641 400 5686 et
420 5632 681 5703 manifeste
708 5633 891 5700 ueniet,
916 5639 964 5686 et
991 5646 1091 5684 non
1113 5628 1294 5683 silebit.
1327 5626 1458 5683 Silet
1483 5625 1626 5681 enim
1655 5626 1812 5680 modo

246 5733 358 5775 cum
386 5724 612 5781 mundus
641 5725 746 5781 iste
785 5724 1056 5794 peragitur
1077 5764 1090 5787 ,
1120 5737 1242 5777 eum
1273 5720 1615 5789 blasphemas
1643 5728 1697 5773 et
1724 5733 1812 5773 sa-

249 5817 465 5886 crilegas
490 5833 647 5874 voces
674 5817 951 5874 sententiae
978 5816 1262 5871 severitate
1294 5828 1398 5868 non
1442 5812 1689 5875 damnat,
1720 5814 1813 5867 sed

252 5905 314 5962 sd
337 5912 694 5969 conversionis
714 5910 1030 5968 medicinam
1055 5909 1282 5966 sustinet
1304 5916 1633 5979 peccatores.
1665 5905 1815 5961 Tunc

1906 4810 1952 4854 et
1979 4797 2232 4866 separabit
2262 4812 2343 4849 eos
2380 4797 2440 4849 ab
2471 4796 2683 4849 inuicem
2705 4836 2717 4859 ,
2752 4795 2881 4848 sicut
2918 4804 3091 4863 pastor
3122 4800 3351 4862 segregat
3381 4806 3493 4846 oves

1908 4890 1970 4943 ab
2000 4889 2159 4941 haztlis
2186 4886 2398 4958 (Matth.
2429 4902 2553 4955 xxv,
2586 4887 2701 4953 δᾶ).
2729 4885 3004 4954 Sequitur,
3032 4885 3117 4951 qui
3155 4883 3392 4939 ordinant
3426 4893 3498 4936 te-

1909 4991 2213 5035 stamentis-2t
2227 4982 2338 5049 ejus
2360 4996 2512 5048 super
2527 4978 2801 5044 sacrificia.
2826 4977 3081 5029 Urdinare
3101 4976 3326 5031 dicimus
3343 4983 3497 5029 testa-

1914 5082 2135 5127 mentum
2172 5085 2267 5126 eos
2305 5071 2391 5138 qui
2430 5071 2641 5125 actibus
2684 5068 2838 5121 bonis
2887 5068 3173 5122 restituunt
3200 5082 3263 5121 ea
3292 5083 3410 5137 quae
3443 5068 3494 5121 in

1916 5162 2222 5217 testamenti
2244 5164 2386 5217 serie
2420 5166 2805 5228 cogitaverunt,
2839 5166 2895 5212 ut
2916 5157 3178 5225 hosnitcm
3201 5159 3493 5228 suscipere,

1915 5255 2311 5325 eleemosynam
2343 5252 2502 5319 dare,
2536 5251 2785 5304 charitati
2827 5251 3062 5307 studere.
3097 5252 3208 5307 Hoc
3239 5256 3379 5307 enim
3407 5268 3499 5306 sn-

1918 5363 2011 5417 pra
2044 5348 2365 5401 sacriticium
2409 5344 2671 5414 pecudum
2702 5344 2931 5401 Domino
2956 5355 3167 5401 constat
3195 5355 3495 5414 acceptum,

1918 5452 1975 5498 ut
2001 5452 2209 5497 actuum
2243 5442 2317 5493 illi
2352 5441 2516 5509 magis
2551 5438 2788 5507 probitas
2818 5439 3096 5494 offeratur.
3121 5440 3271 5506 Sive,
3305 5440 3499 5508 utqui-

1916 5536 2039 5589 dam
2082 5535 2396 5601 voluerunt,
2439 5541 2617 5601 potest
2661 5532 2759 5587 hoc
2786 5542 2841 5587 et
2868 5533 2935 5587 de
2965 5532 3167 5588 ludatis
3193 5533 3361 5599 accipi
3404 5547 3501 5602 per

1917 5626 2138 5681 ironiam
2160 5665 2174 5689 ,
2209 5626 2261 5678 id
2295 5633 2407 5693 est,
2455 5639 2549 5693 per
2574 5625 2898 5689 irrisionem,
2931 5625 3148 5694 quando
3192 5624 3349 5679 vilem
3388 5638 3499 5676 rem

1919 5719 2184 5775 laudando
2213 5719 2488 5789 suggillat;
2514 5732 2574 5775 ac
2606 5721 2648 5773 si
2688 5720 2890 5775 diceret
2924 5737 2935 5773 :
2985 5720 3088 5773 Eos
3118 5719 3348 5771 Domino
3380 5732 3502 5768 con.

1918 5824 2139 5885 gregale,
2159 5814 2247 5881 qui
2274 5813 2327 5867 in
2349 5812 2529 5869 ofﬁcio
2555 5815 2853 5869 sanctitatis
2880 5817 3314 5868 comnmrantur:
3341 5821 3504 5861 ecetr-

1922 5905 2087 5963 trario
2117 5920 2244 5961 vero
2269 5921 2391 5977 quae
2416 5905 2577 5975 impia
2603 5916 2729 5963 sunt
2754 5914 2953 5978 uetuit;
2982 5914 3040 5960 et
3065 5903 3123 5957 iu
3149 5913 3216 5955 eo
3241 5897 3387 5968 quod
3415 5913 3506 5956 8a-
