3996 6346
507 419 607 477 351

1698 405 1770 464 Il.
1810 402 2092 465 AURELII
2123 396 2532 462 ωεειουοιιι

3658 390 3775 448 552

512 532 716 591 criﬂcia
736 528 847 587 Deo
860 531 1114 586 consueta
1133 522 1428 591 celebrant,
1450 519 1864 580 sanctiﬁcandos
1885 533 1946 578 se
1964 531 2087 577 esse
2112 522 2167 585 Α
2191 519 2599 582 commemorat,
2625 525 2748 585 qua
2772 510 3053 571 bnmiliato
3077 509 3240 569 corde
3261 508 3363 581 piis
3396 506 3653 567 altaribus
3677 506 3775 563 of-

508 625 826 683 diiudicant.

562 642 826 774 ιεὲἒῗ
847 713 916 769 Et
942 710 1315 768 annuntiabunt
1342 709 1455 766 caeli
1481 708 1735 781 justitiam
1766 709 1880 781 ejus
1910 721 1932 762 :
1955 722 2086 778 quo-

508 810 648 865 niam
676 808 813 861 Deus
823 804 989 874 judea:
1009 812 1103 859 est.
1135 802 1424 873 Superiora
1453 800 1673 866 excolit,
1704 813 1803 869 per
1827 797 1981 855 certos
2007 798 2085 854 si-

507 901 764 973 gniﬁcans
791 897 941 954 viros
963 897 1164 967 justos,
1196 896 1390 966 quibus
1417 894 1571 949 verbi
1598 892 1837 949 caelestis
1866 891 2086 964 dispen-

506 993 645 1049 satio
688 989 1043 1046 contionatur.
1072 986 1309 1055 Addidit,
1340 986 1581 1057 quoniam
1604 984 1742 1065 Deus
1776 984 1946 1056 judea
1970 992 2085 1051 est;

506 1099 569 1141 ac
596 1084 644 1141 si
672 1083 898 1151 diceret,
926 1082 1017 1153 qui
1044 1082 1215 1137 nescit
1258 1079 1399 1146 falli;
1442 1088 1498 1135 et
1524 1080 1663 1134 sicut
1691 1078 1874 1134 omnia
1906 1078 2086 1134 mani-

505 1177 643 1235 feste
672 1177 853 1244 novit,
884 1178 956 1232 ita
986 1184 1041 1232 et
1067 1174 1186 1231 sine
1216 1173 1631 1245 reprehensione
1657 1173 1939 1229 discernit.
1972 1171 2086 1228 Hoc

503 1270 647 1328 enim
675 1268 937 1325 veraciter
963 1282 1027 1324 ac
1056 1266 1271 1337 proprie
1302 1265 1369 1322 de
1398 1265 1510 1320 Deo
1550 1264 1780 1333 dicitur,
1822 1264 1908 1320 cui
1946 1262 2086 1319 nihil

502 1370 749 1432 negatur,
782 1360 911 1415 nihil
936 1359 1307 1428 supprimitur,
1332 1372 1492 1429 quem
1516 1372 1616 1414 nec
1636 1357 1833 1411 factum
1860 1353 2084 1427 aliquod

502 1453 659 1519 latet,
687 1453 776 1509 cui
803 1468 902 1508 nec
929 1452 1070 1523 quod
1093 1452 1370 1522 judicatur
1397 1452 1772 1508 absconditur.

577 1546 730 1604 Vers.
762 1548 815 1601 7.
847 1547 1005 1613 Audi,
1036 1546 1253 1616 populus
1282 1561 1453 1615 meus,
1483 1556 1531 1601 et
1560 1546 1773 1616 loquar;
1814 1544 2003 1613 Israel,
2035 1554 2087 1603 et

501 1637 810 1707 testiﬁcabor
828 1638 919 1691 tibi
941 1653 961 1692 :
986 1636 1121 1692 Deus
1150 1636 1286 1691 Deus
1309 1648 1428 1692 tuus
1451 1654 1545 1711 ego
1570 1654 1704 1693 sum.
1734 1637 1965 1694 Ventum
1995 1646 2085 1695 est

500 1730 567 1784 ad
595 1730 884 1785 secundam
913 1730 1240 1794 sectionem,
1272 1732 1328 1786 in
1353 1745 1459 1800 qua
1484 1729 1596 1800 jam
1624 1730 1836 1786 Veritas
1866 1732 1980 1800 ipsa
2010 1744 2082 1786 ex

500 1824 727 1893 persona
757 1823 968 1893 propria
998 1822 1255 1892 loquitur.
1290 1822 1431 1878 Deus
1461 1823 1605 1879 enim
1627 1862 1643 1890 ,
1673 1822 1761 1893 qui
1788 1822 1951 1879 verba
1981 1835 2081 1879 sua

2188 611 2452 666 teruntur.
2474 606 2798 664 Holocausta
2814 615 2995 664 autem
3014 604 3156 663 dicta
3176 612 3303 662 sunt
3323 602 3609 668 sacriﬁcia,
3625 615 3776 672 quas,

2185 711 2466 774 postquam
2495 701 2726 758 fuissent
2768 699 3077 767 immolata,
3109 699 3248 769 ignis
3283 698 3508 754 veniens
3534 694 3781 764 desuper

2186 794 2528 863 absumebat;
2556 808 2678 865 quat
2720 792 2911 850 Latine
2938 800 3048 848 tota
3076 791 3294 848 incensa
3335 790 3609 845 dicuntur.
3642 786 3782 845 Hac

2183 888 2431 946 Christus
2456 887 2676 943 veniens
2701 888 2924 958 respuit,
2956 888 3078 956 quia
3109 886 3223 954 ipse
3248 898 3376 940 vera
3399 882 3613 938 victima
3644 880 3779 938 fuit.

2186 981 2346 1037 Aliud
2375 990 2457 1036 est
2484 979 2868 1046 holocaustum,
2897 978 3037 1050 quod
3067 977 3326 1033 Dominus
3370 984 3495 1030 ante
3539 987 3783 1043 conspe-

2186 1082 2335 1129 ctum
2365 1089 2518 1129 suum
2548 1087 2760 1144 semper
2799 1086 2921 1128 esse
2946 1070 3285 1142 pronuntiat;
3315 1068 3522 1125 scilicet
3551 1065 3782 1137 quando

2183 1180 2341 1223 mens
2369 1176 2550 1223 nostra
2580 1165 2760 1221 divino
2784 1178 2968 1221 amore
2990 1177 3269 1228 succensa,
3303 1169 3520 1232 peccata
3541 1174 3637 1214 sua
3671 1157 3784 1214 tri-

2185 1260 2455 1318 bulatione
2489 1261 2770 1332 decoquit,
2814 1269 2870 1316 et
2907 1260 2972 1315 ad
3011 1259 3156 1315 illius
3194 1256 3480 1313 holocausti
3517 1254 3787 1311 similitu-

2186 1353 2365 1411 dinem
2392 1353 2571 1411 omnia
2592 1352 2717 1410 vitia
2738 1366 2836 1409 sua
2862 1351 3103 1409 cruciatu
3130 1364 3393 1422 corporeo
3412 1359 3601 1406 exusta
3633 1360 3784 1402 eon-

2184 1449 2370 1507 sumit.

2255 1543 2409 1601 Vers.
2438 1542 2494 1601 9.
2522 1542 2646 1599 Non
2677 1542 2931 1609 accipiam
2959 1540 3025 1597 de
3048 1540 3202 1595 domo
3231 1548 3321 1595 tua
3346 1537 3531 1593 vitulos
3551 1578 3567 1603 ,
3608 1552 3787 1607 neque

2184 1635 2248 1692 de
2267 1636 2502 1708 gregibus
2522 1637 2621 1690 tuis
2644 1636 2832 1690 hircos.
2862 1634 2965 1689 Per
2995 1634 3134 1688 hunc
3162 1647 3375 1689 versum
3396 1640 3448 1687 et
3469 1630 3605 1685 duos
3633 1628 3784 1683 alios

2183 1728 2273 1799 qui
2300 1736 2624 1800 sequuntur,
2667 1726 2901 1782 breviter
2935 1733 3212 1780 enumerat
3252 1738 3372 1794 qua
3409 1737 3469 1778 se
3507 1733 3785 1790 respuere

2184 1823 2480 1894 proﬁtetur.
2510 1823 2634 1879 Haec
2660 1821 2826 1893 ﬁgura
2856 1820 3049 1876 dicitur
3069 1818 3431 1890 brachylugia,
3459 1814 3512 1870 id
3538 1825 3628 1871 est
3650 1814 3782 1869 bre-

499 1930 605 1971 non
624 1917 745 1971 Quit
772 1915 1041 1971 incassum
1070 1915 1291 1986 suscipi,
1319 1929 1389 1971 ne
1417 1915 1499 1986 (ut
1528 1915 1746 1985 legitur)
1777 1916 1926 1985 porci
1956 1929 2080 1986 pre-
2109 1915 2159 1977 B
2184 1917 2262 1972 vis
2302 1916 2531 1983 locutio;
2562 1930 2684 1970 cum
2729 1914 2881 1985 plura
2912 1913 3093 1983 paucis
3136 1912 3526 1980 amplectimur.
3560 1909 3671 1963 Sed
3708 1923 3781 1964 ne

499 2006 631 2062 tiosa
672 2006 1015 2077 dispergant,
1049 2006 1179 2061 dicit
1220 2005 1289 2061 ad
1318 2005 1575 2075 populum
1604 2022 1619 2063 :
1656 2006 1822 2070 Audi,
1856 2005 1958 2062 hoc
1998 2014 2082 2063 est

497 2096 689 2154 devote
714 2098 946 2169 suscipe.
980 2098 1106 2154 illos
1134 2097 1281 2155 enim
1323 2098 1509 2152 audire
1552 2096 1783 2165 dicimus
1821 2098 1911 2167 qui
1944 2112 2082 2167 pra:-

497 2198 650 2260 cepta
692 2190 1108 2259 compleverint;
1153 2197 1293 2246 sicut
1330 2189 1563 2262 legitur:
1599 2190 1700 2259 Qui
1740 2191 1890 2246 habet
1928 2207 2079 2247 aures

494 2281 739 2337 audiendi
760 2283 942 2337 audiat
966 2282 1120 2356 (Luc.
1144 2298 1264 2352 vm,
1288 2282 1368 2355 8).
1392 2282 1631 2355 Populus
1657 2298 1798 2339 meus
1815 2280 2107 2355 signiﬁcat'

498 2374 708 2445 plebem
731 2375 1002 2432 devotam.
1031 2374 1097 2430 Et
1119 2375 1325 2445 loquar,
1350 2376 1575 2432 subaudi
1607 2374 1911 2444 profutura;
1937 2376 2081 2448 quod

495 2468 539 2521 si
571 2483 675 2521 non
703 2466 969 2536 audieris,
998 2469 1351 2540 consequitur
1375 2469 1443 2524 ad
1471 2468 1748 2524 interitum
1776 2479 1924 2523 tuum
1948 2508 1964 2535 ,
1999 2476 2081 2524 ta-

497 2573 670 2615 ceam.
696 2557 863 2616 Israel
888 2574 1018 2617 vero
1044 2560 1356 2633 frequenter
1384 2560 1617 2617 diximus
1642 2560 1983 2630 interpretari
2006 2562 2080 2616 υἱ-

497 2651 621 2705 dens
651 2650 837 2707 Deum.
882 2652 1026 2724 Ergo
1060 2652 1108 2709 si
1139 2668 1225 2708 me
1251 2652 1423 2717 vides,
1455 2653 1638 2709 audire
1666 2669 1770 2708 non
1800 2652 2075 2725 negligas;

495 2743 617 2813 quia
644 2744 1031 2814 contemplatio
1060 2759 1180 2801 mea
1210 2744 1571 2801 obedientiam
1602 2743 1791 2801 tribuit
1809 2744 2073 2802 audienti.

492 2833 780 2906 Tcstiﬁeari
804 2852 934 2894 vero
958 2844 1044 2895 est
1071 2836 1438 2894 testimonium
1472 2835 1687 2904 dicere;
1722 2836 1865 2907 quod
1895 2837 2080 2910 utique

490 2930 546 2988 in
571 2931 775 3003 judicio
803 2932 1045 2990 facturus
1070 2942 1154 2991 est
1184 2935 1322 2991 Deus
1341 2974 1359 3001 ,
1391 2933 1610 3005 quando
1655 2934 2078 3009 uniuscujusque

490 3024 629 3079 facta
648 3025 936 3083 discernet.
956 3026 1108 3082 Tunc
1136 3026 1278 3082 enim
1301 3025 1550 3082 ﬁdelibus
1572 3026 1685 3083 suis
1706 3029 2075 3088 testimonium

493 3114 662 3185 dabit,
685 3130 808 3173 cum
836 3117 1077 3173 dicturus
1096 3127 1179 3173 est
1202 3133 1220 3173 :
1242 3116 1475 3186 Esurivi,
1504 3130 1553 3174 et
1575 3120 1762 3175 dedisti
1783 3122 1908 3178 mihi
1927 3139 2075 3180 man-

493 3207 681 3262 ducare
713 3204 938 3277 (Matth.
968 3223 1095 3276 xxv,
1127 3207 1263 3280 35),
1300 3208 1487 3279 eisque
1513 3208 1731 3266 similia.
1776 3210 2072 3284 Sequitur:

2184 2009 2366 2065 audito
2391 2009 2705 2064 holocausto
2724 2006 2792 2062 ad
2812 2007 3031 2077 antiqua
3060 2004 3292 2060 humana
3319 2018 3471 2059 mens
3499 2001 3780 2057 sacriﬁcia

2183 2112 2505 2173 recurreret,
2528 2112 2715 2174 aperte
2736 2104 2910 2159 renuit
2938 2100 3383 2158 consuetudinem
3411 2098 3646 2169 priorem
3664 2137 3682 2164 ,
3723 2104 3782 2152 ut

2181 2198 2529 2268 spirituaiiter
2562 2197 2948 2267 intelligeretur
2976 2196 3118 2267 quod
3146 2198 3199 2251 in
3244 2194 3593 2251 similitudine
3622 2207 3779 2262 pra:-

2182 2292 2346 2346 missa
2365 2290 2667 2362 gerebatur.
2698 2288 2803 2348 Sed
2830 2302 2953 2345 cum
2985 2288 3102 2344 haec
3130 2287 3237 2344 duo
3266 2286 3487 2355 respuit,
3513 2284 3781 2341 universa

2183 2383 2342 2454 primi
2370 2383 2625 2453 temporis
2653 2380 2916 2438 sacriﬁcia
2936 2380 3179 2451 designat
3201 2378 3374 2435 modis
3401 2376 3655 2433 omnibus
3674 2391 3779 2432 ex-

2183 2474 2463 2531 cludenda.
2493 2474 2834 2546 Signillcatur
2862 2473 3005 2529 enim
3033 2489 3063 2527 a
3089 2480 3239 2542 parte
3262 2478 3455 2526 totum.

2255 2567 2405 2624 Vers.
2438 2568 2527 2624 10.
2561 2567 2817 2636 Quoniam
2846 2582 2975 2622 mea:
3005 2578 3124 2621 sunt
3154 2582 3325 2621 omnes
3350 2570 3474 2638 fere
3495 2564 3775 2637 silvarum,

2172 2663 2408 2732 jumenta
2426 2661 2481 2715 in
2501 2660 2759 2715 montibus
2777 2669 2827 2714 et
2847 2659 3016 2715 boves.
3046 2656 3276 2715 Causam
3307 2658 3482 2713 reddit
3506 2672 3678 2727 quare
3703 2658 3779 2713 ab

2180 2752 2297 2823 ipso
2332 2766 2437 2808 non
2466 2760 2739 2821 exspectat
2766 2750 3170 2822 quadrupedum
3194 2749 3642 2817 immolationes,
3685 2749 3782 2806 di-

2180 2857 2309 2899 cens
2334 2859 2352 2900 :
2377 2842 2510 2910 Quia
2539 2858 2569 2897 a
2600 2852 2651 2899 te
2680 2851 2864 2913 petere
2917 2841 3042 2897 nolo
3077 2841 3222 2913 quod
3264 2856 3441 2897 meum
3480 2855 3600 2898 esse
3640 2854 3779 2913 cog-

2180 2935 2549 3007 nosco;un
2578 2936 2715 2992 forte
2753 2948 2955 3005 pauper
2983 2949 3090 2990 non
3134 2934 3327 3001 habet,
3367 2933 3496 2990 dum
3532 2942 3627 2989 aut
3657 2948 3776 2991 non

2178 3028 2345 3085 valuit
2384 3042 2609 3098 capere,
2663 3035 2756 3083 aut
2796 3028 2974 3083 minus
3002 3025 3172 3097 potuit
3200 3028 3466 3094 enutrirc;
3495 3026 3588 3082 sed
3633 3026 3777 3097 petit

2179 3119 2338 3176 iidem
2384 3129 2607 3188 rectam,
2634 3118 3132 3189 conlessionemque
3158 3118 3430 3186 devotam,
3457 3132 3617 3189 quam
3646 3132 3754 3174 orn

2178 3224 2275 3267 nes
2301 3209 2451 3281 dare,
2480 3210 2598 3279 ipso
2624 3210 2930 3276 miserante,
2966 3210 3280 3278 praevalent,
3309 3209 3471 3266 etiam
3501 3211 3589 3280 qui
3616 3210 3775 3269 nulla

492 3299 633 3355 Deus
660 3300 803 3357 Deus
831 3314 953 3359 tuus
982 3319 1073 3373 ego
1097 3319 1232 3359 sum.
1260 3303 1372 3360 Hoc
1397 3313 1512 3361 erat
1536 3305 1677 3378 quod
1706 3306 1956 3379 populum
1980 3326 2076 3366 au-
2100 3293 2148 3359 C
2180 3308 2391 3357 terrena
2417 3300 2758 3371 possessione
2779 3301 3135 3371 gratulantur.
3158 3299 3267 3357 Sub
3286 3300 3389 3355 hoc
3415 3301 3575 3372 igitur
3595 3316 3777 3359 sensu

491 3391 603 3448 dire
629 3393 731 3450 sub
754 3396 1149 3453 contestatione
1176 3398 1574 3467 pramonebat;
1604 3408 1665 3456 ut
1693 3400 1832 3458 Deus
1862 3404 1954 3460 ille
1978 3419 2073 3476 ge-

491 3485 685 3542 neralis
730 3494 784 3542 ct
809 3487 1104 3543 volentium
1134 3496 1192 3544 et
1220 3490 1518 3549 nolentium
1564 3504 1710 3549 esset
1747 3494 1916 3565 ipsius
1945 3510 2075 3567 pro-

488 3579 605 3648 prie
634 3578 725 3650 qui
764 3594 887 3637 eum
927 3595 1059 3652 pura
1088 3593 1270 3641 mente
1307 3584 1573 3658 diligeret.
1603 3586 1739 3647 Nam
1766 3604 1890 3646 cum
1919 3590 2069 3660 dicit,

487 3678 629 3737 tuus,
651 3670 862 3729 ﬁdelem
906 3674 1009 3729 sibi
1056 3689 1182 3731 eum
1225 3676 1389 3734 fuisse
1430 3679 1774 3735 monstravit.
1802 3679 2073 3751 Repetitio

489 3762 633 3819 enim
664 3762 805 3830 ista,
852 3763 993 3821 Deus
1035 3765 1212 3836 Deus,
1254 3780 1494 3827 mentem
1533 3770 1762 3838 solidat,
1807 3786 1877 3828 ne
1904 3770 2074 3829 semel

486 3857 630 3914 dicta
662 3860 991 3920 laberentur.
1020 3863 1153 3920 Illud
1180 3880 1311 3923 vero
1335 3883 1480 3935 sum,
1511 3868 1783 3939 proprium
1814 3869 2071 3928 Divinita-

487 3949 554 4005 tis
582 3957 666 4006 est
684 3950 926 4021 verbum,
951 3954 1091 4025 quod
1118 3963 1363 4027 tempore
1383 3974 1489 4014 non
1513 3968 1767 4028 mutatur,
1802 3961 1899 4019 sed
1922 3976 2069 4020 sem-

485 4054 582 4111 per
614 4041 798 4112 adest,
828 4057 989 4116 atque
1031 4056 1295 4105 aeternum
1343 4058 1555 4118 manet;
1598 4052 1739 4108 sicut
1782 4052 1953 4125 Moysi
1983 4069 2072 4112 re-

484 4145 737 4203 sponsum
782 4144 897 4204 est,
928 4135 1043 4210 Ego
1088 4155 1203 4194 sum
1228 4141 1314 4208 qui
1354 4157 1467 4197 sum
1492 4143 1510 4210 (
1533 4141 1702 4198 Exod.
1734 4158 1815 4210 ut,
1848 4145 1973 4216 l4);
2014 4153 2070 4203 et

482 4239 723 4292 rursum,
745 4226 848 4295 Qui
870 4236 943 4284 est
966 4231 1105 4285 misit
1134 4248 1233 4289 me.
1260 4232 1365 4290 Sed
1385 4236 1829 4304 perscrutandum
1860 4245 1945 4294 est
1971 4251 2069 4294 cur

485 4315 632 4372 istud
655 4332 848 4374 nomen
870 4324 1123 4377 essentia:
1152 4324 1299 4381 solus
1330 4325 1433 4381 sibi
1453 4326 1690 4384 vindicet
1716 4328 1891 4384 Deus?
1915 4328 2068 4388 Tunc

486 4410 631 4465 enim
665 4410 880 4482 quando
926 4412 1127 4469 dictum
1156 4425 1269 4487 est,
1295 4428 1453 4475 erant
1485 4422 1694 4492 angeli,
1726 4429 1880 4478 erant
1905 4424 2069 4481 cmle-

484 4502 617 4569 stia,
649 4512 805 4559 erant
831 4511 1048 4560 terrena
1075 4507 1255 4561 omnia
1280 4551 1296 4576 ,
1329 4508 1472 4566 sicut
1500 4525 1625 4567 esse
1651 4510 1870 4569 decreta
1914 4524 2064 4574 sunt.

481 4594 587 4652 Sed
617 4597 736 4666 quia
774 4596 862 4652 illa
902 4597 1017 4654 sola
1046 4608 1128 4655 est
1155 4598 1344 4657 intacta
1386 4611 1442 4659 et
1469 4612 1674 4659 eterna
1702 4612 1919 4673 natura,
1962 4622 2063 4666 nec

2176 3408 2273 3465 per
2299 3394 2736 3449 enumerationes
2780 3391 3014 3463 reliquas
3041 3394 3229 3449 currit.
3261 3392 3500 3461 Addidit,
3521 3395 3771 3466 jumenro

2172 3486 2228 3542 in
2255 3486 2504 3542 montibus
2529 3495 2577 3541 et
2605 3485 2784 3553 boves;
2810 3500 2899 3545 ,ne
2925 3486 3044 3558 quis
3085 3486 3154 3544 de
3198 3486 3453 3545 facultate
3496 3487 3771 3559 conlisus,

2174 3578 2351 3635 minus
2376 3578 2721 3634 conscientiae.
2749 3592 2967 3649 operam
3008 3578 3196 3647 daret,
3241 3578 3369 3635 dum
3412 3594 3475 3636 se
3501 3580 3765 3639 crederet

2174 3670 2435 3741 pecudum
2461 3669 2916 3727 immolationihus
2941 3671 3180 3739 expiare,
3204 3669 3348 3742 quod
3370 3670 3554 3743 iniqua
3576 3682 3769 3731 mente

2174 3762 2506 3834 deliquisset.
2540 3762 2720 3817 Potest
2750 3772 2805 3819 et
2828 3762 2936 3817 alio
2966 3763 3126 3818 modo
3148 3762 3370 3835 intelligi
3403 3781 3417 3817 :
3449 3764 3575 3835 fere
3600 3765 3771 3821 silva-

2172 3872 2285 3911 rum
2309 3864 2490 3926 gentes
2528 3854 2861 3925 significant,
2892 3870 3011 3927 que
3042 3856 3095 3911 in
3123 3857 3306 3914 steculi
3336 3859 3490 3914 istius
3519 3860 3771 3916 nemori-

2174 3948 2275 4006 bus
2300 3948 2681 4018 superstitione
2727 3948 3056 4004 lerocissima
3093 3950 3482 4016 versabantur;
3520 3952 3771 4023 jumenta

2173 4044 2230 4098 in
2272 4044 2568 4108 montibus,
2613 4052 2739 4097 sunt
2785 4043 3056 4113 simplices
3101 4043 3152 4097 in
3203 4043 3441 4101 Ecclesia
3491 4046 3765 4103 catholica

2172 4136 2471 4202 constituti,
2505 4135 2594 4206 qui
2624 4134 2678 4189 in
2706 4137 2987 4191 cacumine
3015 4136 3138 4193 lidei
3169 4135 3409 4195 habitare
3430 4151 3763 4210 noscuntur;

2171 4227 2316 4282 boves
2364 4226 2601 4281 indicant
2642 4228 2916 4297 apostolos
2957 4236 3013 4283 et
3050 4230 3360 4301 prophetas,
3402 4233 3493 4303 qui
3541 4232 3600 4289 in
3633 4250 3769 4307 agro

2171 4317 2380 4374 Domini
2432 4319 2649 4374 assiduo
2680 4319 2862 4375 labore
2890 4321 3086 4376 versati
3117 4330 3260 4378 sunt.
3304 4325 3649 4395 Quapropter
3679 4328 3765 4383 his

2169 4411 2520 4468 allusionibus
2550 4421 2915 4481 competenter
2942 4415 3200 4484 appositis
3230 4423 3539 4488 praeligurat
3566 4418 3765 4476 Eccle-

2167 4506 2302 4562 siam
2340 4505 2659 4562 catholicam
2702 4507 2771 4564 de
2812 4506 3043 4566 diversis
3080 4510 3268 4567 mundi
3309 4510 3557 4583 partibus
3608 4514 3766 4571 colli-

2167 4598 2416 4670 gendam.

481 4689 769 4761 aliquando
794 4693 960 4762 cmpit
988 4708 1054 4749 ex
1085 4702 1354 4764 tempore,
1382 4704 1436 4751 et
1464 4695 1518 4751 in
1555 4698 1712 4770 166
1740 4698 1908 4757 tribus
1939 4715 2060 4771 per.
2082 4685 2139 4749 D
2236 4691 2390 4747 Vers.
2418 4692 2508 4749 il.
2546 4690 2770 4764 Cognovi
2810 4694 2982 4748 omnia
3020 4694 3252 4750 volatilia
3290 4695 3434 4765 caeli,
3476 4704 3527 4752 et
3566 4700 3765 4768 species

482 4785 627 4839 sonis
657 4781 839 4840 Deitas
883 4799 984 4840 una
1014 4785 1286 4853 subsistit,
1328 4788 1518 4843 merito
1545 4789 1693 4844 solus
1721 4807 1826 4845 esse
1868 4792 2069 4849 dicitur

485 4874 660 4930 Deus:
687 4878 842 4947 quia,
872 4886 932 4933 ut
955 4878 1053 4944 sit,
1087 4878 1284 4934 nullius
1315 4879 1547 4951 indiget,
1579 4882 1674 4939 sed
1717 4898 1934 4954 semper
1964 4886 2069 4941 vir-

481 4969 607 5024 tutis
639 4973 867 5041 propriae
894 4973 1080 5044 vigore
1107 4974 1373 5030 consistit.
1404 4973 1500 5029 Est
1526 4975 1598 5031 ibi
1627 4985 1683 5032 et
1711 4975 1855 5031 aliud
1883 4991 2065 5033 sacra-

480 5069 738 5126 mentum,
767 5062 909 5133 quod
937 5079 1039 5118 una
1068 5064 1276 5135 syllaba
1305 5063 1476 5121 tribus
1507 5065 1701 5123 litteris
1733 5068 2058 5141 continetur,

481 5162 535 5207 ut
566 5165 747 5207 sancta
778 5153 1009 5210 Trinitas
1037 5172 1175 5212 unus
1202 5156 1345 5212 Deus
1371 5164 1495 5214 esse'
1521 5157 1798 5213 doceatur.

552 5242 699 5298 Vere.
735 5245 786 5299 8.
821 5242 945 5299 Non
972 5262 1122 5313 super
1147 5246 1405 5316 sacriﬁcia
1435 5256 1523 5302 tua
1550 5264 1766 5317 arguam
1795 5255 1844 5302 te
1864 5262 1885 5302 :
1913 5247 2061 5302 holo-

476 5344 649 5391 causta
677 5349 846 5391 autem
874 5347 963 5392 tua
988 5340 1041 5392 in
1066 5350 1335 5411 conspectu
1366 5355 1480 5394 meo
1507 5350 1624 5393 sunt
1652 5355 1872 5410 semper.
1920 5338 2051 5393 Glo-

476 5426 651 5483 rinsus
689 5427 879 5485 doctor
917 5439 973 5487 et
1014 5429 1429 5500 perfectissimus
1478 5431 1749 5485 institutor
1778 5428 2055 5485 ludaicum

475 5521 725 5590 populum
765 5523 949 5581 volens
978 5539 1008 5578 a
1040 5523 1199 5580 rebus
1238 5521 1545 5579 carnalibus
1584 5536 1864 5586 amovere,
1907 5527 1964 5575 et
1988 5519 2056 5576 ad

473 5612 765 5679 spiritualia
791 5627 1123 5674 sacramenta
1154 5616 1471 5688 perducere,
1505 5615 1767 5683 pecudum
1796 5612 2056 5683 sacri/icio

474 5704 575 5759 iam
618 5720 725 5763 non
765 5709 893 5767 dicit
938 5706 1299 5783 exquirenda;
1344 5718 1444 5760 nec
1488 5720 1609 5761 eum
1655 5703 1856 5761 exinde
1907 5707 2059 5775 argui

471 5813 627 5867 posse
657 5810 900 5875 testatur,
925 5805 973 5859 si
1003 5801 1225 5858 minime
1252 5794 1561 5854 animalium
1594 5794 1837 5850 victimas
1867 5793 2058 5851 immo-

470 5890 635 5967 laret;
655 5898 751 5955 sed
772 5898 1071 5956 holocausta
1089 5893 1181 5953 illa
1203 5891 1381 5966 potius
1392 5890 1448 5947 in
1472 5897 1745 5959 conspectu
1760 5902 1859 5947 suo
1883 5887 2058 5950 danda

2170 4787 2286 4859 agri
2308 4803 2502 4842 mecum
2521 4796 2612 4843 est.
2637 4786 2882 4860 Cognovi,
2908 4803 3012 4846 non
3037 4791 3103 4846 ad
3131 4790 3493 4849 infirmitatem
3517 4806 3763 4853 nostram

2171 4877 2351 4933 trahas
2374 4920 2389 4944 ,
2425 4893 2546 4948 qua:
2582 4894 2651 4935 ex
2692 4888 2931 4950 tempore
2960 4881 3160 4952 aliquid
3188 4883 3312 4939 data
3353 4887 3762 4955 opportunitate

2167 4973 2461 5044 cegnoscit;
2503 4974 2598 5029 sed
2643 4974 2899 5031 Dominus
2937 4980 3174 5049 cognovit
3217 4991 3509 5052 antequam
3553 4983 3763 5044 faceret

2170 5064 2442 5132 universa,
2473 5065 2527 5121 in
2553 5065 2708 5137 cujus
2737 5069 3019 5139 pmsentia
3048 5080 3163 5127 erat
3192 5088 3354 5129 omne
3376 5075 3522 5145 quod
3556 5078 3761 5147 potuis-

2165 5164 2249 5209 set
2282 5156 2533 5212 existere.
2564 5157 2693 5225 Quis
2732 5160 2873 5215 enim
2915 5164 3088 5217 omnia
3124 5164 3240 5219 caeli
3278 5165 3510 5222 volatilia
3545 5177 3760 5238 potest,

2166 5246 2269 5301 nisi
2298 5246 2410 5303 sola
2442 5248 2691 5320 Maiestas
2708 5292 2724 5319 ,
2755 5257 3092 5325 cognoscere?
3119 5258 3237 5324 Qun
3266 5259 3532 5316 versiculo
3559 5271 3759 5319 cuncta

2164 5339 2473 5409 complexus
2511 5354 2617 5410 est,
2646 5349 2896 5413 quoniam
2921 5356 2975 5401 et
2999 5348 3175 5404 omnia
3203 5350 3432 5406 volatilia
3454 5353 3572 5408 caeli
3598 5354 3761 5410 dinu-

2165 5436 2419 5487 mcrativa
2446 5436 2740 5504 quantitate
2766 5439 3057 5508 cognoscit.
3082 5439 3318 5511 Speciem
3338 5444 3454 5517 agri
3478 5460 3670 5502 secum
3697 5460 3761 5505 se

2165 5519 2363 5579 habere
2403 5526 2674 5595 professus
2710 5534 2837 5582 est:
2885 5544 3079 5586 revera
3125 5547 3339 5601 secum,
3379 5539 3507 5605 quia
3548 5540 3755 5611 ubique

2166 5623 2306 5672 tutus
2335 5626 2447 5685 est;
2472 5618 2613 5675 sicut
2635 5618 2704 5675 de
2733 5619 2825 5676 illo
2852 5622 3112 5691 propheta
3140 5624 3267 5682 dicit
3297 5642 3313 5676 :
3345 5625 3544 5685 Ctelum
3571 5641 3621 5687 et
3652 5640 3756 5688 ter-

2162 5725 2274 5765 ram
2289 5728 2380 5783 ego
2400 5714 2585 5783 impleo
2604 5714 2739 5785 (Jer.
2765 5731 2915 5785 xxtu,
2934 5717 3050 5788 2t).
3076 5719 3183 5776 Sed
3208 5721 3465 5780 debemus
3491 5728 3755 5796 spiritua-

2164 5800 2285 5858 liter
2317 5807 2417 5860 ista
2448 5812 2714 5874 tractare;
2752 5808 2984 5865 volatilia
3020 5811 3137 5868 cali
3167 5815 3435 5883 pertinent
3456 5818 3525 5872 ad
3552 5832 3750 5892 super-

2163 5906 2263 5951 nas
2280 5895 2658 5971 mirabilesque
2675 5898 2917 5973 virtutes,
2935 5911 2995 5962 ut
3007 5913 3133 5965 sunt
3150 5907 3406 5979 angelicae
3419 5918 3748 5985 potestates,
