  <div class='ocr_page' id='page_1' title='image "/cluster/home/n/w/nwhite01/storage/ocr_20150623/70/hvd.32044015469356/182.png"; bbox 0 0 4004 6342; ppageno 0'>
   <div class='ocr_carea' id='block_1_1' title="bbox 282 396 390 454">
    <p class='ocr_par' dir='ltr' id='par_1_1' title="bbox 282 396 390 454">
     <span class='ocr_line' id='line_1_1' title="bbox 282 396 390 454; baseline -0.028 0"><span class='ocrx_word' id='word_1_1' title='bbox 282 396 390 454; x_wconf 77' lang='lat'><strong>355</strong></span> 
     </span>
    </p>
   </div>
   <div class='ocr_carea' id='block_1_2' title="bbox 1204 388 2632 459">
    <p class='ocr_par' dir='ltr' id='par_1_2' title="bbox 1204 388 2632 459">
     <span class='ocr_line' id='line_1_2' title="bbox 1204 388 2632 459; baseline -0.001 -5"><span class='ocrx_word' id='word_1_2' title='bbox 1204 395 1564 456; x_wconf 79' lang='lat' dir='ltr'><strong>EXPOSITIO</strong></span> <span class='ocrx_word' id='word_1_3' title='bbox 1602 388 1670 453; x_wconf 78' lang='lat' dir='ltr'><strong>IN</strong></span> <span class='ocrx_word' id='word_1_4' title='bbox 1707 388 2162 456; x_wconf 76' lang='lat' dir='ltr'><strong>PSALTERIUII.</strong></span> <span class='ocrx_word' id='word_1_5' title='bbox 2203 396 2400 459; x_wconf 81' lang='lat' dir='ltr'><strong>PSAL.</strong></span> <span class='ocrx_word' id='word_1_6' title='bbox 2441 396 2632 456; x_wconf 80' lang='lat' dir='ltr'><strong>XLIX.</strong></span> 
     </span>
    </p>
   </div>
   <div class='ocr_carea' id='block_1_3' title="bbox 3440 397 3547 454">
    <p class='ocr_par' dir='ltr' id='par_1_3' title="bbox 3440 397 3547 454">
     <span class='ocr_line' id='line_1_3' title="bbox 3440 397 3547 454; baseline 0 -4"><span class='ocrx_word' id='word_1_7' title='bbox 3440 397 3547 454; x_wconf 72' lang='grc'><strong>554</strong></span> 
     </span>
    </p>
   </div>
   <div class='ocr_carea' id='block_1_4' title="bbox 278 509 3538 584">
    <p class='ocr_par' dir='ltr' id='par_1_4' title="bbox 278 509 3538 584">
     <span class='ocr_line' id='line_1_4' title="bbox 278 509 3538 584; baseline 0.001 -19"><span class='ocrx_word' id='word_1_8' title='bbox 278 524 401 580; x_wconf 86' lang='lat' dir='ltr'><strong>quae</strong></span> <span class='ocrx_word' id='word_1_9' title='bbox 427 516 576 566; x_wconf 89' lang='lat' dir='ltr'><strong>motu</strong></span> <span class='ocrx_word' id='word_1_10' title='bbox 603 509 766 567; x_wconf 84' lang='lat' dir='ltr'><strong>celeri</strong></span> <span class='ocrx_word' id='word_1_11' title='bbox 792 516 976 567; x_wconf 90' lang='lat' dir='ltr'><strong>sancta</strong></span> <span class='ocrx_word' id='word_1_12' title='bbox 1004 509 1277 569; x_wconf 75' lang='lat' dir='ltr'><strong>voluntate</strong></span> <span class='ocrx_word' id='word_1_13' title='bbox 1313 513 1660 584; x_wconf 85' lang='lat' dir='ltr'><strong>spi&#39;ritualitet&#39;</strong></span> <span class='ocrx_word' id='word_1_14' title='bbox 1686 519 1860 567; x_wconf 85' lang='lat' dir='ltr'><strong>trans-</strong></span> <span class='ocrx_word' id='word_1_15' title='bbox 1883 517 1938 579; x_wconf 73' lang='grc' dir='ltr'><strong>Α</strong></span> <span class='ocrx_word' id='word_1_16' title='bbox 1962 512 2175 584; x_wconf 82' lang='lat' dir='ltr'><strong>quentia</strong></span> <span class='ocrx_word' id='word_1_17' title='bbox 2224 529 2330 569; x_wconf 87' lang='lat' dir='ltr'><strong>non</strong></span> <span class='ocrx_word' id='word_1_18' title='bbox 2381 521 2560 584; x_wconf 91' lang='lat' dir='ltr'><strong>potest</strong></span> <span class='ocrx_word' id='word_1_19' title='bbox 2598 511 2798 568; x_wconf 89' lang='lat' dir='ltr'><strong>habere</strong></span> <span class='ocrx_word' id='word_1_20' title='bbox 2839 511 3158 569; x_wconf 73' lang='lat' dir='ltr'><strong>communis.</strong></span> <span class='ocrx_word' id='word_1_21' title='bbox 3210 511 3348 567; x_wconf 85' lang='lat' dir='ltr'><strong>Dicit</strong></span> <span class='ocrx_word' id='word_1_22' title='bbox 3391 511 3538 567; x_wconf 91' lang='lat' dir='ltr'><strong>enim</strong></span> 
     </span>
    </p>
   </div>
   <div class='ocr_carea' id='block_1_5' title="bbox 277 602 1865 679">
    <p class='ocr_par' dir='ltr' id='par_1_5' title="bbox 277 602 1865 679">
     <span class='ocr_line' id='line_1_5' title="bbox 277 602 1865 679; baseline 0.003 -22"><span class='ocrx_word' id='word_1_23' title='bbox 277 602 548 659; x_wconf 84' lang='lat' dir='ltr'><strong>feruntur.</strong></span> <span class='ocrx_word' id='word_1_24' title='bbox 579 603 783 675; x_wconf 86' lang='lat' dir='ltr'><strong>Species</strong></span> <span class='ocrx_word' id='word_1_25' title='bbox 813 612 988 660; x_wconf 92' lang='lat' dir='ltr'><strong>autem</strong></span> <span class='ocrx_word' id='word_1_26' title='bbox 1026 607 1141 679; x_wconf 81' lang='lat' dir='ltr'><strong>agri</strong></span> <span class='ocrx_word' id='word_1_27' title='bbox 1168 606 1388 676; x_wconf 89' lang='lat' dir='ltr'><strong>respicit</strong></span> <span class='ocrx_word' id='word_1_28' title='bbox 1419 605 1485 661; x_wconf 88' lang='lat' dir='ltr'><strong>ad</strong></span> <span class='ocrx_word' id='word_1_29' title='bbox 1522 613 1709 677; x_wconf 89' lang='lat' dir='ltr'><strong>gentes</strong></span> <span class='ocrx_word' id='word_1_30' title='bbox 1746 620 1865 675; x_wconf 69' lang='lat' dir='ltr'><strong>qua</strong></span> 
     </span>
    </p>
   </div>
   <div class='ocr_carea' id='block_1_6' title="bbox 274 696 1866 766">
    <p class='ocr_par' dir='ltr' id='par_1_6' title="bbox 274 696 1866 766">
     <span class='ocr_line' id='line_1_6' title="bbox 274 696 1866 766; baseline 0.001 -15"><span class='ocrx_word' id='word_1_31' title='bbox 274 705 434 751; x_wconf 84' lang='lat' dir='ltr'><strong>erant</strong></span> <span class='ocrx_word' id='word_1_32' title='bbox 454 696 666 752; x_wconf 91' lang='lat' dir='ltr'><strong>Christo</strong></span> <span class='ocrx_word' id='word_1_33' title='bbox 688 697 914 753; x_wconf 92' lang='lat' dir='ltr'><strong>Domino</strong></span> <span class='ocrx_word' id='word_1_34' title='bbox 938 699 1256 764; x_wconf 69' lang='lat' dir='ltr'><strong>crediturae;</strong></span> <span class='ocrx_word' id='word_1_35' title='bbox 1281 713 1468 754; x_wconf 84' lang='lat' dir='ltr'><strong>revera</strong></span> <span class='ocrx_word' id='word_1_36' title='bbox 1495 699 1708 766; x_wconf 88' lang='lat' dir='ltr'><strong>species,</strong></span> <span class='ocrx_word' id='word_1_37' title='bbox 1732 711 1866 766; x_wconf 90' lang='lat' dir='ltr'><strong>quo-</strong></span> 
     </span>
    </p>
   </div>
   <div class='ocr_carea' id='block_1_7' title="bbox 275 788 1862 863">
    <p class='ocr_par' dir='ltr' id='par_1_7' title="bbox 275 788 1862 863">
     <span class='ocr_line' id='line_1_7' title="bbox 275 788 1862 863; baseline 0.005 -21"><span class='ocrx_word' id='word_1_38' title='bbox 275 788 425 842; x_wconf 83' lang='lat' dir='ltr'><strong>niam</strong></span> <span class='ocrx_word' id='word_1_39' title='bbox 457 802 552 857; x_wconf 89' lang='lat' dir='ltr'><strong>per</strong></span> <span class='ocrx_word' id='word_1_40' title='bbox 586 788 859 846; x_wconf 86' lang='lat' dir='ltr'><strong>hominem</strong></span> <span class='ocrx_word' id='word_1_41' title='bbox 899 789 1039 848; x_wconf 86' lang='lat' dir='ltr'><strong>bene</strong></span> <span class='ocrx_word' id='word_1_42' title='bbox 1070 792 1329 863; x_wconf 80' lang='lat' dir='ltr'><strong>accipitur</strong></span> <span class='ocrx_word' id='word_1_43' title='bbox 1367 792 1533 849; x_wconf 89' lang='lat' dir='ltr'><strong>decus</strong></span> <span class='ocrx_word' id='word_1_44' title='bbox 1565 805 1726 848; x_wconf 90' lang='lat' dir='ltr'><strong>omne</strong></span> <span class='ocrx_word' id='word_1_45' title='bbox 1755 799 1862 850; x_wconf 83' lang='lat' dir='ltr'><strong>ter-</strong></span> 
     </span>
    </p>
   </div>
   <div class='ocr_carea' id='block_1_8' title="bbox 274 894 482 935">
    <p class='ocr_par' dir='ltr' id='par_1_8' title="bbox 274 894 482 935">
     <span class='ocr_line' id='line_1_8' title="bbox 274 894 482 935; baseline -0.005 0"><span class='ocrx_word' id='word_1_46' title='bbox 274 894 482 935; x_wconf 86' lang='lat' dir='ltr'><strong>rarum.</strong></span> 
     </span>
    </p>
   </div>
   <div class='ocr_carea' id='block_1_9' title="bbox 346 970 1862 1031">
    <p class='ocr_par' dir='ltr' id='par_1_9' title="bbox 346 970 1862 1031">
     <span class='ocr_line' id='line_1_9' title="bbox 346 970 1862 1031; baseline 0.001 -5"><span class='ocrx_word' id='word_1_47' title='bbox 346 971 506 1027; x_wconf 74' lang='lat' dir='ltr'><strong>Vers.</strong></span> <span class='ocrx_word' id='word_1_48' title='bbox 537 971 624 1026; x_wconf 70' lang='grc'><strong>19.</strong></span> <span class='ocrx_word' id='word_1_49' title='bbox 659 970 719 1028; x_wconf 87' lang='lat' dir='ltr'><strong>Si</strong></span> <span class='ocrx_word' id='word_1_50' title='bbox 742 973 969 1028; x_wconf 88' lang='lat' dir='ltr'><strong>esuriero</strong></span> <span class='ocrx_word' id='word_1_51' title='bbox 997 973 1098 1029; x_wconf 83' lang='lat' dir='ltr'><strong>non</strong></span> <span class='ocrx_word' id='word_1_52' title='bbox 1124 974 1294 1030; x_wconf 87' lang='lat' dir='ltr'><strong>dicam</strong></span> <span class='ocrx_word' id='word_1_53' title='bbox 1319 976 1409 1031; x_wconf 89' lang='lat' dir='ltr'><strong>tibi</strong></span> <span class='ocrx_word' id='word_1_54' title='bbox 1432 991 1451 1030; x_wconf 87' lang='lat'><strong><em>:</em></strong></span> <span class='ocrx_word' id='word_1_55' title='bbox 1471 991 1612 1030; x_wconf 86' lang='lat' dir='ltr'><strong>meus</strong></span> <span class='ocrx_word' id='word_1_56' title='bbox 1630 983 1702 1030; x_wconf 86' lang='lat' dir='ltr'><strong>est</strong></span> <span class='ocrx_word' id='word_1_57' title='bbox 1728 974 1862 1030; x_wconf 88' lang='lat' dir='ltr'><strong>enim</strong></span> 
     </span>
    </p>
   </div>
   <div class='ocr_carea' id='block_1_10' title="bbox 272 1063 1864 1136">
    <p class='ocr_par' dir='ltr' id='par_1_10' title="bbox 272 1063 1864 1136">
     <span class='ocr_line' id='line_1_10' title="bbox 272 1063 1864 1136; baseline 0.001 -16"><span class='ocrx_word' id='word_1_58' title='bbox 272 1063 410 1120; x_wconf 84' lang='lat' dir='ltr'><strong>orbis</strong></span> <span class='ocrx_word' id='word_1_59' title='bbox 439 1071 606 1130; x_wconf 67' lang='lat' dir='ltr'><strong>terra,</strong></span> <span class='ocrx_word' id='word_1_60' title='bbox 630 1074 679 1118; x_wconf 85' lang='lat' dir='ltr'><strong>et</strong></span> <span class='ocrx_word' id='word_1_61' title='bbox 717 1065 976 1134; x_wconf 83' lang='lat' dir='ltr'><strong>plenitudo</strong></span> <span class='ocrx_word' id='word_1_62' title='bbox 996 1068 1128 1136; x_wconf 88' lang='lat' dir='ltr'><strong>ejus.</strong></span> <span class='ocrx_word' id='word_1_63' title='bbox 1162 1068 1302 1124; x_wconf 89' lang='lat' dir='ltr'><strong>Deus</strong></span> <span class='ocrx_word' id='word_1_64' title='bbox 1329 1068 1417 1122; x_wconf 90' lang='lat' dir='ltr'><strong>ille</strong></span> <span class='ocrx_word' id='word_1_65' title='bbox 1442 1067 1690 1136; x_wconf 91' lang='lat' dir='ltr'><strong>deorum,</strong></span> <span class='ocrx_word' id='word_1_66' title='bbox 1722 1064 1864 1122; x_wconf 92' lang='lat' dir='ltr'><strong>sicut</strong></span> 
     </span>
    </p>
   </div>
   <div class='ocr_carea' id='block_1_11' title="bbox 274 1157 1863 1231">
    <p class='ocr_par' dir='ltr' id='par_1_11' title="bbox 274 1157 1863 1231">
     <span class='ocr_line' id='line_1_11' title="bbox 274 1157 1863 1231; baseline 0.003 -19"><span class='ocrx_word' id='word_1_67' title='bbox 274 1157 585 1228; x_wconf 89' lang='lat' dir='ltr'><strong>frequenter</strong></span> <span class='ocrx_word' id='word_1_68' title='bbox 614 1158 844 1214; x_wconf 79' lang='lat' dir='ltr'><strong>diximus</strong></span> <span class='ocrx_word' id='word_1_69' title='bbox 867 1200 882 1226; x_wconf 95' lang='lat'><strong>,</strong></span> <span class='ocrx_word' id='word_1_70' title='bbox 920 1171 1136 1230; x_wconf 86' lang='lat' dir='ltr'><strong>propter</strong></span> <span class='ocrx_word' id='word_1_71' title='bbox 1173 1161 1581 1231; x_wconf 77' lang='lat' dir='ltr'><strong>intelligentiam</strong></span> <span class='ocrx_word' id='word_1_72' title='bbox 1621 1171 1863 1216; x_wconf 89' lang='lat' dir='ltr'><strong>nostram</strong></span> 
     </span>
    </p>
   </div>
   <div class='ocr_carea' id='block_1_12' title="bbox 273 1249 1855 1324">
    <p class='ocr_par' dir='ltr' id='par_1_12' title="bbox 273 1249 1855 1324">
     <span class='ocr_line' id='line_1_12' title="bbox 273 1249 1855 1324; baseline 0.003 -20"><span class='ocrx_word' id='word_1_73' title='bbox 273 1249 411 1305; x_wconf 90' lang='lat' dir='ltr'><strong>velle</strong></span> <span class='ocrx_word' id='word_1_74' title='bbox 437 1263 590 1304; x_wconf 90' lang='lat' dir='ltr'><strong>suum</strong></span> <span class='ocrx_word' id='word_1_75' title='bbox 621 1265 715 1320; x_wconf 90' lang='lat' dir='ltr'><strong>per</strong></span> <span class='ocrx_word' id='word_1_76' title='bbox 744 1249 1006 1306; x_wconf 89' lang='lat' dir='ltr'><strong>humanas</strong></span> <span class='ocrx_word' id='word_1_77' title='bbox 1035 1253 1446 1309; x_wconf 83' lang='lat' dir='ltr'><strong>consuetudines</strong></span> <span class='ocrx_word' id='word_1_78' title='bbox 1471 1254 1722 1324; x_wconf 75' lang='lat' dir='ltr'><strong>dignatur</strong></span> <span class='ocrx_word' id='word_1_79' title='bbox 1752 1267 1855 1309; x_wconf 90' lang='lat' dir='ltr'><strong>ex-</strong></span> 
     </span>
    </p>
   </div>
   <div class='ocr_carea' id='block_1_13' title="bbox 273 1343 1860 1416">
    <p class='ocr_par' dir='ltr' id='par_1_13' title="bbox 273 1343 1860 1416">
     <span class='ocr_line' id='line_1_13' title="bbox 273 1343 1860 1416; baseline 0.001 -18"><span class='ocrx_word' id='word_1_80' title='bbox 273 1344 538 1412; x_wconf 87' lang='lat' dir='ltr'><strong>primere;</strong></span> <span class='ocrx_word' id='word_1_81' title='bbox 569 1351 626 1398; x_wconf 91' lang='lat' dir='ltr'><strong>ut</strong></span> <span class='ocrx_word' id='word_1_82' title='bbox 655 1358 715 1398; x_wconf 91' lang='lat' dir='ltr'><strong>se</strong></span> <span class='ocrx_word' id='word_1_83' title='bbox 741 1343 882 1398; x_wconf 89' lang='lat' dir='ltr'><strong>dicat</strong></span> <span class='ocrx_word' id='word_1_84' title='bbox 907 1345 1134 1411; x_wconf 91' lang='lat' dir='ltr'><strong>esurire,</strong></span> <span class='ocrx_word' id='word_1_85' title='bbox 1164 1346 1256 1416; x_wconf 91' lang='lat' dir='ltr'><strong>qui</strong></span> <span class='ocrx_word' id='word_1_86' title='bbox 1283 1361 1500 1401; x_wconf 89' lang='lat' dir='ltr'><strong>carnem</strong></span> <span class='ocrx_word' id='word_1_87' title='bbox 1529 1347 1702 1416; x_wconf 89' lang='lat' dir='ltr'><strong>pascit</strong></span> <span class='ocrx_word' id='word_1_88' title='bbox 1737 1346 1860 1400; x_wconf 89' lang='lat' dir='ltr'><strong>uni-</strong></span> 
     </span>
    </p>
   </div>
   <div class='ocr_carea' id='block_1_14' title="bbox 275 1435 1864 1507">
    <p class='ocr_par' dir='ltr' id='par_1_14' title="bbox 275 1435 1864 1507">
     <span class='ocr_line' id='line_1_14' title="bbox 275 1435 1864 1507; baseline 0.004 -19"><span class='ocrx_word' id='word_1_89' title='bbox 275 1450 510 1500; x_wconf 84' lang='lat' dir='ltr'><strong>versam,</strong></span> <span class='ocrx_word' id='word_1_90' title='bbox 534 1435 684 1504; x_wconf 86' lang='lat' dir='ltr'><strong>cujus</strong></span> <span class='ocrx_word' id='word_1_91' title='bbox 700 1436 1081 1506; x_wconf 86' lang='lat' dir='ltr'><strong>contemplatio</strong></span> <span class='ocrx_word' id='word_1_92' title='bbox 1101 1438 1420 1507; x_wconf 85' lang='lat' dir='ltr'><strong>spiritalium</strong></span> <span class='ocrx_word' id='word_1_93' title='bbox 1443 1437 1864 1494; x_wconf 85' lang='lat' dir='ltr'><strong>substantiarum</strong></span> 
     </span>
    </p>
   </div>
   <div class='ocr_carea' id='block_1_15' title="bbox 276 1525 1865 1598">
    <p class='ocr_par' dir='ltr' id='par_1_15' title="bbox 276 1525 1865 1598">
     <span class='ocr_line' id='line_1_15' title="bbox 276 1525 1865 1598; baseline 0.001 -16"><span class='ocrx_word' id='word_1_94' title='bbox 276 1526 630 1582; x_wconf 89' lang='lat' dir='ltr'><strong>suavissimus</strong></span> <span class='ocrx_word' id='word_1_95' title='bbox 658 1525 811 1582; x_wconf 91' lang='lat' dir='ltr'><strong>cibus</strong></span> <span class='ocrx_word' id='word_1_96' title='bbox 833 1536 936 1592; x_wconf 91' lang='lat' dir='ltr'><strong>est,</strong></span> <span class='ocrx_word' id='word_1_97' title='bbox 969 1536 1025 1582; x_wconf 90' lang='lat' dir='ltr'><strong>et</strong></span> <span class='ocrx_word' id='word_1_98' title='bbox 1051 1528 1463 1598; x_wconf 86' lang='lat' dir='ltr'><strong>contemplativa</strong></span> <span class='ocrx_word' id='word_1_99' title='bbox 1492 1527 1733 1583; x_wconf 85' lang='lat' dir='ltr'><strong>refectio.</strong></span> <span class='ocrx_word' id='word_1_100' title='bbox 1766 1527 1865 1583; x_wconf 88' lang='lat' dir='ltr'><strong>Se-</strong></span> 
     </span>
    </p>
   </div>
   <div class='ocr_carea' id='block_1_16' title="bbox 270 1619 1866 1690">
    <p class='ocr_par' dir='ltr' id='par_1_16' title="bbox 270 1619 1866 1690">
     <span class='ocr_line' id='line_1_16' title="bbox 270 1619 1866 1690; baseline 0.003 -20"><span class='ocrx_word' id='word_1_101' title='bbox 270 1619 617 1688; x_wconf 85' lang='lat' dir='ltr'><strong>quitur,meus</strong></span> <span class='ocrx_word' id='word_1_102' title='bbox 645 1630 718 1672; x_wconf 91' lang='lat' dir='ltr'><strong>est</strong></span> <span class='ocrx_word' id='word_1_103' title='bbox 745 1619 879 1672; x_wconf 88' lang='lat' dir='ltr'><strong>enim</strong></span> <span class='ocrx_word' id='word_1_104' title='bbox 903 1619 1038 1673; x_wconf 80' lang='lat' dir='ltr'><strong>orbis</strong></span> <span class='ocrx_word' id='word_1_105' title='bbox 1057 1629 1224 1688; x_wconf 68' lang='lat' dir='ltr'><strong>terrm,</strong></span> <span class='ocrx_word' id='word_1_106' title='bbox 1247 1631 1293 1674; x_wconf 88' lang='lat' dir='ltr'><strong>et</strong></span> <span class='ocrx_word' id='word_1_107' title='bbox 1323 1619 1586 1689; x_wconf 78' lang='lat' dir='ltr'><strong>plenitudo</strong></span> <span class='ocrx_word' id='word_1_108' title='bbox 1606 1622 1738 1690; x_wconf 88' lang='lat' dir='ltr'><strong>ejus.</strong></span> <span class='ocrx_word' id='word_1_109' title='bbox 1767 1619 1866 1674; x_wconf 79' lang='lat' dir='ltr'><strong>llic</strong></span> 
     </span>
    </p>
   </div>
   <div class='ocr_carea' id='block_1_17' title="bbox 274 1710 1866 1780">
    <p class='ocr_par' dir='ltr' id='par_1_17' title="bbox 274 1710 1866 1780">
     <span class='ocr_line' id='line_1_17' title="bbox 274 1710 1866 1780; baseline 0.001 -16"><span class='ocrx_word' id='word_1_110' title='bbox 274 1711 640 1766; x_wconf 89' lang='lat' dir='ltr'><strong>curiositatem</strong></span> <span class='ocrx_word' id='word_1_111' title='bbox 663 1710 983 1780; x_wconf 90' lang='lat' dir='ltr'><strong>superﬂuam</strong></span> <span class='ocrx_word' id='word_1_112' title='bbox 1015 1712 1221 1767; x_wconf 85' lang='lat' dir='ltr'><strong>reddita</strong></span> <span class='ocrx_word' id='word_1_113' title='bbox 1235 1712 1443 1768; x_wconf 87' lang='lat' dir='ltr'><strong>ratione</strong></span> <span class='ocrx_word' id='word_1_114' title='bbox 1470 1712 1760 1780; x_wconf 89' lang='lat' dir='ltr'><strong>convincit,</strong></span> <span class='ocrx_word' id='word_1_115' title='bbox 1782 1710 1866 1766; x_wconf 86' lang='lat' dir='ltr'><strong>di-</strong></span> 
     </span>
    </p>
   </div>
   <div class='ocr_carea' id='block_1_18' title="bbox 271 1802 1861 1874">
    <p class='ocr_par' dir='ltr' id='par_1_18' title="bbox 271 1802 1861 1874">
     <span class='ocr_line' id='line_1_18' title="bbox 271 1802 1861 1874; baseline 0.001 -17"><span class='ocrx_word' id='word_1_116' title='bbox 271 1803 446 1858; x_wconf 88' lang='lat' dir='ltr'><strong>cendo</strong></span> <span class='ocrx_word' id='word_1_117' title='bbox 471 1821 486 1863; x_wconf 88' lang='lat'><strong>;</strong></span> <span class='ocrx_word' id='word_1_118' title='bbox 517 1802 625 1858; x_wconf 91' lang='lat' dir='ltr'><strong>Cur</strong></span> <span class='ocrx_word' id='word_1_119' title='bbox 643 1819 674 1857; x_wconf 90' lang='lat' dir='ltr'><strong>a</strong></span> <span class='ocrx_word' id='word_1_120' title='bbox 698 1813 750 1857; x_wconf 90' lang='lat' dir='ltr'><strong>te</strong></span> <span class='ocrx_word' id='word_1_121' title='bbox 773 1813 946 1872; x_wconf 88' lang='lat' dir='ltr'><strong>petam</strong></span> <span class='ocrx_word' id='word_1_122' title='bbox 970 1804 1228 1860; x_wconf 86' lang='lat' dir='ltr'><strong>sacrificia</strong></span> <span class='ocrx_word' id='word_1_123' title='bbox 1258 1805 1544 1874; x_wconf 89' lang='lat' dir='ltr'><strong>pecudum,</strong></span> <span class='ocrx_word' id='word_1_124' title='bbox 1571 1820 1693 1860; x_wconf 90' lang='lat' dir='ltr'><strong>cum</strong></span> <span class='ocrx_word' id='word_1_125' title='bbox 1716 1812 1861 1859; x_wconf 83' lang='lat' dir='ltr'><strong>totus</strong></span> 
     </span>
    </p>
   </div>
   <div class='ocr_carea' id='block_1_19' title="bbox 1968 602 3538 675">
    <p class='ocr_par' dir='ltr' id='par_1_19' title="bbox 1968 602 3538 675">
     <span class='ocr_line' id='line_1_19' title="bbox 1968 602 3538 675; baseline 0.001 -17"><span class='ocrx_word' id='word_1_126' title='bbox 1968 603 2109 658; x_wconf 80' lang='lat' dir='ltr'><strong>Deus</strong></span> <span class='ocrx_word' id='word_1_127' title='bbox 2133 620 2149 660; x_wconf 86' lang='lat'><strong>:</strong></span> <span class='ocrx_word' id='word_1_128' title='bbox 2179 602 2242 660; x_wconf 88' lang='lat' dir='ltr'><strong>Si</strong></span> <span class='ocrx_word' id='word_1_129' title='bbox 2263 607 2508 675; x_wconf 82' lang='lat' dir='ltr'><strong>esuriero,</strong></span> <span class='ocrx_word' id='word_1_130' title='bbox 2540 621 2644 660; x_wconf 89' lang='lat' dir='ltr'><strong>non</strong></span> <span class='ocrx_word' id='word_1_131' title='bbox 2665 605 2834 659; x_wconf 82' lang='lat' dir='ltr'><strong>dicam</strong></span> <span class='ocrx_word' id='word_1_132' title='bbox 2861 605 2987 672; x_wconf 81' lang='lat' dir='ltr'><strong>tibi;</strong></span> <span class='ocrx_word' id='word_1_133' title='bbox 3015 612 3071 660; x_wconf 91' lang='lat' dir='ltr'><strong>et</strong></span> <span class='ocrx_word' id='word_1_134' title='bbox 3093 605 3254 674; x_wconf 90' lang='lat' dir='ltr'><strong>paulo</strong></span> <span class='ocrx_word' id='word_1_135' title='bbox 3283 614 3405 675; x_wconf 86' lang='lat' dir='ltr'><strong>post</strong></span> <span class='ocrx_word' id='word_1_136' title='bbox 3430 619 3538 660; x_wconf 91' lang='lat' dir='ltr'><strong>non</strong></span> 
     </span>
    </p>
   </div>
   <div class='ocr_carea' id='block_1_20' title="bbox 1963 696 3543 768">
    <p class='ocr_par' dir='ltr' id='par_1_20' title="bbox 1963 696 3543 768">
     <span class='ocr_line' id='line_1_20' title="bbox 1963 696 3543 768; baseline 0.003 -18"><span class='ocrx_word' id='word_1_137' title='bbox 1963 702 2165 751; x_wconf 86' lang='lat' dir='ltr'><strong>mutata</strong></span> <span class='ocrx_word' id='word_1_138' title='bbox 2196 710 2426 765; x_wconf 86' lang='lat' dir='ltr'><strong>persona.</strong></span> <span class='ocrx_word' id='word_1_139' title='bbox 2455 698 2594 753; x_wconf 88' lang='lat' dir='ltr'><strong>idem</strong></span> <span class='ocrx_word' id='word_1_140' title='bbox 2627 701 2741 768; x_wconf 90' lang='lat' dir='ltr'><strong>ipse</strong></span> <span class='ocrx_word' id='word_1_141' title='bbox 2783 697 2952 754; x_wconf 88' lang='lat' dir='ltr'><strong>dicit:</strong></span> <span class='ocrx_word' id='word_1_142' title='bbox 2981 696 3204 753; x_wconf 84' lang='lat' dir='ltr'><strong>Immola</strong></span> <span class='ocrx_word' id='word_1_143' title='bbox 3231 698 3340 754; x_wconf 85' lang='lat' dir='ltr'><strong>Deo</strong></span> <span class='ocrx_word' id='word_1_144' title='bbox 3377 699 3543 754; x_wconf 79' lang='lat' dir='ltr'><strong>sacri-</strong></span> 
     </span>
    </p>
   </div>
   <div class='ocr_carea' id='block_1_21' title="bbox 1964 785 3544 860">
    <p class='ocr_par' dir='ltr' id='par_1_21' title="bbox 1964 785 3544 860">
     <span class='ocr_line' id='line_1_21' title="bbox 1964 785 3544 860; baseline 0.003 -22"><span class='ocrx_word' id='word_1_145' title='bbox 1964 785 2138 854; x_wconf 84' lang='lat' dir='ltr'><strong>ﬁcium</strong></span> <span class='ocrx_word' id='word_1_146' title='bbox 2163 788 2330 841; x_wconf 78' lang='lat' dir='ltr'><strong>laudis</strong></span> <span class='ocrx_word' id='word_1_147' title='bbox 2347 805 2367 854; x_wconf 85' lang='lat'><strong>,-</strong></span> <span class='ocrx_word' id='word_1_148' title='bbox 2404 788 2458 842; x_wconf 90' lang='lat' dir='ltr'><strong>in</strong></span> <span class='ocrx_word' id='word_1_149' title='bbox 2484 790 2833 858; x_wconf 88' lang='lat' dir='ltr'><strong>subsequenti</strong></span> <span class='ocrx_word' id='word_1_150' title='bbox 2858 804 2988 845; x_wconf 91' lang='lat' dir='ltr'><strong>vero</strong></span> <span class='ocrx_word' id='word_1_151' title='bbox 3016 790 3314 860; x_wconf 87' lang='lat' dir='ltr'><strong>subjunxit,</strong></span> <span class='ocrx_word' id='word_1_152' title='bbox 3347 787 3544 844; x_wconf 88' lang='lat' dir='ltr'><strong>Pecca-</strong></span> 
     </span>
    </p>
   </div>
   <div class='ocr_carea' id='block_1_22' title="bbox 1963 875 3541 936">
    <p class='ocr_par' dir='ltr' id='par_1_22' title="bbox 1963 875 3541 936">
     <span class='ocr_line' id='line_1_22' title="bbox 1963 875 3541 936; baseline 0.003 -6"><span class='ocrx_word' id='word_1_153' title='bbox 1963 875 2064 930; x_wconf 88' lang='lat' dir='ltr'><strong>tori</strong></span> <span class='ocrx_word' id='word_1_154' title='bbox 2093 885 2265 932; x_wconf 88' lang='lat' dir='ltr'><strong>autem</strong></span> <span class='ocrx_word' id='word_1_155' title='bbox 2289 877 2418 932; x_wconf 67' lang='lat' dir='ltr'><strong>dixit</strong></span> <span class='ocrx_word' id='word_1_156' title='bbox 2446 877 2606 933; x_wconf 84' lang='lat' dir='ltr'><strong>Deus.</strong></span> <span class='ocrx_word' id='word_1_157' title='bbox 2634 877 2840 934; x_wconf 66' lang='lat' dir='ltr'><strong>Nostra:</strong></span> <span class='ocrx_word' id='word_1_158' title='bbox 2878 889 3054 934; x_wconf 89' lang='lat' dir='ltr'><strong>autem</strong></span> <span class='ocrx_word' id='word_1_159' title='bbox 3083 879 3218 936; x_wconf 89' lang='lat' dir='ltr'><strong>ordo</strong></span> <span class='ocrx_word' id='word_1_160' title='bbox 3257 880 3541 936; x_wconf 85' lang='lat' dir='ltr'><strong>locutionis</strong></span> 
     </span>
    </p>
   </div>
   <div class='ocr_carea' id='block_1_23' title="bbox 1963 968 3534 1040">
    <p class='ocr_par' dir='ltr' id='par_1_23' title="bbox 1963 968 3534 1040">
     <span class='ocr_line' id='line_1_23' title="bbox 1963 968 3534 1040; baseline 0.001 -16"><span class='ocrx_word' id='word_1_161' title='bbox 1963 968 2216 1038; x_wconf 86' lang='lat' dir='ltr'><strong>poscebat</strong></span> <span class='ocrx_word' id='word_1_162' title='bbox 2239 978 2298 1024; x_wconf 93' lang='lat' dir='ltr'><strong>ut</strong></span> <span class='ocrx_word' id='word_1_163' title='bbox 2324 969 2528 1026; x_wconf 86' lang='lat' dir='ltr'><strong>diceret</strong></span> <span class='ocrx_word' id='word_1_164' title='bbox 2552 987 2566 1022; x_wconf 87' lang='lat'><strong>:</strong></span> <span class='ocrx_word' id='word_1_165' title='bbox 2596 968 2659 1026; x_wconf 89' lang='lat' dir='ltr'><strong>Si</strong></span> <span class='ocrx_word' id='word_1_166' title='bbox 2685 970 2916 1025; x_wconf 89' lang='lat' dir='ltr'><strong>esuriero</strong></span> <span class='ocrx_word' id='word_1_167' title='bbox 2945 986 3049 1026; x_wconf 87' lang='lat' dir='ltr'><strong>non</strong></span> <span class='ocrx_word' id='word_1_168' title='bbox 3071 971 3240 1026; x_wconf 89' lang='lat' dir='ltr'><strong>dicam</strong></span> <span class='ocrx_word' id='word_1_169' title='bbox 3264 972 3373 1040; x_wconf 87' lang='lat' dir='ltr'><strong>tibi,</strong></span> <span class='ocrx_word' id='word_1_170' title='bbox 3404 981 3534 1039; x_wconf 91' lang='lat' dir='ltr'><strong>etc.,</strong></span> 
     </span>
    </p>
   </div>
   <div class='ocr_carea' id='block_1_24' title="bbox 1962 1057 3543 1132">
    <p class='ocr_par' dir='ltr' id='par_1_24' title="bbox 1962 1057 3543 1132">
     <span class='ocr_line' id='line_1_24' title="bbox 1962 1057 3543 1132; baseline 0.003 -20"><span class='ocrx_word' id='word_1_171' title='bbox 1962 1064 2040 1126; x_wconf 85' lang='lat' dir='ltr'><strong>et,</strong></span> <span class='ocrx_word' id='word_1_172' title='bbox 2060 1057 2272 1114; x_wconf 83' lang='lat' dir='ltr'><strong>immota</strong></span> <span class='ocrx_word' id='word_1_173' title='bbox 2297 1059 2430 1114; x_wconf 91' lang='lat' dir='ltr'><strong>mihi</strong></span> <span class='ocrx_word' id='word_1_174' title='bbox 2450 1059 2764 1129; x_wconf 80' lang='lat' dir='ltr'><strong>sacriﬁcium</strong></span> <span class='ocrx_word' id='word_1_175' title='bbox 2787 1060 2988 1125; x_wconf 86' lang='lat' dir='ltr'><strong>laudis;</strong></span> <span class='ocrx_word' id='word_1_176' title='bbox 3010 1072 3086 1127; x_wconf 92' lang='lat' dir='ltr'><strong>et,</strong></span> <span class='ocrx_word' id='word_1_177' title='bbox 3104 1063 3356 1132; x_wconf 85' lang='lat' dir='ltr'><strong>peccatori</strong></span> <span class='ocrx_word' id='word_1_178' title='bbox 3377 1064 3509 1118; x_wconf 68' lang='lat' dir='ltr'><strong>dixit</strong></span> <span class='ocrx_word' id='word_1_179' title='bbox 3523 1078 3543 1117; x_wconf 90' lang='lat'><strong><em>:</em></strong></span> 
     </span>
    </p>
   </div>
   <div class='ocr_carea' id='block_1_25' title="bbox 1965 1148 3544 1224">
    <p class='ocr_par' dir='ltr' id='par_1_25' title="bbox 1965 1148 3544 1224">
     <span class='ocr_line' id='line_1_25' title="bbox 1965 1148 3544 1224; baseline 0.004 -22"><span class='ocrx_word' id='word_1_180' title='bbox 1965 1148 2138 1214; x_wconf 79' lang='lat' dir='ltr'><strong>Quare</strong></span> <span class='ocrx_word' id='word_1_181' title='bbox 2165 1160 2222 1204; x_wconf 91' lang='lat' dir='ltr'><strong>tu</strong></span> <span class='ocrx_word' id='word_1_182' title='bbox 2243 1167 2450 1207; x_wconf 86' lang='lat' dir='ltr'><strong>enarras</strong></span> <span class='ocrx_word' id='word_1_183' title='bbox 2461 1152 2696 1224; x_wconf 82' lang='lat' dir='ltr'><strong>justitias</strong></span> <span class='ocrx_word' id='word_1_184' title='bbox 2734 1153 2916 1207; x_wconf 81' lang='lat' dir='ltr'><strong>meas?</strong></span> <span class='ocrx_word' id='word_1_185' title='bbox 2946 1152 3099 1209; x_wconf 90' lang='lat' dir='ltr'><strong>Unde</strong></span> <span class='ocrx_word' id='word_1_186' title='bbox 3126 1154 3185 1210; x_wconf 90' lang='lat' dir='ltr'><strong>lit</strong></span> <span class='ocrx_word' id='word_1_187' title='bbox 3215 1165 3274 1211; x_wconf 93' lang='lat' dir='ltr'><strong>ut</strong></span> <span class='ocrx_word' id='word_1_188' title='bbox 3298 1169 3434 1210; x_wconf 88' lang='lat' dir='ltr'><strong>unus</strong></span> <span class='ocrx_word' id='word_1_189' title='bbox 3462 1163 3544 1209; x_wconf 88' lang='lat' dir='ltr'><strong>at-</strong></span> 
     </span>
    </p>
   </div>
   <div class='ocr_carea' id='block_1_26' title="bbox 1961 1241 3541 1315">
    <p class='ocr_par' dir='ltr' id='par_1_26' title="bbox 1961 1241 3541 1315">
     <span class='ocr_line' id='line_1_26' title="bbox 1961 1241 3541 1315; baseline 0.004 -19"><span class='ocrx_word' id='word_1_190' title='bbox 1961 1253 2066 1311; x_wconf 89' lang='lat' dir='ltr'><strong>que</strong></span> <span class='ocrx_word' id='word_1_191' title='bbox 2090 1241 2232 1297; x_wconf 91' lang='lat' dir='ltr'><strong>idem</strong></span> <span class='ocrx_word' id='word_1_192' title='bbox 2271 1243 2340 1297; x_wconf 91' lang='lat' dir='ltr'><strong>de</strong></span> <span class='ocrx_word' id='word_1_193' title='bbox 2365 1257 2425 1298; x_wconf 89' lang='lat' dir='ltr'><strong>se</strong></span> <span class='ocrx_word' id='word_1_194' title='bbox 2449 1244 2695 1314; x_wconf 90' lang='lat' dir='ltr'><strong>loquens,</strong></span> <span class='ocrx_word' id='word_1_195' title='bbox 2726 1244 2873 1301; x_wconf 90' lang='lat' dir='ltr'><strong>velut</strong></span> <span class='ocrx_word' id='word_1_196' title='bbox 2898 1245 3118 1302; x_wconf 86' lang='lat' dir='ltr'><strong>alterius</strong></span> <span class='ocrx_word' id='word_1_197' title='bbox 3144 1259 3428 1315; x_wconf 88' lang='lat' dir='ltr'><strong>personam</strong></span> <span class='ocrx_word' id='word_1_198' title='bbox 3461 1246 3541 1302; x_wconf 91' lang='lat' dir='ltr'><strong>vi-</strong></span> 
     </span>
    </p>
   </div>
   <div class='ocr_carea' id='block_1_27' title="bbox 1962 1333 3545 1411">
    <p class='ocr_par' dir='ltr' id='par_1_27' title="bbox 1962 1333 3545 1411">
     <span class='ocr_line' id='line_1_27' title="bbox 1962 1333 3545 1411; baseline 0.003 -20"><span class='ocrx_word' id='word_1_199' title='bbox 1962 1333 2154 1391; x_wconf 90' lang='lat' dir='ltr'><strong>deatur</strong></span> <span class='ocrx_word' id='word_1_200' title='bbox 2181 1336 2490 1403; x_wconf 89' lang='lat' dir='ltr'><strong>innectere;</strong></span> <span class='ocrx_word' id='word_1_201' title='bbox 2537 1337 2684 1408; x_wconf 91' lang='lat' dir='ltr'><strong>quod</strong></span> <span class='ocrx_word' id='word_1_202' title='bbox 2711 1336 2852 1396; x_wconf 89' lang='lat' dir='ltr'><strong>inter</strong></span> <span class='ocrx_word' id='word_1_203' title='bbox 2892 1339 3106 1410; x_wconf 89' lang='lat' dir='ltr'><strong>propria</strong></span> <span class='ocrx_word' id='word_1_204' title='bbox 3145 1339 3437 1411; x_wconf 66' lang='lat' dir='ltr'><strong>Scriptura:</strong></span> <span class='ocrx_word' id='word_1_205' title='bbox 3460 1339 3545 1396; x_wconf 90' lang='lat' dir='ltr'><strong>di-</strong></span> 
     </span>
    </p>
   </div>
   <div class='ocr_carea' id='block_1_28' title="bbox 1963 1425 2634 1484">
    <p class='ocr_par' dir='ltr' id='par_1_28' title="bbox 1963 1425 2634 1484">
     <span class='ocr_line' id='line_1_28' title="bbox 1963 1425 2634 1484; baseline 0 -2"><span class='ocrx_word' id='word_1_206' title='bbox 1963 1425 2102 1482; x_wconf 71' lang='lat' dir='ltr'><strong>vinae</strong></span> <span class='ocrx_word' id='word_1_207' title='bbox 2129 1437 2275 1483; x_wconf 91' lang='lat' dir='ltr'><strong>recte</strong></span> <span class='ocrx_word' id='word_1_208' title='bbox 2299 1437 2634 1484; x_wconf 91' lang='lat' dir='ltr'><strong>numeratur.</strong></span> 
     </span>
    </p>
   </div>
   <div class='ocr_carea' id='block_1_29' title="bbox 2033 1519 3545 1591">
    <p class='ocr_par' dir='ltr' id='par_1_29' title="bbox 2033 1519 3545 1591">
     <span class='ocr_line' id='line_1_29' title="bbox 2033 1519 3545 1591; baseline 0.003 -15"><span class='ocrx_word' id='word_1_209' title='bbox 2033 1519 2191 1576; x_wconf 78' lang='lat' dir='ltr'><strong>Vers.</strong></span> <span class='ocrx_word' id='word_1_210' title='bbox 2226 1520 2314 1575; x_wconf 82' lang='grc'><strong>15.</strong></span> <span class='ocrx_word' id='word_1_211' title='bbox 2346 1519 2415 1574; x_wconf 84' lang='lat' dir='ltr'><strong>Et</strong></span> <span class='ocrx_word' id='word_1_212' title='bbox 2454 1523 2631 1577; x_wconf 86' lang='lat' dir='ltr'><strong>invoca</strong></span> <span class='ocrx_word' id='word_1_213' title='bbox 2658 1539 2736 1578; x_wconf 89' lang='lat' dir='ltr'><strong>me</strong></span> <span class='ocrx_word' id='word_1_214' title='bbox 2759 1525 2815 1579; x_wconf 86' lang='lat' dir='ltr'><strong>in</strong></span> <span class='ocrx_word' id='word_1_215' title='bbox 2843 1524 2928 1579; x_wconf 88' lang='lat' dir='ltr'><strong>die</strong></span> <span class='ocrx_word' id='word_1_216' title='bbox 2955 1525 3298 1581; x_wconf 88' lang='lat' dir='ltr'><strong>tribulationis</strong></span> <span class='ocrx_word' id='word_1_217' title='bbox 3323 1534 3452 1591; x_wconf 75' lang='lat' dir='ltr'><strong>tua;</strong></span> <span class='ocrx_word' id='word_1_218' title='bbox 3492 1533 3545 1580; x_wconf 90' lang='lat' dir='ltr'><strong>et</strong></span> 
     </span>
    </p>
   </div>
   <div class='ocr_carea' id='block_1_30' title="bbox 1964 1613 3539 1686">
    <p class='ocr_par' dir='ltr' id='par_1_30' title="bbox 1964 1613 3539 1686">
     <span class='ocr_line' id='line_1_30' title="bbox 1964 1613 3539 1686; baseline 0.001 -18"><span class='ocrx_word' id='word_1_219' title='bbox 1964 1613 2180 1682; x_wconf 75' lang='lat' dir='ltr'><strong>eripiam</strong></span> <span class='ocrx_word' id='word_1_220' title='bbox 2208 1622 2277 1680; x_wconf 91' lang='lat' dir='ltr'><strong>te,</strong></span> <span class='ocrx_word' id='word_1_221' title='bbox 2305 1621 2356 1668; x_wconf 91' lang='lat' dir='ltr'><strong>et</strong></span> <span class='ocrx_word' id='word_1_222' title='bbox 2384 1615 2736 1686; x_wconf 67' lang='lat' dir='ltr'><strong>magniﬁcatus</strong></span> <span class='ocrx_word' id='word_1_223' title='bbox 2759 1632 2860 1671; x_wconf 89' lang='lat' dir='ltr'><strong>me.</strong></span> <span class='ocrx_word' id='word_1_224' title='bbox 2902 1615 3188 1686; x_wconf 84' lang='lat' dir='ltr'><strong>Postquam</strong></span> <span class='ocrx_word' id='word_1_225' title='bbox 3229 1615 3366 1671; x_wconf 84' lang='lat' dir='ltr'><strong>dixit</strong></span> <span class='ocrx_word' id='word_1_226' title='bbox 3393 1616 3539 1685; x_wconf 83' lang='lat' dir='ltr'><strong>quali</strong></span> 
     </span>
    </p>
   </div>
   <div class='ocr_carea' id='block_1_31' title="bbox 1964 1704 3543 1777">
    <p class='ocr_par' dir='ltr' id='par_1_31' title="bbox 1964 1704 3543 1777">
     <span class='ocr_line' id='line_1_31' title="bbox 1964 1704 3543 1777; baseline 0.001 -17"><span class='ocrx_word' id='word_1_227' title='bbox 1964 1704 2232 1760; x_wconf 82' lang='lat' dir='ltr'><strong>sacriﬁcio</strong></span> <span class='ocrx_word' id='word_1_228' title='bbox 2254 1704 2577 1774; x_wconf 87' lang='lat' dir='ltr'><strong>placaretur,</strong></span> <span class='ocrx_word' id='word_1_229' title='bbox 2598 1721 2743 1763; x_wconf 93' lang='lat' dir='ltr'><strong>nunc</strong></span> <span class='ocrx_word' id='word_1_230' title='bbox 2770 1707 3056 1764; x_wconf 87' lang='lat' dir='ltr'><strong>oblationis</strong></span> <span class='ocrx_word' id='word_1_231' title='bbox 3076 1707 3242 1777; x_wconf 82' lang='lat' dir='ltr'><strong>ipsius</strong></span> <span class='ocrx_word' id='word_1_232' title='bbox 3265 1707 3543 1776; x_wconf 62' lang='lat' dir='ltr'><strong>premium</strong></span> 
     </span>
    </p>
   </div>
   <div class='ocr_carea' id='block_1_32' title="bbox 1965 1795 3545 1868">
    <p class='ocr_par' dir='ltr' id='par_1_32' title="bbox 1965 1795 3545 1868">
     <span class='ocr_line' id='line_1_32' title="bbox 1965 1795 3545 1868; baseline 0.001 -17"><span class='ocrx_word' id='word_1_233' title='bbox 1965 1795 2268 1866; x_wconf 90' lang='lat' dir='ltr'><strong>pollicetur.</strong></span> <span class='ocrx_word' id='word_1_234' title='bbox 2301 1797 2555 1868; x_wconf 76' lang='lat' dir='ltr'><strong>Praecipit</strong></span> <span class='ocrx_word' id='word_1_235' title='bbox 2582 1798 2751 1866; x_wconf 88' lang='lat' dir='ltr'><strong>enim,</strong></span> <span class='ocrx_word' id='word_1_236' title='bbox 2779 1797 2972 1854; x_wconf 83' lang='lat' dir='ltr'><strong>Inuoco</strong></span> <span class='ocrx_word' id='word_1_237' title='bbox 3007 1815 3104 1867; x_wconf 86' lang='lat' dir='ltr'><strong>me,</strong></span> <span class='ocrx_word' id='word_1_238' title='bbox 3138 1813 3205 1854; x_wconf 89' lang='lat' dir='ltr'><strong>ne</strong></span> <span class='ocrx_word' id='word_1_239' title='bbox 3231 1799 3355 1868; x_wconf 82' lang='lat' dir='ltr'><strong>quis</strong></span> <span class='ocrx_word' id='word_1_240' title='bbox 3392 1811 3545 1866; x_wconf 86' lang='lat' dir='ltr'><strong>spem</strong></span> 
     </span>
    </p>
   </div>
   <div class='ocr_carea' id='block_1_33' title="bbox 270 1883 3542 1963">
    <p class='ocr_par' dir='ltr' id='par_1_33' title="bbox 270 1883 3542 1963">
     <span class='ocr_line' id='line_1_33' title="bbox 270 1883 3542 1963; baseline 0.003 -16"><span class='ocrx_word' id='word_1_241' title='bbox 270 1895 410 1948; x_wconf 66' lang='grc' dir='ltr'><em>στω,</em></span> <span class='ocrx_word' id='word_1_242' title='bbox 447 1911 588 1948; x_wconf 84' lang='lat' dir='ltr'><strong>meus</strong></span> <span class='ocrx_word' id='word_1_243' title='bbox 623 1910 728 1948; x_wconf 79' lang='lat' dir='ltr'><strong>esse</strong></span> <span class='ocrx_word' id='word_1_244' title='bbox 767 1896 1054 1950; x_wconf 82' lang='lat' dir='ltr'><strong>noscatur?</strong></span> <span class='ocrx_word' id='word_1_245' title='bbox 1099 1895 1371 1950; x_wconf 82' lang='lat' dir='ltr'><strong>Plenitudo</strong></span> <span class='ocrx_word' id='word_1_246' title='bbox 1396 1899 1539 1963; x_wconf 82' lang='lat' dir='ltr'><strong>eius,</strong></span> <span class='ocrx_word' id='word_1_247' title='bbox 1582 1896 1863 1952; x_wconf 88' lang='lat' dir='ltr'><strong>diversita-</strong></span> <span class='ocrx_word' id='word_1_248' title='bbox 1889 1897 1940 1960; x_wconf 78' lang='grc' dir='ltr'><strong>Β</strong></span> <span class='ocrx_word' id='word_1_249' title='bbox 1965 1883 2188 1943; x_wconf 78' lang='lat' dir='ltr'><strong>haberet</strong></span> <span class='ocrx_word' id='word_1_250' title='bbox 2215 1887 2270 1942; x_wconf 85' lang='lat' dir='ltr'><strong>in</strong></span> <span class='ocrx_word' id='word_1_251' title='bbox 2300 1895 2514 1944; x_wconf 81' lang='lat' dir='ltr'><strong>terreno</strong></span> <span class='ocrx_word' id='word_1_252' title='bbox 2541 1889 2760 1957; x_wconf 69' lang='lat' dir='ltr'><strong>solatio,</strong></span> <span class='ocrx_word' id='word_1_253' title='bbox 2781 1888 2871 1944; x_wconf 81' lang='lat' dir='ltr'><strong>ubi</strong></span> <span class='ocrx_word' id='word_1_254' title='bbox 2893 1889 3093 1944; x_wconf 77' lang='lat' dir='ltr'><strong>caduca</strong></span> <span class='ocrx_word' id='word_1_255' title='bbox 3119 1900 3244 1944; x_wconf 73' lang='lat' dir='ltr'><strong>sunt</strong></span> <span class='ocrx_word' id='word_1_256' title='bbox 3270 1887 3542 1959; x_wconf 72' lang='lat' dir='ltr'><strong>universa,</strong></span> 
     </span>
    </p>
   </div>
   <div class='ocr_carea' id='block_1_34' title="bbox 272 1984 1861 2059">
    <p class='ocr_par' dir='ltr' id='par_1_34' title="bbox 272 1984 1861 2059">
     <span class='ocr_line' id='line_1_34' title="bbox 272 1984 1861 2059; baseline 0.004 -21"><span class='ocrx_word' id='word_1_257' title='bbox 272 1991 381 2039; x_wconf 89' lang='lat' dir='ltr'><strong>tem</strong></span> <span class='ocrx_word' id='word_1_258' title='bbox 429 1984 692 2054; x_wconf 80' lang='lat' dir='ltr'><strong>signiﬁcat</strong></span> <span class='ocrx_word' id='word_1_259' title='bbox 735 1994 1120 2042; x_wconf 85' lang='lat' dir='ltr'><strong>creaturarum.</strong></span> <span class='ocrx_word' id='word_1_260' title='bbox 1171 1985 1360 2044; x_wconf 87' lang='lat' dir='ltr'><strong>Cesset</strong></span> <span class='ocrx_word' id='word_1_261' title='bbox 1408 2002 1536 2059; x_wconf 88' lang='lat' dir='ltr'><strong>ergo</strong></span> <span class='ocrx_word' id='word_1_262' title='bbox 1581 1987 1861 2045; x_wconf 89' lang='lat' dir='ltr'><strong>hominum</strong></span> 
     </span>
    </p>
   </div>
   <div class='ocr_carea' id='block_1_35' title="bbox 286 2076 1862 2152">
    <p class='ocr_par' dir='ltr' id='par_1_35' title="bbox 286 2076 1862 2152">
     <span class='ocr_line' id='line_1_35' title="bbox 286 2076 1862 2152; baseline 0.004 -22"><span class='ocrx_word' id='word_1_263' title='bbox 286 2076 590 2132; x_wconf 90' lang='lat' dir='ltr'><strong>sollicitudo</strong></span> <span class='ocrx_word' id='word_1_264' title='bbox 633 2076 904 2146; x_wconf 89' lang='lat' dir='ltr'><strong>superﬂua</strong></span> <span class='ocrx_word' id='word_1_265' title='bbox 942 2077 1011 2133; x_wconf 92' lang='lat' dir='ltr'><strong>de</strong></span> <span class='ocrx_word' id='word_1_266' title='bbox 1039 2079 1298 2148; x_wconf 89' lang='lat' dir='ltr'><strong>pecudum</strong></span> <span class='ocrx_word' id='word_1_267' title='bbox 1330 2079 1690 2137; x_wconf 83' lang='lat' dir='ltr'><strong>immolatione</strong></span> <span class='ocrx_word' id='word_1_268' title='bbox 1723 2080 1862 2152; x_wconf 88' lang='lat' dir='ltr'><strong>cogi-</strong></span> 
     </span>
    </p>
   </div>
   <div class='ocr_carea' id='block_1_36' title="bbox 272 2169 1865 2233">
    <p class='ocr_par' dir='ltr' id='par_1_36' title="bbox 272 2169 1865 2233">
     <span class='ocr_line' id='line_1_36' title="bbox 272 2169 1865 2233; baseline 0.004 -10"><span class='ocrx_word' id='word_1_269' title='bbox 272 2177 424 2233; x_wconf 88' lang='lat' dir='ltr'><strong>tare;</strong></span> <span class='ocrx_word' id='word_1_270' title='bbox 469 2183 562 2223; x_wconf 91' lang='lat' dir='ltr'><strong>cor</strong></span> <span class='ocrx_word' id='word_1_271' title='bbox 587 2169 733 2224; x_wconf 88' lang='lat' dir='ltr'><strong>enim</strong></span> <span class='ocrx_word' id='word_1_272' title='bbox 777 2180 983 2225; x_wconf 88' lang='lat' dir='ltr'><strong>rectum</strong></span> <span class='ocrx_word' id='word_1_273' title='bbox 1010 2186 1107 2228; x_wconf 88' lang='lat' dir='ltr'><strong>nos</strong></span> <span class='ocrx_word' id='word_1_274' title='bbox 1133 2172 1235 2228; x_wconf 89' lang='lat' dir='ltr'><strong>sibi</strong></span> <span class='ocrx_word' id='word_1_275' title='bbox 1264 2171 1526 2228; x_wconf 86' lang='lat' dir='ltr'><strong>Divinitas</strong></span> <span class='ocrx_word' id='word_1_276' title='bbox 1558 2175 1762 2228; x_wconf 90' lang='lat' dir='ltr'><strong>mavult</strong></span> <span class='ocrx_word' id='word_1_277' title='bbox 1789 2174 1865 2230; x_wconf 87' lang='lat' dir='ltr'><strong>of-</strong></span> 
     </span>
    </p>
   </div>
   <div class='ocr_carea' id='block_1_37' title="bbox 270 2256 1862 2334">
    <p class='ocr_par' dir='ltr' id='par_1_37' title="bbox 270 2256 1862 2334">
     <span class='ocr_line' id='line_1_37' title="bbox 270 2256 1862 2334; baseline 0.004 -22"><span class='ocrx_word' id='word_1_278' title='bbox 270 2256 436 2321; x_wconf 90' lang='lat' dir='ltr'><strong>ferre,</strong></span> <span class='ocrx_word' id='word_1_279' title='bbox 467 2258 606 2313; x_wconf 91' lang='lat' dir='ltr'><strong>unde</strong></span> <span class='ocrx_word' id='word_1_280' title='bbox 635 2268 690 2314; x_wconf 90' lang='lat' dir='ltr'><strong>et</strong></span> <span class='ocrx_word' id='word_1_281' title='bbox 715 2261 1054 2331; x_wconf 75' lang='lat' dir='ltr'><strong>cognoscitur</strong></span> <span class='ocrx_word' id='word_1_282' title='bbox 1083 2261 1404 2329; x_wconf 86' lang='lat' dir='ltr'><strong>deliquisse;</strong></span> <span class='ocrx_word' id='word_1_283' title='bbox 1427 2273 1692 2333; x_wconf 86' lang='lat' dir='ltr'><strong>quatenus</strong></span> <span class='ocrx_word' id='word_1_284' title='bbox 1718 2263 1862 2334; x_wconf 89' lang='lat' dir='ltr'><strong>quod</strong></span> 
     </span>
    </p>
   </div>
   <div class='ocr_carea' id='block_1_38' title="bbox 270 2347 1863 2420">
    <p class='ocr_par' dir='ltr' id='par_1_38' title="bbox 270 2347 1863 2420">
     <span class='ocr_line' id='line_1_38' title="bbox 270 2347 1863 2420; baseline 0.004 -19"><span class='ocrx_word' id='word_1_285' title='bbox 270 2356 400 2402; x_wconf 87' lang='lat' dir='ltr'><strong>ante</strong></span> <span class='ocrx_word' id='word_1_286' title='bbox 430 2347 524 2403; x_wconf 91' lang='lat' dir='ltr'><strong>fuit</strong></span> <span class='ocrx_word' id='word_1_287' title='bbox 554 2349 784 2419; x_wconf 87' lang='lat' dir='ltr'><strong>peccatis</strong></span> <span class='ocrx_word' id='word_1_288' title='bbox 820 2351 1254 2420; x_wconf 88' lang='lat' dir='ltr'><strong>delinquentibus</strong></span> <span class='ocrx_word' id='word_1_289' title='bbox 1294 2352 1607 2420; x_wconf 91' lang='lat' dir='ltr'><strong>horridum,</strong></span> <span class='ocrx_word' id='word_1_290' title='bbox 1637 2353 1863 2408; x_wconf 88' lang='lat' dir='ltr'><strong>salutari</strong></span> 
     </span>
    </p>
   </div>
   <div class='ocr_carea' id='block_1_39' title="bbox 270 2439 1862 2518">
    <p class='ocr_par' dir='ltr' id='par_1_39' title="bbox 270 2439 1862 2518">
     <span class='ocr_line' id='line_1_39' title="bbox 270 2439 1862 2518; baseline 0.005 -24"><span class='ocrx_word' id='word_1_291' title='bbox 270 2439 370 2494; x_wconf 85' lang='lat' dir='ltr'><strong>ﬂat</strong></span> <span class='ocrx_word' id='word_1_292' title='bbox 396 2442 772 2499; x_wconf 90' lang='lat' dir='ltr'><strong>emundatione</strong></span> <span class='ocrx_word' id='word_1_293' title='bbox 803 2444 1172 2513; x_wconf 90' lang='lat' dir='ltr'><strong>purissimum.</strong></span> <span class='ocrx_word' id='word_1_294' title='bbox 1206 2445 1272 2500; x_wconf 87' lang='lat' dir='ltr'><strong>Et</strong></span> <span class='ocrx_word' id='word_1_295' title='bbox 1299 2455 1568 2502; x_wconf 90' lang='lat' dir='ltr'><strong>memento</strong></span> <span class='ocrx_word' id='word_1_296' title='bbox 1590 2445 1732 2518; x_wconf 90' lang='lat' dir='ltr'><strong>quod</strong></span> <span class='ocrx_word' id='word_1_297' title='bbox 1764 2460 1862 2516; x_wconf 89' lang='lat' dir='ltr'><strong>per</strong></span> 
     </span>
    </p>
   </div>
   <div class='ocr_carea' id='block_1_40' title="bbox 268 2528 1860 2610">
    <p class='ocr_par' dir='ltr' id='par_1_40' title="bbox 268 2528 1860 2610">
     <span class='ocr_line' id='line_1_40' title="bbox 268 2528 1860 2610; baseline 0.006 -26"><span class='ocrx_word' id='word_1_298' title='bbox 268 2528 371 2585; x_wconf 85' lang='lat' dir='ltr'><strong>has</strong></span> <span class='ocrx_word' id='word_1_299' title='bbox 398 2533 688 2589; x_wconf 89' lang='lat' dir='ltr'><strong>allusiones</strong></span> <span class='ocrx_word' id='word_1_300' title='bbox 717 2533 1217 2603; x_wconf 82' lang='lat' dir='ltr'><strong>praedestinatorum</strong></span> <span class='ocrx_word' id='word_1_301' title='bbox 1245 2553 1526 2593; x_wconf 90' lang='lat' dir='ltr'><strong>numerum</strong></span> <span class='ocrx_word' id='word_1_302' title='bbox 1572 2538 1860 2610; x_wconf 81' lang='lat' dir='ltr'><strong>significat,</strong></span> 
     </span>
    </p>
   </div>
   <div class='ocr_carea' id='block_1_41' title="bbox 267 2623 1864 2701">
    <p class='ocr_par' dir='ltr' id='par_1_41' title="bbox 267 2623 1864 2701">
     <span class='ocr_line' id='line_1_41' title="bbox 267 2623 1864 2701; baseline 0.007 -25"><span class='ocrx_word' id='word_1_303' title='bbox 267 2636 380 2678; x_wconf 87' lang='lat' dir='ltr'><strong>non</strong></span> <span class='ocrx_word' id='word_1_304' title='bbox 427 2623 495 2680; x_wconf 90' lang='lat' dir='ltr'><strong>de</strong></span> <span class='ocrx_word' id='word_1_305' title='bbox 539 2625 653 2680; x_wconf 91' lang='lat' dir='ltr'><strong>sola</strong></span> <span class='ocrx_word' id='word_1_306' title='bbox 691 2624 971 2696; x_wconf 86' lang='lat' dir='ltr'><strong>Synagoga</strong></span> <span class='ocrx_word' id='word_1_307' title='bbox 1013 2625 1319 2684; x_wconf 83' lang='lat' dir='ltr'><strong>Judaeorum</strong></span> <span class='ocrx_word' id='word_1_308' title='bbox 1344 2670 1361 2698; x_wconf 94' lang='lat'><strong>,</strong></span> <span class='ocrx_word' id='word_1_309' title='bbox 1413 2629 1510 2685; x_wconf 87' lang='lat' dir='ltr'><strong>sed</strong></span> <span class='ocrx_word' id='word_1_310' title='bbox 1549 2630 1619 2687; x_wconf 90' lang='lat' dir='ltr'><strong>de</strong></span> <span class='ocrx_word' id='word_1_311' title='bbox 1655 2630 1864 2701; x_wconf 79' lang='lat' dir='ltr'><strong>cunctis</strong></span> 
     </span>
    </p>
   </div>
   <div class='ocr_carea' id='block_1_42' title="bbox 267 2716 1096 2786">
    <p class='ocr_par' dir='ltr' id='par_1_42' title="bbox 267 2716 1096 2786">
     <span class='ocr_line' id='line_1_42' title="bbox 267 2716 1096 2786; baseline 0.002 -16"><span class='ocrx_word' id='word_1_312' title='bbox 267 2716 522 2785; x_wconf 88' lang='lat' dir='ltr'><strong>gentibus</strong></span> <span class='ocrx_word' id='word_1_313' title='bbox 546 2731 667 2772; x_wconf 88' lang='lat' dir='ltr'><strong>esse</strong></span> <span class='ocrx_word' id='word_1_314' title='bbox 694 2717 1096 2786; x_wconf 85' lang='lat' dir='ltr'><strong>complendum.</strong></span> 
     </span>
    </p>
   </div>
   <div class='ocr_carea' id='block_1_43' title="bbox 349 2807 1864 2885">
    <p class='ocr_par' dir='ltr' id='par_1_43' title="bbox 349 2807 1864 2885">
     <span class='ocr_line' id='line_1_43' title="bbox 349 2807 1864 2885; baseline 0.004 -23"><span class='ocrx_word' id='word_1_315' title='bbox 349 2807 508 2863; x_wconf 83' lang='lat' dir='ltr'><strong>Vers.</strong></span> <span class='ocrx_word' id='word_1_316' title='bbox 563 2809 651 2863; x_wconf 77' lang='grc'><strong>15.</strong></span> <span class='ocrx_word' id='word_1_317' title='bbox 697 2807 946 2879; x_wconf 81' lang='lat' dir='ltr'><strong>Nunquid</strong></span> <span class='ocrx_word' id='word_1_318' title='bbox 993 2812 1313 2867; x_wconf 88' lang='lat' dir='ltr'><strong>manducabo</strong></span> <span class='ocrx_word' id='word_1_319' title='bbox 1363 2828 1541 2868; x_wconf 86' lang='lat' dir='ltr'><strong>carnes</strong></span> <span class='ocrx_word' id='word_1_320' title='bbox 1576 2821 1864 2885; x_wconf 84' lang='lat' dir='ltr'><strong>taurorum,</strong></span> 
     </span>
    </p>
   </div>
   <div class='ocr_carea' id='block_1_44' title="bbox 267 2899 1867 2972">
    <p class='ocr_par' dir='ltr' id='par_1_44' title="bbox 267 2899 1867 2972">
     <span class='ocr_line' id='line_1_44' title="bbox 267 2899 1867 2972; baseline 0.005 -17"><span class='ocrx_word' id='word_1_321' title='bbox 267 2904 361 2955; x_wconf 75' lang='lat' dir='ltr'><strong>dut</strong></span> <span class='ocrx_word' id='word_1_322' title='bbox 390 2899 696 2968; x_wconf 87' lang='lat' dir='ltr'><strong>sanguinem</strong></span> <span class='ocrx_word' id='word_1_323' title='bbox 733 2903 994 2957; x_wconf 79' lang='lat' dir='ltr'><strong>hircorum</strong></span> <span class='ocrx_word' id='word_1_324' title='bbox 1034 2904 1240 2972; x_wconf 87' lang='lat' dir='ltr'><strong>potabo.</strong></span> <span class='ocrx_word' id='word_1_325' title='bbox 1271 2905 1439 2972; x_wconf 85' lang='lat' dir='ltr'><strong>Quam</strong></span> <span class='ocrx_word' id='word_1_326' title='bbox 1485 2905 1665 2962; x_wconf 89' lang='lat' dir='ltr'><strong>multis</strong></span> <span class='ocrx_word' id='word_1_327' title='bbox 1691 2906 1867 2964; x_wconf 84' lang='lat' dir='ltr'><strong>modis</strong></span> 
     </span>
    </p>
   </div>
   <div class='ocr_carea' id='block_1_45' title="bbox 267 2990 1868 3064">
    <p class='ocr_par' dir='ltr' id='par_1_45' title="bbox 267 2990 1868 3064">
     <span class='ocr_line' id='line_1_45' title="bbox 267 2990 1868 3064; baseline 0.007 -20"><span class='ocrx_word' id='word_1_328' title='bbox 267 2990 564 3045; x_wconf 87' lang='lat' dir='ltr'><strong>voluntatis</strong></span> <span class='ocrx_word' id='word_1_329' title='bbox 598 3006 711 3046; x_wconf 77' lang='lat' dir='ltr'><strong>sure</strong></span> <span class='ocrx_word' id='word_1_330' title='bbox 743 2990 995 3062; x_wconf 83' lang='lat' dir='ltr'><strong>dignatur</strong></span> <span class='ocrx_word' id='word_1_331' title='bbox 1018 2995 1248 3052; x_wconf 90' lang='lat' dir='ltr'><strong>reddere</strong></span> <span class='ocrx_word' id='word_1_332' title='bbox 1272 2997 1557 3052; x_wconf 89' lang='lat' dir='ltr'><strong>rationem.</strong></span> <span class='ocrx_word' id='word_1_333' title='bbox 1587 2999 1868 3064; x_wconf 86' lang='lat' dir='ltr'><strong>Quomodo</strong></span> 
     </span>
    </p>
   </div>
   <div class='ocr_carea' id='block_1_46' title="bbox 270 3090 1864 3159">
    <p class='ocr_par' dir='ltr' id='par_1_46' title="bbox 270 3090 1864 3159">
     <span class='ocr_line' id='line_1_46' title="bbox 270 3090 1864 3159; baseline 0.006 -22"><span class='ocrx_word' id='word_1_334' title='bbox 270 3091 426 3152; x_wconf 88' lang='lat' dir='ltr'><strong>grata</strong></span> <span class='ocrx_word' id='word_1_335' title='bbox 465 3092 622 3140; x_wconf 88' lang='lat' dir='ltr'><strong>erunt</strong></span> <span class='ocrx_word' id='word_1_336' title='bbox 649 3100 768 3154; x_wconf 67' lang='lat' dir='ltr'><strong>quae</strong></span> <span class='ocrx_word' id='word_1_337' title='bbox 794 3100 900 3140; x_wconf 93' lang='lat' dir='ltr'><strong>non</strong></span> <span class='ocrx_word' id='word_1_338' title='bbox 927 3095 1050 3142; x_wconf 91' lang='lat' dir='ltr'><strong>sunt</strong></span> <span class='ocrx_word' id='word_1_339' title='bbox 1074 3091 1413 3145; x_wconf 86' lang='lat' dir='ltr'><strong>necessaria?</strong></span> <span class='ocrx_word' id='word_1_340' title='bbox 1443 3090 1698 3159; x_wconf 83' lang='lat' dir='ltr'><strong>Nunquid</strong></span> <span class='ocrx_word' id='word_1_341' title='bbox 1721 3092 1864 3148; x_wconf 90' lang='lat' dir='ltr'><strong>Deus</strong></span> 
     </span>
    </p>
   </div>
   <div class='ocr_carea' id='block_1_47' title="bbox 272 3174 1861 3251">
    <p class='ocr_par' dir='ltr' id='par_1_47' title="bbox 272 3174 1861 3251">
     <span class='ocr_line' id='line_1_47' title="bbox 272 3174 1861 3251; baseline 0.006 -26"><span class='ocrx_word' id='word_1_342' title='bbox 272 3181 540 3227; x_wconf 90' lang='lat' dir='ltr'><strong>taurorum</strong></span> <span class='ocrx_word' id='word_1_343' title='bbox 570 3174 804 3230; x_wconf 88' lang='lat' dir='ltr'><strong>carnibus</strong></span> <span class='ocrx_word' id='word_1_344' title='bbox 835 3179 1092 3246; x_wconf 85' lang='lat' dir='ltr'><strong>pascitur,</strong></span> <span class='ocrx_word' id='word_1_345' title='bbox 1121 3189 1212 3233; x_wconf 85' lang='lat' dir='ltr'><strong>aut</strong></span> <span class='ocrx_word' id='word_1_346' title='bbox 1238 3181 1488 3251; x_wconf 83' lang='lat' dir='ltr'><strong>sanguine</strong></span> <span class='ocrx_word' id='word_1_347' title='bbox 1515 3189 1725 3251; x_wconf 85' lang='lat' dir='ltr'><strong>potatur</strong></span> <span class='ocrx_word' id='word_1_348' title='bbox 1750 3183 1861 3236; x_wconf 83' lang='lat' dir='ltr'><strong>hir-</strong></span> 
     </span>
    </p>
   </div>
   <div class='ocr_carea' id='block_1_48' title="bbox 1966 1977 3548 2049">
    <p class='ocr_par' dir='ltr' id='par_1_48' title="bbox 1966 1977 3548 2049">
     <span class='ocr_line' id='line_1_48' title="bbox 1966 1977 3548 2049; baseline -0.001 -14"><span class='ocrx_word' id='word_1_349' title='bbox 1966 1986 2021 2035; x_wconf 86' lang='lat' dir='ltr'><strong>et</strong></span> <span class='ocrx_word' id='word_1_350' title='bbox 2045 1978 2166 2049; x_wconf 85' lang='lat' dir='ltr'><strong>plus</strong></span> <span class='ocrx_word' id='word_1_351' title='bbox 2193 1977 2404 2035; x_wconf 85' lang='lat' dir='ltr'><strong>inﬁrma</strong></span> <span class='ocrx_word' id='word_1_352' title='bbox 2435 1979 2649 2035; x_wconf 89' lang='lat' dir='ltr'><strong>solatia.</strong></span> <span class='ocrx_word' id='word_1_353' title='bbox 2675 1979 2744 2035; x_wconf 83' lang='lat' dir='ltr'><strong>In</strong></span> <span class='ocrx_word' id='word_1_354' title='bbox 2765 1981 2848 2035; x_wconf 92' lang='lat' dir='ltr'><strong>die</strong></span> <span class='ocrx_word' id='word_1_355' title='bbox 2875 1980 3214 2035; x_wconf 85' lang='lat' dir='ltr'><strong>tribulationis</strong></span> <span class='ocrx_word' id='word_1_356' title='bbox 3235 1988 3352 2046; x_wconf 77' lang='lat' dir='ltr'><strong>tute,</strong></span> <span class='ocrx_word' id='word_1_357' title='bbox 3383 1978 3436 2033; x_wconf 92' lang='lat' dir='ltr'><strong>id</strong></span> <span class='ocrx_word' id='word_1_358' title='bbox 3463 1985 3548 2034; x_wconf 86' lang='lat' dir='ltr'><strong>est</strong></span> 
     </span>
    </p>
   </div>
   <div class='ocr_carea' id='block_1_49' title="bbox 1964 2066 3546 2143">
    <p class='ocr_par' dir='ltr' id='par_1_49' title="bbox 1964 2066 3546 2143">
     <span class='ocr_line' id='line_1_49' title="bbox 1964 2066 3546 2143; baseline 0 -17"><span class='ocrx_word' id='word_1_359' title='bbox 1964 2070 2177 2141; x_wconf 89' lang='lat' dir='ltr'><strong>quando</strong></span> <span class='ocrx_word' id='word_1_360' title='bbox 2225 2078 2277 2126; x_wconf 86' lang='lat' dir='ltr'><strong>te</strong></span> <span class='ocrx_word' id='word_1_361' title='bbox 2310 2070 2448 2128; x_wconf 89' lang='lat' dir='ltr'><strong>alter</strong></span> <span class='ocrx_word' id='word_1_362' title='bbox 2474 2071 2681 2143; x_wconf 88' lang='lat' dir='ltr'><strong>afﬂigit,</strong></span> <span class='ocrx_word' id='word_1_363' title='bbox 2707 2087 2812 2128; x_wconf 92' lang='lat' dir='ltr'><strong>non</strong></span> <span class='ocrx_word' id='word_1_364' title='bbox 2840 2087 2962 2128; x_wconf 88' lang='lat' dir='ltr'><strong>cum</strong></span> <span class='ocrx_word' id='word_1_365' title='bbox 3006 2072 3278 2127; x_wconf 90' lang='lat' dir='ltr'><strong>inimicum</strong></span> <span class='ocrx_word' id='word_1_366' title='bbox 3309 2066 3546 2127; x_wconf 72' lang='lat' dir='ltr'><strong>evasisse</strong></span> 
     </span>
    </p>
   </div>
   <div class='ocr_carea' id='block_1_50' title="bbox 1965 2161 3549 2234">
    <p class='ocr_par' dir='ltr' id='par_1_50' title="bbox 1965 2161 3549 2234">
     <span class='ocr_line' id='line_1_50' title="bbox 1965 2161 3549 2234; baseline -0.001 -16"><span class='ocrx_word' id='word_1_367' title='bbox 1965 2161 2249 2218; x_wconf 89' lang='lat' dir='ltr'><strong>morderis.</strong></span> <span class='ocrx_word' id='word_1_368' title='bbox 2279 2161 2474 2218; x_wconf 84' lang='lat' dir='ltr'><strong>Nostra</strong></span> <span class='ocrx_word' id='word_1_369' title='bbox 2504 2165 2646 2219; x_wconf 88' lang='lat' dir='ltr'><strong>enim</strong></span> <span class='ocrx_word' id='word_1_370' title='bbox 2669 2165 2929 2219; x_wconf 84' lang='lat' dir='ltr'><strong>tribulatio</strong></span> <span class='ocrx_word' id='word_1_371' title='bbox 2956 2163 3045 2220; x_wconf 91' lang='lat' dir='ltr'><strong>illa</strong></span> <span class='ocrx_word' id='word_1_372' title='bbox 3065 2173 3149 2220; x_wconf 86' lang='lat' dir='ltr'><strong>est</strong></span> <span class='ocrx_word' id='word_1_373' title='bbox 3171 2175 3290 2234; x_wconf 66' lang='lat' dir='ltr'><strong>quae</strong></span> <span class='ocrx_word' id='word_1_374' title='bbox 3320 2163 3549 2234; x_wconf 63' lang='lat' dir='ltr'><strong>proprias</strong></span> 
     </span>
    </p>
   </div>
   <div class='ocr_carea' id='block_1_51' title="bbox 1964 2252 3546 2326">
    <p class='ocr_par' dir='ltr' id='par_1_51' title="bbox 1964 2252 3546 2326">
     <span class='ocr_line' id='line_1_51' title="bbox 1964 2252 3546 2326; baseline 0 -18"><span class='ocrx_word' id='word_1_375' title='bbox 1964 2253 2155 2308; x_wconf 89' lang='lat' dir='ltr'><strong>salutis</strong></span> <span class='ocrx_word' id='word_1_376' title='bbox 2183 2252 2469 2312; x_wconf 83' lang='lat' dir='ltr'><strong>formidine</strong></span> <span class='ocrx_word' id='word_1_377' title='bbox 2497 2268 2806 2325; x_wconf 88' lang='lat' dir='ltr'><strong>generatur,</strong></span> <span class='ocrx_word' id='word_1_378' title='bbox 2837 2269 2942 2312; x_wconf 93' lang='lat' dir='ltr'><strong>non</strong></span> <span class='ocrx_word' id='word_1_379' title='bbox 2971 2269 3092 2326; x_wconf 67' lang='lat' dir='ltr'><strong>quae</strong></span> <span class='ocrx_word' id='word_1_380' title='bbox 3120 2253 3416 2311; x_wconf 85' lang='lat' dir='ltr'><strong>ca‘rnalium</strong></span> <span class='ocrx_word' id='word_1_381' title='bbox 3455 2268 3546 2308; x_wconf 85' lang='lat' dir='ltr'><strong>re-</strong></span> 
     </span>
    </p>
   </div>
   <div class='ocr_carea' id='block_1_52' title="bbox 1965 2345 3547 2420">
    <p class='ocr_par' dir='ltr' id='par_1_52' title="bbox 1965 2345 3547 2420">
     <span class='ocr_line' id='line_1_52' title="bbox 1965 2345 3547 2420; baseline -0.001 -18"><span class='ocrx_word' id='word_1_382' title='bbox 1965 2361 2086 2402; x_wconf 92' lang='lat' dir='ltr'><strong>rum</strong></span> <span class='ocrx_word' id='word_1_383' title='bbox 2114 2349 2309 2403; x_wconf 89' lang='lat' dir='ltr'><strong>timore</strong></span> <span class='ocrx_word' id='word_1_384' title='bbox 2337 2348 2672 2416; x_wconf 88' lang='lat' dir='ltr'><strong>concutitur;</strong></span> <span class='ocrx_word' id='word_1_385' title='bbox 2701 2350 2844 2406; x_wconf 91' lang='lat' dir='ltr'><strong>sicut</strong></span> <span class='ocrx_word' id='word_1_386' title='bbox 2884 2349 3013 2405; x_wconf 91' lang='lat' dir='ltr'><strong>dicit</strong></span> <span class='ocrx_word' id='word_1_387' title='bbox 3052 2347 3341 2420; x_wconf 85' lang='lat' dir='ltr'><strong>Apostolus</strong></span> <span class='ocrx_word' id='word_1_388' title='bbox 3377 2364 3390 2398; x_wconf 92' lang='lat'><strong>:</strong></span> <span class='ocrx_word' id='word_1_389' title='bbox 3426 2345 3547 2400; x_wconf 85' lang='lat' dir='ltr'><strong>Tri-</strong></span> 
     </span>
    </p>
   </div>
   <div class='ocr_carea' id='block_1_53' title="bbox 1965 2437 3549 2512">
    <p class='ocr_par' dir='ltr' id='par_1_53' title="bbox 1965 2437 3549 2512">
     <span class='ocr_line' id='line_1_53' title="bbox 1965 2437 3549 2512; baseline -0.005 -15"><span class='ocrx_word' id='word_1_390' title='bbox 1965 2441 2107 2497; x_wconf 84' lang='lat' dir='ltr'><strong>stitia</strong></span> <span class='ocrx_word' id='word_1_391' title='bbox 2135 2441 2267 2495; x_wconf 88' lang='lat' dir='ltr'><strong>enim</strong></span> <span class='ocrx_word' id='word_1_392' title='bbox 2310 2456 2423 2512; x_wconf 75' lang='lat' dir='ltr'><strong>qua:</strong></span> <span class='ocrx_word' id='word_1_393' title='bbox 2451 2443 2732 2496; x_wconf 86' lang='lat' dir='ltr'><strong>secundum</strong></span> <span class='ocrx_word' id='word_1_394' title='bbox 2762 2437 2932 2494; x_wconf 87' lang='lat' dir='ltr'><strong>Deum</strong></span> <span class='ocrx_word' id='word_1_395' title='bbox 2972 2448 3068 2504; x_wconf 89' lang='lat' dir='ltr'><strong>est,</strong></span> <span class='ocrx_word' id='word_1_396' title='bbox 3111 2439 3455 2511; x_wconf 70' lang='lat' dir='ltr'><strong>panitentiam</strong></span> <span class='ocrx_word' id='word_1_397' title='bbox 3494 2437 3549 2490; x_wconf 89' lang='lat' dir='ltr'><strong>in</strong></span> 
     </span>
    </p>
   </div>
   <div class='ocr_carea' id='block_1_54' title="bbox 1965 2531 3548 2605">
    <p class='ocr_par' dir='ltr' id='par_1_54' title="bbox 1965 2531 3548 2605">
     <span class='ocr_line' id='line_1_54' title="bbox 1965 2531 3548 2605; baseline -0.003 -18"><span class='ocrx_word' id='word_1_398' title='bbox 1965 2533 2183 2587; x_wconf 85' lang='lat' dir='ltr'><strong>salutem</strong></span> <span class='ocrx_word' id='word_1_399' title='bbox 2205 2533 2442 2588; x_wconf 85' lang='lat' dir='ltr'><strong>stabilem</strong></span> <span class='ocrx_word' id='word_1_400' title='bbox 2468 2542 2740 2605; x_wconf 88' lang='lat' dir='ltr'><strong>operatur;</strong></span> <span class='ocrx_word' id='word_1_401' title='bbox 2766 2534 2942 2588; x_wconf 66' lang='lat' dir='ltr'><strong>saeculi</strong></span> <span class='ocrx_word' id='word_1_402' title='bbox 2979 2542 3150 2589; x_wconf 85' lang='lat' dir='ltr'><strong>autem</strong></span> <span class='ocrx_word' id='word_1_403' title='bbox 3181 2531 3388 2586; x_wconf 85' lang='lat' dir='ltr'><strong>tristitia</strong></span> <span class='ocrx_word' id='word_1_404' title='bbox 3412 2544 3548 2584; x_wconf 83' lang='lat' dir='ltr'><strong>utor-</strong></span> 
     </span>
    </p>
   </div>
   <div class='ocr_carea' id='block_1_55' title="bbox 1967 2622 3545 2697">
    <p class='ocr_par' dir='ltr' id='par_1_55' title="bbox 1967 2622 3545 2697">
     <span class='ocr_line' id='line_1_55' title="bbox 1967 2622 3545 2697; baseline -0.001 -16"><span class='ocrx_word' id='word_1_405' title='bbox 1967 2635 2066 2681; x_wconf 86' lang='lat' dir='ltr'><strong>tem</strong></span> <span class='ocrx_word' id='word_1_406' title='bbox 2095 2635 2339 2696; x_wconf 86' lang='lat' dir='ltr'><strong>operatur</strong></span> <span class='ocrx_word' id='word_1_407' title='bbox 2363 2623 2451 2696; x_wconf 88' lang='grc' dir='ltr'><strong>(ιι</strong></span> <span class='ocrx_word' id='word_1_408' title='bbox 2478 2627 2600 2684; x_wconf 83' lang='lat' dir='ltr'><strong>Cor.</strong></span> <span class='ocrx_word' id='word_1_409' title='bbox 2622 2641 2717 2695; x_wconf 85' lang='lat' dir='ltr'><strong>vn,</strong></span> <span class='ocrx_word' id='word_1_410' title='bbox 2749 2627 2864 2697; x_wconf 74' lang='grc'><strong>10).</strong></span> <span class='ocrx_word' id='word_1_411' title='bbox 2896 2625 3132 2696; x_wconf 80' lang='lat' dir='ltr'><strong>Eripiam</strong></span> <span class='ocrx_word' id='word_1_412' title='bbox 3162 2635 3230 2692; x_wconf 89' lang='lat' dir='ltr'><strong>te,</strong></span> <span class='ocrx_word' id='word_1_413' title='bbox 3256 2624 3407 2695; x_wconf 89' lang='lat' dir='ltr'><strong>quasi</strong></span> <span class='ocrx_word' id='word_1_414' title='bbox 3435 2622 3545 2679; x_wconf 89' lang='lat' dir='ltr'><strong>cir-</strong></span> 
     </span>
    </p>
   </div>
   <div class='ocr_carea' id='block_1_56' title="bbox 1967 2713 3549 2773">
    <p class='ocr_par' dir='ltr' id='par_1_56' title="bbox 1967 2713 3549 2773">
     <span class='ocr_line' id='line_1_56' title="bbox 1967 2713 3549 2773; baseline -0.002 -2"><span class='ocrx_word' id='word_1_415' title='bbox 1967 2716 2276 2772; x_wconf 90' lang='lat' dir='ltr'><strong>cumdatum</strong></span> <span class='ocrx_word' id='word_1_416' title='bbox 2307 2731 2338 2770; x_wconf 91' lang='lat' dir='ltr'><strong>a</strong></span> <span class='ocrx_word' id='word_1_417' title='bbox 2361 2716 2679 2772; x_wconf 89' lang='lat' dir='ltr'><strong>satellitibus</strong></span> <span class='ocrx_word' id='word_1_418' title='bbox 2709 2717 2909 2773; x_wconf 91' lang='lat' dir='ltr'><strong>diaboli</strong></span> <span class='ocrx_word' id='word_1_419' title='bbox 2939 2731 3146 2772; x_wconf 89' lang='lat' dir='ltr'><strong>summa</strong></span> <span class='ocrx_word' id='word_1_420' title='bbox 3171 2715 3447 2772; x_wconf 85' lang='lat' dir='ltr'><strong>celeritate</strong></span> <span class='ocrx_word' id='word_1_421' title='bbox 3483 2713 3549 2768; x_wconf 89' lang='lat' dir='ltr'><strong>li-</strong></span> 
     </span>
    </p>
   </div>
   <div class='ocr_carea' id='block_1_57' title="bbox 1967 2807 3545 2880">
    <p class='ocr_par' dir='ltr' id='par_1_57' title="bbox 1967 2807 3545 2880">
     <span class='ocr_line' id='line_1_57' title="bbox 1967 2807 3545 2880; baseline -0.004 -16"><span class='ocrx_word' id='word_1_422' title='bbox 1967 2807 2193 2864; x_wconf 88' lang='lat' dir='ltr'><strong>berabo.</strong></span> <span class='ocrx_word' id='word_1_423' title='bbox 2219 2807 2290 2861; x_wconf 86' lang='lat' dir='ltr'><strong>Et</strong></span> <span class='ocrx_word' id='word_1_424' title='bbox 2316 2808 2668 2880; x_wconf 80' lang='lat' dir='ltr'><strong>magniﬁcabis</strong></span> <span class='ocrx_word' id='word_1_425' title='bbox 2695 2824 2809 2874; x_wconf 89' lang='lat' dir='ltr'><strong>me;</strong></span> <span class='ocrx_word' id='word_1_426' title='bbox 2833 2822 3082 2879; x_wconf 90' lang='lat' dir='ltr'><strong>magnum</strong></span> <span class='ocrx_word' id='word_1_427' title='bbox 3106 2822 3192 2863; x_wconf 92' lang='lat' dir='ltr'><strong>me</strong></span> <span class='ocrx_word' id='word_1_428' title='bbox 3216 2808 3270 2863; x_wconf 89' lang='lat' dir='ltr'><strong>in</strong></span> <span class='ocrx_word' id='word_1_429' title='bbox 3289 2814 3545 2862; x_wconf 64' lang='lat' dir='ltr'><strong>aeternum</strong></span> 
     </span>
    </p>
   </div>
   <div class='ocr_carea' id='block_1_58' title="bbox 1967 2898 3548 2969">
    <p class='ocr_par' dir='ltr' id='par_1_58' title="bbox 1967 2898 3548 2969">
     <span class='ocr_line' id='line_1_58' title="bbox 1967 2898 3548 2969; baseline -0.003 -14"><span class='ocrx_word' id='word_1_430' title='bbox 1967 2912 2090 2955; x_wconf 85' lang='lat' dir='ltr'><strong>esse</strong></span> <span class='ocrx_word' id='word_1_431' title='bbox 2120 2899 2458 2969; x_wconf 82' lang='lat' dir='ltr'><strong>pronunties,</strong></span> <span class='ocrx_word' id='word_1_432' title='bbox 2488 2913 2649 2969; x_wconf 89' lang='lat' dir='ltr'><strong>quem</strong></span> <span class='ocrx_word' id='word_1_433' title='bbox 2677 2909 2732 2954; x_wconf 91' lang='lat' dir='ltr'><strong>et</strong></span> <span class='ocrx_word' id='word_1_434' title='bbox 2760 2913 2788 2953; x_wconf 92' lang='lat' dir='ltr'><strong>a</strong></span> <span class='ocrx_word' id='word_1_435' title='bbox 2813 2913 2973 2968; x_wconf 76' lang='lat' dir='ltr'><strong>poena</strong></span> <span class='ocrx_word' id='word_1_436' title='bbox 2999 2899 3192 2967; x_wconf 90' lang='lat' dir='ltr'><strong>libero,</strong></span> <span class='ocrx_word' id='word_1_437' title='bbox 3224 2907 3280 2954; x_wconf 90' lang='lat' dir='ltr'><strong>et</strong></span> <span class='ocrx_word' id='word_1_438' title='bbox 3307 2898 3361 2952; x_wconf 90' lang='lat' dir='ltr'><strong>in</strong></span> <span class='ocrx_word' id='word_1_439' title='bbox 3392 2898 3548 2952; x_wconf 84' lang='lat' dir='ltr'><strong>beata</strong></span> 
     </span>
    </p>
   </div>
   <div class='ocr_carea' id='block_1_59' title="bbox 1967 2991 3547 3066">
    <p class='ocr_par' dir='ltr' id='par_1_59' title="bbox 1967 2991 3547 3066">
     <span class='ocr_line' id='line_1_59' title="bbox 1967 2991 3547 3066; baseline -0.004 -15"><span class='ocrx_word' id='word_1_440' title='bbox 1967 2995 2154 3066; x_wconf 89' lang='lat' dir='ltr'><strong>requie</strong></span> <span class='ocrx_word' id='word_1_441' title='bbox 2184 2995 2482 3050; x_wconf 89' lang='lat' dir='ltr'><strong>collocabo.</strong></span> <span class='ocrx_word' id='word_1_442' title='bbox 2533 2993 2686 3049; x_wconf 81' lang='lat' dir='ltr'><strong>Hunc</strong></span> <span class='ocrx_word' id='word_1_443' title='bbox 2724 3004 2902 3050; x_wconf 87' lang='lat' dir='ltr'><strong>autem</strong></span> <span class='ocrx_word' id='word_1_444' title='bbox 2933 3007 3150 3048; x_wconf 91' lang='lat' dir='ltr'><strong>versum</strong></span> <span class='ocrx_word' id='word_1_445' title='bbox 3181 2991 3382 3062; x_wconf 85' lang='lat' dir='ltr'><strong>ingenti</strong></span> <span class='ocrx_word' id='word_1_446' title='bbox 3424 3003 3547 3062; x_wconf 71' lang='lat' dir='ltr'><strong>pro~</strong></span> 
     </span>
    </p>
   </div>
   <div class='ocr_carea' id='block_1_60' title="bbox 1967 3081 3547 3155">
    <p class='ocr_par' dir='ltr' id='par_1_60' title="bbox 1967 3081 3547 3155">
     <span class='ocr_line' id='line_1_60' title="bbox 1967 3081 3547 3155; baseline -0.004 -14"><span class='ocrx_word' id='word_1_447' title='bbox 1967 3084 2227 3142; x_wconf 87' lang='lat' dir='ltr'><strong>missione</strong></span> <span class='ocrx_word' id='word_1_448' title='bbox 2253 3085 2600 3150; x_wconf 88' lang='lat' dir='ltr'><strong>ditissimum,</strong></span> <span class='ocrx_word' id='word_1_449' title='bbox 2628 3083 2843 3155; x_wconf 90' lang='lat' dir='ltr'><strong>quidam</strong></span> <span class='ocrx_word' id='word_1_450' title='bbox 2872 3084 3059 3139; x_wconf 92' lang='lat' dir='ltr'><strong>volunt</strong></span> <span class='ocrx_word' id='word_1_451' title='bbox 3082 3082 3151 3137; x_wconf 92' lang='lat' dir='ltr'><strong>ad</strong></span> <span class='ocrx_word' id='word_1_452' title='bbox 3195 3081 3397 3137; x_wconf 71' lang='lat' dir='ltr'><strong>ultima:</strong></span> <span class='ocrx_word' id='word_1_453' title='bbox 3427 3082 3547 3136; x_wconf 66' lang='lat' dir='ltr'><strong>vita</strong></span> 
     </span>
    </p>
   </div>
   <div class='ocr_carea' id='block_1_61' title="bbox 1967 3173 3547 3247">
    <p class='ocr_par' dir='ltr' id='par_1_61' title="bbox 1967 3173 3547 3247">
     <span class='ocr_line' id='line_1_61' title="bbox 1967 3173 3547 3247; baseline -0.001 -15"><span class='ocrx_word' id='word_1_454' title='bbox 1967 3185 2164 3232; x_wconf 69' lang='lat' dir='ltr'><strong>nostra:</strong></span> <span class='ocrx_word' id='word_1_455' title='bbox 2194 3185 2405 3246; x_wconf 90' lang='lat' dir='ltr'><strong>tempus</strong></span> <span class='ocrx_word' id='word_1_456' title='bbox 2426 3185 2630 3247; x_wconf 88' lang='lat' dir='ltr'><strong>aptare,</strong></span> <span class='ocrx_word' id='word_1_457' title='bbox 2649 3190 2771 3230; x_wconf 91' lang='lat' dir='ltr'><strong>cum</strong></span> <span class='ocrx_word' id='word_1_458' title='bbox 2795 3175 2970 3230; x_wconf 89' lang='lat' dir='ltr'><strong>anima</strong></span> <span class='ocrx_word' id='word_1_459' title='bbox 2996 3174 3064 3231; x_wconf 94' lang='lat' dir='ltr'><strong>de</strong></span> <span class='ocrx_word' id='word_1_460' title='bbox 3093 3173 3194 3230; x_wconf 88' lang='lat' dir='ltr'><strong>hac</strong></span> <span class='ocrx_word' id='word_1_461' title='bbox 3224 3175 3340 3230; x_wconf 92' lang='lat' dir='ltr'><strong>luce</strong></span> <span class='ocrx_word' id='word_1_462' title='bbox 3363 3183 3547 3230; x_wconf 85' lang='lat' dir='ltr'><strong>trans-</strong></span> 
     </span>
    </p>
   </div>
   <div class='ocr_carea' id='block_1_62' title="bbox 269 3266 3544 3347">
    <p class='ocr_par' dir='ltr' id='par_1_62' title="bbox 269 3266 3544 3347">
     <span class='ocr_line' id='line_1_62' title="bbox 269 3266 3544 3347; baseline 0.001 -26"><span class='ocrx_word' id='word_1_463' title='bbox 269 3267 486 3320; x_wconf 86' lang='lat' dir='ltr'><strong>corum?</strong></span> <span class='ocrx_word' id='word_1_464' title='bbox 513 3266 619 3324; x_wconf 91' lang='lat' dir='ltr'><strong>Sed</strong></span> <span class='ocrx_word' id='word_1_465' title='bbox 665 3278 886 3336; x_wconf 86' lang='lat' dir='ltr'><strong>possunt</strong></span> <span class='ocrx_word' id='word_1_466' title='bbox 928 3271 1084 3326; x_wconf 89' lang='lat' dir='ltr'><strong>nobis</strong></span> <span class='ocrx_word' id='word_1_467' title='bbox 1116 3271 1232 3328; x_wconf 51' lang='lat' dir='ltr'><strong>haec</strong></span> <span class='ocrx_word' id='word_1_468' title='bbox 1260 3275 1543 3344; x_wconf 70' lang='lat' dir='ltr'><strong>repudiata</strong></span> <span class='ocrx_word' id='word_1_469' title='bbox 1573 3276 1860 3347; x_wconf 64' lang='lat' dir='ltr'><strong>proﬁcere,</strong></span> <span class='ocrx_word' id='word_1_470' title='bbox 1893 3270 1938 3334; x_wconf 86' lang='lat' dir='ltr'><strong>C</strong></span> <span class='ocrx_word' id='word_1_471' title='bbox 1968 3267 2085 3322; x_wconf 89' lang='lat' dir='ltr'><strong>iens</strong></span> <span class='ocrx_word' id='word_1_472' title='bbox 2139 3268 2419 3338; x_wconf 89' lang='lat' dir='ltr'><strong>spirituum</strong></span> <span class='ocrx_word' id='word_1_473' title='bbox 2459 3267 2853 3323; x_wconf 91' lang='lat' dir='ltr'><strong>immundorum</strong></span> <span class='ocrx_word' id='word_1_474' title='bbox 2898 3269 3242 3324; x_wconf 91' lang='lat' dir='ltr'><strong>contentione</strong></span> <span class='ocrx_word' id='word_1_475' title='bbox 3263 3267 3544 3333; x_wconf 88' lang='lat' dir='ltr'><strong>turbatur;</strong></span> 
     </span>
    </p>
   </div>
   <div class='ocr_carea' id='block_1_63' title="bbox 268 3359 1860 3439">
    <p class='ocr_par' dir='ltr' id='par_1_63' title="bbox 268 3359 1860 3439">
     <span class='ocr_line' id='line_1_63' title="bbox 268 3359 1860 3439; baseline 0.006 -25"><span class='ocrx_word' id='word_1_476' title='bbox 268 3372 393 3414; x_wconf 86' lang='lat' dir='ltr'><strong>cum</strong></span> <span class='ocrx_word' id='word_1_477' title='bbox 420 3359 532 3414; x_wconf 68' lang='lat' dir='ltr'><strong>haec</strong></span> <span class='ocrx_word' id='word_1_478' title='bbox 555 3361 859 3431; x_wconf 87' lang='lat' dir='ltr'><strong>acceperint</strong></span> <span class='ocrx_word' id='word_1_479' title='bbox 883 3362 1205 3434; x_wconf 88' lang='lat' dir='ltr'><strong>indigentes,</strong></span> <span class='ocrx_word' id='word_1_480' title='bbox 1237 3381 1360 3421; x_wconf 90' lang='lat' dir='ltr'><strong>cum</strong></span> <span class='ocrx_word' id='word_1_481' title='bbox 1390 3369 1638 3424; x_wconf 90' lang='lat' dir='ltr'><strong>esuriens</strong></span> <span class='ocrx_word' id='word_1_482' title='bbox 1666 3384 1860 3439; x_wconf 87' lang='lat' dir='ltr'><strong>pasca-</strong></span> 
     </span>
    </p>
   </div>
   <div class='ocr_carea' id='block_1_64' title="bbox 270 3452 1859 3534">
    <p class='ocr_par' dir='ltr' id='par_1_64' title="bbox 270 3452 1859 3534">
     <span class='ocr_line' id='line_1_64' title="bbox 270 3452 1859 3534; baseline 0.008 -28"><span class='ocrx_word' id='word_1_483' title='bbox 270 3458 390 3519; x_wconf 91' lang='lat' dir='ltr'><strong>tur,</strong></span> <span class='ocrx_word' id='word_1_484' title='bbox 437 3452 624 3509; x_wconf 89' lang='lat' dir='ltr'><strong>sitiens</strong></span> <span class='ocrx_word' id='word_1_485' title='bbox 656 3463 901 3523; x_wconf 89' lang='lat' dir='ltr'><strong>potetur;</strong></span> <span class='ocrx_word' id='word_1_486' title='bbox 933 3466 988 3512; x_wconf 90' lang='lat' dir='ltr'><strong>et</strong></span> <span class='ocrx_word' id='word_1_487' title='bbox 1027 3457 1082 3512; x_wconf 92' lang='lat' dir='ltr'><strong>in</strong></span> <span class='ocrx_word' id='word_1_488' title='bbox 1111 3461 1440 3529; x_wconf 89' lang='lat' dir='ltr'><strong>pauperibus</strong></span> <span class='ocrx_word' id='word_1_489' title='bbox 1472 3461 1615 3520; x_wconf 89' lang='lat' dir='ltr'><strong>Deus</strong></span> <span class='ocrx_word' id='word_1_490' title='bbox 1642 3463 1859 3534; x_wconf 88' lang='lat' dir='ltr'><strong>accipit,</strong></span> 
     </span>
    </p>
   </div>
   <div class='ocr_carea' id='block_1_65' title="bbox 269 3542 1575 3619">
    <p class='ocr_par' dir='ltr' id='par_1_65' title="bbox 269 3542 1575 3619">
     <span class='ocr_line' id='line_1_65' title="bbox 269 3542 1575 3619; baseline 0.009 -24"><span class='ocrx_word' id='word_1_491' title='bbox 269 3556 391 3611; x_wconf 73' lang='lat' dir='ltr'><strong>qua:</strong></span> <span class='ocrx_word' id='word_1_492' title='bbox 420 3542 521 3597; x_wconf 89' lang='lat' dir='ltr'><strong>sibi</strong></span> <span class='ocrx_word' id='word_1_493' title='bbox 551 3544 605 3598; x_wconf 94' lang='lat' dir='ltr'><strong>in</strong></span> <span class='ocrx_word' id='word_1_494' title='bbox 637 3545 916 3601; x_wconf 77' lang='lat' dir='ltr'><strong>sacrificiis</strong></span> <span class='ocrx_word' id='word_1_495' title='bbox 947 3561 1053 3603; x_wconf 91' lang='lat' dir='ltr'><strong>non</strong></span> <span class='ocrx_word' id='word_1_496' title='bbox 1087 3551 1346 3619; x_wconf 89' lang='lat' dir='ltr'><strong>permittit</strong></span> <span class='ocrx_word' id='word_1_497' title='bbox 1375 3552 1575 3609; x_wconf 87' lang='lat' dir='ltr'><strong>oﬂ&#39;erri.</strong></span> 
     </span>
    </p>
   </div>
   <div class='ocr_carea' id='block_1_66' title="bbox 342 3633 1864 3712">
    <p class='ocr_par' dir='ltr' id='par_1_66' title="bbox 342 3633 1864 3712">
     <span class='ocr_line' id='line_1_66' title="bbox 342 3633 1864 3712; baseline 0.009 -23"><span class='ocrx_word' id='word_1_498' title='bbox 342 3633 499 3690; x_wconf 78' lang='lat' dir='ltr'><strong>Vers.</strong></span> <span class='ocrx_word' id='word_1_499' title='bbox 535 3634 620 3689; x_wconf 74' lang='grc' dir='ltr'><strong>Η.</strong></span> <span class='ocrx_word' id='word_1_500' title='bbox 656 3634 878 3692; x_wconf 90' lang='lat' dir='ltr'><strong>Immola</strong></span> <span class='ocrx_word' id='word_1_501' title='bbox 910 3638 1017 3694; x_wconf 92' lang='lat' dir='ltr'><strong>Deo</strong></span> <span class='ocrx_word' id='word_1_502' title='bbox 1048 3644 1362 3705; x_wconf 84' lang='lat' dir='ltr'><strong>sacriﬁcium</strong></span> <span class='ocrx_word' id='word_1_503' title='bbox 1392 3644 1597 3712; x_wconf 84' lang='lat' dir='ltr'><strong>laudis,</strong></span> <span class='ocrx_word' id='word_1_504' title='bbox 1632 3655 1679 3701; x_wconf 86' lang='lat' dir='ltr'><strong>et</strong></span> <span class='ocrx_word' id='word_1_505' title='bbox 1708 3649 1864 3702; x_wconf 87' lang='lat' dir='ltr'><strong>redde</strong></span> 
     </span>
    </p>
   </div>
   <div class='ocr_carea' id='block_1_67' title="bbox 195 3723 1864 3806">
    <p class='ocr_par' dir='ltr' id='par_1_67' title="bbox 195 3723 1864 3806">
     <span class='ocr_line' id='line_1_67' title="bbox 195 3723 1864 3806; baseline 0.01 -28"><span class='ocrx_word' id='word_1_506' title='bbox 195 3741 210 3752; x_wconf 88' lang='grc'><strong>·</strong></span> <span class='ocrx_word' id='word_1_507' title='bbox 269 3723 533 3779; x_wconf 84' lang='lat' dir='ltr'><strong>Altissimo</strong></span> <span class='ocrx_word' id='word_1_508' title='bbox 554 3735 666 3780; x_wconf 82' lang='lat' dir='ltr'><strong>vota</strong></span> <span class='ocrx_word' id='word_1_509' title='bbox 701 3736 811 3782; x_wconf 84' lang='lat' dir='ltr'><strong>tua.</strong></span> <span class='ocrx_word' id='word_1_510' title='bbox 841 3729 1108 3785; x_wconf 82' lang='lat' dir='ltr'><strong>Hactenus</strong></span> <span class='ocrx_word' id='word_1_511' title='bbox 1134 3732 1268 3788; x_wconf 87' lang='lat' dir='ltr'><strong>dixit</strong></span> <span class='ocrx_word' id='word_1_512' title='bbox 1293 3751 1411 3804; x_wconf 78' lang='lat' dir='ltr'><strong>qua:</strong></span> <span class='ocrx_word' id='word_1_513' title='bbox 1443 3739 1686 3806; x_wconf 91' lang='lat' dir='ltr'><strong>respuit,</strong></span> <span class='ocrx_word' id='word_1_514' title='bbox 1721 3755 1864 3795; x_wconf 92' lang='lat' dir='ltr'><strong>nunc</strong></span> 
     </span>
    </p>
   </div>
   <div class='ocr_carea' id='block_1_68' title="bbox 270 3815 1864 3893">
    <p class='ocr_par' dir='ltr' id='par_1_68' title="bbox 270 3815 1864 3893">
     <span class='ocr_line' id='line_1_68' title="bbox 270 3815 1864 3893; baseline 0.009 -22"><span class='ocrx_word' id='word_1_515' title='bbox 270 3815 401 3871; x_wconf 89' lang='lat' dir='ltr'><strong>dicit</strong></span> <span class='ocrx_word' id='word_1_516' title='bbox 431 3817 522 3872; x_wconf 86' lang='lat' dir='ltr'><strong>illa</strong></span> <span class='ocrx_word' id='word_1_517' title='bbox 548 3833 667 3888; x_wconf 72' lang='lat' dir='ltr'><strong>qua:</strong></span> <span class='ocrx_word' id='word_1_518' title='bbox 697 3819 889 3888; x_wconf 88' lang='lat' dir='ltr'><strong>poscit.</strong></span> <span class='ocrx_word' id='word_1_519' title='bbox 922 3822 1163 3890; x_wconf 80' lang='lat' dir='ltr'><strong>Angusta</strong></span> <span class='ocrx_word' id='word_1_520' title='bbox 1195 3825 1413 3893; x_wconf 92' lang='lat' dir='ltr'><strong>quidem</strong></span> <span class='ocrx_word' id='word_1_521' title='bbox 1447 3827 1499 3881; x_wconf 91' lang='lat' dir='ltr'><strong>in</strong></span> <span class='ocrx_word' id='word_1_522' title='bbox 1531 3828 1708 3883; x_wconf 88' lang='lat' dir='ltr'><strong>verbis</strong></span> <span class='ocrx_word' id='word_1_523' title='bbox 1740 3844 1864 3884; x_wconf 86' lang='lat' dir='ltr'><strong>sen-</strong></span> 
     </span>
    </p>
   </div>
   <div class='ocr_carea' id='block_1_69' title="bbox 269 3907 1859 3982">
    <p class='ocr_par' dir='ltr' id='par_1_69' title="bbox 269 3907 1859 3982">
     <span class='ocr_line' id='line_1_69' title="bbox 269 3907 1859 3982; baseline 0.006 -19"><span class='ocrx_word' id='word_1_524' title='bbox 269 3907 435 3963; x_wconf 85' lang='lat' dir='ltr'><strong>tentia</strong></span> <span class='ocrx_word' id='word_1_525' title='bbox 461 3947 476 3973; x_wconf 96' lang='lat'><strong>,</strong></span> <span class='ocrx_word' id='word_1_526' title='bbox 525 3909 619 3964; x_wconf 87' lang='lat' dir='ltr'><strong>sed</strong></span> <span class='ocrx_word' id='word_1_527' title='bbox 659 3923 823 3965; x_wconf 91' lang='lat' dir='ltr'><strong>sensu</strong></span> <span class='ocrx_word' id='word_1_528' title='bbox 856 3912 1082 3966; x_wconf 89' lang='lat' dir='ltr'><strong>multum</strong></span> <span class='ocrx_word' id='word_1_529' title='bbox 1127 3913 1381 3982; x_wconf 90' lang='lat' dir='ltr'><strong>probatur</strong></span> <span class='ocrx_word' id='word_1_530' title='bbox 1420 3932 1542 3973; x_wconf 90' lang='lat' dir='ltr'><strong>esse</strong></span> <span class='ocrx_word' id='word_1_531' title='bbox 1574 3918 1859 3975; x_wconf 88' lang='lat' dir='ltr'><strong>latissima.</strong></span> 
     </span>
    </p>
   </div>
   <div class='ocr_carea' id='block_1_70' title="bbox 269 3998 1861 4080">
    <p class='ocr_par' dir='ltr' id='par_1_70' title="bbox 269 3998 1861 4080">
     <span class='ocr_line' id='line_1_70' title="bbox 269 3998 1861 4080; baseline 0.009 -26"><span class='ocrx_word' id='word_1_532' title='bbox 269 3998 404 4054; x_wconf 82' lang='lat' dir='ltr'><strong>Nam</strong></span> <span class='ocrx_word' id='word_1_533' title='bbox 435 3999 554 4069; x_wconf 91' lang='lat' dir='ltr'><strong>quis</strong></span> <span class='ocrx_word' id='word_1_534' title='bbox 583 4001 814 4056; x_wconf 84' lang='lat' dir='ltr'><strong>immolat</strong></span> <span class='ocrx_word' id='word_1_535' title='bbox 846 4005 1161 4070; x_wconf 83' lang='lat' dir='ltr'><strong>sacri/icium</strong></span> <span class='ocrx_word' id='word_1_536' title='bbox 1198 4007 1370 4064; x_wconf 88' lang='lat' dir='ltr'><strong>laudis</strong></span> <span class='ocrx_word' id='word_1_537' title='bbox 1392 4050 1407 4076; x_wconf 90' lang='lat'><strong>,</strong></span> <span class='ocrx_word' id='word_1_538' title='bbox 1438 4010 1539 4071; x_wconf 85' lang='lat' dir='ltr'><strong>nisi</strong></span> <span class='ocrx_word' id='word_1_539' title='bbox 1567 4011 1658 4080; x_wconf 92' lang='lat' dir='ltr'><strong>qui</strong></span> <span class='ocrx_word' id='word_1_540' title='bbox 1684 4028 1714 4068; x_wconf 91' lang='lat' dir='ltr'><strong>a</strong></span> <span class='ocrx_word' id='word_1_541' title='bbox 1747 4022 1861 4069; x_wconf 90' lang='lat' dir='ltr'><strong>ter-</strong></span> 
     </span>
    </p>
   </div>
   <div class='ocr_carea' id='block_1_71' title="bbox 271 4090 1860 4176">
    <p class='ocr_par' dir='ltr' id='par_1_71' title="bbox 271 4090 1860 4176">
     <span class='ocr_line' id='line_1_71' title="bbox 271 4090 1860 4176; baseline 0.009 -31"><span class='ocrx_word' id='word_1_542' title='bbox 271 4091 421 4146; x_wconf 88' lang='lat' dir='ltr'><strong>renis</strong></span> <span class='ocrx_word' id='word_1_543' title='bbox 450 4090 594 4146; x_wconf 88' lang='lat' dir='ltr'><strong>vitiis</strong></span> <span class='ocrx_word' id='word_1_544' title='bbox 632 4091 798 4148; x_wconf 88' lang='lat' dir='ltr'><strong>fuerit</strong></span> <span class='ocrx_word' id='word_1_545' title='bbox 841 4106 1185 4166; x_wconf 89' lang='lat' dir='ltr'><strong>segregatus;</strong></span> <span class='ocrx_word' id='word_1_546' title='bbox 1231 4101 1322 4168; x_wconf 91' lang='lat' dir='ltr'><strong>qui</strong></span> <span class='ocrx_word' id='word_1_547' title='bbox 1367 4101 1596 4157; x_wconf 90' lang='lat' dir='ltr'><strong>moritur</strong></span> <span class='ocrx_word' id='word_1_548' title='bbox 1637 4105 1860 4176; x_wconf 90' lang='lat' dir='ltr'><strong>mundo,</strong></span> 
     </span>
    </p>
   </div>
   <div class='ocr_carea' id='block_1_72' title="bbox 272 4180 1861 4265">
    <p class='ocr_par' dir='ltr' id='par_1_72' title="bbox 272 4180 1861 4265">
     <span class='ocr_line' id='line_1_72' title="bbox 272 4180 1861 4265; baseline 0.013 -31"><span class='ocrx_word' id='word_1_549' title='bbox 272 4186 339 4236; x_wconf 86' lang='lat' dir='ltr'><strong>ut</strong></span> <span class='ocrx_word' id='word_1_550' title='bbox 383 4180 556 4237; x_wconf 88' lang='lat' dir='ltr'><strong>hostia</strong></span> <span class='ocrx_word' id='word_1_551' title='bbox 587 4184 673 4240; x_wconf 85' lang='lat' dir='ltr'><strong>fiat</strong></span> <span class='ocrx_word' id='word_1_552' title='bbox 700 4184 951 4242; x_wconf 88' lang='lat' dir='ltr'><strong>Christo?</strong></span> <span class='ocrx_word' id='word_1_553' title='bbox 997 4189 1111 4244; x_wconf 83' lang='lat' dir='ltr'><strong>Non</strong></span> <span class='ocrx_word' id='word_1_554' title='bbox 1139 4194 1282 4246; x_wconf 90' lang='lat' dir='ltr'><strong>enim</strong></span> <span class='ocrx_word' id='word_1_555' title='bbox 1314 4193 1487 4261; x_wconf 91' lang='lat' dir='ltr'><strong>placet</strong></span> <span class='ocrx_word' id='word_1_556' title='bbox 1518 4196 1745 4252; x_wconf 92' lang='lat' dir='ltr'><strong>Domino</strong></span> <span class='ocrx_word' id='word_1_557' title='bbox 1769 4240 1783 4265; x_wconf 95' lang='lat'><strong>,</strong></span> <span class='ocrx_word' id='word_1_558' title='bbox 1815 4199 1861 4254; x_wconf 91' lang='lat' dir='ltr'><strong>si</strong></span> 
     </span>
    </p>
   </div>
   <div class='ocr_carea' id='block_1_73' title="bbox 270 4270 1865 4350">
    <p class='ocr_par' dir='ltr' id='par_1_73' title="bbox 270 4270 1865 4350">
     <span class='ocr_line' id='line_1_73' title="bbox 270 4270 1865 4350; baseline 0.011 -22"><span class='ocrx_word' id='word_1_559' title='bbox 270 4270 465 4328; x_wconf 86' lang='lat' dir='ltr'><strong>laudes</strong></span> <span class='ocrx_word' id='word_1_560' title='bbox 491 4273 605 4343; x_wconf 91' lang='lat' dir='ltr'><strong>ejus</strong></span> <span class='ocrx_word' id='word_1_561' title='bbox 635 4279 802 4347; x_wconf 86' lang='lat' dir='ltr'><strong>turpis</strong></span> <span class='ocrx_word' id='word_1_562' title='bbox 825 4293 1056 4347; x_wconf 91' lang='lat' dir='ltr'><strong>persona</strong></span> <span class='ocrx_word' id='word_1_563' title='bbox 1087 4281 1366 4350; x_wconf 89' lang='lat' dir='ltr'><strong>decantet;</strong></span> <span class='ocrx_word' id='word_1_564' title='bbox 1403 4297 1581 4342; x_wconf 89' lang='lat' dir='ltr'><strong>actum</strong></span> <span class='ocrx_word' id='word_1_565' title='bbox 1612 4289 1865 4346; x_wconf 90' lang='lat' dir='ltr'><strong>videlicet</strong></span> 
     </span>
    </p>
   </div>
   <div class='ocr_carea' id='block_1_74' title="bbox 269 4367 1864 4440">
    <p class='ocr_par' dir='ltr' id='par_1_74' title="bbox 269 4367 1864 4440">
     <span class='ocr_line' id='line_1_74' title="bbox 269 4367 1864 4440; baseline 0.012 -20"><span class='ocrx_word' id='word_1_566' title='bbox 269 4367 463 4437; x_wconf 67' lang='lat' dir='ltr'><strong>quaerit</strong></span> <span class='ocrx_word' id='word_1_567' title='bbox 492 4370 852 4438; x_wconf 85' lang='lat' dir='ltr'><strong>probabilem,</strong></span> <span class='ocrx_word' id='word_1_568' title='bbox 885 4389 992 4428; x_wconf 92' lang='lat' dir='ltr'><strong>non</strong></span> <span class='ocrx_word' id='word_1_569' title='bbox 1036 4375 1374 4435; x_wconf 90' lang='lat' dir='ltr'><strong>dulcisonam</strong></span> <span class='ocrx_word' id='word_1_570' title='bbox 1409 4395 1622 4438; x_wconf 89' lang='lat' dir='ltr'><strong>vocem.</strong></span> <span class='ocrx_word' id='word_1_571' title='bbox 1651 4383 1864 4440; x_wconf 83' lang='lat' dir='ltr'><strong>Sacrifi-</strong></span> 
     </span>
    </p>
   </div>
   <div class='ocr_carea' id='block_1_75' title="bbox 268 4463 1862 4545">
    <p class='ocr_par' dir='ltr' id='par_1_75' title="bbox 268 4463 1862 4545">
     <span class='ocr_line' id='line_1_75' title="bbox 268 4463 1862 4545; baseline 0.011 -29"><span class='ocrx_word' id='word_1_572' title='bbox 268 4472 454 4516; x_wconf 88' lang='lat' dir='ltr'><strong>cemus</strong></span> <span class='ocrx_word' id='word_1_573' title='bbox 483 4475 610 4533; x_wconf 89' lang='lat' dir='ltr'><strong>ergo</strong></span> <span class='ocrx_word' id='word_1_574' title='bbox 642 4463 900 4529; x_wconf 90' lang='lat' dir='ltr'><strong>Domino.</strong></span> <span class='ocrx_word' id='word_1_575' title='bbox 929 4466 1201 4526; x_wconf 90' lang='lat' dir='ltr'><strong>laudando</strong></span> <span class='ocrx_word' id='word_1_576' title='bbox 1231 4487 1333 4543; x_wconf 91' lang='lat' dir='ltr'><strong>qua</strong></span> <span class='ocrx_word' id='word_1_577' title='bbox 1363 4475 1621 4545; x_wconf 89' lang='lat' dir='ltr'><strong>sapientia</strong></span> <span class='ocrx_word' id='word_1_578' title='bbox 1669 4488 1862 4534; x_wconf 88' lang='lat' dir='ltr'><strong>cuncta</strong></span> 
     </span>
    </p>
   </div>
   <div class='ocr_carea' id='block_1_76' title="bbox 268 4550 1856 4639">
    <p class='ocr_par' dir='ltr' id='par_1_76' title="bbox 268 4550 1856 4639">
     <span class='ocr_line' id='line_1_76' title="bbox 268 4550 1856 4639; baseline 0.014 -35"><span class='ocrx_word' id='word_1_579' title='bbox 268 4550 553 4620; x_wconf 86' lang='lat' dir='ltr'><strong>disponat,</strong></span> <span class='ocrx_word' id='word_1_580' title='bbox 587 4570 687 4625; x_wconf 87' lang='lat' dir='ltr'><strong>qua</strong></span> <span class='ocrx_word' id='word_1_581' title='bbox 719 4557 914 4625; x_wconf 89' lang='lat' dir='ltr'><strong>pietate</strong></span> <span class='ocrx_word' id='word_1_582' title='bbox 942 4563 1316 4630; x_wconf 89' lang='lat' dir='ltr'><strong>peccatoribus</strong></span> <span class='ocrx_word' id='word_1_583' title='bbox 1351 4577 1571 4637; x_wconf 91' lang='lat' dir='ltr'><strong>parcat,</strong></span> <span class='ocrx_word' id='word_1_584' title='bbox 1604 4584 1707 4639; x_wconf 89' lang='lat' dir='ltr'><strong>qua</strong></span> <span class='ocrx_word' id='word_1_585' title='bbox 1750 4571 1856 4627; x_wconf 91' lang='lat' dir='ltr'><strong>for-</strong></span> 
     </span>
    </p>
   </div>
   <div class='ocr_carea' id='block_1_77' title="bbox 1967 3358 3545 3432">
    <p class='ocr_par' dir='ltr' id='par_1_77' title="bbox 1967 3358 3545 3432">
     <span class='ocr_line' id='line_1_77' title="bbox 1967 3358 3545 3432; baseline -0.002 -17"><span class='ocrx_word' id='word_1_586' title='bbox 1967 3359 2110 3415; x_wconf 87' lang='lat' dir='ltr'><strong>sicut</strong></span> <span class='ocrx_word' id='word_1_587' title='bbox 2156 3359 2350 3415; x_wconf 67' lang='lat' dir='ltr'><strong>anima:</strong></span> <span class='ocrx_word' id='word_1_588' title='bbox 2386 3359 2536 3432; x_wconf 82' lang='lat' dir='ltr'><strong>[Ed.,</strong></span> <span class='ocrx_word' id='word_1_589' title='bbox 2570 3358 2786 3430; x_wconf 85' lang='lat' dir='ltr'><strong>corpus]</strong></span> <span class='ocrx_word' id='word_1_590' title='bbox 2830 3359 2995 3430; x_wconf 80' lang='lat' dir='ltr'><strong>Moysi</strong></span> <span class='ocrx_word' id='word_1_591' title='bbox 3026 3359 3216 3430; x_wconf 89' lang='lat' dir='ltr'><strong>legitur</strong></span> <span class='ocrx_word' id='word_1_592' title='bbox 3255 3358 3545 3414; x_wconf 86' lang='lat' dir='ltr'><strong>obviatum.</strong></span> 
     </span>
    </p>
   </div>
   <div class='ocr_carea' id='block_1_78' title="bbox 1966 3451 3550 3523">
    <p class='ocr_par' dir='ltr' id='par_1_78' title="bbox 1966 3451 3550 3523">
     <span class='ocr_line' id='line_1_78' title="bbox 1966 3451 3550 3523; baseline 0 -17"><span class='ocrx_word' id='word_1_593' title='bbox 1966 3451 2107 3507; x_wconf 91' lang='lat' dir='ltr'><strong>Ecce</strong></span> <span class='ocrx_word' id='word_1_594' title='bbox 2129 3467 2288 3522; x_wconf 90' lang='lat' dir='ltr'><strong>quam</strong></span> <span class='ocrx_word' id='word_1_595' title='bbox 2319 3467 2478 3522; x_wconf 92' lang='lat' dir='ltr'><strong>parva</strong></span> <span class='ocrx_word' id='word_1_596' title='bbox 2502 3454 2682 3522; x_wconf 91' lang='lat' dir='ltr'><strong>petita</strong></span> <span class='ocrx_word' id='word_1_597' title='bbox 2706 3451 2857 3509; x_wconf 89' lang='lat' dir='ltr'><strong>nobis</strong></span> <span class='ocrx_word' id='word_1_598' title='bbox 2887 3452 3162 3520; x_wconf 89' lang='lat' dir='ltr'><strong>Dominus,</strong></span> <span class='ocrx_word' id='word_1_599' title='bbox 3183 3459 3291 3508; x_wconf 90' lang='lat' dir='ltr'><strong>tam</strong></span> <span class='ocrx_word' id='word_1_600' title='bbox 3311 3451 3550 3523; x_wconf 85' lang='lat' dir='ltr'><strong>ingentia</strong></span> 
     </span>
    </p>
   </div>
   <div class='ocr_carea' id='block_1_79' title="bbox 1966 3551 2334 3615">
    <p class='ocr_par' dir='ltr' id='par_1_79' title="bbox 1966 3551 2334 3615">
     <span class='ocr_line' id='line_1_79' title="bbox 1966 3551 2334 3615; baseline -0.005 -15"><span class='ocrx_word' id='word_1_601' title='bbox 1966 3551 2334 3615; x_wconf 57' lang='lat' dir='ltr'><strong>pra‘staturus.</strong></span> 
     </span>
    </p>
   </div>
   <div class='ocr_carea' id='block_1_80' title="bbox 2036 3643 3549 3714">
    <p class='ocr_par' dir='ltr' id='par_1_80' title="bbox 2036 3643 3549 3714">
     <span class='ocr_line' id='line_1_80' title="bbox 2036 3643 3549 3714; baseline -0.001 -14"><span class='ocrx_word' id='word_1_602' title='bbox 2036 3644 2190 3700; x_wconf 82' lang='lat' dir='ltr'><strong>Vers.</strong></span> <span class='ocrx_word' id='word_1_603' title='bbox 2226 3645 2313 3700; x_wconf 82' lang='grc'><strong>16.</strong></span> <span class='ocrx_word' id='word_1_604' title='bbox 2346 3643 2614 3700; x_wconf 88' lang='lat' dir='ltr'><strong>Peccatori</strong></span> <span class='ocrx_word' id='word_1_605' title='bbox 2653 3653 2824 3702; x_wconf 87' lang='lat' dir='ltr'><strong>autem</strong></span> <span class='ocrx_word' id='word_1_606' title='bbox 2863 3646 2993 3701; x_wconf 76' lang='lat' dir='ltr'><strong>dixit</strong></span> <span class='ocrx_word' id='word_1_607' title='bbox 3035 3645 3173 3701; x_wconf 90' lang='lat' dir='ltr'><strong>Deus</strong></span> <span class='ocrx_word' id='word_1_608' title='bbox 3209 3660 3227 3700; x_wconf 90' lang='lat'><strong><em>:</em></strong></span> <span class='ocrx_word' id='word_1_609' title='bbox 3279 3645 3452 3714; x_wconf 80' lang='lat' dir='ltr'><strong>Quare</strong></span> <span class='ocrx_word' id='word_1_610' title='bbox 3491 3653 3549 3699; x_wconf 92' lang='lat' dir='ltr'><strong>tu</strong></span> 
     </span>
    </p>
   </div>
   <div class='ocr_carea' id='block_1_81' title="bbox 1963 3738 3550 3808">
    <p class='ocr_par' dir='ltr' id='par_1_81' title="bbox 1963 3738 3550 3808">
     <span class='ocr_line' id='line_1_81' title="bbox 1963 3738 3550 3808; baseline 0.001 -16"><span class='ocrx_word' id='word_1_611' title='bbox 1963 3753 2176 3792; x_wconf 85' lang='lat' dir='ltr'><strong>enarras</strong></span> <span class='ocrx_word' id='word_1_612' title='bbox 2211 3738 2444 3808; x_wconf 84' lang='lat' dir='ltr'><strong>justitias</strong></span> <span class='ocrx_word' id='word_1_613' title='bbox 2472 3754 2633 3804; x_wconf 88' lang='lat' dir='ltr'><strong>meas,</strong></span> <span class='ocrx_word' id='word_1_614' title='bbox 2666 3748 2714 3793; x_wconf 92' lang='lat' dir='ltr'><strong>et</strong></span> <span class='ocrx_word' id='word_1_615' title='bbox 2742 3741 2958 3794; x_wconf 87' lang='lat' dir='ltr'><strong>assumis</strong></span> <span class='ocrx_word' id='word_1_616' title='bbox 2998 3747 3351 3794; x_wconf 84' lang='lat' dir='ltr'><strong>testamentum</strong></span> <span class='ocrx_word' id='word_1_617' title='bbox 3380 3753 3550 3794; x_wconf 86' lang='lat' dir='ltr'><strong>meum</strong></span> 
     </span>
    </p>
   </div>
   <div class='ocr_carea' id='block_1_82' title="bbox 1965 3827 3549 3898">
    <p class='ocr_par' dir='ltr' id='par_1_82' title="bbox 1965 3827 3549 3898">
     <span class='ocr_line' id='line_1_82' title="bbox 1965 3827 3549 3898; baseline 0.001 -16"><span class='ocrx_word' id='word_1_618' title='bbox 1965 3844 2058 3897; x_wconf 89' lang='lat' dir='ltr'><strong>per</strong></span> <span class='ocrx_word' id='word_1_619' title='bbox 2086 3845 2142 3883; x_wconf 89' lang='lat' dir='ltr'><strong>os</strong></span> <span class='ocrx_word' id='word_1_620' title='bbox 2177 3831 2359 3884; x_wconf 85' lang='lat' dir='ltr'><strong>tuum?</strong></span> <span class='ocrx_word' id='word_1_621' title='bbox 2392 3829 2617 3885; x_wconf 75' lang='lat' dir='ltr'><strong>Ventum</strong></span> <span class='ocrx_word' id='word_1_622' title='bbox 2645 3840 2730 3885; x_wconf 88' lang='lat' dir='ltr'><strong>est</strong></span> <span class='ocrx_word' id='word_1_623' title='bbox 2765 3829 2832 3884; x_wconf 91' lang='lat' dir='ltr'><strong>ad</strong></span> <span class='ocrx_word' id='word_1_624' title='bbox 2859 3830 3068 3885; x_wconf 88' lang='lat' dir='ltr'><strong>tertiam</strong></span> <span class='ocrx_word' id='word_1_625' title='bbox 3099 3832 3415 3898; x_wconf 84' lang='lat' dir='ltr'><strong>sectionem,</strong></span> <span class='ocrx_word' id='word_1_626' title='bbox 3457 3827 3549 3884; x_wconf 90' lang='lat' dir='ltr'><strong>ubi</strong></span> 
     </span>
    </p>
   </div>
   <div class='ocr_carea' id='block_1_83' title="bbox 1968 3918 3552 3991">
    <p class='ocr_par' dir='ltr' id='par_1_83' title="bbox 1968 3918 3552 3991">
     <span class='ocr_line' id='line_1_83' title="bbox 1968 3918 3552 3991; baseline -0.001 -16"><span class='ocrx_word' id='word_1_627' title='bbox 1968 3919 2160 3975; x_wconf 89' lang='lat' dir='ltr'><strong>iterum</strong></span> <span class='ocrx_word' id='word_1_628' title='bbox 2191 3920 2394 3990; x_wconf 87' lang='lat' dir='ltr'><strong>Asapb,</strong></span> <span class='ocrx_word' id='word_1_629' title='bbox 2419 3919 2472 3974; x_wconf 92' lang='lat' dir='ltr'><strong>id</strong></span> <span class='ocrx_word' id='word_1_630' title='bbox 2495 3930 2578 3975; x_wconf 91' lang='lat' dir='ltr'><strong>est</strong></span> <span class='ocrx_word' id='word_1_631' title='bbox 2597 3920 2785 3976; x_wconf 90' lang='lat' dir='ltr'><strong>devota</strong></span> <span class='ocrx_word' id='word_1_632' title='bbox 2816 3919 3091 3991; x_wconf 79' lang='lat' dir='ltr'><strong>SynagOga</strong></span> <span class='ocrx_word' id='word_1_633' title='bbox 3120 3921 3436 3990; x_wconf 91' lang='lat' dir='ltr'><strong>reloquitur.</strong></span> <span class='ocrx_word' id='word_1_634' title='bbox 3481 3918 3552 3975; x_wconf 85' lang='lat' dir='ltr'><strong>Et</strong></span> 
     </span>
    </p>
   </div>
   <div class='ocr_carea' id='block_1_84' title="bbox 1966 4008 3548 4081">
    <p class='ocr_par' dir='ltr' id='par_1_84' title="bbox 1966 4008 3548 4081">
     <span class='ocr_line' id='line_1_84' title="bbox 1966 4008 3548 4081; baseline -0.002 -15"><span class='ocrx_word' id='word_1_635' title='bbox 1966 4011 2090 4081; x_wconf 89' lang='lat' dir='ltr'><strong>quia</strong></span> <span class='ocrx_word' id='word_1_636' title='bbox 2119 4011 2366 4080; x_wconf 88' lang='lat' dir='ltr'><strong>superius</strong></span> <span class='ocrx_word' id='word_1_637' title='bbox 2409 4010 2620 4065; x_wconf 84' lang='lat' dir='ltr'><strong>dixerat</strong></span> <span class='ocrx_word' id='word_1_638' title='bbox 2647 4009 2905 4065; x_wconf 88' lang='lat' dir='ltr'><strong>Dominus</strong></span> <span class='ocrx_word' id='word_1_639' title='bbox 2953 4009 3140 4064; x_wconf 87' lang='lat' dir='ltr'><strong>laudes</strong></span> <span class='ocrx_word' id='word_1_640' title='bbox 3169 4010 3445 4064; x_wconf 85' lang='lat' dir='ltr'><strong>hominum</strong></span> <span class='ocrx_word' id='word_1_641' title='bbox 3491 4008 3548 4063; x_wconf 91' lang='lat' dir='ltr'><strong>in</strong></span> 
     </span>
    </p>
   </div>
   <div class='ocr_carea' id='block_1_85' title="bbox 1964 4101 3549 4170">
    <p class='ocr_par' dir='ltr' id='par_1_85' title="bbox 1964 4101 3549 4170">
     <span class='ocr_line' id='line_1_85' title="bbox 1964 4101 3549 4170; baseline 0.001 -15"><span class='ocrx_word' id='word_1_642' title='bbox 1964 4101 2137 4156; x_wconf 90' lang='lat' dir='ltr'><strong>vicem</strong></span> <span class='ocrx_word' id='word_1_643' title='bbox 2186 4101 2574 4156; x_wconf 88' lang='lat' dir='ltr'><strong>sacrificiorum</strong></span> <span class='ocrx_word' id='word_1_644' title='bbox 2618 4115 2680 4155; x_wconf 88' lang='lat' dir='ltr'><strong>se</strong></span> <span class='ocrx_word' id='word_1_645' title='bbox 2733 4115 2891 4170; x_wconf 90' lang='lat' dir='ltr'><strong>posse</strong></span> <span class='ocrx_word' id='word_1_646' title='bbox 2935 4101 3247 4170; x_wconf 89' lang='lat' dir='ltr'><strong>suscipere,</strong></span> <span class='ocrx_word' id='word_1_647' title='bbox 3297 4116 3364 4156; x_wconf 91' lang='lat' dir='ltr'><strong>ne</strong></span> <span class='ocrx_word' id='word_1_648' title='bbox 3409 4101 3549 4157; x_wconf 90' lang='lat' dir='ltr'><strong>forte</strong></span> 
     </span>
    </p>
   </div>
   <div class='ocr_carea' id='block_1_86' title="bbox 1965 4193 3550 4264">
    <p class='ocr_par' dir='ltr' id='par_1_86' title="bbox 1965 4193 3550 4264">
     <span class='ocr_line' id='line_1_86' title="bbox 1965 4193 3550 4264; baseline 0.001 -15"><span class='ocrx_word' id='word_1_649' title='bbox 1965 4201 2277 4264; x_wconf 89' lang='lat' dir='ltr'><strong>peccatores</strong></span> <span class='ocrx_word' id='word_1_650' title='bbox 2324 4193 2425 4248; x_wconf 91' lang='lat' dir='ltr'><strong>hac</strong></span> <span class='ocrx_word' id='word_1_651' title='bbox 2475 4193 2830 4261; x_wconf 89' lang='lat' dir='ltr'><strong>promissione</strong></span> <span class='ocrx_word' id='word_1_652' title='bbox 2878 4193 3065 4248; x_wconf 81' lang='lat' dir='ltr'><strong>confisi</strong></span> <span class='ocrx_word' id='word_1_653' title='bbox 3111 4193 3391 4248; x_wconf 90' lang='lat' dir='ltr'><strong>dicerent:</strong></span> <span class='ocrx_word' id='word_1_654' title='bbox 3423 4193 3550 4250; x_wconf 84' lang='lat' dir='ltr'><strong>Sola</strong></span> 
     </span>
    </p>
   </div>
   <div class='ocr_carea' id='block_1_87' title="bbox 1968 4283 3548 4357">
    <p class='ocr_par' dir='ltr' id='par_1_87' title="bbox 1968 4283 3548 4357">
     <span class='ocr_line' id='line_1_87' title="bbox 1968 4283 3548 4357; baseline 0 -16"><span class='ocrx_word' id='word_1_655' title='bbox 1968 4286 2085 4341; x_wconf 90' lang='lat' dir='ltr'><strong>laus</strong></span> <span class='ocrx_word' id='word_1_656' title='bbox 2115 4294 2170 4342; x_wconf 86' lang='lat' dir='ltr'><strong>et</strong></span> <span class='ocrx_word' id='word_1_657' title='bbox 2196 4299 2302 4341; x_wconf 92' lang='lat' dir='ltr'><strong>non</strong></span> <span class='ocrx_word' id='word_1_658' title='bbox 2340 4283 2632 4354; x_wconf 90' lang='lat' dir='ltr'><strong>probabilis</strong></span> <span class='ocrx_word' id='word_1_659' title='bbox 2662 4285 2817 4340; x_wconf 88' lang='lat' dir='ltr'><strong>nobis</strong></span> <span class='ocrx_word' id='word_1_660' title='bbox 2845 4286 2986 4342; x_wconf 89' lang='lat' dir='ltr'><strong>actio</strong></span> <span class='ocrx_word' id='word_1_661' title='bbox 3010 4286 3350 4356; x_wconf 89' lang='lat' dir='ltr'><strong>cognoscitur</strong></span> <span class='ocrx_word' id='word_1_662' title='bbox 3382 4286 3548 4357; x_wconf 80' lang='lat' dir='ltr'><strong>impe-</strong></span> 
     </span>
    </p>
   </div>
   <div class='ocr_carea' id='block_1_88' title="bbox 1965 4377 3550 4449">
    <p class='ocr_par' dir='ltr' id='par_1_88' title="bbox 1965 4377 3550 4449">
     <span class='ocr_line' id='line_1_88' title="bbox 1965 4377 3550 4449; baseline 0.001 -15"><span class='ocrx_word' id='word_1_663' title='bbox 1965 4386 2116 4446; x_wconf 89' lang='lat' dir='ltr'><strong>rata;</strong></span> <span class='ocrx_word' id='word_1_664' title='bbox 2147 4377 2248 4432; x_wconf 92' lang='lat' dir='ltr'><strong>hoc</strong></span> <span class='ocrx_word' id='word_1_665' title='bbox 2273 4377 2575 4433; x_wconf 88' lang='lat' dir='ltr'><strong>necessaria</strong></span> <span class='ocrx_word' id='word_1_666' title='bbox 2601 4379 2810 4434; x_wconf 91' lang='lat' dir='ltr'><strong>ratione</strong></span> <span class='ocrx_word' id='word_1_667' title='bbox 2837 4377 3089 4445; x_wconf 84' lang='lat' dir='ltr'><strong>declarat,</strong></span> <span class='ocrx_word' id='word_1_668' title='bbox 3119 4379 3450 4449; x_wconf 85' lang='lat' dir='ltr'><strong>prohibendo</strong></span> <span class='ocrx_word' id='word_1_669' title='bbox 3482 4395 3550 4436; x_wconf 86' lang='lat' dir='ltr'><strong>ne</strong></span> 
     </span>
    </p>
   </div>
   <div class='ocr_carea' id='block_1_89' title="bbox 1963 4471 3549 4544">
    <p class='ocr_par' dir='ltr' id='par_1_89' title="bbox 1963 4471 3549 4544">
     <span class='ocr_line' id='line_1_89' title="bbox 1963 4471 3549 4544; baseline 0.001 -17"><span class='ocrx_word' id='word_1_670' title='bbox 1963 4471 2142 4542; x_wconf 91' lang='lat' dir='ltr'><strong>lingua</strong></span> <span class='ocrx_word' id='word_1_671' title='bbox 2175 4485 2361 4527; x_wconf 90' lang='lat' dir='ltr'><strong>eorum</strong></span> <span class='ocrx_word' id='word_1_672' title='bbox 2396 4479 2743 4540; x_wconf 63' lang='lat' dir='ltr'><strong>praeualeret</strong></span> <span class='ocrx_word' id='word_1_673' title='bbox 2773 4471 2880 4528; x_wconf 91' lang='lat' dir='ltr'><strong>Deo</strong></span> <span class='ocrx_word' id='word_1_674' title='bbox 2907 4472 3088 4528; x_wconf 89' lang='lat' dir='ltr'><strong>laudes</strong></span> <span class='ocrx_word' id='word_1_675' title='bbox 3109 4487 3321 4539; x_wconf 84' lang='lat' dir='ltr'><strong>canere,</strong></span> <span class='ocrx_word' id='word_1_676' title='bbox 3354 4471 3549 4544; x_wconf 85' lang='lat' dir='ltr'><strong>quibus</strong></span> 
     </span>
    </p>
   </div>
   <div class='ocr_carea' id='block_1_90' title="bbox 1965 4562 3548 4633">
    <p class='ocr_par' dir='ltr' id='par_1_90' title="bbox 1965 4562 3548 4633">
     <span class='ocr_line' id='line_1_90' title="bbox 1965 4562 3548 4633; baseline 0 -16"><span class='ocrx_word' id='word_1_677' title='bbox 1965 4562 2139 4632; x_wconf 87' lang='lat' dir='ltr'><strong>turpis</strong></span> <span class='ocrx_word' id='word_1_678' title='bbox 2163 4563 2489 4618; x_wconf 87' lang='lat' dir='ltr'><strong>conscientia</strong></span> <span class='ocrx_word' id='word_1_679' title='bbox 2519 4571 2733 4633; x_wconf 90' lang='lat' dir='ltr'><strong>poterat</strong></span> <span class='ocrx_word' id='word_1_680' title='bbox 2757 4562 2996 4619; x_wconf 89' lang='lat' dir='ltr'><strong>obviare.</strong></span> <span class='ocrx_word' id='word_1_681' title='bbox 3036 4563 3165 4630; x_wconf 75' lang='lat' dir='ltr'><strong>Qua:</strong></span> <span class='ocrx_word' id='word_1_682' title='bbox 3208 4564 3376 4632; x_wconf 83' lang='lat' dir='ltr'><strong>figura</strong></span> <span class='ocrx_word' id='word_1_683' title='bbox 3416 4563 3548 4618; x_wconf 89' lang='lat' dir='ltr'><strong>dici-</strong></span> 
     </span>
    </p>
   </div>
   <div class='ocr_carea' id='block_1_91' title="bbox 268 4640 3546 4729">
    <p class='ocr_par' dir='ltr' id='par_1_91' title="bbox 268 4640 3546 4729">
     <span class='ocr_line' id='line_1_91' title="bbox 268 4640 3546 4729; baseline 0.005 -32"><span class='ocrx_word' id='word_1_684' title='bbox 268 4642 497 4701; x_wconf 89' lang='lat' dir='ltr'><strong>titudine</strong></span> <span class='ocrx_word' id='word_1_685' title='bbox 519 4645 788 4703; x_wconf 90' lang='lat' dir='ltr'><strong>diabolum</strong></span> <span class='ocrx_word' id='word_1_686' title='bbox 812 4650 1009 4706; x_wconf 89' lang='lat' dir='ltr'><strong>vincat.</strong></span> <span class='ocrx_word' id='word_1_687' title='bbox 1037 4652 1153 4709; x_wconf 89' lang='lat' dir='ltr'><strong>Non</strong></span> <span class='ocrx_word' id='word_1_688' title='bbox 1182 4657 1324 4711; x_wconf 91' lang='lat' dir='ltr'><strong>enim</strong></span> <span class='ocrx_word' id='word_1_689' title='bbox 1348 4659 1520 4714; x_wconf 91' lang='lat' dir='ltr'><strong>solum</strong></span> <span class='ocrx_word' id='word_1_690' title='bbox 1544 4663 1856 4729; x_wconf 80' lang='lat' dir='ltr'><strong>sacriﬁcium</strong></span> <span class='ocrx_word' id='word_1_691' title='bbox 1885 4640 1940 4703; x_wconf 72' lang='grc' dir='ltr'><strong>υ</strong></span> <span class='ocrx_word' id='word_1_692' title='bbox 1966 4664 2053 4711; x_wconf 84' lang='lat' dir='ltr'><strong>tur</strong></span> <span class='ocrx_word' id='word_1_693' title='bbox 2082 4657 2469 4725; x_wconf 85' lang='lat' dir='ltr'><strong>percunctatio,</strong></span> <span class='ocrx_word' id='word_1_694' title='bbox 2505 4656 2556 4711; x_wconf 92' lang='lat' dir='ltr'><strong>id</strong></span> <span class='ocrx_word' id='word_1_695' title='bbox 2600 4666 2687 4713; x_wconf 89' lang='lat' dir='ltr'><strong>est</strong></span> <span class='ocrx_word' id='word_1_696' title='bbox 2727 4672 2844 4726; x_wconf 69' lang='lat' dir='ltr'><strong>qua:</strong></span> <span class='ocrx_word' id='word_1_697' title='bbox 2889 4656 3108 4711; x_wconf 88' lang='lat' dir='ltr'><strong>alterius</strong></span> <span class='ocrx_word' id='word_1_698' title='bbox 3149 4670 3394 4724; x_wconf 67' lang='lat' dir='ltr'><strong>personae</strong></span> <span class='ocrx_word' id='word_1_699' title='bbox 3437 4669 3546 4710; x_wconf 85' lang='lat' dir='ltr'><strong>non</strong></span> 
     </span>
    </p>
   </div>
   <div class='ocr_carea' id='block_1_92' title="bbox 268 4733 1857 4816">
    <p class='ocr_par' dir='ltr' id='par_1_92' title="bbox 268 4733 1857 4816">
     <span class='ocr_line' id='line_1_92' title="bbox 268 4733 1857 4816; baseline 0.014 -28"><span class='ocrx_word' id='word_1_700' title='bbox 268 4733 559 4793; x_wconf 89' lang='lat' dir='ltr'><strong>dicendum</strong></span> <span class='ocrx_word' id='word_1_701' title='bbox 587 4749 690 4808; x_wconf 88' lang='lat' dir='ltr'><strong>est,</strong></span> <span class='ocrx_word' id='word_1_702' title='bbox 725 4742 864 4810; x_wconf 91' lang='lat' dir='ltr'><strong>quod</strong></span> <span class='ocrx_word' id='word_1_703' title='bbox 897 4745 1130 4813; x_wconf 88' lang='lat' dir='ltr'><strong>pecudes</strong></span> <span class='ocrx_word' id='word_1_704' title='bbox 1161 4758 1400 4816; x_wconf 89' lang='lat' dir='ltr'><strong>mactat;</strong></span> <span class='ocrx_word' id='word_1_705' title='bbox 1435 4751 1530 4806; x_wconf 85' lang='lat' dir='ltr'><strong>sed</strong></span> <span class='ocrx_word' id='word_1_706' title='bbox 1572 4767 1732 4810; x_wconf 92' lang='lat' dir='ltr'><strong>omne</strong></span> <span class='ocrx_word' id='word_1_707' title='bbox 1768 4770 1857 4810; x_wconf 88' lang='lat' dir='ltr'><strong>sa-</strong></span> 
     </span>
    </p>
   </div>
   <div class='ocr_carea' id='block_1_93' title="bbox 269 4832 1857 4909">
    <p class='ocr_par' dir='ltr' id='par_1_93' title="bbox 269 4832 1857 4909">
     <span class='ocr_line' id='line_1_93' title="bbox 269 4832 1857 4909; baseline 0.009 -22"><span class='ocrx_word' id='word_1_708' title='bbox 269 4845 422 4887; x_wconf 90' lang='lat' dir='ltr'><strong>crum</strong></span> <span class='ocrx_word' id='word_1_709' title='bbox 452 4832 646 4888; x_wconf 92' lang='lat' dir='ltr'><strong>factum</strong></span> <span class='ocrx_word' id='word_1_710' title='bbox 678 4836 819 4906; x_wconf 91' lang='lat' dir='ltr'><strong>quod</strong></span> <span class='ocrx_word' id='word_1_711' title='bbox 848 4853 946 4892; x_wconf 88' lang='lat' dir='ltr'><strong>nos</strong></span> <span class='ocrx_word' id='word_1_712' title='bbox 975 4840 1058 4909; x_wconf 90' lang='lat' dir='ltr'><strong>pia</strong></span> <span class='ocrx_word' id='word_1_713' title='bbox 1088 4840 1292 4896; x_wconf 89' lang='lat' dir='ltr'><strong>oblatio</strong></span> <span class='ocrx_word' id='word_1_714' title='bbox 1322 4847 1683 4902; x_wconf 87' lang='lat' dir='ltr'><strong>commendat.</strong></span> <span class='ocrx_word' id='word_1_715' title='bbox 1725 4847 1857 4904; x_wconf 89' lang='lat' dir='ltr'><strong>Vota</strong></span> 
     </span>
    </p>
   </div>
   <div class='ocr_carea' id='block_1_94' title="bbox 268 4925 1855 5010">
    <p class='ocr_par' dir='ltr' id='par_1_94' title="bbox 268 4925 1855 5010">
     <span class='ocr_line' id='line_1_94' title="bbox 268 4925 1855 5010; baseline 0.013 -35"><span class='ocrx_word' id='word_1_716' title='bbox 268 4935 484 4992; x_wconf 90' lang='lat' dir='ltr'><strong>quoque</strong></span> <span class='ocrx_word' id='word_1_717' title='bbox 506 4925 676 4980; x_wconf 88' lang='lat' dir='ltr'><strong>reddit</strong></span> <span class='ocrx_word' id='word_1_718' title='bbox 706 4927 988 4999; x_wconf 80' lang='lat' dir='ltr'><strong>Altissimo,</strong></span> <span class='ocrx_word' id='word_1_719' title='bbox 1019 4933 1108 5002; x_wconf 90' lang='lat' dir='ltr'><strong>qui</strong></span> <span class='ocrx_word' id='word_1_720' title='bbox 1131 4933 1180 4988; x_wconf 89' lang='lat' dir='ltr'><strong>ei</strong></span> <span class='ocrx_word' id='word_1_721' title='bbox 1211 4934 1337 4990; x_wconf 91' lang='lat' dir='ltr'><strong>talia</strong></span> <span class='ocrx_word' id='word_1_722' title='bbox 1367 4937 1694 4994; x_wconf 92' lang='lat' dir='ltr'><strong>immolando</strong></span> <span class='ocrx_word' id='word_1_723' title='bbox 1717 4955 1855 5010; x_wconf 72' lang='lat' dir='ltr'><strong>prae-</strong></span> 
     </span>
    </p>
   </div>
   <div class='ocr_carea' id='block_1_95' title="bbox 269 5019 1857 5098">
    <p class='ocr_par' dir='ltr' id='par_1_95' title="bbox 269 5019 1857 5098">
     <span class='ocr_line' id='line_1_95' title="bbox 269 5019 1857 5098; baseline 0.014 -30"><span class='ocrx_word' id='word_1_724' title='bbox 269 5026 425 5085; x_wconf 90' lang='lat' dir='ltr'><strong>parat</strong></span> <span class='ocrx_word' id='word_1_725' title='bbox 453 5019 631 5088; x_wconf 91' lang='lat' dir='ltr'><strong>qualia</strong></span> <span class='ocrx_word' id='word_1_726' title='bbox 661 5023 924 5092; x_wconf 88' lang='lat' dir='ltr'><strong>propitius</strong></span> <span class='ocrx_word' id='word_1_727' title='bbox 961 5023 1076 5095; x_wconf 89' lang='lat' dir='ltr'><strong>ipse</strong></span> <span class='ocrx_word' id='word_1_728' title='bbox 1108 5029 1367 5098; x_wconf 62' lang='lat' dir='ltr'><strong>praecipit.</strong></span> <span class='ocrx_word' id='word_1_729' title='bbox 1402 5031 1618 5086; x_wconf 83' lang='lat' dir='ltr'><strong>Addidit</strong></span> <span class='ocrx_word' id='word_1_730' title='bbox 1650 5043 1765 5098; x_wconf 88' lang='lat' dir='ltr'><strong>tua,</strong></span> <span class='ocrx_word' id='word_1_731' title='bbox 1799 5043 1857 5090; x_wconf 92' lang='lat' dir='ltr'><strong>ut</strong></span> 
     </span>
    </p>
   </div>
   <div class='ocr_carea' id='block_1_96' title="bbox 269 5114 1850 5196">
    <p class='ocr_par' dir='ltr' id='par_1_96' title="bbox 269 5114 1850 5196">
     <span class='ocr_line' id='line_1_96' title="bbox 269 5114 1850 5196; baseline 0.011 -32"><span class='ocrx_word' id='word_1_732' title='bbox 269 5124 378 5165; x_wconf 92' lang='lat' dir='ltr'><strong>non</strong></span> <span class='ocrx_word' id='word_1_733' title='bbox 397 5126 668 5180; x_wconf 66' lang='lat' dir='ltr'><strong>quaereres</strong></span> <span class='ocrx_word' id='word_1_734' title='bbox 690 5114 933 5172; x_wconf 90' lang='lat' dir='ltr'><strong>fortassis</strong></span> <span class='ocrx_word' id='word_1_735' title='bbox 948 5129 1226 5184; x_wconf 90' lang='lat' dir='ltr'><strong>extranea,</strong></span> <span class='ocrx_word' id='word_1_736' title='bbox 1244 5130 1334 5176; x_wconf 90' lang='lat' dir='ltr'><strong>aut</strong></span> <span class='ocrx_word' id='word_1_737' title='bbox 1353 5121 1560 5178; x_wconf 90' lang='lat' dir='ltr'><strong>hircum</strong></span> <span class='ocrx_word' id='word_1_738' title='bbox 1580 5125 1850 5196; x_wconf 89' lang='lat' dir='ltr'><strong>pinguem,</strong></span> 
     </span>
    </p>
   </div>
   <div class='ocr_carea' id='block_1_97' title="bbox 267 5204 1856 5292">
    <p class='ocr_par' dir='ltr' id='par_1_97' title="bbox 267 5204 1856 5292">
     <span class='ocr_line' id='line_1_97' title="bbox 267 5204 1856 5292; baseline 0.011 -34"><span class='ocrx_word' id='word_1_739' title='bbox 267 5213 363 5258; x_wconf 87' lang='lat' dir='ltr'><strong>aut</strong></span> <span class='ocrx_word' id='word_1_740' title='bbox 391 5204 681 5262; x_wconf 90' lang='lat' dir='ltr'><strong>vitulorum</strong></span> <span class='ocrx_word' id='word_1_741' title='bbox 720 5210 1032 5278; x_wconf 91' lang='lat' dir='ltr'><strong>sanguinem</strong></span> <span class='ocrx_word' id='word_1_742' title='bbox 1053 5250 1068 5276; x_wconf 97' lang='lat'><strong>,</strong></span> <span class='ocrx_word' id='word_1_743' title='bbox 1113 5219 1168 5267; x_wconf 90' lang='lat' dir='ltr'><strong>et</strong></span> <span class='ocrx_word' id='word_1_744' title='bbox 1195 5223 1388 5268; x_wconf 66' lang='lat' dir='ltr'><strong>caetera</strong></span> <span class='ocrx_word' id='word_1_745' title='bbox 1427 5229 1548 5284; x_wconf 75' lang='lat' dir='ltr'><strong>qua:</strong></span> <span class='ocrx_word' id='word_1_746' title='bbox 1577 5227 1729 5292; x_wconf 66' lang='lat' dir='ltr'><strong>extra</strong></span> <span class='ocrx_word' id='word_1_747' title='bbox 1759 5234 1856 5276; x_wconf 91' lang='lat' dir='ltr'><strong>nos</strong></span> 
     </span>
    </p>
   </div>
   <div class='ocr_carea' id='block_1_98' title="bbox 275 5299 1858 5378">
    <p class='ocr_par' dir='ltr' id='par_1_98' title="bbox 275 5299 1858 5378">
     <span class='ocr_line' id='line_1_98' title="bbox 275 5299 1858 5378; baseline 0.007 -22"><span class='ocrx_word' id='word_1_748' title='bbox 275 5299 435 5369; x_wconf 77' lang='lat'><strong>167</strong></span> <span class='ocrx_word' id='word_1_749' title='bbox 488 5315 610 5356; x_wconf 89' lang='lat' dir='ltr'><strong>esse</strong></span> <span class='ocrx_word' id='word_1_750' title='bbox 655 5302 1035 5361; x_wconf 88' lang='lat' dir='ltr'><strong>intellectualis</strong></span> <span class='ocrx_word' id='word_1_751' title='bbox 1079 5304 1218 5360; x_wconf 84' lang='lat' dir='ltr'><strong>ratio</strong></span> <span class='ocrx_word' id='word_1_752' title='bbox 1266 5311 1694 5378; x_wconf 89' lang='lat' dir='ltr'><strong>comprehendit.</strong></span> <span class='ocrx_word' id='word_1_753' title='bbox 1743 5311 1858 5368; x_wconf 87' lang='lat' dir='ltr'><strong>Tua</strong></span> 
     </span>
    </p>
   </div>
   <div class='ocr_carea' id='block_1_99' title="bbox 267 5392 1854 5474">
    <p class='ocr_par' dir='ltr' id='par_1_99' title="bbox 267 5392 1854 5474">
     <span class='ocr_line' id='line_1_99' title="bbox 267 5392 1854 5474; baseline 0.01 -33"><span class='ocrx_word' id='word_1_754' title='bbox 267 5402 403 5444; x_wconf 88' lang='lat' dir='ltr'><strong>vero</strong></span> <span class='ocrx_word' id='word_1_755' title='bbox 442 5392 626 5447; x_wconf 88' lang='lat' dir='ltr'><strong>retulit</strong></span> <span class='ocrx_word' id='word_1_756' title='bbox 655 5393 721 5448; x_wconf 88' lang='lat' dir='ltr'><strong>ad</strong></span> <span class='ocrx_word' id='word_1_757' title='bbox 749 5393 928 5449; x_wconf 87' lang='lat' dir='ltr'><strong>cordis</strong></span> <span class='ocrx_word' id='word_1_758' title='bbox 954 5409 1240 5464; x_wconf 90' lang='lat' dir='ltr'><strong>arcanum,</strong></span> <span class='ocrx_word' id='word_1_759' title='bbox 1282 5399 1423 5467; x_wconf 91' lang='lat' dir='ltr'><strong>quod</strong></span> <span class='ocrx_word' id='word_1_760' title='bbox 1457 5400 1508 5454; x_wconf 91' lang='lat' dir='ltr'><strong>in</strong></span> <span class='ocrx_word' id='word_1_761' title='bbox 1540 5403 1729 5458; x_wconf 70' lang='lat' dir='ltr'><strong>anima:</strong></span> <span class='ocrx_word' id='word_1_762' title='bbox 1760 5419 1854 5474; x_wconf 91' lang='lat' dir='ltr'><strong>pe-</strong></span> 
     </span>
    </p>
   </div>
   <div class='ocr_carea' id='block_1_100' title="bbox 269 5482 1863 5565">
    <p class='ocr_par' dir='ltr' id='par_1_100' title="bbox 269 5482 1863 5565">
     <span class='ocr_line' id='line_1_100' title="bbox 269 5482 1863 5565; baseline 0.011 -29"><span class='ocrx_word' id='word_1_763' title='bbox 269 5482 570 5540; x_wconf 88' lang='lat' dir='ltr'><strong>netralibus</strong></span> <span class='ocrx_word' id='word_1_764' title='bbox 593 5484 758 5554; x_wconf 90' lang='lat' dir='ltr'><strong>jacet,</strong></span> <span class='ocrx_word' id='word_1_765' title='bbox 784 5487 927 5556; x_wconf 88' lang='lat' dir='ltr'><strong>quod</strong></span> <span class='ocrx_word' id='word_1_766' title='bbox 955 5499 1108 5544; x_wconf 81' lang='lat' dir='ltr'><strong>extra</strong></span> <span class='ocrx_word' id='word_1_767' title='bbox 1133 5503 1237 5544; x_wconf 92' lang='lat' dir='ltr'><strong>non</strong></span> <span class='ocrx_word' id='word_1_768' title='bbox 1264 5490 1542 5560; x_wconf 63' lang='lat' dir='ltr'><strong>quaeritur,</strong></span> <span class='ocrx_word' id='word_1_769' title='bbox 1561 5495 1703 5564; x_wconf 89' lang='lat' dir='ltr'><strong>quod</strong></span> <span class='ocrx_word' id='word_1_770' title='bbox 1729 5511 1863 5565; x_wconf 86' lang='lat' dir='ltr'><strong>pau-</strong></span> 
     </span>
    </p>
   </div>
   <div class='ocr_carea' id='block_1_101' title="bbox 269 5575 1859 5657">
    <p class='ocr_par' dir='ltr' id='par_1_101' title="bbox 269 5575 1859 5657">
     <span class='ocr_line' id='line_1_101' title="bbox 269 5575 1859 5657; baseline 0.011 -31"><span class='ocrx_word' id='word_1_771' title='bbox 269 5587 370 5642; x_wconf 89' lang='lat' dir='ltr'><strong>per</strong></span> <span class='ocrx_word' id='word_1_772' title='bbox 397 5583 452 5630; x_wconf 86' lang='lat' dir='ltr'><strong>et</strong></span> <span class='ocrx_word' id='word_1_773' title='bbox 478 5575 629 5632; x_wconf 89' lang='lat' dir='ltr'><strong>dives</strong></span> <span class='ocrx_word' id='word_1_774' title='bbox 656 5579 933 5647; x_wconf 64' lang='lat' dir='ltr'><strong>aequaliter</strong></span> <span class='ocrx_word' id='word_1_775' title='bbox 962 5580 1163 5637; x_wconf 89' lang='lat' dir='ltr'><strong>habent</strong></span> <span class='ocrx_word' id='word_1_776' title='bbox 1187 5599 1202 5638; x_wconf 90' lang='lat'><strong>:</strong></span> <span class='ocrx_word' id='word_1_777' title='bbox 1234 5582 1323 5637; x_wconf 92' lang='lat' dir='ltr'><strong>ubi</strong></span> <span class='ocrx_word' id='word_1_778' title='bbox 1352 5583 1523 5654; x_wconf 90' lang='lat' dir='ltr'><strong>magis</strong></span> <span class='ocrx_word' id='word_1_779' title='bbox 1549 5586 1712 5640; x_wconf 90' lang='lat' dir='ltr'><strong>ditior</strong></span> <span class='ocrx_word' id='word_1_780' title='bbox 1741 5603 1859 5657; x_wconf 88' lang='lat' dir='ltr'><strong>ege-</strong></span> 
     </span>
    </p>
   </div>
   <div class='ocr_carea' id='block_1_102' title="bbox 269 5665 1858 5747">
    <p class='ocr_par' dir='ltr' id='par_1_102' title="bbox 269 5665 1858 5747">
     <span class='ocr_line' id='line_1_102' title="bbox 269 5665 1858 5747; baseline 0.011 -28"><span class='ocrx_word' id='word_1_781' title='bbox 269 5679 375 5721; x_wconf 88' lang='lat' dir='ltr'><strong>nus</strong></span> <span class='ocrx_word' id='word_1_782' title='bbox 398 5675 508 5734; x_wconf 90' lang='lat' dir='ltr'><strong>est;</strong></span> <span class='ocrx_word' id='word_1_783' title='bbox 534 5665 620 5724; x_wconf 88' lang='lat' dir='ltr'><strong>ubi</strong></span> <span class='ocrx_word' id='word_1_784' title='bbox 646 5670 739 5726; x_wconf 93' lang='lat' dir='ltr'><strong>ille</strong></span> <span class='ocrx_word' id='word_1_785' title='bbox 771 5671 941 5726; x_wconf 88' lang='lat' dir='ltr'><strong>multo</strong></span> <span class='ocrx_word' id='word_1_786' title='bbox 962 5673 1155 5730; x_wconf 89' lang='lat' dir='ltr'><strong>celsior</strong></span> <span class='ocrx_word' id='word_1_787' title='bbox 1183 5684 1288 5741; x_wconf 91' lang='lat' dir='ltr'><strong>est,</strong></span> <span class='ocrx_word' id='word_1_788' title='bbox 1314 5677 1401 5747; x_wconf 90' lang='lat' dir='ltr'><strong>qui</strong></span> <span class='ocrx_word' id='word_1_789' title='bbox 1433 5678 1595 5733; x_wconf 91' lang='lat' dir='ltr'><strong>corde</strong></span> <span class='ocrx_word' id='word_1_790' title='bbox 1617 5679 1858 5736; x_wconf 91' lang='lat' dir='ltr'><strong>noscitur</strong></span> 
     </span>
    </p>
   </div>
   <div class='ocr_carea' id='block_1_103' title="bbox 270 5755 1858 5834">
    <p class='ocr_par' dir='ltr' id='par_1_103' title="bbox 270 5755 1858 5834">
     <span class='ocr_line' id='line_1_103' title="bbox 270 5755 1858 5834; baseline 0.009 -23"><span class='ocrx_word' id='word_1_791' title='bbox 270 5755 584 5819; x_wconf 90' lang='lat' dir='ltr'><strong>inclinatus.</strong></span> <span class='ocrx_word' id='word_1_792' title='bbox 609 5760 714 5817; x_wconf 88' lang='lat' dir='ltr'><strong>Sed</strong></span> <span class='ocrx_word' id='word_1_793' title='bbox 735 5762 1138 5821; x_wconf 86' lang='lat' dir='ltr'><strong>consideremus</strong></span> <span class='ocrx_word' id='word_1_794' title='bbox 1157 5765 1442 5834; x_wconf 86' lang='lat' dir='ltr'><strong>subtiliter,</strong></span> <span class='ocrx_word' id='word_1_795' title='bbox 1467 5777 1522 5824; x_wconf 92' lang='lat' dir='ltr'><strong>et</strong></span> <span class='ocrx_word' id='word_1_796' title='bbox 1548 5767 1858 5827; x_wconf 90' lang='lat' dir='ltr'><strong>invenimus</strong></span> 
     </span>
    </p>
   </div>
   <div class='ocr_carea' id='block_1_104' title="bbox 273 5846 1857 5932">
    <p class='ocr_par' dir='ltr' id='par_1_104' title="bbox 273 5846 1857 5932">
     <span class='ocr_line' id='line_1_104' title="bbox 273 5846 1857 5932; baseline 0.01 -32"><span class='ocrx_word' id='word_1_797' title='bbox 273 5846 365 5904; x_wconf 86' lang='lat' dir='ltr'><strong>hic</strong></span> <span class='ocrx_word' id='word_1_798' title='bbox 393 5865 605 5920; x_wconf 83' lang='lat' dir='ltr'><strong>quoque</strong></span> <span class='ocrx_word' id='word_1_799' title='bbox 635 5853 866 5923; x_wconf 80' lang='lat' dir='ltr'><strong>propriae</strong></span> <span class='ocrx_word' id='word_1_800' title='bbox 892 5853 1178 5914; x_wconf 86' lang='lat' dir='ltr'><strong>locutionis</strong></span> <span class='ocrx_word' id='word_1_801' title='bbox 1203 5871 1329 5917; x_wconf 87' lang='lat' dir='ltr'><strong>esse</strong></span> <span class='ocrx_word' id='word_1_802' title='bbox 1352 5873 1546 5930; x_wconf 83' lang='lat' dir='ltr'><strong>genus,</strong></span> <span class='ocrx_word' id='word_1_803' title='bbox 1577 5859 1721 5932; x_wconf 91' lang='lat' dir='ltr'><strong>quod</strong></span> <span class='ocrx_word' id='word_1_804' title='bbox 1749 5859 1857 5919; x_wconf 91' lang='lat' dir='ltr'><strong>elo-</strong></span> 
     </span>
    </p>
   </div>
   <div class='ocr_carea' id='block_1_105' title="bbox 1959 4745 3543 4818">
    <p class='ocr_par' dir='ltr' id='par_1_105' title="bbox 1959 4745 3543 4818">
     <span class='ocr_line' id='line_1_105' title="bbox 1959 4745 3543 4818; baseline 0.001 -17"><span class='ocrx_word' id='word_1_805' title='bbox 1959 4749 2159 4818; x_wconf 91' lang='lat' dir='ltr'><strong>patitur</strong></span> <span class='ocrx_word' id='word_1_806' title='bbox 2185 4755 2503 4818; x_wconf 86' lang='lat' dir='ltr'><strong>exspectare</strong></span> <span class='ocrx_word' id='word_1_807' title='bbox 2533 4762 2870 4818; x_wconf 88' lang='lat' dir='ltr'><strong>responsum.</strong></span> <span class='ocrx_word' id='word_1_808' title='bbox 2899 4745 3236 4801; x_wconf 87' lang='lat' dir='ltr'><strong>lnterdicitur</strong></span> <span class='ocrx_word' id='word_1_809' title='bbox 3263 4746 3404 4800; x_wconf 90' lang='lat' dir='ltr'><strong>enim</strong></span> <span class='ocrx_word' id='word_1_810' title='bbox 3427 4759 3543 4802; x_wconf 54' lang='lat' dir='ltr'><strong>sees</strong></span> 
     </span>
    </p>
   </div>
   <div class='ocr_carea' id='block_1_106' title="bbox 1959 4838 3538 4911">
    <p class='ocr_par' dir='ltr' id='par_1_106' title="bbox 1959 4838 3538 4911">
     <span class='ocr_line' id='line_1_106' title="bbox 1959 4838 3538 4911; baseline 0 -15"><span class='ocrx_word' id='word_1_811' title='bbox 1959 4841 2143 4897; x_wconf 88' lang='lat' dir='ltr'><strong>leratis</strong></span> <span class='ocrx_word' id='word_1_812' title='bbox 2172 4856 2240 4896; x_wconf 91' lang='lat' dir='ltr'><strong>ne</strong></span> <span class='ocrx_word' id='word_1_813' title='bbox 2268 4856 2327 4896; x_wconf 87' lang='lat' dir='ltr'><strong>se</strong></span> <span class='ocrx_word' id='word_1_814' title='bbox 2358 4850 2683 4911; x_wconf 65' lang='lat' dir='ltr'><strong>prmsumant</strong></span> <span class='ocrx_word' id='word_1_815' title='bbox 2717 4840 3054 4896; x_wconf 71' lang='lat' dir='ltr'><strong>sermoliibus</strong></span> <span class='ocrx_word' id='word_1_816' title='bbox 3083 4838 3306 4894; x_wconf 90' lang='lat' dir='ltr'><strong>miscere</strong></span> <span class='ocrx_word' id='word_1_817' title='bbox 3325 4838 3538 4896; x_wconf 81' lang='lat' dir='ltr'><strong>divinis.</strong></span> 
     </span>
    </p>
   </div>
   <div class='ocr_carea' id='block_1_107' title="bbox 1959 4929 3546 5002">
    <p class='ocr_par' dir='ltr' id='par_1_107' title="bbox 1959 4929 3546 5002">
     <span class='ocr_line' id='line_1_107' title="bbox 1959 4929 3546 5002; baseline -0.003 -14"><span class='ocrx_word' id='word_1_818' title='bbox 1959 4932 2064 4988; x_wconf 91' lang='lat' dir='ltr'><strong>Sed</strong></span> <span class='ocrx_word' id='word_1_819' title='bbox 2092 4932 2254 4988; x_wconf 88' lang='lat' dir='ltr'><strong>altius</strong></span> <span class='ocrx_word' id='word_1_820' title='bbox 2279 4933 2522 4999; x_wconf 88' lang='lat' dir='ltr'><strong>intende,</strong></span> <span class='ocrx_word' id='word_1_821' title='bbox 2545 4932 2668 5002; x_wconf 89' lang='lat' dir='ltr'><strong>quia</strong></span> <span class='ocrx_word' id='word_1_822' title='bbox 2695 4933 2762 4987; x_wconf 85' lang='lat' dir='ltr'><strong>de</strong></span> <span class='ocrx_word' id='word_1_823' title='bbox 2792 4932 2896 4986; x_wconf 88' lang='lat' dir='ltr'><strong>illis</strong></span> <span class='ocrx_word' id='word_1_824' title='bbox 2926 4930 3296 5000; x_wconf 85' lang='lat' dir='ltr'><strong>peccatoribus</strong></span> <span class='ocrx_word' id='word_1_825' title='bbox 3331 4929 3433 4986; x_wconf 92' lang='lat' dir='ltr'><strong>hoc</strong></span> <span class='ocrx_word' id='word_1_826' title='bbox 3459 4931 3546 4986; x_wconf 80' lang='lat' dir='ltr'><strong>di-</strong></span> 
     </span>
    </p>
   </div>
   <div class='ocr_carea' id='block_1_108' title="bbox 1963 5020 3544 5092">
    <p class='ocr_par' dir='ltr' id='par_1_108' title="bbox 1963 5020 3544 5092">
     <span class='ocr_line' id='line_1_108' title="bbox 1963 5020 3544 5092; baseline 0 -14"><span class='ocrx_word' id='word_1_827' title='bbox 1963 5024 2102 5078; x_wconf 88' lang='lat' dir='ltr'><strong>citur</strong></span> <span class='ocrx_word' id='word_1_828' title='bbox 2131 5025 2218 5092; x_wconf 92' lang='lat' dir='ltr'><strong>qui</strong></span> <span class='ocrx_word' id='word_1_829' title='bbox 2248 5023 2470 5079; x_wconf 87' lang='lat' dir='ltr'><strong>inferius</strong></span> <span class='ocrx_word' id='word_1_830' title='bbox 2499 5025 2896 5087; x_wconf 81' lang='lat' dir='ltr'><strong>describuntur,</strong></span> <span class='ocrx_word' id='word_1_831' title='bbox 2925 5022 2992 5078; x_wconf 90' lang='lat' dir='ltr'><strong>de</strong></span> <span class='ocrx_word' id='word_1_832' title='bbox 3024 5020 3213 5092; x_wconf 87' lang='lat' dir='ltr'><strong>quibus</strong></span> <span class='ocrx_word' id='word_1_833' title='bbox 3237 5023 3312 5078; x_wconf 87' lang='lat' dir='ltr'><strong>ait</strong></span> <span class='ocrx_word' id='word_1_834' title='bbox 3336 5038 3352 5077; x_wconf 91' lang='lat'><strong>:</strong></span> <span class='ocrx_word' id='word_1_835' title='bbox 3383 5022 3544 5078; x_wconf 83' lang='lat' dir='ltr'><strong>Intel-</strong></span> 
     </span>
    </p>
   </div>
   <div class='ocr_carea' id='block_1_109' title="bbox 1962 5114 3542 5188">
    <p class='ocr_par' dir='ltr' id='par_1_109' title="bbox 1962 5114 3542 5188">
     <span class='ocr_line' id='line_1_109' title="bbox 1962 5114 3542 5188; baseline 0.001 -18"><span class='ocrx_word' id='word_1_836' title='bbox 1962 5116 2104 5188; x_wconf 84' lang='lat' dir='ltr'><strong>ligite</strong></span> <span class='ocrx_word' id='word_1_837' title='bbox 2134 5118 2260 5184; x_wconf 61' lang='lat' dir='ltr'><strong>huc,</strong></span> <span class='ocrx_word' id='word_1_838' title='bbox 2285 5133 2456 5171; x_wconf 89' lang='lat' dir='ltr'><strong>omnes</strong></span> <span class='ocrx_word' id='word_1_839' title='bbox 2473 5116 2561 5186; x_wconf 84' lang='lat' dir='ltr'><strong>qui</strong></span> <span class='ocrx_word' id='word_1_840' title='bbox 2582 5114 2934 5169; x_wconf 77' lang='lat' dir='ltr'><strong>obliniscimini</strong></span> <span class='ocrx_word' id='word_1_841' title='bbox 2955 5114 3253 5169; x_wconf 86' lang='lat' dir='ltr'><strong>Dominum.</strong></span> <span class='ocrx_word' id='word_1_842' title='bbox 3275 5116 3542 5171; x_wconf 72' lang='lat' dir='ltr'><strong>Caeterum</strong></span> 
     </span>
    </p>
   </div>
   <div class='ocr_carea' id='block_1_110' title="bbox 1967 5208 3544 5282">
    <p class='ocr_par' dir='ltr' id='par_1_110' title="bbox 1967 5208 3544 5282">
     <span class='ocr_line' id='line_1_110' title="bbox 1967 5208 3544 5282; baseline -0.003 -14"><span class='ocrx_word' id='word_1_843' title='bbox 1967 5213 2244 5268; x_wconf 90' lang='lat' dir='ltr'><strong>conversis</strong></span> <span class='ocrx_word' id='word_1_844' title='bbox 2295 5227 2356 5268; x_wconf 90' lang='lat' dir='ltr'><strong>ac</strong></span> <span class='ocrx_word' id='word_1_845' title='bbox 2397 5211 2780 5282; x_wconf 74' lang='lat' dir='ltr'><strong>ptenitentibus</strong></span> <span class='ocrx_word' id='word_1_846' title='bbox 2820 5208 3003 5265; x_wconf 86' lang='lat' dir='ltr'><strong>laudes</strong></span> <span class='ocrx_word' id='word_1_847' title='bbox 3031 5225 3137 5266; x_wconf 91' lang='lat' dir='ltr'><strong>non</strong></span> <span class='ocrx_word' id='word_1_848' title='bbox 3167 5209 3436 5267; x_wconf 89' lang='lat' dir='ltr'><strong>interdicit</strong></span> <span class='ocrx_word' id='word_1_849' title='bbox 3464 5209 3544 5265; x_wconf 86' lang='lat' dir='ltr'><strong>di-</strong></span> 
     </span>
    </p>
   </div>
   <div class='ocr_carea' id='block_1_111' title="bbox 1962 5301 3542 5371">
    <p class='ocr_par' dir='ltr' id='par_1_111' title="bbox 1962 5301 3542 5371">
     <span class='ocr_line' id='line_1_111' title="bbox 1962 5301 3542 5371; baseline -0.001 -11"><span class='ocrx_word' id='word_1_850' title='bbox 1962 5306 2084 5360; x_wconf 90' lang='lat' dir='ltr'><strong>vina</strong></span> <span class='ocrx_word' id='word_1_851' title='bbox 2116 5305 2422 5359; x_wconf 89' lang='lat' dir='ltr'><strong>clementia.</strong></span> <span class='ocrx_word' id='word_1_852' title='bbox 2465 5302 2530 5358; x_wconf 91' lang='lat' dir='ltr'><strong>lli</strong></span> <span class='ocrx_word' id='word_1_853' title='bbox 2557 5301 2700 5356; x_wconf 91' lang='lat' dir='ltr'><strong>enim</strong></span> <span class='ocrx_word' id='word_1_854' title='bbox 2727 5301 2814 5371; x_wconf 91' lang='lat' dir='ltr'><strong>qui</strong></span> <span class='ocrx_word' id='word_1_855' title='bbox 2841 5303 3004 5358; x_wconf 90' lang='lat' dir='ltr'><strong>corde</strong></span> <span class='ocrx_word' id='word_1_856' title='bbox 3029 5301 3206 5358; x_wconf 88' lang='lat' dir='ltr'><strong>durati</strong></span> <span class='ocrx_word' id='word_1_857' title='bbox 3234 5312 3377 5367; x_wconf 89' lang='lat' dir='ltr'><strong>sunt,</strong></span> <span class='ocrx_word' id='word_1_858' title='bbox 3401 5311 3458 5358; x_wconf 88' lang='lat' dir='ltr'><strong>et</strong></span> <span class='ocrx_word' id='word_1_859' title='bbox 3474 5302 3542 5359; x_wconf 87' lang='lat' dir='ltr'><strong>ab</strong></span> 
     </span>
    </p>
   </div>
   <div class='ocr_carea' id='block_1_112' title="bbox 1962 5393 3542 5464">
    <p class='ocr_par' dir='ltr' id='par_1_112' title="bbox 1962 5393 3542 5464">
     <span class='ocr_line' id='line_1_112' title="bbox 1962 5393 3542 5464; baseline -0.003 -10"><span class='ocrx_word' id='word_1_860' title='bbox 1962 5398 2225 5454; x_wconf 87' lang='lat' dir='ltr'><strong>scelerum</strong></span> <span class='ocrx_word' id='word_1_861' title='bbox 2248 5411 2464 5450; x_wconf 88' lang='lat' dir='ltr'><strong>suorum</strong></span> <span class='ocrx_word' id='word_1_862' title='bbox 2489 5393 2751 5463; x_wconf 88' lang='lat' dir='ltr'><strong>pravitate</strong></span> <span class='ocrx_word' id='word_1_863' title='bbox 2773 5409 2880 5448; x_wconf 93' lang='lat' dir='ltr'><strong>non</strong></span> <span class='ocrx_word' id='word_1_864' title='bbox 2901 5393 3173 5462; x_wconf 85' lang='lat' dir='ltr'><strong>desinunt,</strong></span> <span class='ocrx_word' id='word_1_865' title='bbox 3190 5395 3542 5464; x_wconf 86' lang='lat' dir='ltr'><strong>prohibentur</strong></span> 
     </span>
    </p>
   </div>
   <div class='ocr_carea' id='block_1_113' title="bbox 1965 5487 3540 5556">
    <p class='ocr_par' dir='ltr' id='par_1_113' title="bbox 1965 5487 3540 5556">
     <span class='ocr_line' id='line_1_113' title="bbox 1965 5487 3540 5556; baseline -0.002 -11"><span class='ocrx_word' id='word_1_866' title='bbox 1965 5490 2177 5545; x_wconf 90' lang='lat' dir='ltr'><strong>Domini</strong></span> <span class='ocrx_word' id='word_1_867' title='bbox 2201 5503 2418 5544; x_wconf 90' lang='lat' dir='ltr'><strong>narrare</strong></span> <span class='ocrx_word' id='word_1_868' title='bbox 2439 5487 2695 5556; x_wconf 85' lang='lat' dir='ltr'><strong>justitias,</strong></span> <span class='ocrx_word' id='word_1_869' title='bbox 2724 5487 2776 5542; x_wconf 91' lang='lat' dir='ltr'><strong>id</strong></span> <span class='ocrx_word' id='word_1_870' title='bbox 2798 5496 2881 5542; x_wconf 91' lang='lat' dir='ltr'><strong>est</strong></span> <span class='ocrx_word' id='word_1_871' title='bbox 2903 5491 2983 5544; x_wconf 91' lang='lat' dir='ltr'><strong>vel</strong></span> <span class='ocrx_word' id='word_1_872' title='bbox 3004 5489 3269 5544; x_wconf 88' lang='lat' dir='ltr'><strong>communi</strong></span> <span class='ocrx_word' id='word_1_873' title='bbox 3291 5499 3540 5542; x_wconf 88' lang='lat' dir='ltr'><strong>sermone</strong></span> 
     </span>
    </p>
   </div>
   <div class='ocr_carea' id='block_1_114' title="bbox 1963 5579 3540 5652">
    <p class='ocr_par' dir='ltr' id='par_1_114' title="bbox 1963 5579 3540 5652">
     <span class='ocr_line' id='line_1_114' title="bbox 1963 5579 3540 5652; baseline -0.001 -16"><span class='ocrx_word' id='word_1_874' title='bbox 1963 5582 2164 5652; x_wconf 91' lang='lat' dir='ltr'><strong>aliquid</strong></span> <span class='ocrx_word' id='word_1_875' title='bbox 2194 5581 2262 5635; x_wconf 90' lang='lat' dir='ltr'><strong>de</strong></span> <span class='ocrx_word' id='word_1_876' title='bbox 2291 5581 2380 5635; x_wconf 89' lang='lat' dir='ltr'><strong>illa</strong></span> <span class='ocrx_word' id='word_1_877' title='bbox 2402 5580 2677 5650; x_wconf 76' lang='lat' dir='ltr'><strong>Maiestate</strong></span> <span class='ocrx_word' id='word_1_878' title='bbox 2704 5581 2980 5650; x_wconf 89' lang='lat' dir='ltr'><strong>proferre;</strong></span> <span class='ocrx_word' id='word_1_879' title='bbox 3005 5581 3126 5651; x_wconf 89' lang='lat' dir='ltr'><strong>quia</strong></span> <span class='ocrx_word' id='word_1_880' title='bbox 3153 5596 3214 5636; x_wconf 89' lang='lat' dir='ltr'><strong>os</strong></span> <span class='ocrx_word' id='word_1_881' title='bbox 3238 5579 3401 5635; x_wconf 87' lang='lat' dir='ltr'><strong>debet</strong></span> <span class='ocrx_word' id='word_1_882' title='bbox 3419 5591 3540 5635; x_wconf 77' lang='lat' dir='ltr'><strong>esse</strong></span> 
     </span>
    </p>
   </div>
   <div class='ocr_carea' id='block_1_115' title="bbox 1957 5670 3539 5746">
    <p class='ocr_par' dir='ltr' id='par_1_115' title="bbox 1957 5670 3539 5746">
     <span class='ocr_line' id='line_1_115' title="bbox 1957 5670 3539 5746; baseline -0.003 -17"><span class='ocrx_word' id='word_1_883' title='bbox 1957 5673 2165 5746; x_wconf 88' lang='lat' dir='ltr'><strong>justum</strong></span> <span class='ocrx_word' id='word_1_884' title='bbox 2194 5673 2336 5744; x_wconf 91' lang='lat' dir='ltr'><strong>quod</strong></span> <span class='ocrx_word' id='word_1_885' title='bbox 2365 5674 2600 5742; x_wconf 87' lang='lat' dir='ltr'><strong>justitias</strong></span> <span class='ocrx_word' id='word_1_886' title='bbox 2623 5673 3104 5732; x_wconf 87' lang='lat' dir='ltr'><strong>Dominienarrare</strong></span> <span class='ocrx_word' id='word_1_887' title='bbox 3131 5672 3423 5743; x_wconf 73' lang='lat' dir='ltr'><strong>praesumit.</strong></span> <span class='ocrx_word' id='word_1_888' title='bbox 3448 5670 3539 5725; x_wconf 81' lang='lat' dir='ltr'><strong>Se-</strong></span> 
     </span>
    </p>
   </div>
   <div class='ocr_carea' id='block_1_116' title="bbox 1960 5757 3537 5837">
    <p class='ocr_par' dir='ltr' id='par_1_116' title="bbox 1960 5757 3537 5837">
     <span class='ocr_line' id='line_1_116' title="bbox 1960 5757 3537 5837; baseline -0.004 -16"><span class='ocrx_word' id='word_1_889' title='bbox 1960 5765 2161 5837; x_wconf 89' lang='lat' dir='ltr'><strong>quitur,</strong></span> <span class='ocrx_word' id='word_1_890' title='bbox 2177 5775 2236 5820; x_wconf 93' lang='lat' dir='ltr'><strong>ut</strong></span> <span class='ocrx_word' id='word_1_891' title='bbox 2256 5779 2356 5821; x_wconf 91' lang='lat' dir='ltr'><strong>nec</strong></span> <span class='ocrx_word' id='word_1_892' title='bbox 2371 5763 2745 5820; x_wconf 85' lang='lat' dir='ltr'><strong>Testamentum</strong></span> <span class='ocrx_word' id='word_1_893' title='bbox 2766 5764 2934 5834; x_wconf 89' lang='lat' dir='ltr'><strong>ipsius</strong></span> <span class='ocrx_word' id='word_1_894' title='bbox 2955 5762 3174 5832; x_wconf 87' lang='lat' dir='ltr'><strong>indigna</strong></span> <span class='ocrx_word' id='word_1_895' title='bbox 3195 5757 3537 5832; x_wconf 81' lang='lat' dir='ltr'><strong>praesumptio</strong></span> 
     </span>
    </p>
   </div>
   <div class='ocr_carea' id='block_1_117' title="bbox 1959 5849 3548 5932">
    <p class='ocr_par' dir='ltr' id='par_1_117' title="bbox 1959 5849 3548 5932">
     <span class='ocr_line' id='line_1_117' title="bbox 1959 5849 3548 5932; baseline -0.004 -15"><span class='ocrx_word' id='word_1_896' title='bbox 1959 5867 2280 5929; x_wconf 73' lang='lat' dir='ltr'><strong>contrectat,</strong></span> <span class='ocrx_word' id='word_1_897' title='bbox 2322 5874 2393 5919; x_wconf 81' lang='lat' dir='ltr'><strong>ne</strong></span> <span class='ocrx_word' id='word_1_898' title='bbox 2419 5873 2516 5930; x_wconf 82' lang='lat' dir='ltr'><strong>per</strong></span> <span class='ocrx_word' id='word_1_899' title='bbox 2536 5873 2599 5918; x_wconf 84' lang='lat' dir='ltr'><strong>os</strong></span> <span class='ocrx_word' id='word_1_900' title='bbox 2625 5859 2942 5920; x_wconf 86' lang='lat' dir='ltr'><strong>sceleratum</strong></span> <span class='ocrx_word' id='word_1_901' title='bbox 2969 5865 3130 5928; x_wconf 83' lang='lat' dir='ltr'><strong>atque</strong></span> <span class='ocrx_word' id='word_1_902' title='bbox 3167 5849 3548 5932; x_wconf 76' lang='lat' dir='ltr'><strong>blaspbcmum</strong></span> 
     </span>
    </p>
   </div>
  </div>
