3996 6346
457 423 561 484 855

1673 415 1742 474 Μ.
1793 409 2072 472 Αυῆειιι
2105 399 2506 467 CASSIODORI

3607 399 3712 454 556

455 551 637 601 saneta
661 550 722 598 et
746 541 1047 598 veneranda
1072 539 1232 594 verba
1258 534 1504 607 progredi
1527 545 1688 605 posse
1715 531 2030 594 videantur;
2059 529 2113 588 Α
2136 526 2399 591 cinnavit;
2431 522 2554 596 quia
2585 519 2964 590 decipientium
3006 530 3124 574 mos
3153 525 3237 574 est
3280 515 3357 571 sic
3395 513 3530 607 iaISa
3570 527 3714 569 com-

457 638 596 692 sicut
621 635 745 692 alibi
777 635 1034 702 scriptum
1062 639 1144 687 est
1183 627 1369 701 (Eccli.
1402 643 1492 694 sv,
1519 627 1576 697 9)
1603 640 1620 682 ε
1656 624 1778 681 Non
1806 632 1880 680 est
1903 640 2034 693 spe-

461 728 598 782 ciosa
629 725 742 781 laus
767 726 825 780 in
855 739 942 779 ore
967 723 1265 794 peccatoris.
1311 721 1689 776 Testamentum
1716 731 1844 773 vero
1884 719 2038 772 vetus

460 828 514 874 et
535 815 732 873 novum
760 815 1064 887 signiﬁct;
1109 815 1234 884 quia
1263 812 1388 868 dum
1427 825 1588 866 unum
1616 821 1872 879 suspense
1901 805 2038 861 dicio

466 922 570 978 tur,
609 920 830 977 utraque
870 916 1260 963 memorantur.
1311 906 1496 960 Potest
1527 901 1629 958 hoc
1650 900 1798 957 etde
1828 893 2040 953 haeretia

465 1005 540 1058 cis
566 1003 874 1058 doctoribus
897 1001 1024 1068 dici,
1051 1001 1139 1070 qui
1164 1000 1333 1069 legem
1356 996 1448 1050 Dei
1476 995 1669 1050 docere
1689 995 2039 1061 praesumunt.

468 1097 734 1148 Assumere
775 1094 919 1148 enim
965 1089 1435 1162 praesumptionem
1479 1085 1741 1156 signiﬁcat
1783 1077 2041 1136 indevoti.

471 1185 601 1240 Nam
631 1184 915 1240 lectionem
941 1179 1284 1238 credentibus
1315 1195 1417 1233 non
1449 1178 1659 1232 videtur
1701 1171 2043 1238 interdicere,

470 1278 523 1332 in
554 1291 655 1346 qua
682 1283 991 1346 peccatores
1022 1271 1256 1328 maxime
1284 1271 1532 1340 dignatus
1572 1275 1657 1323 est
1682 1277 2043 1320 commonerc.

541 1367 696 1423 Vens.
731 1366 818 1420 17.
863 1366 945 1419 Tu
978 1379 1093 1420 vero
1123 1364 1278 1418 odisti
1301 1361 1650 1431 disciplinam,
1700 1367 1744 1412 et
1791 1353 2052 1425 projecisti

471 1475 728 1514 sermones
756 1473 890 1511 meos
917 1466 1029 1528 post
1057 1469 1123 1510 te.
1155 1454 1344 1524 incipit
1371 1450 1701 1508 enumeratio
1727 1461 1911 1504 eorum
1936 1445 2054 1515 qui-

2139 630 2360 687 ponere,
2393 623 2452 670 ut
2477 613 2656 685 aliquo
2684 613 2866 684 lepore
2891 612 3173 668 verborum
3207 605 3536 664 audientium
3569 607 3718 662 auri-

2140 711 2241 765 bus
2296 707 2667 773 blandiantur;
2725 705 2864 764 sicut
2923 706 2974 759 in
3027 700 3469 774 quinquagesimo
3531 709 3720 768 quarto

2142 799 2348 872 psalmo
2367 799 2648 855 dicendum
2674 805 2756 853 est
2779 813 2792 851 :
2817 795 3117 851 Mollierunt
3141 809 3394 850 sermones
3416 808 3538 848 suos
3568 807 3724 861 super

2143 893 2332 959 oleum,
2361 899 2405 946 et
2433 891 2532 962 ipsi
2559 897 2676 946 sunt
2690 887 2872 962 jacula
2899 885 3074 958 (Psal.
3106 900 3214 952 Ltv,
3241 884 3359 954 22).

2222 993 2374 1050 Vers.
2405 993 2495 1048 90.
2542 991 2735 1049 Sedens
2775 996 3014 1046 adversus
3057 992 3265 1060 fratrem
3305 998 3450 1043 tuum
3490 987 3729 1043 detrahe-

2153 1089 2260 1150 bas,
2299 1096 2344 1139 et
2371 1085 2612 1140 adversus
2641 1086 2805 1155 ﬁlium
2835 1085 3010 1138 matris
3035 1092 3135 1138 tua:
3161 1082 3378 1154 ponebas
3400 1081 3726 1134 scandalum.

2151 1177 2339 1234 Sedere
2379 1180 2638 1235 morantis
2667 1188 2781 1245 est;
2811 1187 2863 1231 et
2892 1177 3010 1232 ideo
3045 1177 3288 1243 culpatur
3311 1175 3528 1246 gravius
3557 1173 3647 1243 qui
3679 1174 3728 1226 in

2153 1268 2500 1338 derogatione
2542 1267 2618 1340 [id
2662 1278 2736 1322 est
2770 1264 3126 1338 detractione]
3175 1263 3396 1320 alterius
3453 1281 3558 1318 non
3605 1278 3731 1318 casu

2154 1361 2333 1430 aliquo
2361 1360 2588 1415 faciente
2636 1357 2876 1428 dilapsus
2905 1367 3008 1427 est,
3036 1359 3131 1412 sed
3170 1356 3406 1411 diutinus
3444 1354 3624 1409 fratris
3656 1354 3733 1406 sui

2157 1450 2425 1506 detractdr
2452 1449 2670 1506 insedit.
2705 1445 2943 1504 Fratrem
2976 1445 3087 1512 hic,
3113 1451 3326 1502 omnem
3357 1460 3516 1499 carne
3556 1443 3734 1515 proxi-

471 1548 571 1604 bus
598 1548 688 1602 Dei
719 1547 940 1601 verbum
977 1545 1318 1600 interdictum
1361 1557 1483 1599 esse
1517 1540 1876 1611 cognoscitur.
1926 1537 2054 1618 Odit
2159 1553 2303 1598 mum
2330 1541 2587 1598 debemus
2607 1543 2873 1612 accipere,
2894 1541 3016 1609 quia
3043 1537 3183 1595 etde
3205 1537 3468 1608 spirituali
3494 1537 3736 1591 dicturus

473 1638 798 1708 disciplinam
837 1635 925 1705 qui
969 1635 1036 1690 ad
1086 1635 1446 1690 cat-rectiones
1481 1633 1654 1703 justas
1699 1632 1878 1700 iniqua
1911 1643 2054 1696 prte-

2181 1645 2259 1693 tst.
2292 1633 2399 1693 Sed
2435 1637 2640 1706 inspiCe
2673 1635 2774 1691 hoc
2803 1636 2987 1690 vitium
3035 1648 3135 1705 qua
3179 1632 3552 1689 exsecratione
3580 1630 3738 1685 dam-

479 1727 786 1797 sumptione
812 1734 1189 1790 remurmurat.
1233 1734 1426 1781 etnon
1452 1724 1562 1779 vult
1596 1723 1878 1777 Dominum
1912 1719 1968 1774 in
1997 1731 2058 1774 se
2163 1735 2357 1795 netur;
2385 1735 2444 1784 ut
2485 1728 2626 1784 inter
2653 1735 2961 1798 peccatores
3005 1725 3270 1781 maximos
3314 1722 3498 1778 haberi
3549 1723 3737 1791 possit,

481 1816 756 1874 vindicare
785 1815 927 1886 quod
961 1825 1166 1887 peccat.
1209 1813 1300 1872 Sic
1327 1815 1471 1871 enim
1502 1813 1656 1869 nobis
1689 1809 1932 1880 provenit
1970 1823 2061 1864 sa-

2181 1817 2256 1889 lui
2285 1835 2345 1875 se
2371 1819 2424 1874 in
2449 1815 2537 1874 tali
2563 1819 2822 1889 pravitate
2846 1815 3156 1882 miscuerit;
3190 1815 3331 1871 sicut
3373 1821 3427 1870 et
3466 1813 3743 1884 apostolus

484 1910 670 1966 latoris
697 1907 1008 1965 amandatio
1034 1907 1162 1982 [ed.,
1195 1906 1541 1978 emendatio].
1573 1905 1620 1959 si
1646 1902 1773 1959 illud
1803 1917 1908 1973 quo
1934 1913 2058 1956 cor-
2085 1899 2135 1968 Β
2159 1910 2389 1967 Jacobus
2415 1911 2490 1966 ait
2523 1927 2534 1963 :
2571 1909 2669 1977 Qui
2699 1907 2922 1963 detrahit
2957 1909 3128 1978 fratri,
3170 1905 3390 1962 detrahit
3426 1904 3545 1976 legi,
3579 1913 3625 1958 et
3652 1905 3746 1976 ju-

479 2001 702 2070 rigimur
730 2001 914 2070 utique
931 2000 1052 2071 plus
1073 2012 1338 2055 amemus.
1370 1998 1557 2054 Melius
1577 2003 1660 2051 est
1681 1996 1824 2050 enim
1855 1993 1938 2047 hic
1960 2005 2058 2062 pa-

2181 2003 2295 2058 iicot
2328 2003 2487 2074 legem
2517 2001 2653 2073 (Jac.
2675 2015 2747 2070 tv,
2782 2002 2891 2071 il).
2923 2000 3192 2072 Sequitur,
3225 2007 3274 2054 et
3301 1999 3544 2052 adversus
3576 1996 3748 2066 ﬁlium

478 2107 692 2162 rumpes
730 2091 911 2161 atiligi,
959 2105 1116 2161 quam
1167 2091 1218 2144 in
1273 2091 1363 2144 illa
1406 2088 1739 2158 judicatione
1787 2085 2054 2140 damnari.

2181 2096 2335 2150 ttatris
2358 2103 2456 2150 tua:
2474 2095 2694 2163 ponebas
2714 2083 3037 2148 scandalum.
3069 2085 3268 2145 Filium
3287 2089 3487 2157 matris,
3505 2087 3749 2143 sobolem

483 2183 697 2257 Pmil‘i‘
723 2184 883 2238 “iam
909 2199 1166 2238 ηνηιοηεσ
1197 2182 1291 2236 θεῖ
1322 2191 1436 2250 P0“
1478 2195 1554 2246 δε,
1583 2179 1674 2249 (illi
1705 2177 1883 2233 (“Villa
1909 2175 2058 2246 illis“
2158 2189 2284 2246 dicit
2314 2189 2588 2255 Ecclesiae,
2631 2188 2716 2242 cui
2763 2201 2859 2258 per
2912 2184 3329 2255 regenerationis
3377 2183 3588 2254 partum
3639 2179 3746 2234 iras

480 2276 792 2345 contemnit,
835 2277 920 2331 cui
960 2285 1084 2332 ante
1127 2276 1312 2331 oculos
1359 2288 1462 2329 non
1513 2282 1614 2339 est,
1660 2270 1801 2342 quod
1845 2281 2062 2340 semper

481 2368 728 2423 conVenit
753 2368 965 2423 intueri.

552 2461 706 2517 Vers.
737 2461 825 2516 18.
853 2460 914 2517 8i
936 2462 1137 2516 videbas
1159 2461 1343 2530 furem,
1372 2459 1525 2513 simul
1550 2456 1788 2511 currebas
1816 2471 1933 2510 cum
1962 2469 2022 2508 eo
2039 2469 2070 2520 :-

485 2563 532 2609 st
553 2569 670 2607 cum
694 2554 964 2620 adstiteris,
996 2554 1280 2623 portionem
1301 2561 1441 2606 tuam
1460 2552 1698 2623 ponebas.
1727 2549 1828 2617 Qui
1853 2549 2061 2604 minora

486 2651 632 2699 vetat
655 2645 880 2709 scelera,
921 2644 1092 2699 multo
1119 2643 1286 2714 magis
1314 2643 1518 2712 potiora
1545 2641 1882 2697 condemnat.
1929 2639 2072 2695 Nam

489 2737 686 2792 furtum
738 2737 806 2793 ad
858 2737 1203 2793 homicidium
1261 2735 1387 2806 quid
1446 2736 1566 2790 est?
1614 2734 1944 2789 Adulterium
1995 2730 2062 2786 ad

487 2831 822 2902 sacrilegium
897 2841 1153 2902 quantum
1230 2830 1359 2886 est?
1443 2825 1551 2884 Sed
1613 2827 1685 2882 ita
1753 2825 1912 2882 debet
1975 2835 2066 2878 ac-

488 2923 616 2991 cipi,
666 2932 724 2977 ut
765 2923 819 2977 in
875 2921 959 2978 his
999 2922 1206 2978 duobus
1263 2920 1565 2992 prohibitis,
1616 2919 1797 2973 omnia
1839 2916 2065 2973 crimina

488 3016 722 3071 vetuisse
750 3015 1024 3072 videatur;
1050 3017 1174 3070 Haec
1203 3015 1368 3086 ﬁgura
1401 3015 1599 3070 dicitur
1626 3013 1665 3066 Δ
1692 3020 1846 3082 parte
1871 3019 2064 3078 totum,

491 3122 612 3176 quas
644 3108 698 3161 in
729 3109 978 3175 praesenti
1027 3108 1233 3176 psalmo
1279 3115 1333 3161 et
1373 3107 1618 3176 superius
1648 3104 1904 3174 probatur
1945 3113 2068 3157 esse

488 3199 600 3270 jam
627 3202 817 3270 posita.
866 3201 1056 3270 Arguit
1108 3200 1253 3256 enim
1295 3206 1658 3270 peccatorem,
1689 3203 1856 3268 quare
1907 3190 2065 3250 simul

2162 2291 2313 2338 terna
2357 2280 2621 2337 charitate
2660 2277 3051 2349 conjungimur.
3098 2273 3254 2330 Ponit
3284 2290 3410 2346 ergo
3448 2272 3755 2327 scandalum

2164 2371 2322 2430 fratri
2363 2387 2482 2444 suo,
2515 2375 2602 2445 qni
2638 2373 2917 2428 ltaereticas
2946 2370 3258 2442 pravitates,
3291 2368 3376 2424 vel
3407 2366 3538 2424 alias
3578 2368 3752 2422 inter-

2162 2470 2458 2537 ceptiones,
2496 2467 2690 2538 quibus
2735 2465 3000 2522 innocens
3046 2463 3302 2534 capiatur,
3351 2459 3636 2531 excogitat.
3673 2457 3756 2514 De

2165 2557 2359 2614 talibus
2402 2558 2543 2613 enim
2575 2558 2692 2626 ipse
2719 2555 2816 2614 Vir
2860 2558 3069 2628 sapiens
3120 2555 3293 2610 dicit:
3335 2553 3450 2620 Qui
3478 2551 3755 2624 sophistica

2167 2649 2412 2720 loquitur,
2441 2649 2646 2706 odibilis
2695 2658 2770 2704 est
2810 2647 3102 2720 hujusmodi
3146 2643 3334 2720 (Eccli.
3378 2660 3590 2712 xxntt,
3628 2642 3748 2712 25).

2167 2739 2235 2796 Et
2257 2739 2475 2811 proprie
2503 2739 2662 2808 dixit,
2693 2741 2937 2810 ponebas,
2962 2746 3176 2809 propter
3196 2735 3413 2806 laqueos
3444 2733 3752 2800 insidiosos,

2169 2832 2261 2903 qui
2290 2829 2693 2886 abscondantur
2723 2839 2837 2887 arte
2870 2831 3176 2896 verborum,
3207 2827 3268 2885 ul.
3293 2829 3506 2886 incauta
3548 2824 3761 2896 simpli-

2170 2922 2302 3004 citas
2331 2923 2554 2978 occultls
2585 2923 2807 2978 nexibus
2834 2923 3117 2993 obligetur.

2242 3021 2394 3079 Vers.
2422 3023 2512 3077 2|.
2546 3021 2674 3077 Hec
2706 3022 2887 3092 fecisti,
2913 3031 2957 3077 et
2980 3023 3112 3076 tacui
3136 3036 3155 3085 ,°
3185 3019 3486 3076 existimasti
3508 3018 3757 3089 iniquita-

2173 3123 2292 3179 tem,
2319 3113 2456 3184 quod
2481 3127 2568 3168 ero
2595 3101 2686 3166 tibi
2708 3112 2926 3167 similis:
2948 3127 3164 3186 arguam
3187 3121 3253 3176 te,
3283 3119 3329 3164 et
3358 3119 3578 3164 statuam
3610 3105 3762 3161 illam

2177 3213 2354 3259 contra
2383 3205 2566 3274 faciem
2592 3211 2752 3258 tuam.
2784 3201 3076 3260 Considera
3107 3197 3556 3272 quemadmodum
3583 3197 3674 3255 hic
3701 3200 3761 3255 in

495 3306 618 3347 cum
647 3293 764 3346 “IN
789 3299 1106 3355 concurrit,
1138 3289 1191 3344 id
1219 3296 1304 3345 εει
1323 3303 1419 3344 cur
1455 3289 1520 3343 ad
1562 3279 1864 3343 Γυοίθηάυω
1901 3285 2078 3341 scelus
2105 3277 2154 3344 Ο
2184 3311 2286 3352 una
2315 3295 2597 3365 sententia,
2627 3311 2743 3368 quae
2765 3285 2920 3350 latius
2947 3295 3158 3350 fuerant
3187 3302 3452 3360 enarrata,
3472 3291 3759 3363 recolligit.

497 3385 695 3438 sociam
724 3383 998 3438 voluntate
1012 3382 1291 3452 jungatur;
1319 3390 1378 3436 ut
1404 3381 1544 3452 quod
1566 3380 1784 3436 forsitan
1808 3380 1898 3435 ille
1927 3377 2073 3436 solus

497 3476 722 3546 implere
763 3489 869 3531 non
893 3484 1119 3545 poterat,
1150 3474 1216 3528 ad
1245 3474 1490 3530 allectum
1519 3471 1760 3539 sceleris,
1786 3473 1890 3527 isto
1918 3470 2071 3526 auxi-

497 3567 680 3635 liante,
697 3568 1005 3637 perveniat?
1032 3566 1183 3636 Quod
1204 3575 1380 3622 autem
1409 3565 1542 3620 dixit
1566 3583 1576 3619 :
1608 3564 1809 3620 Etcum
1832 3549 2084 3618 adulteris-

499 3661 782 3730 portionem
821 3668 962 3714 tuam
1005 3660 1260 3731 ponebas,
1319 3659 1586 3714 subtiliter
1631 3655 2074 3728 perscrutandum

504 3760 623 3818 est;
665 3753 789 3824 quia
830 3754 876 3809 si
907 3754 1028 3824 quis
1053 3753 1232 3810 dando
1279 3753 1554 3824 pecunias,
1581 3759 1673 3806 aut
1717 3749 2073 3815 consiliando,

503 3854 598 3902 aut
639 3845 906 3903 laudando
952 3846 1271 3902 adminicula
1327 3846 1530 3916 praebet
1571 3843 1836 3908 adultero,
1885 3841 2077 3912 quibus

503 3951 600 3995 sua
629 3949 751 3996 vota
778 3940 1038 4012 perﬁciat,
1069 3941 1268 3996 habere
1296 3939 1370 3994 ibi
1400 3939 1518 3994 sine
1554 3935 1720 3992 dubio
1747 3935 2078 4006 dignoscitur

504 4033 824 4104 portionem.
857 4033 986 4088 Nam
1015 4034 1064 4089 si
1093 4033 1198 4090 cui
1222 4031 1446 4088 facultas
1475 4030 1732 4100 suppetit,
1766 4037 1820 4084 et
1864 4041 1894 4082 a
1935 4026 2081 4082 malo

503 4139 608 4181 non
636 4135 853 4182 revocat
897 4127 1269 4193 excedentem,
1316 4133 1372 4182 et
1419 4125 1534 4194 ipse
1573 4133 1785 4193 quoque
1817 4121 2080 4192 particeps

506 4217 758 4288 probatur
785 4217 1009 4285 erroris,
1050 4219 1174 4290 quia
1217 4219 1475 4274 debemus
1519 4217 1656 4272 hanc
1697 4215 2082 4271 conscientiam

505 4309 788 4376 cbaritati,
839 4321 901 4365 ut
935 4325 1110 4380 neque
1147 4323 1245 4366 nos
1273 4351 1286 4374 ,
1333 4321 1514 4378 neque
1567 4307 1702 4366 alios
1761 4309 1940 4378 perire
1985 4321 2083 4378 pa-

511 4399 724 4456 tiamur.

580 4491 733 4546 Vera.
761 4489 846 4546 i9.
883 4489 956 4544 0s
983 4498 1128 4543 tuum
1151 4487 1427 4543 abundauit
1445 4489 1694 4558 nequitia,
1723 4495 1774 4542 et
1799 4488 1975 4560 lingua
1999 4493 2085 4542 tua

518 4585 838 4639 concinnavit
867 4582 1066 4638 dolum.
1100 4583 1255 4638 Prius
1288 4580 1356 4638 de
1379 4580 1520 4636 furto
1545 4589 1705 4650 atque
1733 4580 1802 4636 de
1826 4580 2086 4637 adulterio

2177 3389 2315 3444 Dicit
2341 3388 2508 3456 enim,
2531 3402 2649 3443 cum
2679 3383 2841 3442 multa
2864 3383 3100 3444 facerent
3122 3393 3448 3457 peccatores,
3473 3381 3762 3440 Dominum

2175 3480 2378 3551 justam
2408 3495 2516 3536 non
2543 3479 2739 3551 injuste
2767 3477 3036 3534 distulisse
3051 3479 3341 3550 judicium;
3376 3485 3434 3532 ut
3454 3477 3766 3532 conversio—

2178 3573 2262 3628 nis
2289 3581 2501 3642 tempus
2541 3574 2888 3638 inveniretur,
2918 3572 3042 3628 dttm
3075 3571 3431 3626 damnationis
3459 3585 3619 3642 patria
3646 3583 3765 3626 sus-

2180 3663 2444 3734 penditur.
2480 3663 2586 3721 Sed
2629 3663 2698 3720 de
2731 3665 2832 3722 ista
2883 3663 3254 3721 benevolentia
3299 3661 3593 3728 Creatoris,
3646 3677 3770 3732 qua

2180 3758 2362 3828 opinio
2383 3758 2559 3828 pravis
2589 3757 2855 3814 mentibus
2878 3767 3144 3825 nascatur,
3171 3757 3407 3827 exponit.
3423 3755 3564 3810 Dicit
3590 3756 3769 3813 enim:

2181 3848 2506 3905 Existimasti
2550 3851 2894 3919 iniquitatem,
2942 3850 3078 3918 quod
3123 3863 3209 3904 ero
3255 3848 3343 3902 tibi
3385 3847 3591 3903 similis.
3631 3846 3770 3904 Usus

2183 3941 2287 3994 iste
2328 3940 2635 3994 mortalium
2678 3945 2782 4007 est,
2833 3950 2889 3995 ut
2916 3941 3124 4008 quoties
3154 3937 3292 3994 mala
3332 3936 3598 3993 committi
3629 3939 3770 4009 pati-

2184 4047 2326 4099 mur,
2355 4046 2455 4088 nec
2485 4031 2565 4087 eis
2597 4041 2781 4102 aperte
2819 4031 3137 4098 resistimus,
3179 4030 3529 4086 similitudine
3559 4045 3772 4085 morum

2184 4124 2291 4179 illis
2322 4126 2628 4180 consentire
2656 4123 2954 4181 videamur.
3004 4123 3112 4180 Hoc
3143 4137 3282 4178 nunc
3331 4121 3574 4192 iniquam
3617 4138 3772 4180 men-

2187 4227 2294 4274 tem
2336 4217 2404 4274 de
2451 4217 2679 4273 Domino
2727 4218 2926 4273 sentire
2973 4218 3283 4282 conﬁrmat;
3317 4224 3373 4271 ut
3418 4215 3544 4285 quia
3591 4215 3777 4272 didcrt

2189 4309 2482 4376 vindicare,
2501 4319 2555 4365 et
2572 4309 2673 4380 ipsi
2700 4309 2986 4364 credantur
3002 4309 3206 4363 scelera
3233 4307 3464 4361 humana
3482 4306 3773 4376 placuisse.

2189 4401 2296 4458 Sed
2325 4399 2451 4458 huic
2478 4415 2643 4473 pravo
2665 4401 2956 4458 intellectui
2984 4400 3142 4456 datur
3174 4401 3319 4471 justa
3344 4401 3638 4456 sententia.
3676 4399 3777 4456 Su-

2188 4494 2369 4565 perius
2397 4493 2539 4548 enim
2581 4492 2718 4548 dixit
2760 4492 2923 4548 verba
2953 4506 3045 4548 sua
3080 4502 3198 4562 post
3226 4492 3524 4562 peccatoris
3565 4501 3776 4563 tergum

2190 4583 2354 4639 fuisse
2383 4583 2621 4654 projecta
2655 4597 2671 4637 :
2701 4597 2844 4637 nunc
2885 4592 3032 4638 sorte
3058 4574 3346 4649 contraria,
3379 4590 3603 4652 peccata
3652 4581 3779 4636 dicit

509 4676 682 4746 arguit
751 4685 1100 4743 peccatores;
1163 4687 1305 4729 nunc
1365 4671 1526 4728 etiam
1603 4673 1672 4728 de
1740 4672 2086 4728 conscientia:
2113 4667 2484 4745 Dunicuique
2527 4682 2654 4728 ante
2700 4672 2888 4728 faciem
2922 4687 3072 4727 suam
3113 4671 3445 4728 collocanda.
3493 4671 3601 4726 Per
3644 4669 3780 4726 hanc

512 4766 790 4835 pravitate,
819 4774 879 4822 et
906 4764 1098 4835 lingua:
1121 4764 1596 4820 subdolesitatibus
1627 4771 1964 4820 accusantur.
2011 4764 2082 4819 0s

515 4858 600 4914 hic
621 4859 999 4929 cogitationem
1025 4857 1206 4914 cordis
1223 4856 1481 4912 debemus
1499 4855 1822 4923 advertere;
1855 4857 1979 4926 quia
2015 4855 2084 4912 de

512 4948 692 5019 lingua
715 4957 898 5017 postea
927 4949 1169 5006 dicturus
1195 4956 1297 5004 est.
1328 4946 1477 5004 'l'unc
1503 4948 1645 5004 enim
1679 4950 1905 5018 nequitia
1944 4949 2087 5019 cogi-

514 5040 730 5096 tationis
764 5041 1010 5108 abundat,
1041 5041 1256 5112 quando
1285 5041 1340 5095 in
1365 5041 1518 5097 istius
1561 5040 1742 5097 saeculi
1775 5041 2087 5096 delectatio-

517 5133 673 5189 nibus
699 5145 852 5188 mens
886 5133 1112 5189 humana
1138 5133 1498 5206 progreditur,
1541 5142 1598 5191 et
1623 5145 1719 5202 per
1759 5133 1970 5188 diversa
1998 5147 2088 5202 ge-

517 5237 643 5281 nera
674 5231 1012 5294 peccatorum
1043 5225 1224 5295 iniqua
1252 5226 1528 5280 voluntate
1565 5231 1858 5294 grassatur.
1900 5221 2089 5292 Sequi-

518 5331 623 5387 tur,
667 5329 713 5374 et
759 5321 936 5390 lingua
990 5329 1077 5372 tua
1125 5321 1444 5375 concinnavit
1495 5317 1691 5372 dolum.
1753 5317 1866 5370 Hoc
1908 5317 2089 5372 multis

518 5412 688 5468 modis
711 5411 874 5468 debet
907 5410 1169 5482 intelligi;
1216 5427 1340 5466 nam
1370 5417 1426 5465 et
1469 5409 1560 5478 qui
1600 5407 1736 5460 falso
1761 5407 1962 5473 laudat,
1997 5407 2090 5462 do-

518 5512 624 5560 lum
647 5502 799 5570 facit;
829 5512 888 5560 et
908 5504 996 5576 qui
1039 5505 1270 5575 maligna
1299 5502 1522 5557 consilia
1546 5497 1881 5568 praestiterit,
1913 5501 1966 5553 ih
1999 5511 2090 5554 ea-

499 5595 636 5665 dem
663 5597 936 5669 iniquitate
973 5607 1255 5664 versatur;
1293 5605 1353 5652 et
1377 5594 1469 5665 qui
1509 5594 1652 5648 male
1697 5593 1905 5664 agendo
1955 5595 2091 5650 bene

519 5689 770 5760 loquitur,
807 5690 862 5748 in
892 5691 991 5749 hac
1022 5693 1288 5763 pravitate
1313 5686 1576 5748 findatur:
1609 5694 1666 5740 et
1693 5686 1946 5756 quidquid
1997 5699 2095 5755 po-

518 5791 716 5840 stremo
735 5799 924 5844 verum
943 5801 1008 5844 ac
1029 5783 1260 5855 simplex
1286 5794 1392 5834 non
1417 5778 1594 5844 tuerit,
1621 5777 1823 5833 dolosis
1851 5777 2088 5835 moribus

515 5877 824 5947 applicatos.
866 5879 1156 5950 Aptissimc
1187 5874 1350 5946 ιω
1365 5881 1544 5927 autem
1579 5872 1808 5940 positum
1838 5877 1941 5938 est,
1970 5881 2089 5928 cott-

2187 4777 2362 4825 autem
2397 4769 2717 4824 sententiam
2744 4767 2901 4822 futuri
2931 4765 3118 4836 judicii
3142 4766 3520 4836 cognoscimus
3551 4765 3780 4836 qualita-

2188 4871 2327 4927 tem;
2368 4861 2488 4930 quia
2518 4861 2694 4916 onmis
2726 4867 2973 4929 peccator
2997 4866 3121 4912 ante
3147 4871 3204 4912 se
3233 4855 3437 4911 videbit
3459 4862 3606 4910 stare
3638 4852 3780 4925 quod

2189 4967 2248 5009 se
2281 4954 2499 5021 putabat
2531 4950 2817 5006 oblivionis
2865 4948 3126 5006 beneﬁcio
3172 4949 3524 5020 praeteriisse.
3572 4947 3784 5002 Horror

2196 5048 2513 5111 immensus,
2533 5044 2761 5100 formido
2783 5041 3168 5099 inaestimabilis
3193 5042 3280 5096 illa
3302 5041 3544 5097 homines
3571 5039 3780 5108 videre,

2196 5147 2294 5208 per
2322 5145 2440 5207 qua:
2467 5151 2526 5192 se
2558 5145 2750 5192 norunt
2781 5135 2846 5190 ad
2875 5141 3074 5191 interna
3097 5131 3356 5205 supplicia
3387 5133 3694 5203 pervenire.

2271 5230 2426 5286 Vere.
2452 5229 2544 5283 22.
2581 5227 2853 5302 intelligite
2895 5229 3020 5292 lta'c,
3067 5215 3156 5296 qui
3202 5221 3558 5280 obliviscim’ini
3601 5221 3789 5279 Domi-

2198 5335 2343 5387 num,
2394 5322 2664 5390 nequando
2711 5320 2899 5390 rapiat,
2943 5327 2990 5370 et
3039 5327 3141 5370 non
3185 5317 3251 5370 sit
3299 5315 3386 5386 qui
3430 5313 3638 5382 eripiat.
3687 5313 3788 5370 Hic

2199 5414 2337 5470 facta
2363 5423 2446 5470 est
2476 5413 2818 5485 apostropha,
2847 5411 2895 5466 id
2927 5419 3010 5466 est
3035 5409 3317 5466 conversio
3347 5409 3412 5463 ad
3433 5409 3554 5464 illos
3574 5408 3790 5464 scilicet

2202 5514 2512 5575 peccatores
2540 5519 2673 5575 quos
2701 5501 2946 5575 superius
2973 5507 3117 5556 vetat
3147 5497 3356 5554 Domini
3389 5511 3611 5553 narrare
3649 5515 3790 5568 prae—

2199 5597 2376 5652 cottla.
2404 5596 2539 5652 Dicit
2559 5595 2699 5652 enim
2729 5611 2743 5649 :
2779 5591 3078 5664 Intelligite,
3103 5591 3156 5647 id
3187 5599 3269 5647 est
3294 5587 3522 5667 ﬁdeliter
3541 5587 3786 5645 obcdite.

2198 5691 2268 5748 Et
2299 5705 2369 5747 ne
2416 5691 2515 5748 hoc
2562 5689 2807 5748 omnibus
2855 5686 3226 5756 peccatoribus
3273 5683 3527 5742 crederes
3555 5683 3786 5748 dictum,

2198 5783 2422 5850 addidit,
2441 5783 2530 5854 qui
2544 5780 2898 5837 obiiviscimini
2916 5777 3213 5833 Dominum.
3245 5777 3500 5832 Peccator
3523 5776 3671 5830 enim
3695 5775 3788 5846 qui

2200 5875 2484 5946 supplicat,
2535 5883 2586 5931 ct
2631 5889 2690 5931 sc
2739 5869 2927 5930 humili
2973 5871 3335 5928 satisfactione
3375 5869 3625 5942 castigat,
3677 5883 3790 5926 non
