4004 6342
228 411 320 467 557

1186 405 1548 466 EXPOSITIO
1579 405 1650 464 ΙΝ
1689 405 2146 465 PSALTERIUM.
2187 405 2382 465 PSAL.
2423 407 2486 464 L.

3349 405 3456 465 358

225 523 530 582 obliviscitur
561 521 862 578 Dominum.
893 521 960 578 Et
990 522 1112 578 ideo
1138 522 1206 578 de
1233 524 1424 593 quibus
1449 522 1552 578 hoc
1574 519 1774 576 dictum
1803 524 1853 584 Α
1879 515 2056 573 stante
2093 518 2348 588 Domino,
2399 529 2722 589 cognoscere
2764 529 3088 574 mereamur.
3141 518 3208 574 Et
3231 521 3352 587 quin
3395 535 3454 576 sc

225 621 304 687 sit,
331 618 474 673 brevi
518 617 888 683 complexione
931 615 1271 671 monstravit.
1305 614 1630 670 immensum
1669 615 1778 668 cri-

225 724 352 774 men,
384 708 700 778 negligentia
725 723 834 763 non
859 701 1073 763 ferenda
1098 708 1321 762 oblivisci
1353 709 1648 773 Dominum,
1687 707 1778 776 qui

223 805 437 860 animam
465 803 629 867 dedit,
665 817 881 858 carnem
911 803 1102 873 pascit,
1130 811 1184 858 et
1213 803 1398 858 ﬁdeles
1425 803 1494 857 ab
1511 795 1663 858 omni
1687 801 1780 856 ad-

225 898 466 952 versitate
493 895 754 951 defendit.
785 898 1031 951 A'mentia
1063 905 1146 952 est
1167 907 1312 951 certe
1337 896 1484 951 illum
1520 895 1779 951 memoria

221 971 412 1054 carere,
463 1003 623 1056 quem
671 999 986 1058 praesentem
1038 1003 1248 1057 semper
1285 997 1491 1042 constat
1519 987 1776 1042 existere.

222 1077 316 1132 Sed
354 1079 440 1145 qui
484 1079 853 1133 obliviscuntur
907 1081 1200 1148 Dominum,
1248 1080 1348 1133 nisi
1377 1081 1466 1150 qui
1513 1089 1779 1150 prmcepta

225 1173 372 1240 ipsius
395 1171 571 1240 iniqua
615 1173 1032 1243 prmsumptione
1067 1173 1775 1242 contemnunt?chuitur:

222 1262 490 1332 Nequundo
519 1265 713 1332 rapiat,
754 1274 799 1317 et
827 1280 928 1318 non
957 1265 1023 1318 sit
1052 1266 1138 1334 qui
1168 1265 1369 1336 eripiat.
1403 1263 1627 1332 Quando
1663 1263 1780 1317 dia-

221 1354 355 1408 bolus
384 1353 545 1422 rapit,
586 1364 665 1409 est
687 1357 773 1424 qui
803 1355 995 1425 eripiat
1019 1356 1084 1410 ad
1115 1357 1341 1410 salutem
1375 1371 1390 1410 :
1440 1354 1652 1424 quando
1677 1354 1782 1408 Do-

220 1447 374 1501 minus
401 1445 476 1501 ad'
497 1447 793 1502 vindictam
822 1448 1003 1514 trahit,
1037 1463 1140 1503 non
1167 1456 1249 1504 est
1279 1449 1367 1518 qui
1395 1448 1627 1502 liberare
1656 1461 1784 1515 pos-

219 1536 278 1590 sit
301 1536 598 1601 addictuns;
632 1540 828 1607 quippe
863 1555 984 1593 cum
1030 1547 1085 1594 et
1117 1542 1233 1610 ipse
1275 1549 1462 1594 auctor
1489 1539 1780 1594 criminum

217 1634 394 1679 aeterna
415 1627 749 1681 cruciatlone
778 1630 1080 1683 damnetur.

281 1713 424 1770 Vers.
460 1715 552 1769 23.
603 1715 930 1785 Sacri/icium
975 1717 1144 1770 laudis
1188 1718 1546 1785 honoriﬁcabit
1577 1733 1658 1778 me
1687 1733 1703 1770 :
1734 1725 1784 1771 et

217 1803 309 1857 illic
333 1803 426 1858 iter
467 1813 563 1871 est,
591 1805 646 1858 in
673 1821 774 1875 quo
812 1805 1075 1860 ostendam
1119 1805 1196 1858 illi
1239 1804 1463 1859 salutare
1491 1806 1609 1860 Dei.
1666 1805 1779 1860 Hoc

1880 621 1974 664 rex
2019 615 2074 663 et
2121 608 2400 678 prOpheta,
2445 611 2582 663 sicut
2609 609 2815 678 Regum
2850 615 3072 663 testatur
3117 607 3339 666 historia
3365 609 3449 680 (II

1880 702 2008 772 Reg.
2040 713 2136 765 xu,
2171 699 2284 769 i3),
2325 700 2511 755 humili
2547 701 2906 754 satist‘actiOne
2948 700 3104 771 139
3144 703 3452 770 prostravit,

1879 805 1934 850 et
1971 802 2249 863 peccatum
2300 805 2455 847 suum
2495 795 2825 860 increpatus,
2857 791 3076 860 publice
3111 806 3216 846 non
3245 789 3457 848 erubuit

1881 878 2153 950 conﬁteri;
2179 884 2374 938 merito
2393 882 2858 938 eum-sanctissimi
2883 883 3066 937 Patres
3085 882 3454 942 honorandum

1886 979 2204 1048 ﬁguratione
2251 974 2609 1030 sacratissima
2639 983 2980 1028 censuerunt.
3021 974 3163 1028 inter
3203 973 3338 1028 alios
3381 975 3456 1027 si-

1882 1071 2096 1139 quidem
2126 1069 2312 1124 beatus
2341 1067 2696 1138 Hieronymus
2727 1067 2990 1122 Bersabee
3019 1066 3236 1133 ﬁguram
3270 1065 3454 1120 Ecclec

1883 1164 2000 1230 sim,
2057 1161 2142 1216 vel
2190 1162 2437 1215 humanae
2468 1161 2645 1214 carnis
2689 1159 2940 1214 habuisse
2991 1159 3321 1212 demonstrat
3365 1154 3458 1227 (in

1883 1254 2037 1307 Amos
2079 1267 2194 1323 cap.
2236 1267 2351 1316 vui,
2383 1267 2512 1306 uera.
2547 1251 2636 1317 it)
2671 1268 2685 1303 :
2721 1248 2883 1303 David
2913 1262 3065 1314 vero,
3099 1248 3234 1304 sicut
3281 1247 3460 1301 multis

1885 1344 2015 1397 locis
2045 1352 2256 1397 constat
2284 1351 2554 1411 aptatum,
2597 1341 2806 1395 Domini
2833 1337 3032 1394 Christi
3066 1349 3306 1406 portasse
3329 1337 3462 1392 dicit

1884 1433 2192 1502 imaginem.
2219 1432 2285 1486 Et
2309 1433 2442 1485 sicut
2469 1430 2584 1495 illa,
2616 1432 2740 1484 dum
2767 1432 2819 1486 in
2847 1429 2995 1488 fume
3024 1429 3232 1484 Cedron
3259 1430 3460 1485 lavare-

1886 1534 1991 1589 tur,
2023 1533 2180 1578 exuta
2213 1523 2450 1578 vestibus
2507 1521 2672 1576 David
2723 1522 2939 1592 placuit,
2982 1531 3036 1576 et
3063 1524 3128 1576 ad
3157 1525 3332 1592 regios
3380 1533 3463 1579 est

1887 1616 2161 1684 compulsa
2191 1616 2373 1670 venire
2401 1614 2735 1683 complexus,
2766 1613 3093 1682 niaritusque
3118 1616 3235 1683 ejus
3262 1616 3461 1682 princi-

1887 1708 1988 1776 pali
2010 1707 2249 1777 jnssionc
2291 1707 2582 1761 trucidatus
2606 1718 2688 1762 est
2714 1715 2782 1772 ll;
2823 1705 2890 1760 ita
2919 1714 2973 1761 et
3016 1705 3276 1765 Ecclesia.
3303 1705 3353 1759 id
3382 1714 3465 1762 est

1885 1801 2224 1870 congregatio
2253 1801 2483 1856 ﬁdelium
2517 1815 2610 1871 per
2653 1801 2918 1854 lavacrum
2948 1798 3085 1853 sacri
3124 1797 3456 1867 baptismatis

217 1901 384 1948 contra
429 1894 554 1949 illos
587 1897 819 1963 ponitur,
853 1897 943 1965 qui
985 1896 1184 1966 indigni
1216 1895 1398 1952 laudes
1434 1897 1642 1950 Domini
1683 1911 1774 1952 ea-
1811 1907 1858 1968 Β
1886 1891 2157 1948 mundatis
2186 1892 2434 1947 sordibus
2474 1900 2813 1959 peccatorum
2843 1889 3057 1943 Christo
3102 1887 3327 1943 Domino
3365 1903 3459 1941 no-

121 2039 126 2044 _
218 1999 332 2038 nere
381 1987 792 2053 praesumebant.
839 1987 1168 2056 Sacriﬁcium
1203 1989 1372 2042 laudis
1417 1988 1774 2057 honorificabit

219 2097 316 2148 ste;
338 2099 440 2138 non
478 2085 636 2154 quale
659 2084 905 2140 scelerati
936 2093 1150 2150 canunt,
1178 2084 1272 2140 sed
1293 2085 1449 2154 quale
1471 2099 1602 2156 pura
1630 2098 1781 2141 mens

219 2177 482 2232 consuevit
509 2177 723 2234 offerre.
759 2179 935 2249 Ipsum
971 2179 1116 2233 enim
1141 2179 1451 2248 sacriﬁcium
1492 2179 1660 2233 laudis
1687 2179 1782 2234 ho-

218 2275 362 2322 norat
407 2268 718 2337 Dominnm,
761 2270 901 2339 quod
943 2271 1172 2340 puritate
1215 2270 1361 2335 ﬁdei,
1412 2280 1466 2325 et
1514 2273 1783 2325 actionum

218 2357 469 2426 probitate
497 2360 656 2416 fuerit
679 2363 1031 2417 immolatum.
1060 2361 1315 2431 Sequitur
1341 2377 1576 2432 quoque,
1601 2372 1648 2416 et
1677 2362 1788 2416 illic

217 2445 304 2500 iter
331 2458 425 2502 est.
458 2449 569 2504 Iter
596 2451 826 2520 appellat
867 2451 1226 2507 beatissimam
1256 2454 1630 2522 psalmodiam.
1679 2453 1787 2508 Sed

216 2536 319 2594 haec
346 2540 428 2596 via
458 2541 548 2598 ubi
571 2541 732 2598 ducat
754 2544 996 2613 exponit,
1035 2561 1134 2615 quo
1163 2544 1426 2600 ostendam
1452 2545 1532 2599 illi
1559 2546 1788 2600 salutare

1887 1986 2053 2040 scitur
2103 1997 2223 2038 esse
2279 1981 2500 2038 sociata.
2545 1983 2848 2052 Congruum
2900 1981 3162 2051 siquidem
3212 1979 3316 2034 fuit
3357 1977 3465 2033 illis

1886 2075 2236 2146 temporibus,
2287 2083 2344 2128 ut
2394 2089 2488 2144 per
2541 2081 2714 2128 actum
2766 2069 3066 2143 hujusmodi
3104 2071 3466 2125 iudicarentur

1889 2170 2099 2224 Domini
2133 2167 2308 2223 futura
2335 2168 2621 2239 mysteria;
2663 2177 2717 2222 et
2747 2165 3091 2235 spiritualitcr
3121 2165 3187 2218 ad
3218 2179 3467 2234 magnum

1890 2270 2283 2317 sacramentum
2317 2261 2635 2332 probaretur
2657 2259 2866 2325 referri,
2891 2259 3034 2329 quod
3062 2257 3199 2314 inter
3227 2258 3472 2315 homines

1890 2352 2230 2422 culpabiliter
2255 2351 2530 2407 videbatur
2551 2350 2778 2405 admitti.
2807 2349 2938 2404 Nam
2961 2357 3015 2404 et
3040 2349 3175 2403 Osee
3201 2349 3471 2418 prophetat

1887 2442 2047 2514 jussit
2079 2442 2218 2498 Deus
2254 2459 2473 2497 uxorem
2501 2441 2605 2496 sibi
2632 2443 2874 2510 accipere
2897 2442 3233 2495 meretricem
3260 2439 3403 2510 (Οδε.
3431 2456 3467 2508 t,

1892 2536 1981 2608 2);
2016 2547 2070 2592 ut
2106 2537 2502 2607 signiﬁcaretur
2546 2535 2782 2590 Ecclesia
2817 2534 3051 2604 gentium
3086 2535 3318 2604 peccatis
3363 2535 3472 2588 suis
3531 2607 3542 2615 _

213 2627 321 2685 Dei.
357 2629 611 2689 Gloriosa
647 2635 862 2702 semita,
903 2651 1022 2706 qua;
1061 2637 1206 2692 duci;
1254 2638 1320 2691 ad
1369 2637 1491 2691 οωιί
1527 2641 1792 2708 terraique
1895 2625 2138 2690 sordida,
2187 2624 2563 2694 conjunctione
2593 2623 2800 2704 Domini
2835 2639 2953 2680 esse
2994 2621 3314 2678 mundanda.
3365 2621 3474 2678 [ioc

211 2720 541 2778 Creatorem.
569 2724 764 2781 verum
795 2727 937 2782 istud
968 2727 1085 2793 iter,
1125 2727 1266 2796 quod
1307 2729 1510 2782 dictum
1550 2739 1652 2793 est,
1686 2745 1793 2784 non
1896 2717 2054 2771 etiam
2087 2716 2138 2770 in
2163 2716 2297 2771 Juda
2327 2726 2381 2770 et
2403 2713 2634 2770 Thamar
2663 2731 2796 2768 nuru
2826 2717 2966 2782 ejus,
3012 2714 3098 2768 vel
3129 2713 3246 2767 aliis
3286 2711 3476 2766 simili-

213 2815 456 2885 pedibus,
511 2818 607 2874 sed
645 2820 848 2873 uncus
892 2818 1162 2873 mentibus
1191 2818 1513 2874 ambulamr_
1555 2819 1710 2887 Quod
1748 2819 1794 2875 εί
1899 2805 1998 2860 bus
2028 2817 2234 2877 gestum
2267 2820 2386 2860 csse
2417 2804 2706 2874 ﬁguraliter
2727 2807 3057 2870 invenimus;
3084 2805 3219 2858 sicut
3247 2805 3476 2872 Aposto-

219 2923 344 2980 puro
368 2910 540 2966 corde
561 2911 889 2980 gradiantur,
922 2927 1021 2968 nos
1040 2912 1187 2967 ducit
1208 2911 1277 2966 ad
1295 2911 1565 2966 Christum
1586 2951 1600 2977 ,
1633 2911 1798 2982 ﬁtquc
1901 2902 1986 2958 lus
2018 2903 2145 2958 dicit
2178 2919 2191 2956 :
2243 2901 2428 2955 Omnia
2456 2902 2509 2954 in
2540 2899 2710 2970 ﬁgura
2742 2899 3096 2970 contingebant
3135 2898 3237 2952 illis
3275 2897 3328 2968 (1
3354 2897 3472 2953 Cor.

217 3001 360 3056 nobis
389 3002 480 3057 illa
521 3005 666 3058 scala
696 3003 862 3060 Jacob
911 3020 1030 3074 quae
1074 3004 1429 3061 ascendentes
1471 3003 1800 3074 perducebat
1902 3013 1956 3065 ι,
1990 2997 2106 3068 il).
2148 2997 2224 3052 De
2255 2996 2355 3051 hac
2380 2996 2541 3050 etiam
2570 2995 2736 3064 ﬁgura
2769 2993 2932 3047 David
2963 3001 3016 3048 et
3063 2992 3328 3047 Bersabee
3353 3008 3478 3047 san-

219 3094 279 3150 ad
304 3094 468 3154 casias
493 3094 650 3166 ’(ϐση.
678 3111 868 3164 xxvm,
903 3097 1013 3166 12).
1902 3098 2020 3142 ctus
2061 3085 2386 3154 Augustinus
2428 3087 2480 3138 in
2524 3084 2670 3138 libris
2708 3095 2846 3154 quos
2889 3082 3175 3138 adversum
3222 3081 3474 3138 Faustum

744 3207 1013 3264 conclusio
1054 3207 1262 3280 psalmi.
1904 3178 2256 3280 hiauiehaium
2285 3178 2498 3246 scripsit
2521 3178 2638 3278 (lib.
2667 3191 2799 3280 xiiii,
2827 3192 2944 3277 cap.
2969 3175 3080 3278 8i),
3111 3177 3248 3276 inter
3267 3177 3374 3280 alia
3393 3177 3476 3280 di-

1213 3295 1317 3356 ;“m
1344 3324 1503 3356 mum
1541 3323 1766 3356 mnum
1823 3291 1870 3356 ο
1903 3270 2254 3341 ligentissime
2299 3269 2611 3338 disputavit.
2679 3267 2830 3322 Unde
2869 3266 2984 3321 sive
3013 3268 3114 3321 ista
3159 3267 3476 3333 similitudo,

285 3322 555 3380 Proﬁcuus
577 3325 796 3379 omnino
825 3325 1088 3395 psalmus,
1130 3327 1172 3379 si
1196 3324 1506 3396 eumvellet
1540 3323 1797 3392 improbi-

224 3423 296 3472 tas
319 3430 645 3485 cognoscere
667 3415 993 3471 Judaeorum.
1040 3413 1094 3469 in
1126 3415 1398 3486 principiis
1420 3417 1560 3470 enim
1589 3415 1657 3471 de
1693 3416 1795 3470 Do-

224 3507 340 3562 mini
371 3507 750 3564 incarnatione
771 3509 980 3564 locutus
1004 3517 1104 3565 est.
1147 3510 1264 3578 ipse
1304 3523 1516 3580 quoque
1554 3508 1800 3565 Salvator

225 3596 479 3666 admonet,
522 3607 579 3653 ut
604 3598 847 3654 victimas
869 3599 1130 3670 pecudum
1162 3599 1493 3664 deserentes,
1516 3600 1693 3655 cordis
1721 3615 1798 3656 sa-

224 3686 407 3742 criﬁcia
441 3688 676 3759 populus
703 3690 930 3745 devotus
971 3689 1229 3744 exstilvat.
1265 3689 1604 3745 Pcccatorem
1648 3707 1796 3758 vero,

227 3777 306 3846 qui
340 3778 561 3835 Christo
592 3771 695 3834 non
727 3781 972 3847 credidit,
1018 3796 1049 3835 a
1093 3780 1467 3852 praedicatione
1499 3781 1798 3839 Diviuitatis

228 3870 457 3929 exclusit.
486 3872 700 3929 Deinde
740 3877 896 3945 quale
922 3875 1243 3931 sacriﬁcium
1290 3875 1462 3930 laudis
1494 3877 1800 3932 immoletur

227 3965 466 4021 ostendit.
515 3965 852 4023 Postremum
887 3969 1334 4039 quemadmodum
1365 3979 1616 4040 peccator
1657 3969 1800 4040 judi-

226 4065 366 4110 cetur
393 4059 618 4128 aperuit.
649 4058 784 4127 Quid
812 4060 1002 4127 adhuc,
1037 4059 1226 4124 Judaei,
1261 4051 1543 4131 desipitis?
1573 4060 1682 4116 Cur
1709 4077 1800 4116 ve-

229 4152 388 4200 strum
415 4148 688 4205 interitum
730 4167 836 4206 non
867 4151 1103 4208 timetis?
1143 4150 1336 4206 Audite
1369 4154 1702 4222 Synagogam
1731 4153 1800 4209 de

234 4231 588 4296 incarnatione
615 4243 828 4298 Domini
853 4253 908 4299 et
949 4245 1014 4299 de
1046 4244 1224 4298 futuro
1261 4243 1460 4313 judicio
1505 4256 1800 4314 personam-

231 4335 352 4384 tem.
387 4331 568 4390 Visum
594 4336 703 4406 jam
736 4335 960 4402 credite,
983 4337 1075 4408 qui
1104 4336 1388 4408 praedictus
1413 4346 1496 4393 est
1523 4338 1797 4396 advenire.

231 4417 334 4475 Non
364 4433 485 4478 sunt
534 4425 692 4498 longe
741 4427 973 4483 remedia
1018 4443 1137 4497 quae
1179 4429 1393 4497 petatis,
1424 4443 1654 4501 sequens
1701 4447 1800 4489 vos

230 4511 452 4579 psalmus
468 4517 723 4585 absolvit,
744 4519 788 4573 si
810 4518 874 4574 ad
896 4520 1222 4590 poenitentiae
1243 4521 1498 4577 beneﬁcia
1518 4522 1795 4580 festinetis.

230 4599 356 4668 Quid
380 4620 472 4662 vos
502 4623 531 4660 a
569 4611 810 4680 generali
849 4611 1054 4666 medela
1083 4612 1355 4668 dividitis?
1387 4613 1564 4683 Ipsum
1607 4625 1660 4670 ct
1701 4632 1798 4672 vos

229 4695 382 4750 salvat
407 4697 554 4772 [mss.
579 4699 668 4762 Α..
686 4700 883 4770 B.,F.,
910 4701 1124 4776 solvat],
1149 4705 1286 4774 quod
1311 4713 1364 4758 et
1384 4720 1480 4759 nos
1507 4705 1712 4762 liberat.
1738 4708 1798 4763 In

231 4799 496 4848 commune
525 4793 763 4849 dicamus
808 4811 822 4850 :
873 4793 1115 4850 Miserere
1161 4799 1275 4860 mei,
1322 4795 1483 4863 Dens,
1521 4801 1799 4856 secundum

237 4892 460 4949 magnam
507 4885 911 4938 misericordiam
962 4879 1498 4958 tnam.‘Baptismnm
1549 4892 1796 4960 quaerite,

232 4981 430 5027 carnem
459 4991 617 5045 quam
645 4977 989 5033 cruci‘ﬁxistis
1009 4981 1284 5045 assuntite,
1307 4981 1614 5050 sanguinem
1639 4999 1798 5052 quem

233 5059 429 5120 fudistis
450 5067 671 5122 ebibite.
713 5069 799 5123 Pia
830 5070 1099 5124 confessio
1137 5079 1308 5138 potest
1333 5073 1636 5142 absolvere,
1662 5073 1803 5144 quod

233 5166 342 5214 vota
365 5163 754 5232 constat'impia
782 5167 1135 5220 cmnmisisse.

551 5275 906 5350 EXPOSlTiO
947 5279 1011 5333 ΙΝ
1051 5277 1379 5338 ΓδΑωιυδι
1421 5281 1480 5336 L.

233 5377 293 5438 In
317 5386 480 5456 ﬁnem,
533 5390 758 5458 psalmus
804 5390 988 5455 David,
1021 5406 1138 5446 cunt
1185 5392 1316 5444 venit
1345 5392 1414 5444 ad
1441 5409 1558 5446 eum
1586 5393 1802 5450 Nathan

481 5461 744 5532 propheta,
769 5479 888 5516 cum
919 5462 1128 5515 intravit
1158 5462 1224 5515 ad
1257 5461 1522 5518 Bersabee.

300 5568 482 5640 Opera:
499 5577 730 5646 pretium
757 5584 842 5633 est
861 5576 1004 5632 hunc
1026 5576 1287 5645 psalmum
1311 5575 1468 5644 paulo
1487 5576 1800 5646 diligentius

235 5666 578 5734 mrscrutari;
605 5676 659 5724 ut
688 5668 896 5725 virtutis
927 5667 1044 5738 ejus
1065 5667 1326 5737 profunda
1358 5669 1631 5738 mysteria,
1663 5685 1800 5738 prte-

1902 3363 2018 3418 sive
2059 3361 2164 3416 alia
2205 3359 2396 3426 fuerit,
2433 3361 2590 3415 valde
2625 3359 2826 3414 mutulo
2865 3360 3086 3428 profuit,
3119 3361 3258 3430 quod
3301 3360 3477 3414 taliter

1901 3453 2277 3512 satisfacturos
2297 3453 2500 3510 erravit
2521 3470 2540 3518 ;-
2572 3462 2630 3506 nt
2661 3453 2730 3508 de
2759 3453 2918 3507 unius
2945 3455 3228 3523 temporali
3258 3455 3480 3509 vulnere

1901 3550 2226 3619 generalitas
2254 3557 2512 3603 aeternam
2535 3556 2774 3603 sumeret
2793 3548 3121 3617 sospitatem.

1969 3643 2197 3710 Quanta,
2229 3657 2381 3712 rogo,
2405 3643 2564 3697 beato
2598 3642 2716 3695 viro
2752 3641 2805 3695 in
2852 3642 3122 3710 agnitione
3165 3642 3334 3710 culpae
3363 3655 3478 3697 sua

1901 3732 2000 3789 fuit
2030 3732 2328 3798 humilitas,
2355 3733 2441 3788 cui
2477 3741 2620 3786 tanta
2655 3740 2738 3787 est
2781 3739 2902 3801 post
2950 3733 3156 3787 veniam
3184 3735 3238 3786 in
3267 3732 3480 3788 satisfa-

1900 3825 2082 3881 ctione
2137 3824 2480 3880 constantia‘l
2537 3823 2880 3892 Peregrinum
2943 3829 2999 3878 et
3046 3823 3316 3877 insolitum
3372 3824 3480 3878 illic

1901 3918 2148 3974 adulterii
2179 3918 2346 3973 fuisse
2384 3916 2586 3972 crimen
2616 3916 2935 3983 ostenditur,
2965 3915 3110 3986 quod
3141 3923 3284 3968 tanta
3327 3929 3480 3968 men-

1900 4012 1972 4066 tis
1999 4012 2296 4066 intentione
2334 4009 2579 4065 del-letor.
2630 4008 2877 4064 Latronis
2903 4008 3118 4077 quidem
3151 4021 3250 4062 nos
3291 4010 3480 4064 invitat

1901 4103 2178 4171 repentina
2227 4099 2524 4164 confessio,
2571 4101 2710 4155 Petri
2756 4100 3018 4170 lncrymas
3069 4102 3248 4156 subito
3281 4103 3478 4172 gaude-

1903 4207 2020 4247 mus
2057 4193 2218 4246 fuisse
2264 4199 2559 4260 respectas,
2611 4189 2879 4245 blanditur
2907 4191 3062 4246 nobis
3106 4201 3478 4248 momentanea

1903 4281 2177 4337 humilitas
2202 4282 2498 4352 publicani;
2526 4281 2695 4336 David
2725 4289 2926 4349 autem,
2973 4283 3100 4338 dum
3127 4297 3222 4338 sua
3265 4295 3477 4354 peccata

1902 4373 2094 4430 nititur
2115 4373 2376 4444 prolixius
2413 4372 2712 4444 detergere,
2741 4374 2888 4430 dedit
2919 4375 3060 4432 unde
3085 4391 3146 4432 se
3163 4379 3480 4448 generalitas

1903 4469 2072 4540 possit
2095 4468 2417 4533 absolvere;
2445 4467 2678 4540 fecitque
2704 4478 2761 4524 ut
2789 4469 3040 4542 iacrymae
3065 4485 3198 4538 sum,
3230 4473 3354 4526 dum
3387 4488 3479 4540 per

1904 4561 2260 4629 posteriorum
2309 4573 2405 4614 ora
2433 4560 2742 4628 decurrunt,
2787 4561 2932 4616 nulla
2967 4563 3219 4630 temporis
3261 4562 3479 4629 prolixi-

1905 4659 2018 4706 tate
2041 4651 2332 4706 siccentur.
2365 4649 2776 4706 Consideremus
2801 4651 2958 4704 etiam
2986 4666 3104 4720 qua:
3125 4649 3282 4704 fuerit
3306 4651 3480 4704 humi-

1902 4743 2100 4798 litssin
2142 4743 2422 4812 propheta.
2471 4741 2578 4797 Cor
2627 4742 2881 4812 principis
2932 4756 3034 4796 vox
3079 4744 3230 4812 quasi
3275 4744 3483 4812 privata

1903 4837 2220 4904 conterruit,
2253 4843 2307 4890 et
2333 4834 2500 4888 iratus
2527 4843 2612 4889 est
2652 4835 2828 4903 potius
2868 4833 2991 4901 sibi,
3022 4833 3112 4902 qui
3147 4847 3206 4888 se
3231 4835 3481 4904 cognovit

1899 4927 2042 4997 justa
2080 4927 2448 4997 objurgatione
2489 4927 2712 4995 culpari.
2765 4927 2894 4980 Tam
2935 4926 3226 4994 ingentium
3259 4928 3480 4996 populo—

1905 5033 2024 5074 rum
2050 5029 2226 5074 rector
2247 5020 2346 5074 sibi
2374 5029 2491 5075 erat
2513 5019 3010 5074 vehementissimus
3039 5027 3226 5084 tortor,
3255 5022 3478 5090 exigens

1905 5131 1936 5168 a
1961 5130 2019 5170 se
2043 5129 2228 5183 poenas
2256 5129 2388 5184 quas
2430 5116 2670 5182 jussione
2715 5115 2797 5165 vix
2852 5114 2992 5168 ierre
3037 5124 3240 5180 poterat
3277 5117 3472 5170 aliena.

1912 5207 2080 5277 Vulgo
2111 5221 2230 5261 mos
2255 5216 2336 5260 est
2363 5215 2576 5274 peccata
2607 5219 2702 5257 sua
2730 5206 2936 5258 callidis
2951 5206 3357 5279 allegationibus
3389 5224 3480 5262 ex-
3555 5233 3558 5236 -

1904 5313 2096 5353 cusare
2111 5314 2125 5362 ;
2141 5313 2238 5353 rex
2260 5306 2435 5352 autem
2455 5295 2855 5364 potentissimus
2871 5299 2920 5350 in
2936 5307 3219 5368 conspectu
3238 5301 3478 5354 omnium

1905 5407 1964 5448 se
1993 5392 2168 5460 potius
2198 5390 2358 5460 elegit
2381 5389 2630 5442 addicere
2655 5406 2666 5441 :
2697 5391 3024 5445 constituens
3049 5406 3110 5446 se
3133 5407 3303 5458 reum,
3327 5393 3481 5463 cujus

1906 5491 2258 5540 consueverat
2285 5481 2510 5550 populus
2535 5480 2824 5538 formidare
2844 5483 3122 5552 judicium.
3141 5486 3479 5557 Quapropter

1908 5575 2028 5632 ideo
2053 5589 2083 5630 a
2105 5575 2348 5630 Domino
2359 5573 2566 5632 absolvi
2595 5575 2812 5644 meruit,
2838 5578 2960 5646 quis
2981 5591 3076 5631 sua
3095 5577 3225 5632 vitia
3255 5591 3363 5632 non
3383 5578 3480 5634 de-

1909 5666 2094 5723 fendit.
2127 5666 2174 5722 0
2214 5675 2428 5736 peccata
2466 5665 2520 5724 in
2549 5667 2710 5727 rebus
2737 5666 3026 5726 laetissimis
3063 5668 3188 5739 plus
3219 5657 3475 5726 cavenda.

301 5829 328 5860 ⁸
365 5821 484 5892 Ed.,
511 5827 560 5882 in
581 5827 689 5883 loco
717 5846 813 5895 quo
837 5829 898 5883 ab
931 5827 1154 5884 hostibus
1186 5831 1518 5898 perimeretm'
1547 5829 1855 5886 constitutus
1884 5840 1978 5886 cst.
