4004 6342
440 355 547 415 359

1628 354 1701 414 Μ.
1740 354 2021 416 Αυιιωι
2056 354 2464 417 CASSIODORI

3598 356 3707 415 56C.

438 475 498 533 ln
528 472 700 531 Saulis
728 473 1103 545 persecutione
1138 469 1456 532 numerosas
1483 472 1709 533 virtutes
1752 476 2015 542 exercuit,
2038 476 2097 538 Α
2118 483 2239 533 ctus
2258 476 2341 532 vir
2363 473 2633 544 explicare
2661 485 2769 530 non
2800 476 3053 545 poterat;
3077 469 3173 527 sed
3199 468 3351 527 facile
3372 484 3471 543 per
3489 483 3611 527 eam
3640 486 3707 529 se

436 562 777 641 qui'positus
818 567 873 623 in
915 568 1068 637 regni
1097 566 1386 624 securitate
1427 568 1684 637 peccavit.
1731 567 1849 636 Quo
1878 566 2017 622 facto

436 662 696 719 docemur
722 660 1033 718 felicitatem
1082 660 1267 717 mundi
1292 660 1460 725 1istius
1486 675 1593 716 non
1620 668 1869 730 oportere
1896 674 2018 730 per-

443 755 607 828 quiri.
654 754 869 826 quando
911 754 1080 824 magis
1122 754 1178 809 in
1207 752 1504 810 afflictione
1552 752 1848 822 proﬁcitur,
1869 758 1927 807 et
1962 752 2017 807 in

436 848 802 921 prosperitate
829 856 1100 917 peccatur.
1128 846 1437 903 Meminisse
1463 854 1641 902 autem
1678 845 1936 903 debemus
1962 846 2018 901 in

438 941 543 1000 hoc
568 941 774 1013 psalmo
798 948 999 999 statum
1020 953 1162 1007 esse,
1194 938 1286 1011 qui
1311 939 1509 997 dicitur
1536 939 1837 997 concessio.
1877 936 2020 995 Con-

435 1037 609 1095 cessio
633 1044 719 1093 est
744 1035 914 1104 enim,
940 1049 1063 1090 cum
1089 1049 1214 1091 reus
1242 1049 1352 1091 non
1395 1034 1449 1091 id
1491 1033 1635 1105 quod
1672 1032 1800 1090 fecit
1841 1032 2018 1103 aliqua

434 1129 832 1187 concertatione
850 1126 1112 1196 defendit,
1135 1125 1232 1183 sed
1262 1134 1322 1182 ut
1346 1128 1651 1199 ignoscatur
1674 1124 1906 1197 postulat
1930 1124 2020 1180 ab-

433 1221 629 1277 solute.
659 1217 814 1287 Quod
850 1216 1177 1288 generaliter
1222 1216 1278 1271 in
1313 1214 1563 1272 omnibus
1592 1213 1814 1285 psalmis
1846 1213 2022 1285 patui-

434 1312 660 1371 tentium
683 1308 913 1381 reperiri
936 1324 1099 1380 posse
1126 1323 1235 1366 non
1260 1308 1486 1365 dubium
1512 1316 1615 1365 est.

1003 1425 1201 1482 Divisio
1237 1424 1445 1498 psalmi.

510 1545 757 1614 Quinque
802 1541 1061 1599 membris
1097 1540 1241 1597 hunc
1280 1539 1545 1611 psalmum
1583 1551 1819 1609 congrua
1860 1535 2019 1593 nimis

435 1637 756 1708 respicimus
782 1633 1136 1705 dispositione
1164 1632 1486 1699 formatum;
1509 1639 1590 1698 ut,
1611 1630 1747 1686 sicut
1775 1628 2021 1700 quinario

434 1745 594 1787 sensu
618 1737 899 1800 peccatum
928 1740 1088 1782 omne
1112 1724 1401 1797 colligitur,
1425 1723 1505 1781 sic
1526 1723 1745 1779 totidem
1777 1722 2018 1793 partibus

434 1828 716 1877 contracta
757 1818 1012 1890 iniquitas
1060 1818 1324 1889 expietur.
1375 1816 1555 1873 Prima
1599 1825 1683 1873 est
1727 1816 2017 1873 satisfactio

432 1912 834 1984 perfectissima:
864 1911 1196 1968 humilitatis.
1249 1910 1495 1968 Secunda
1531 1910 1856 1968 confidentia
1898 1912 2010 1966 mi-

433 2003 738 2059 sericordiae
768 2002 997 2070 Domini,
1029 2016 1187 2072 quam
1217 2001 1405 2060 ﬁdeles
1428 2016 1643 2072 semper
1670 2001 1868 2058 habere
1892 2016 2016 2072 pro-

434 2096 628 2152 ﬁcuum
652 2106 757 2152 est.
796 2095 978 2152 Tertia
1018 2096 1237 2168 petitur,
1268 2104 1328 2152 ut
1370 2111 1402 2152 a
1441 2096 1676 2168 peccatis
1705 2096 1824 2167 ejus
1859 2110 2016 2152 suum

434 2187 692 2245 Dominus
713 2197 921 2245 avertat
943 2198 1242 2260 aspectum,
1285 2188 1382 2245 sed
1418 2189 1592 2261 ipsum
1620 2187 1797 2258 potius
1833 2197 2017 2245 sancta

433 2278 673 2337 Trinitas
702 2281 952 2336 miserata
979 2280 1245 2351 respiciat.
1289 2280 1490 2348 Quarta
1519 2278 1793 2352 subjungit
1830 2293 2019 2335 omnes

436 2374 748 2441 peccatores
765 2368 832 2424 ad
857 2368 1185 2426 desiderium
1206 2369 1607 2440 supplicationis
1628 2371 1798 2440 magis
1816 2383 1879 2425 ac
1898 2385 2017 2425 ma-

432 2458 515 2530 gis
528 2457 866 2527 animaudos,
879 2460 923 2516 si
942 2460 1257 2531 tamjngens
1272 2459 1351 2515 illi
1368 2459 1732 2516 remitteretur
1742 2460 2014 2530 iniquitas.

430 2549 623 2618 Quinta
654 2559 806 2621 parte
850 2565 1013 2608 causa
1067 2558 1397 2607 memoratur
1442 2550 1718 2618 Ecclesiae,
1758 2565 1879 2622 quae
1921 2565 2019 2620 per

429 2640 549 2713 ejus
588 2650 702 2698 erat
732 2656 918 2699 semen
955 2642 1187 2699 adventu
1236 2642 1456 2713 Domini,
1484 2636 1886 2697 conStruenda:
1929 2640 2018 2698 ubi

424 2734 537 2807 jam
576 2735 731 2792 laetus
765 2737 926 2792 altari
973 2737 1092 2807 ejus
1131 2735 1433 2793 offerendos
1469 2735 1665 2792 vitulos
1712 2715 2015 2805 pollicetur.

429 2824 522 2885 Sic
546 2837 602 2883 et
630 2828 948 2900 supplicatio
986 2828 1181 2885 devota
1208 2826 1566 2897 concluditur,
1596 2836 1651 2885 et
1673 2834 1912 2884 venturas
1930 2839 2019 2883 sa-

428 2918 555 2977 lutis
572 2918 764 2991 gaudia
790 2920 1124 2977 nuntiantur.

962 3031 1236 3105 Expositio
1263 3031 1476 3105 psalmi.
1544 3084 1551 3091 .

500 3143 657 3200 Vers.
684 3144 739 3200 i.
786 3142 1029 3199 Miserere
1081 3144 1200 3214 mei,
1242 3140 1409 3208 Deus.
1453 3140 1732 3197 secundum
1774 3154 2020 3214 magnam

433 3236 842 3293 misericordiam
866 3245 1028 3291 tuam.

504 3328 660 3385 Vers.
691 3328 746 3383 2.
784 3327 853 3382 Et
891 3327 1170 3382 secundum
1215 3324 1593 3381 multitudinem
1636 3325 2017 3379 miserationum

434 3430 641 3478 tuarum
667 3420 780 3475 dele
802 3419 1118 3489 iniquitatem
1138 3433 1321 3473 meam.
1345 3415 1457 3473 Rex
1481 3416 1573 3472 ille
1592 3414 2013 3487 potentissimus,

431 3522 489 3571 et
508 3512 798 3568 multarum
827 3509 1064 3580 gentium
1092 3509 1263 3565 victor
1298 3508 1568 3578 egregius,
1589 3521 1711 3563 cum
1748 3519 1811 3562 se
1838 3505 2019 3561 audis-

432 3613 519 3662 set
546 3618 575 3658 a
606 3602 831 3659 Natham
862 3601 1117 3672 propheta
1138 3600 1706 3670 redargui,.peccatum
1732 3611 1887 3653 suum
1908 3611 2016 3652 non

435 3692 651 3749 erubuit
676 3690 884 3759 publice
919 3687 1182 3755 conﬁteri,
1211 3704 1312 3745 nec
1335 3680 1625 3751 admoxias
1651 3687 2019 3743 excusationes

435 3781 689 3848 cucurrit,
717 3783 783 3836 ad
811 3796 946 3852 quas
981 3782 1215 3837 maxime
1257 3780 1536 3853 impudens
1576 3779 1793 3836 festinat
1824 3778 2015 3833 huma-

433 3876 609 3941 nitas;
658 3874 755 3931 sed
801 3885 1025 3945 repente
1068 3874 1289 3931 salutari
1343 3874 1653 3931 humilitate.
1692 3881 2015 3945 prostratus,

433 3967 614 4038 ipsum
636 3981 696 4024 se
732 3958 968 4023 offerens
996 3966 1130 4033 Deo,
1164 3976 1485 4038 purpuratus
1515 3966 1783 4037 ptenitens
1812 3966 1915 4035 piis
1942 3965 2019 4021 la-

432 4059 631 4133 crymis
660 4058 1001 4130 supplicavit.
1036 4058 1237 4116 Fidelis
1265 4061 1409 4116 enim
1434 4074 1624 4116 servus
1648 4074 1755 4115 non
1794 4058 2021 4115 assumit

436 4151 666 4207 callosas
693 4150 923 4220 inﬁcias,
947 4152 1043 4208 sed
1065 4154 1174 4208 cito
1203 4154 1453 4224 intelligit
1490 4156 1778 4210 commissa
1800 4152 2018 4209 delicta.

431 4243 675 4302 Mirabile
706 4245 947 4301 initium!
981 4246 1217 4302 Dicendo
1237 4250 1383 4304 enim
1409 4247 1585 4304 Judici
1603 4266 1616 4301 :
1635 4247 1878 4303 Miserere
1898 4247 2017 4315 mei,

438 4338 616 4393 locum
645 4340 875 4393 examini
905 4341 1251 4407 cognoscitur
1291 4340 1596 4396 abstulisse.
1637 4340 1754 4395 Vox
1782 4341 1885 4394 ista
1911 4355 2019 4395 non

435 4427 739 4495 discutitur,
761 4429 854 4485 sed
867 4430 967 4484 sub
980 4430 1595 4501 tranquillitatesemper
1614 4430 1863 4497 auditur;
1883 4432 2020 4487 sola-

434 4539 541 4595 que
570 4538 657 4581 res
684 4533 770 4581 est
798 4539 893 4594 per
921 4538 1083 4594 quam
1120 4524 1386 4593 possimus
1414 4524 1495 4580 rei
1534 4524 1652 4580 sine
1681 4524 1858 4594 aliqua
1882 4539 2016 4581 con-

433 4618 712 4674 trarietate
765 4616 1003 4672 defendi.
1051 4616 1272 4673 Petebat
1320 4617 1535 4687 quidem
1580 4616 2013 4686 misericordiam,
2042 4638 2097 4701 D

432 4724 591 4781 quam
621 4708 847 4765 deﬁnire
876 4724 983 4765 non
1004 4717 1250 4779 poterat;
1298 4710 1394 4766 sed
1435 4720 1609 4766 tamen
1632 4708 1867 4782 peccatis
1904 4710 2016 4767 suis

434 4815 553 4856 eam
579 4798 919 4870 grandiorem
956 4800 1278 4855 omnimodis
1303 4802 1588 4857 sentiebat.
1636 4801 1842 4867 Quanta
1869 4801 2016 4857 enim

435 4894 527 4958 sit,
549 4904 610 4948 ut
629 4892 882 4963 dixerunt
910 4892 1233 4948 sanctissimi
1262 4891 1470 4959 Patres,
1488 4892 1607 4962 quis
1626 4906 1881 4949 enarrare
1903 4892 2015 4950 suf-

433 4984 618 5051 ﬁciat;
650 4993 710 5040 ut
744 4985 927 5040 mundi
967 4985 1281 5041 Creatorem
1323 4986 1392 5041 de
1430 4986 1567 5040 ctelo
1606 4986 1933 5055 deposuerit,
1962 4997 2019 5043 et

437 5084 653 5133 terreno
700 5091 928 5147 corpore
972 5077 1207 5134 induerit
1248 5076 1615 5145 Conditorem,
1647 5093 1897 5151 ;eumque
1925 5080 2019 5151 qui

438 5171 740 5226 aeternitate
768 5170 912 5225 Patri
942 5180 1124 5227 manet
1150 5172 1389 5243 aequalis,
1430 5170 1745 5227 mortalitati
1773 5186 2019 5244 coaequa-

434 5262 598 5329 verit,
620 5272 674 5319 et
703 5278 799 5334 pro
824 5263 980 5319 nobis
1011 5264 1234 5321 formam
1263 5266 1405 5322 servi
1433 5265 1615 5321 mundi
1658 5265 1888 5322 Domino
1917 5267 2017 5321 im-

434 5357 712 5427 posuerit;
754 5366 811 5411 ut
855 5357 971 5426 ipse
1001 5360 1154 5425 panis
1182 5360 1429 5427 esuriret,
1477 5361 1595 5415 fons
1645 5360 1767 5417 vitas
1819 5362 2014 5429 sitiret,

433 5446 603 5501 virtus
633 5447 1012 5515 inflrmaretur,
1043 5451 1381 5519 omnipotens
1398 5452 1504 5505 vita
1526 5453 1860 5508 moreretur?
1883 5451 2015 5520 Quae

434 5535 667 5608 denique
694 5540 864 5608 major
886 5539 1275 5607 misericordia,
1301 5557 1457 5611 quam
1481 5551 1700 5611 propter
1720 5558 1822 5598 nos
1840 5541 2015 5599 creari

433 5630 766 5698 Creatorem,
797 5632 1000 5688 servire
1029 5632 1452 5698 Dominatorem,
1481 5634 1638 5690 vendi
1686 5634 2016 5705 Redempto-

433 5739 573 5792 rem,
620 5723 888 5782 humiliari
935 5725 1323 5795 Exaltatorem,
1355 5727 1527 5784 occidi
1574 5726 2017 5784 Viviﬁcatoreml

434 5820 561 5898 Hac
586 5833 705 5884 erat
732 5823 821 5884 illa
847 5817 1413 5899 magnaﬁmisericerdia
1440 5816 1866 5897 Dominifquam
1886 5840 2015 5884 san-

2088 623 2097 635 ,
2118 570 2373 627 credebat
2397 568 2734 639 absolvi,per
2753 583 2913 638 quam
2939 566 3232 622 humanum
3255 579 3422 635 genus
3443 564 3553 633 jam
3575 573 3707 621 tunc
3754 636 3757 637 ν

2116 662 2474 732 cognoscebat
2495 675 2654 731 posse
2679 659 2917 716 liberari.
2950 659 3100 728 Quod
3131 668 3307 714 autem
3331 656 3468 712 dixit
3496 675 3509 711 :
3544 656 3708 713 Mise-

2116 768 2228 809 rere
2247 754 2369 823 mei,
2384 753 2544 820 Deus,
2560 753 2838 810 secundum
2852 768 3095 824 magnam
3112 750 3515 806 misericordiam
3531 760 3708 819 tuam;

2123 854 2496 916 argumentum
2525 846 2675 902 estA
2704 845 3042 916 conjugatis:
3073 843 3302 898 misereri
3330 841 3496 910 enim,
3534 856 3567 897 a
3602 842 3711 897 mi-

2119 936 2428 993 sericordia:
2477 936 2624 993 fonte
2662 935 2963 993 descendit.
3014 934 3285 1006 Sequitur,
3336 942 3385 989 et
3422 928 3727 988 secundum

2117 1026 2501 1083 multitudinem
2544 1029 2927 1083 miserationum
2972 1037 3179 1082 tuarum
3226 1024 3340 1080 dele
3383 1024 3713 1094 iniquitatem

2118 1136 2304 1176 meam.
2332 1120 2470 1189 Quid
2502 1136 2608 1177 non
2639 1129 2853 1191 poterat
2879 1120 3030 1188 dare,
3078 1117 3288 1188 quando
3317 1103 3614 1173 secundum
3643 1130 3711 1172 se

2119 1211 2379 1269 Dominus
2406 1211 2695 1283 rogabatur
2719 1210 3035 1283 ignoscere?
3068 1209 3225 1280 17o
3251 1206 3533 1264 Multitudo
3557 1211 3711 1263 enim

2120 1303 2471 1376 indulgentiae
2489 1304 2707 1376 divinae,
2722 1302 3140 1375 magnitudinem
3158 1310 3494 1371 peccatorum
3515 1314 3713 1370 quam-

2121 1396 2255 1453 libet
2290 1406 2618 1468 exsuperat;
2673 1411 2773 1453 nec
2820 1396 3034 1453 valebat
3083 1394 3337 1450 delictum
3386 1394 3707 1465 percellere,

2119 1496 2309 1543 contra
2328 1488 2473 1558 quod
2512 1488 2791 1558 petebatur
2830 1497 2978 1544 tanta
3002 1486 3370 1544 misericordia
3391 1487 3707 1542 subvenire.

2122 1578 2276 1647 Quod
2318 1589 2692 1650 argumentum
2737 1580 2937 1635 dicitur
2976 1582 3022 1635 A
3079 1589 3229 1649 parte
3278 1580 3488 1649 majori.
3539 1580 3710 1635 Multo

2121 1672 2265 1728 enim
2297 1672 2472 1743 major
2519 1681 2602 1729 est
2629 1671 2983 1727 misericordia
3020 1671 3251 1737 Domini,
3283 1671 3529 1741 quamvis
3575 1686 3707 1740 pec-

2121 1773 2238 1820 cata
2288 1774 2469 1821 nostra
2524 1764 2806 1833 videantur
2861 1765 3119 1835 ingentia.
3168 1764 3424 1819 Precatur
3471 1778 3601 1835 ergo
3648 1764 3707 1820 in

1958 1856 2017 1924 ἲν
2042 1859 2094 1923 Β
2116 1856 2376 1913 omnibus
2394 1856 2605 1913 delictis
2631 1859 2742 1913 suis
2764 1858 2977 1928 pietatis
3002 1857 3398 1914 multitudinem
3422 1875 3437 1925 ;
3461 1858 3584 1928 quia
3612 1873 3711 1927 per

2120 1950 2435 2021 pr0phetam
2472 1950 2748 2021 pmseutis
2794 1952 3043 2022 nequitis:
3071 1951 3709 2022 sosceperatremisdo-

2123 2055 2282 2108 nem;
2336 2050 2397 2098 ut
2437 2051 2495 2099 et
2540 2043 2631 2098 illa
2685 2053 2984 2100 mereretur
3033 2044 3278 2112 evadere,
3307 2058 3429 2115 qua
3476 2042 3709 2098 diversis

2120 2137 2447 2208 temporibus
2473 2153 2534 2195 se
2555 2139 2873 2196 meminerat
2898 2150 3254 2211 perpetrasse.
3280 2140 3708 2197 Prudentissime

2119 2240 2299 2287 autem
2323 2232 2534 2288 delictis
2565 2233 2768 2288 nullum
2798 2233 3013 2290 volebat
3056 2250 3337 2291 remanere
3365 2235 3654 2305 vestigium
3684 2251 3702 2290 :

2121 2322 2371 2394 quoniam
2414 2323 2505 2380 ille
2542 2325 2690 2381 solus
2717 2326 2773 2381 in
2801 2326 2941 2382 libro
2966 2328 3090 2383 vitae
3133 2326 3511 2395 conscribitur,
3551 2327 3708 2398 cujus

2120 2414 2299 2468 omnia
2324 2424 2541 2483 peccata
2564 2415 2831 2474 delentur.

2189 2505 2346 2563 Vera.
2383 2507 2439 2563 5.
2485 2507 2854 2581 Usquequaque
2896 2509 3011 2565 lava
3050 2526 3130 2565 me
3155 2511 3218 2566 ab
3253 2513 3507 2585 injustitia
3545 2513 3703 2587 [mss.

2122 2598 2192 2666 Α,
2220 2597 2284 2667 Β,
2315 2598 2381 2654 F.
2409 2598 2695 2671 iniquitate]
2721 2617 2869 2668 mea;
2895 2610 2946 2658 et
2975 2619 3010 2657 α
3038 2604 3223 2659 delicto
3250 2621 3357 2660 meo
3382 2607 3577 2660 munda
3599 2623 3701 2660 me.

2121 2688 2375 2746 Studiose
2401 2689 2561 2747 debet
2604 2691 2762 2761 dilui,
2792 2694 2884 2763 qui
2927 2694 3207 2750 criminum
3237 2710 3441 2751 veneno
3466 2696 3706 2753 fuscatus

2124 2791 2207 2840 est
2235 2799 2251 2850 ;
2281 2783 2408 2854 quia
2448 2783 2718 2842 incuriose
2746 2801 2855 2842 non
2902 2786 3159 2856 abluitur,
3187 2789 3279 2858 qui
3309 2790 3591 2846 tenebrosa
3620 2790 3706 2846 in-

2122 2875 2359 2933 fectione
2387 2878 2704 2933 maculatur.
2745 2876 3135 2949 Usquequaque,
3169 2880 3422 2951 undique,
3453 2881 3524 2936 ab
3557 2881 3706 2938 omni

2120 2974 2308 3038 parte,
2353 2976 2412 3025 ut
2438 2977 2494 3024 et
2518 2968 2610 3023 illa
2638 2968 2797 3025 simul
2824 2969 3146 3040 ignosceret,
3174 2987 3296 3041 quas
3328 2971 3479 3041 prius
3509 2987 3571 3029 se
3604 2989 3704 3030 no—

2120 3071 2270 3115 verat
2323 3060 2628 3117 admisisse.
2674 3062 2857 3117 Potest
2898 3062 3040 3117 enim
3087 3063 3281 3135 aliquis
3309 3063 3387 3117 sic
3414 3064 3603 3130 lavari,
3650 3072 3708 3120 ut

2121 3160 2303 3206 tamen
2326 3166 2431 3205 non
2454 3152 2757 3207 sitomnino
2783 3152 3123 3222 purissimus.
3142 3150 3247 3207 Sed
3262 3152 3488 3221 addidit,
3510 3154 3707 3207 munda

2046 3254 2092 3320 ρ
2121 3258 2222 3312 me,
2240 3250 2499 3312 quatenus
2522 3240 2576 3297 in
2598 3256 2663 3296 eo
2688 3241 2820 3297 nihil
2842 3258 3119 3298 remanere
3142 3252 3320 3310 posset
3346 3243 3704 3299 immundum.

2120 3336 2225 3393 Sed
2257 3336 2399 3391 istud
2433 3335 2724 3403 lavacrum,
2756 3336 2898 3407 quod
2927 3337 3005 3393 sic
3044 3337 3210 3392 abluit
3246 3338 3478 3392 maculas
3509 3352 3707 3407 pecca-

2119 3438 2315 3495 torum,
2351 3438 2411 3485 ut
2458 3445 2616 3500 supra
2656 3430 2836 3485 nivem
2880 3429 3048 3500 possit
3077 3429 3325 3485 dealbare
3356 3429 3496 3499 quod
3527 3428 3707 3484 sordi-

2120 3520 2248 3577 dum
2290 3531 2391 3589 est,
2423 3521 2685 3577 salutiferi
2717 3521 3055 3591 baptismatis
3094 3522 3429 3592 cognoscitur
3472 3523 3711 3580 indicare

2120 3612 2404 3684 puritatem
2442 3633 2456 3668 :
2499 3617 2589 3670 ubi
2637 3616 2719 3671 sic
2756 3617 2934 3671 omnia
2960 3623 3015 3671 et
3058 3615 3336 3687 originalia
3380 3614 3597 3683 delicta,
3650 3624 3711 3672 et

2120 3708 2337 3777 pr0pria
2363 3706 2600 3763 admissa
2636 3708 2979 3775 mandantur,
3011 3716 3068 3763 ut
3096 3708 3173 3762 illi
3201 3722 3301 3763 nos
3330 3709 3575 3763 restituat
3607 3722 3715 3778 pu-

2121 3800 2266 3857 ritati
2295 3800 2350 3856 in
2380 3817 2483 3872 qua
2532 3801 2738 3872 primus
2766 3802 2933 3857 Adam
2962 3802 3198 3857 noscitur
3225 3816 3345 3858 esse
3373 3811 3711 3873 procreatus.

2124 3890 2231 3949 Sed
2259 3894 2463 3949 utinam
2481 3909 2922 3950 conservaremus
2942 3896 3074 3949 tanti
3105 3896 3341 3951 muneris
3365 3894 3709 3966 dignitatem,

2123 3999 2192 4040 ne
2221 4000 2320 4041 nos
2364 3985 2557 4042 iterum
2611 3985 2925 4057 pullulantia
2968 3996 3183 4057 peccata
3232 3987 3520 4043 fuscarent.
3564 3987 3711 4042 Petit

2122 4088 2252 4145 ergo
2299 4074 2560 4145 propheta
2606 4076 2658 4131 in
2704 4078 3135 4148 prmﬁguratione
3181 4077 3323 4134 sacri
3373 4076 3711 4147 baptismatis

2121 4167 2361 4222 mandari
2389 4167 2453 4222 ab
2479 4168 2732 4242 injustitia
2755 4185 2872 4237 sua,
2903 4185 2993 4237 ne,
3028 4170 3082 4225 in
3110 4170 3395 4226 securitate
3424 4170 3705 4234 remissus,

2121 4260 2398 4331 negligens
2427 4259 2700 4317 videretur
2728 4275 2853 4318 esse
2888 4272 3011 4332 post
3049 4262 3280 4318 veniam.
3312 4261 3445 4317 Nam
3474 4262 3710 4319 maxime

2122 4350 2286 4408 debet
2312 4353 2492 4407 caveri
2523 4368 2592 4409 ne
2622 4353 2842 4409 ﬁnitima
2883 4364 3063 4410 nostra
3104 4354 3395 4411 reddantur
3432 4355 3703 4424 obnoxia;

2120 4442 2260 4497 sicut
2289 4442 2542 4499 Salomon
2568 4443 2702 4500 dicit
2729 4461 2744 4499 :
2771 4441 2839 4500 In
2864 4445 2965 4516 ﬁne
2994 4461 3088 4502 suo
3116 4446 3409 4502 laudabitur
3434 4447 3598 4502 omnis
3624 4449 3708 4502 vir

2124 4533 2312 4603 (Eccli.
2342 4549 2417 4603 x1,
2444 4533 2557 4605 '50).

2193 4624 2349 4683 Vers.
2369 4626 2425 4683 4.
2453 4628 2707 4695 Quoniam
2726 4631 3043 4705 iniquitatem
3064 4652 3227 4692 meam
3248 4652 3344 4711 ego
3382 4651 3628 4710 agnoseo,
3651 4644 3707 4693 et

2120 4727 2381 4791 peccatum
2405 4736 2571 4777 meum
2596 4733 2776 4779 contra
2793 4742 2872 4781 me
2891 4735 2967 4781 est
2992 4744 3208 4800 semper.
3236 4728 3420 4786 Sciens
3439 4729 3707 4801 propheta

2118 4812 2200 4869 sic
2231 4811 2516 4871 Dominum
2544 4816 2711 4888 pium,
2742 4825 2802 4875 ut
2829 4827 3007 4876 tamen
3028 4830 3083 4877 et
3106 4821 3282 4892 justus
3309 4834 3429 4879 esse
3460 4837 3569 4877 non
3605 4821 3708 4877 de-

2121 4908 2283 4978 sinat,
2331 4912 2634 4981 tequitatem
2683 4913 2795 4968 suis
2839 4914 3313 4983 supplicationibus
3348 4924 3708 4987 congruenter

2123 5000 2435 5069 admiscuit;
2468 5010 2528 5057 ut
2550 4996 2761 5061 facilius
2787 5005 3209 5078 audiatur,un
3231 5008 3435 5079 justitia
3465 5008 3705 5065 interve-

2126 5092 2306 5149 niente
2332 5093 2666 5164 depascitur.
2695 5094 3027 5154 Puniendum
3054 5099 3270 5171 quidem
3296 5101 3398 5157 scit
3424 5114 3548 5156 esse
3575 5115 3707 5171 pec-

2121 5196 2331 5255 catum;
2366 5187 2461 5245 sed
2501 5188 2621 5246 ideo
2662 5206 2694 5247 a
2742 5191 2969 5249 Domino
3016 5194 3145 5249 dicit
3187 5175 3316 5251 esse.
3349 5195 3700 5265 parcendum,

2123 5280 2375 5348 quoniam
2404 5294 2436 5334 a
2461 5293 2521 5336 se
2546 5280 2831 5339 conﬁrmat
2865 5298 2987 5341 esse
3011 5284 3355 5352 damnatum;
3383 5285 3522 5342 sicut
3551 5286 3706 5342 Salo-

2120 5382 2246 5426 mon
2286 5371 2416 5428 dicit
2442 5390 2455 5427 :
2486 5371 2669 5431 Justus
2695 5377 2750 5431 in
2784 5377 3038 5449 principio
3066 5378 3312 5434 sermonis
3337 5389 3606 5435 accusator
3630 5389 3705 5436 est

2121 5460 2205 5515 sui
2232 5459 2412 5532 (Prov.
2441 5479 2595 5533 xvm,
2625 5467 2739 5537 17).
2785 5468 3125 5528 intendamus
3167 5485 3297 5544 ergo
3339 5472 3482 5542 quod
3521 5471 3700 5527 dicit:

2120 5551 2233 5625 Ego
2254 5571 2496 5626 agnosco.
2510 5557 2732 5615 Peccata
2745 5561 2888 5619 enim
2905 5561 2991 5618 illa
3005 5572 3127 5619 sunt
3144 5562 3385 5632 fortiora,
3396 5578 3517 5635 qua:
3534 5576 3702 5635 agno-

2117 5654 2329 5702 scentes
2375 5648 2734 5719 admittimus;
2775 5668 2883 5709 non
2920 5664 3097 5712 autem
3137 5655 3227 5712 illa
3253 5672 3374 5728 qua
3414 5672 3511 5727 per
3546 5658 3700 5728 igno-

2118 5736 2347 5793 rantiam
2375 5750 2762 5811 perpetramus.
2795 5745 2921 5802 Sive
2946 5747 3074 5803 illud
3117 5748 3245 5804 dicit
3275 5766 3289 5804 :
3318 5750 3471 5805 Scire
3510 5762 3699 5805 omnes

2118 5834 2344 5899 Ροδδιωῑ
2360 5838 2583 5902 Ρθωαιει
2607 5845 2735 5906 sua;
2750 5834 2848 5924 sed
2868 5838 2969 5898 soli
2988 5839 3062 5898 illi
3087 5840 3379 5910 probantur
3397 5855 3695 5912 agnoscere,
