3996 6346
156 825 171 833 _
215 760 271 807 et
298 750 484 820 lugere
515 747 804 831 praiterita.
834 746 1014 802 Primo
1035 746 1177 802 enim
1204 754 1325 816 post
1348 744 1524 816 ipsum
1550 744 1652 801 l'uit
1679 758 1801 801 sce-

194 6046 233 6110 ί

219 446 316 507 361
1156 444 1519 504 EXPOSITIO
1557 443 1623 501 IN
1664 444 1832 504 PSAL

1936 442 2122 501 RIUM.
2163 440 2357 499 PSAL.
2400 438 2459 494 Ζ..
3372 430 3480 491 86!

215 564 303 635 qui
333 575 396 619 ea
434 549 684 618 videntur
714 557 931 632 propria
960 561 1335 617 exsecratione
1369 559 1647 616 damnare.
1665 559 1797 615 Per-
1827 560 1881 620 Α
1902 565 2088 628 aptant
2114 565 2168 611 et
2202 555 2270 610 ad
2298 553 2507 609 Domini
2558 550 2882 621 passionem,
2916 562 3039 606 cum
3085 548 3376 620 judicatus,
3424 559 3482 607 et

215 657 352 712 lecta
398 654 546 711 enim
594 653 909 724 poenitentia
954 661 1038 709 est
1094 652 1272 709 futura
1315 667 1506 709 cavere
1555 662 1795 723 peccata,
1896 647 2154 705 mundum
2175 646 2457 702 damnatus
2485 644 2733 701 absolvit.

1970 738 2128 794 Vers.
2154 737 2208 793 6.
2231 734 2364 791 Ecce
2391 736 2525 791 enim
2544 736 2596 791 in
2616 735 2967 807 iniquitatibus
2987 744 3254 807 conceptus
3274 753 3416 806 sum,
3435 746 3486 793 et

214 840 321 906 lus,
353 837 568 910 quando
597 828 857 909 propheta
885 839 1247 908 interrogante
1276 837 1554 905 respondit
1579 836 1799 907 dignum
1899 830 1953 885 in
1980 829 2178 884 delictis
2203 828 2395 900 peperit
2414 843 2492 881 me
2532 837 2693 882 mater
2718 843 2848 882 mea.
2902 826 3001 882 llic
3040 828 3234 884 invidia
3276 830 3484 898 peccati

216 948 341 991 esse
386 940 562 989 morte
590 930 684 1003 qui
723 931 952 986 alienam
990 944 1147 987 ovem
1195 929 1445 1001 pauperis
1494 926 1803 998 concupivit
1903 921 2185 990 minuitur,
2212 919 2427 992 quando
2456 919 2727 990 proprium
2765 918 2969 975 crimen
3011 918 3225 975 delictis
3251 934 3483 989 genera-

221 1026 310 1099 (II
347 1026 477 1097 Reg.
509 1040 609 1092 xit,
636 1024 718 1094 6),
752 1032 878 1080 tunc
918 1022 1132 1095 quando
1166 1031 1444 1094 peccatum
1491 1036 1647 1079 suum
1693 1035 1803 1077 non
1906 1013 2048 1071 libus
2068 1021 2439 1083 comparatur;
2472 1020 2534 1066 ut
2553 1010 2666 1080 ipsa
2687 1009 2970 1065 multitudo
2995 1019 3049 1066 et
3075 1011 3340 1067 confessio
3362 1026 3488 1082 pec-

218 1117 475 1176 credebat
498 1131 623 1173 esse
652 1114 956 1171 debendum
987 1132 1001 1169 :
1028 1114 1189 1172 modo
1203 1125 1382 1171 autem
1402 1129 1525 1171 eum
1554 1114 1801 1185 poenitet,

218 1226 345 1265 eum
376 1216 678 1280 prostratus
705 1206 977 1262 humiliter
1014 1206 1340 1278 ingemiscit,
1365 1214 1550 1262 contra
1580 1220 1639 1261 se
1664 1213 1808 1261 stare

221 1302 354 1358 dicit
397 1302 614 1368 delicta,
664 1299 818 1371 quasi
849 1298 1132 1370 quamdam
1164 1300 1443 1371 ﬁguratam
1496 1297 1805 1370 imaginem.

224 1393 443 1464 Semper
470 1392 686 1463 adjecit,
712 1391 813 1447 hoc
840 1400 923 1448 est
940 1391 1082 1462 quod
1125 1390 1327 1463 jugiter
1356 1390 1567 1461 aspicit,
1595 1396 1651 1444 et
1686 1402 1808 1444 cum

225 1484 415 1541 oculos
438 1482 662 1540 claudit.
691 1481 801 1539 Sed
835 1489 1114 1552 respectus
1168 1481 1272 1537 iste
1308 1481 1591 1536 continuus
1621 1491 1811 1548 pecca-

227 1587 410 1634 torum
454 1572 908 1648 perseverantiam
948 1574 1050 1642 piae
1095 1570 1499 1643 supplicationis
1536 1568 1809 1636 ostendit;

227 1684 359 1726 nam
385 1667 592 1739 quoties
614 1665 738 1722 talia
757 1664 923 1721 corde
951 1664 1292 1735 respicimus,
1333 1663 1493 1719 toties
1520 1660 1811 1718 commissa

226 1760 594 1830 deploramus.
611 1756 753 1812 Dixit
772 1756 917 1811 enim
936 1756 1192 1811 Dominus
1205 1754 1259 1810 in
1281 1753 1548 1825 superiori
1572 1752 1778 1823 psalmo
1797 1769 1811 1806 :

227 1853 460 1921 Arguam
486 1860 554 1917 te,
581 1858 628 1904 et
654 1857 875 1904 statuam
905 1846 1053 1903 illam
1078 1857 1253 1903 contra
1273 1846 1457 1917 faciem
1486 1844 1811 1917 tuam(Psal.

1914 1117 2157 1163 calorum
2178 1105 2577 1161 miserationem
2592 1103 2718 1159 boni
2732 1103 2927 1175 judicis
2947 1115 3324 1162 commoveret.
3347 1107 3488 1177 Ergo

1909 1199 2012 1257 iste
2039 1211 2230 1254 sensus
2259 1206 2341 1252 est
2387 1214 2401 1250 :
2440 1195 2578 1263 Quid
2613 1195 2787 1252 dicam
2828 1211 2915 1251 me
2949 1196 3107 1251 modo
3143 1197 3333 1255 fecisse
3368 1215 3489 1270 qua:

1910 1304 2125 1362 arguor,
2159 1290 2249 1359 qui
2273 1288 2383 1360 jam
2408 1304 2474 1346 ex
2514 1289 2763 1357 originali
2786 1298 3006 1360 peccato
3036 1289 3088 1345 in
3126 1291 3491 1361 iniquitatibus

1912 1382 2262 1455 proboresse
2289 1391 2582 1451 conceptus
2613 1398 2626 1433 :
2655 1388 2715 1435 ut
2741 1389 2866 1436 ante
2895 1389 3113 1451 peccata
3133 1382 3493 1438 contraxerim

1912 1489 2071 1545 quam
2102 1473 2226 1529 vitae
2254 1473 2518 1543 principia
2544 1472 2898 1543 reperissem?
2939 1472 3088 1541 Quod
3122 1485 3493 1545 argumentum

1916 1567 2110 1624 dicitur
2138 1566 2222 1623 Ab
2261 1567 2722 1624 antecedentibus.
2774 1566 2957 1638 Neque
2996 1569 3139 1624 enim
3176 1583 3371 1626 novum
3413 1581 3499 1628 est

1918 1660 2073 1717 illum
2100 1674 2349 1731 peccare,
2378 1661 2468 1731 qui
2493 1662 2547 1717 in
2566 1661 2916 1732 iniquitatibus
2941 1672 3213 1733 conceptus
3243 1674 3290 1719 et
3314 1665 3369 1718 in
3409 1664 3502 1719 de-

1919 1754 2053 1809 lictis
2097 1762 2171 1810 est
2211 1755 2447 1825 genitus.
2498 1753 2635 1821 Quid
2688 1753 2971 1825 humilius,
3022 1755 3151 1827 quid
3201 1757 3499 1829 simplicius

1919 1862 2081 1918 quam
2111 1848 2181 1905 de
2209 1863 2317 1904 uno
2340 1855 2563 1920 peccato
2590 1848 2858 1919 redargui,
2890 1858 2946 1905 et
2966 1848 3124 1907 simul
3155 1853 3332 1907 omnia
3372 1869 3503 1911 con-

227 1960 378 2012 xus,
402 1942 525 2013 2t);
547 1941 690 2013 quod
719 1941 805 1997 hic
830 1939 932 1998 sibi
958 1941 1042 1997 vir
1077 1939 1449 1996 sanctissimus
1489 1939 1605 2010 ipse
1644 1938 1811 1995 lacie-
1837 1934 1888 2000 B
1914 1937 2097 1996 ﬁteri?
2118 1939 2305 1996 Merito
2327 1954 2456 2011 ergo
2480 1940 2568 1996 isti
2596 1940 2677 1997 sic
2694 1940 2851 1996 facile
2874 1941 3082 1998 videtur
3100 1942 3384 2014 indultum,
3408 1947 3502 2018 qui

227 2036 340 2105 bat,
380 2051 503 2093 eum
554 2035 719 2090 dicit:
750 2032 820 2088 Et
860 2041 1123 2105 peccatum
1158 2049 1327 2090 meum
1378 2042 1560 2089 contra
1607 2049 1687 2088 me
1736 2038 1812 2088 est

227 2147 447 2203 semper.
474 2128 627 2188 Juste
653 2143 785 2199 ergo
832 2142 892 2185 se
939 2126 1154 2197 petebat
1191 2124 1414 2193 absolvi,
1444 2124 1535 2196 qui
1570 2124 1684 2195 jam
1730 2123 1817 2180 hic

230 2223 458 2281 lormam
488 2223 633 2279 illam
661 2222 813 2279 visus
836 2227 919 2277 est
939 2219 1043 2275 sibi
1064 2218 1254 2276 iecisse
1280 2216 1444 2273 futuri
1458 2215 1666 2287 judicii.
1692 2215 1820 2272 Haec

236 2316 405 2384 ligura
454 2314 652 2371 dicitur
700 2310 1085 2386 procatalepsis
1110 2354 1126 2381 ,
1172 2310 1228 2366 id
1274 2318 1359 2367 est
1402 2308 1817 2380 prmoccupatio.

232 2406 336 2463 llic
376 2407 514 2462 enim
559 2406 712 2477 quasi
756 2404 868 2477 jam
919 2405 975 2459 in
1027 2410 1253 2460 venturo
1306 2400 1509 2473 judicio
1559 2401 1819 2457 constitu-

233 2506 337 2566 tus,
381 2497 707 2576 delictorum
751 2509 971 2554 suorum
1019 2501 1270 2566 aspectus
1317 2492 1621 2550 teterrimos
1661 2491 1824 2564 perti-

229 2591 448 2648 mescit.
1084 2584 1091 2589 ’

310 2682 470 2739 Vers.
504 2684 557 2738 5.
597 2680 710 2738 Tibi
737 2680 836 2737 soli
863 2680 1086 2752 peccavi,
1114 2687 1162 2736 et
1194 2679 1389 2734 malum
1420 2691 1595 2733 coram
1622 2684 1669 2731 te
1690 2674 1822 2748 feci:

234 2784 299 2830 ut
317 2774 629 2845 justiﬁceris
654 2774 707 2828 in
729 2774 1039 2829 sermonibus
1059 2771 1180 2841 tuis,
1210 2779 1257 2827 et
1287 2771 1456 2825 vincas
1481 2784 1596 2824 cum
1616 2768 1828 2840 judica-

234 2869 337 2923 ris.
371 2865 474 2923 Hic
498 2866 690 2923 iterum
716 2864 1199 2937 enthymematicus
1222 2861 1562 2935 syllogismus
1586 2865 1826 2931 apparet,

238 2974 404 3032 quem
451 2958 509 3015 in
550 2958 809 3030 vigesimo
840 2958 1044 3030 psalmo
1070 2957 1183 3029 jam
1230 2956 1487 3012 diximus.
1518 2954 1681 3024 Cujus
1705 2967 1830 3024 pro-

242 3049 444 3120 positio
469 3058 592 3106 est:
622 3048 879 3105 Dominus
904 3047 1225 3119 justilicatur
1251 3048 1305 3102 in
1334 3043 1673 3102 sermonibus
1696 3042 1830 3111 suis,

246 3153 303 3200 et
330 3143 494 3201 vincit
518 3159 640 3201 cum
666 3143 964 3216 judicatur.
996 3142 1127 3199 Huic
1154 3138 1494 3213 subjungitur
1515 3139 1571 3194 in
1610 3138 1833 3195 conclu-

246 3235 401 3291 sione
428 3236 708 3308 prremissa
746 3234 1014 3292 sententia
1040 3250 1056 3289 :
1086 3233 1208 3290 Tibi
1249 3234 1407 3305 igitur
1445 3232 1548 3288 soli
1594 3229 1829 3302 peccavi,

1918 2041 2041 2104 post
2085 2033 2437 2090 absolutionis
2489 2034 2686 2089 donum
2744 2033 2924 2089 multis
2976 2035 3150 2092 modis
3202 2053 3263 2094 se
3315 2038 3504 2095 nititur

1924 2129 2079 2201 171
2092 2128 2378 2184 ostendere
2404 2128 2770 2187 criminosum.
2788 2128 3019 2185 Audiam
3039 2131 3329 2202 Pelagiani,
3346 2123 3503 2190 et'ire

1919 2227 2103 2275 contra
2117 2218 2458 2277 manifestam
2478 2220 2761 2277 veritatem
2791 2221 3127 2278 erubescant.
3153 2224 3508 2292 Quemadmo-

1920 2309 2048 2367 dum
2073 2312 2215 2367 enim
2240 2320 2417 2383 potest
2431 2310 2545 2369 ﬁeri
2571 2320 2629 2368 ut
2649 2311 2705 2367 in
2732 2312 2971 2383 qualibet
2990 2324 3147 2371 aetate
3167 2317 3386 2386 parvula
3398 2333 3504 2374 non

1922 2417 2173 2474 egeamus
2198 2402 2427 2471 absolvi,
2456 2403 2547 2474 qui
2575 2402 2718 2460 hunc
2744 2405 3002 2461 mundum
3034 2405 3251 2464 delictis
3279 2424 3508 2479 gravan-

1922 2497 2066 2554 tibus
2102 2497 2436 2568 ingredimur
2489 2498 2735 2555 onerati?
2780 2497 2882 2555 Job
2927 2515 3140 2572 quoque
3185 2502 3346 2559 simili
3374 2488 3510 2561 voce

1922 2589 2207 2660 proﬁtetur
2239 2608 2254 2647 :
2287 2589 2454 2645 Nemo
2480 2589 2705 2646 mundus
2729 2601 2845 2645 ante
2871 2600 2940 2659 te,
2958 2608 3051 2648 nec
3070 2593 3243 2663 infans
3272 2597 3419 2667 cujus
3436 2604 3511 2651 est

1924 2681 2079 2735 unius
2121 2681 2223 2736 diei
2258 2681 2361 2736 vita
2384 2697 2540 2753 super
2563 2690 2750 2737 terram
2776 2683 2897 2753 (Job
2926 2699 3035 2751 xiv,
3066 2684 3145 2757 4).
3197 2685 3301 2741 Vas
3346 2688 3511 2743 etiam

1925 2772 2206 2829 electionis
2231 2773 2428 2829 Paulus
2458 2774 2731 2843 apostolus
2757 2775 2899 2831 inter
2928 2776 3094 2831 multa
3122 2787 3513 2835 commemorat

1928 2863 2115 2921 dicens
2146 2882 2159 2917 :
2189 2863 2409 2921 Fuimus
2429 2875 2477 2921 et
2504 2882 2597 2921 nos
2617 2866 2895 2938 aliquando
2914 2861 3103 2923 natura
3121 2869 3220 2938 ﬁlii
3245 2870 3358 2938 iraa,
3380 2872 3513 2930 sicut

1928 2969 1978 3017 et
2006 2961 2175 3016 ueteri
2204 2958 2421 3033 (Ephes.
2450 2974 2510 3026 tt,
2539 2958 2633 3031 5);
2663 2960 2789 3017 item
2823 2963 2935 3032 ipse
2960 2962 3157 3019 Paulus
3187 2965 3462 3033 apostolus
3492 2984 3509 3023 :

1931 3048 2037 3106 Per
2058 3064 2215 3105 unum
2256 3050 2508 3105 hominem
2530 3059 2796 3121 peccatum
2820 3051 3027 3107 intravit
3054 3053 3108 3107 in
3148 3056 3420 3125 mundum,
3466 3067 3517 3113 et

1931 3161 2024 3217 per
2048 3154 2310 3217 peccatum
2332 3161 2468 3200 mors
2498 3159 2518 3200 :
2539 3153 2587 3200 et
2607 3145 2678 3200 ita
2699 3146 2755 3200 in
2775 3161 2947 3201 omnes
2976 3145 3203 3203 homines
3231 3165 3368 3204 mors
3399 3167 3517 3221 per-

1935 3240 2159 3305 transiit,
2188 3239 2241 3294 in
2262 3255 2362 3309 quo
2392 3254 2566 3293 omnes
2592 3248 2921 3311 peccaverunt
2958 3239 3135 3310 (Rom.
3166 3255 3221 3309 v,
3247 3241 3361 3312 12).
3394 3243 3513 3313 lpsa

210 3420 213 3421 ν
242 3341 299 3389 et
333 3332 536 3388 malum
564 3347 746 3389 coram
762 3340 819 3389 te
839 3330 963 3389 feci.
986 3331 1101 3387 Hoc
1129 3330 1183 3387 in
1199 3327 1488 3387 reddendis
1510 3325 1835 3400 syllogismis
1859 3318 1906 3385 C
1936 3334 2098 3391 etiam
2125 3332 2339 3389 Veritas
2359 3334 2412 3388 in
2438 3332 2726 3404 Evangelio
2757 3333 3274 3398 testaturdelinitiva
3300 3346 3519 3395 senten-

250 3424 368 3481 sine
397 3425 554 3496 culpa
585 3424 724 3493 ﬁeri,
750 3439 904 3481 more
928 3434 1168 3481 veterum
1210 3429 1425 3479 constat
1462 3435 1583 3478 esse
1611 3420 1837 3492 permis-

246 3531 387 3575 sum.
436 3517 591 3574 Nunc
632 3516 700 3573 ad
750 3516 1064 3588 exponenda
1093 3514 1256 3573 verba
1292 3514 1595 3571 redeamus.
1630 3513 1707 3569 De
1737 3528 1836 3584 po-

248 3611 373 3680 pulo
402 3612 448 3667 si
479 3611 601 3683 quis
645 3612 930 3679 erraverit,
977 3619 1032 3667 et
1056 3611 1400 3680 Deovpeccat,
1438 3616 1495 3665 et
1520 3606 1657 3679 regi.
1703 3605 1837 3661 Nam

245 3704 463 3775 quando
490 3719 589 3761 rex
618 3705 906 3776 delinquit,
937 3704 1038 3762 soli
1087 3703 1198 3758 Deo
1227 3716 1353 3758 reus
1379 3709 1482 3769 est,
1511 3700 1633 3770 quia
1664 3698 1839 3754 homi-

250 3814 372 3854 nem
404 3813 514 3854 non
536 3797 696 3855 habet
719 3797 811 3869 qui
839 3796 955 3868 ejus
986 3795 1128 3852 facta
1154 3794 1432 3865 dijudicet.
1482 3792 1672 3849 Merito
1710 3805 1838 3862 ergo

247 3906 342 3949 rex
373 3892 489 3948 Deo
515 3900 720 3948 tantum
749 3905 810 3947 se
837 3890 966 3948 dicit
990 3905 1242 3963 peccasse,
1275 3886 1400 3959 quia
1427 3886 1576 3943 solus
1599 3894 1715 3941 erat
1744 3885 1837 3954 qui

248 3986 369 4056 ejus
396 3985 664 4055 potuisset
688 3983 920 4039 admissa
945 3982 1235 4038 discutere.
1280 3978 1350 4035 Et
1376 3978 1497 4050 quia
1529 3976 1677 4033 illum
1714 3974 1839 4031 nbi-

249 4092 357 4149 quc
384 4092 511 4135 esse
539 4086 783 4146 noverat,
815 4075 939 4148 jure
979 4090 1161 4131 coram
1192 4075 1309 4146 ipso
1339 4073 1531 4127 malum
1570 4086 1629 4128 se
1663 4071 1842 4143 fecisse

251 4169 594 4240 deplorabat,
647 4183 877 4240 arguens
903 4167 1227 4225 dementiam
1268 4180 1443 4233 suam,
1475 4164 1565 4234 qui
1598 4178 1706 4220 non
1744 4178 1842 4220 ex-

251 4265 401 4335 pavit
432 4273 582 4320 tanto
601 4263 779 4336 judice
808 4272 1071 4335 praesente
1089 4274 1330 4333 peccare.
1363 4257 1632 4316 Sermones
1661 4265 1840 4312 autem

254 4357 476 4414 Domini
503 4358 696 4413 merito
714 4356 991 4431 justiﬁcati
1010 4355 1285 4421 dicuntur,
1314 4352 1566 4422 quoniam
1596 4350 1715 4407 sine
1738 4348 1841 4405 du-

255 4450 348 4507 bio
377 4466 593 4521 semper
609 4451 727 4522 ejus
755 4450 896 4507 dicta
939 4448 1275 4521 complentur
1294 4488 1311 4517 ,
1354 4446 1492 4503 sicut
1523 4443 1639 4515 ipse
1666 4444 1796 4500 dicit
1826 4462 1841 4498 :

258 4541 457 4598 Citium
486 4553 535 4598 et
566 4552 701 4597 terra
724 4540 1032 4607 transibunt,
1065 4540 1214 4595 verba
1240 4546 1408 4592 autem
1434 4552 1546 4591 mea
1572 4552 1675 4591 non
1714 4551 1846 4604 pra:-

1939 3428 2011 3482 tia
2041 3443 2055 3479 :
2086 3424 2269 3493 Amen,
2298 3439 2467 3493 amen,
2496 3425 2612 3480 dice
2636 3425 2797 3495 vobis,
2828 3426 2874 3481 si
2896 3426 3009 3496 quis
3037 3443 3140 3482 non
3166 3438 3371 3484 renatus
3398 3434 3517 3501 fue-

1936 3523 2006 3575 rit
2028 3536 2092 3575 ex
2120 3535 2254 3590 aqua
2279 3530 2326 3574 et
2350 3520 2549 3592 Spiritu
2573 3528 2770 3587 sancto,
2798 3537 2903 3575 non
2934 3531 3098 3591 potest
3116 3523 3283 3578 videre
3305 3541 3519 3597 regnum

1937 3609 2037 3667 Dei
2066 3610 2245 3683 (Joan.
2277 3626 2356 3682 ιιι,
2389 3614 2465 3681 5).
2498 3611 2836 3682 Quapropter
2860 3611 3133 3684 interrogo
3156 3630 3250 3670 cur
3281 3614 3517 3674 infantes

1938 3719 1970 3758 a
1995 3718 2162 3775 regno
2211 3703 2310 3759 Dei
2352 3702 2647 3759 redduntur
2676 3703 2856 3771 alieni,
2889 3704 2980 3773 qui
3010 3706 3077 3761 de
3106 3708 3391 3764 commissa
3422 3725 3522 3765 ne-

1938 3806 2143 3868 queunt
2192 3797 2459 3869 pravitate
2500 3797 2744 3867 culpari?
2774 3797 2965 3853 Restat
3011 3813 3140 3870 ergo
3189 3809 3247 3856 ut
3274 3803 3522 3873 originali

1941 3898 2160 3962 peccato
2210 3889 2442 3946 infantes
2470 3899 2756 3946 teneantur
2800 3890 3048 3957 obnoxii;
3091 3894 3341 3962 quoniam
3374 3905 3525 3952 antc-

1939 3997 2100 4052 quam
2122 3982 2335 4053 propria
2353 3981 2570 4047 iaciant,
2595 3983 2751 4052 primi
2774 3982 3009 4037 hominis
3030 3998 3210 4039 secum
3235 3986 3527 4056 probantur

1939 4084 2155 4146 gestare
2184 4084 2425 4145 peccata.
2456 4075 2591 4129 Sunt
2610 4074 2799 4131 etaliae
2822 4074 3117 4133 verissimae
3136 4077 3483 4147 probationes
3508 4097 3522 4147 ;

1945 4166 2173 4236 ideoque
2194 4165 2298 4222 sibi
2326 4165 2557 4220 humana
2593 4168 2862 4235 protervia
2887 4167 3174 4238 sacrilegos
3196 4184 3300 4224 non
3335 4170 3526 4241 exqui-

1942 4268 2031 4315 rat
2056 4273 2291 4315 errores.
2324 4257 2585 4330 Superest
2609 4273 2798 4315 eorum
2848 4262 3083 4317 secunda
3110 4262 3366 4334 nequitia,
3394 4279 3531 4335 quo-

1947 4353 2090 4408 niam
2121 4351 2348 4408 liberum
2397 4351 2677 4407 arbitrium
2705 4352 2787 4409 sic
2817 4353 2870 4408 in
2908 4351 3157 4411 humanis
3197 4355 3399 4411 viribus
3424 4373 3527 4428 po-

1946 4454 2103 4513 nunt,
2123 4447 2395 4517 utabsque
2410 4445 2505 4501 Dei
2521 4445 2691 4517 gratia
2720 4446 2966 4503 homines
2991 4456 3179 4518 putent
3200 4463 3295 4518 per
3321 4450 3531 4517 seipsos

1949 4536 2146 4594 bonum
2169 4537 2385 4609 aliquod
2413 4552 2571 4608 posse
2591 4539 2877 4610 concipere
2905 4540 2986 4594 vel
3016 4554 3197 4608 agerc.
3214 4539 3366 4605 Quod
3392 4538 3439 4594 si
3458 4540 3533 4594 ita

258 4638 483 4691 teribunt
524 4633 739 4707 (Matth.
783 4648 929 4701 xxrv,
985 4632 1098 4704 55).
1126 4629 1394 4702 Sequitur,
1440 4636 1488 4684 et
1529 4629 1700 4683 vincas
1730 4642 1846 4681 cum
1872 4698 1919 4707 _
1951 4638 2118 4697 esset,
2145 4643 2243 4685 cur
2272 4629 2531 4700 propheta
2554 4630 2760 4687 diceret
2790 4648 2804 4685 :
2836 4629 2976 4685 Deus
2997 4646 3158 4698 meus,
3185 4631 3535 4686 misericordia

247 4698 700 4800 judicarileeus
728 4736 888 4785 tanta:
903 4698 1128 4796 justitise
1158 4698 1261 4790 est,
1288 4732 1350 4778 ut
1377 4720 1506 4777 velit
1524 4734 1583 4776 se
1601 4733 1724 4776 cum
1750 4718 1847 4776 ho-
1872 4698 1926 4760 D
1950 4724 2063 4793 ejus
2117 4698 2387 4791 prwveniet
2434 4738 2515 4775 me
2544 4721 2719 4793 (Psal.
2767 4737 2915 4790 Lvm,
2964 4722 3087 4793 ll)?
3116 4723 3249 4779 Cum
3281 4731 3334 4778 te
3381 4724 3535 4781 audis

262 4821 501 4877 minibus
525 4819 788 4891 judicari;
816 4819 929 4889 ipse
954 4816 1098 4873 enim
1126 4814 1255 4870 dicit
1284 4831 1298 4867 :
1329 4812 1569 4867 Judicate
1607 4812 1740 4865 inter
1768 4826 1849 4865 me

261 4923 311 4967 et
357 4914 559 4966 vineam
600 4927 765 4966 meum
810 4908 970 4981 (lsai.
994 4924 1048 4974 v,
1081 4905 1169 4978 5);
1197 4912 1252 4962 et
1277 4904 1403 4960 alibi
1442 4902 1573 4959 dicit
1604 4920 1615 4955 :
1646 4899 1849 4971 Popule

259 5024 425 5075 meus,
447 5004 572 5077 quid
594 5006 691 5078 feci
711 5004 824 5074 tibi,
846 5011 936 5057 aut
975 5001 1098 5072 quid
1140 4998 1436 5054 contristari
1474 4998 1560 5052 te?
1599 4995 1850 5067 responde

258 5100 391 5155 milii
416 5098 607 5172 (Miclt.
640 5112 714 5166 vi,
742 5097 818 5165 5).
875 5094 1028 5151 Unde
1069 5106 1211 5148 nunc
1258 5090 1518 5161 propheta
1562 5088 1849 5144 conlitetur

259 5194 427 5247 talem
454 5199 643 5247 contra
672 5204 731 5246 se
759 5188 1044 5244 Dominum
1074 5184 1271 5240 habere
1289 5182 1573 5254 justitiam,
1605 5188 1666 5236 ut
1694 5181 1851 5237 abso-

259 5283 379 5341 lute
412 5291 652 5354 superet,
693 5296 818 5338 cum
854 5279 1015 5337 luerit
1053 5277 1365 5349 judicatum.
1410 5273 1504 5330 Sic
1546 5281 1604 5330 et
1642 5270 1851 5328 Baruch

257 5378 343 5431 ait
370 5394 385 5430 :
418 5374 613 5432 Dicctis
650 5373 875 5431 Domino
908 5372 1018 5428 Deo
1043 5378 1262 5425 nostro:
1290 5363 1406 5420 Tibi
1433 5365 1665 5439 justitia,
1710 5364 1852 5419 nobis

256 5480 435 5525 autem
483 5470 722 5541 confusio
766 5468 938 5524 uultus
988 5465 1151 5521 nostri
1200 5460 1429 5537 (Boruclt
1467 5474 1509 5529 ι,
1558 5458 1674 5530 15).
1722 5458 1855 5517 Erat

258 5562 468 5634 quippe
494 5563 548 5619 in
575 5563 755 5618 animo
781 5558 900 5633 ejus
926 5558 1067 5631 quod
1098 5572 1166 5614 ex
1202 5563 1416 5627 pastore
1440 5566 1535 5608 rex
1560 5550 1747 5606 luisset
1777 5549 1857 5607 et-

259 5656 461 5723 t’cctus,
492 5656 634 5727 quod
661 5654 925 5726 regendos
952 5652 1177 5725 populos
1207 5655 1506 5721 acceperat,
1534 5652 1586 5700 et
1605 5643 1724 5701 sine
1752 5642 1853 5699 ho-

260 5750 420 5803 noris
462 5750 547 5804 sui
594 5746 1024 5803 consideratione
1082 5743 1399 5815 deliquerat.
1437 5740 1671 5797 Necesse
1726 5750 1857 5807 ergo

256 5850 388 5895 erat
416 5848 477 5895 ut
522 5839 579 5895 in
608 5840 786 5896 alieno
808 5838 1011 5911 judicio
1055 5836 1313 5909 propheta
1350 5838 1717 5906 superaretur,
1763 5830 1855 5901 qui

252 5930 382 6015 iam
403 5932 574 5991 victus
596 5933 649 5988 in
672 5934 886 6003 proprio
909 5931 1151 5991 examine
1179 5929 1520 6015 noscebatur,
1539 5924 1719 5998 Aliqui
1747 5925 1852 5987 hoc

557 6029 830 6098 PATBOL.
862 6027 1063 6097 LXX.

1952 4814 2317 4870 misericordia
2340 4813 2553 4869 Domini
2585 4823 2937 4885 praeventum,
2968 4814 3103 4870 nihil
3132 4823 3279 4870 tuum
3305 4830 3535 4886 prmces-

1950 4909 2088 4964 sissc
2115 4907 2272 4963 datur
2302 4907 2549 4978 intelligi.
2594 4906 2653 4963 ln
2692 4907 2798 4963 alio
2844 4921 3057 4978 quoque
3105 4908 3316 4979 psalmo
3362 4910 3529 4965 dicit:

1952 5000 2075 5057 Nisi
2104 4998 2357 5057 Dominus
2382 5000 2708 5069 ludiﬁcaverit
2739 5001 2969 5067 domum,
2998 5000 3053 5054 in
3075 5015 3259 5056 vanum
3303 5002 3538 5059 laborant

1955 5091 2041 5162 qui
2064 5091 2322 5160 ludiﬁcant
2345 5107 2457 5147 eam
2485 5090 2658 5164 (Psal.
2684 5105 2867 5158 cnvr,
2892 5089 2972 5161 1).
3004 5089 3151 5148 Idem
3173 5091 3337 5149 dicit:
3364 5095 3408 5148 Λ
3434 5093 3519 5151 Do

1957 5183 2097 5236 mino
2146 5198 2348 5255 gressus
2375 5180 2594 5237 heminis
2641 5181 2956 5252 diriguntur,
2982 5192 3029 5237 et
3057 5184 3190 5239 viam
3238 5187 3350 5256 ejus
3372 5187 3541 5259 cupiet

1958 5272 2109 5326 nimis
2138 5270 2311 5344 (Psal.
2339 5286 2524 5338 xxxvi,
2556 5270 2673 5341 25).
2710 5270 2828 5327 ΑΙίο
2863 5288 3076 5344 quoque
3104 5275 3226 5332 loco
3254 5276 3536 5333 Psalmista

1959 5370 2185 5420 testatur
2216 5381 2229 5419 :
2261 5363 2514 5418 Dominus
2541 5361 2687 5433 erigit
2711 5362 2861 5419 elisos
2883 5379 2906 5431 ,°
2934 5364 3185 5421 Dominus
3224 5367 3375 5423 solvit
3400 5385 3512 5424 com
3531 5403 3544 5415 -

1957 5457 2200 5530 peditos;
2248 5455 2501 5511 Dominus
2547 5454 2805 5511 illuminat
2855 5473 3015 5515 cureos
3063 5456 3236 5531 (Psal.
3266 5475 3427 5527 CXLV,
3460 5463 3539 5534 8).

1954 5555 2089 5611 Cum
2129 5553 2358 5610 audiatis
2386 5552 2702 5622 praevenire,
2740 5552 3025 5623 mdilicare,
3068 5553 3323 5626 dirigere,
3357 5564 3411 5612 et
3437 5557 3543 5613 eri-

1957 5662 2087 5719 gere
2116 5645 2423 5716 Dominum,
2448 5644 2753 5715 absolvere,
2792 5656 2847 5702 et
2875 5645 3183 5704 illuminare
3213 5648 3379 5703 nullis
3406 5663 3542 5718 pra:-

1957 5738 2270 5798 cedentibus
2317 5738 2543 5805 meritis,
2603 5737 2731 5809 quid
2762 5738 2836 5795 ibi
2875 5740 3148 5811 proprium
3180 5741 3409 5810 empissc
3456 5753 3529 5794 eo

1958 5831 2235 5902 gnoscitis,
2257 5829 2357 5884 nisi
2380 5829 2508 5884 illud
2533 5837 2760 5899 tantum,
2785 5830 2931 5885 unde
2958 5845 3054 5900 pro
3083 5838 3260 5886 vestra
3290 5828 3543 5899 superbia

1952 5919 2096 6002 justo
2148 5918 2508 5980 damncmiui?
2545 5918 2650 5985 Sed
2705 5918 2880 5980 dicitis
2936 5920 3158 5975 forsitan
3215 5920 3540 5999 prophetam

2224 6032 2240 6049 η
2274 6020 2309 6047 *ἣ
