3996 6346
499 486 610 553 863

1735 467 1805 524 Μ.
1847 459 2129 523 Αυειιειιι
2167 456 2567 518 CASSIODORI

3659 440 3768 496 361

505 608 694 662 Isaiam
725 601 804 657 sic
829 594 1106 654 arbitrium
1129 589 1352 644 liberum
1390 582 1743 652 comprobare
1770 597 1783 632 :
1815 579 1875 633 Si
1903 576 2073 631 volue-
2108 578 2161 638 Α
2184 574 2308 631 inde
2335 583 2395 628 ut
2425 572 2594 642 ipsum
2618 574 2799 624 nosset
2825 575 2893 621 ex
2928 553 3257 662 stiosemine
3278 555 3331 612 in
3351 555 3529 662 carnis
3559 567 3768 662 assum-

507 701 612 752 ritis
640 705 685 750 et
709 689 1054 750 obaudieritis,
1086 685 1214 736 bona
1241 691 1387 734 terra
1413 675 1681 732 comedetis
1707 671 1862 744 (lsai.
1897 686 1936 736 ι,
1963 666 2073 739 19).

507 793 573 846 Et
601 791 789 844 iterum
821 779 1061 838 Ezechiel
1097 793 1108 829 :
1145 773 1321 826 Facite
1348 771 1484 824 vobis
1511 782 1598 821 cor
1627 779 1836 828 novum,
1867 771 1914 816 et
1935 760 2081 831 spiri-

507 892 612 937 tum
653 893 830 934 novum
857 868 1073 944 (λέχεσι.
1101 881 1252 932 xvnt,
1285 860 1399 934 5|).
1453 860 1520 914 Et
1561 859 1754 914 iterum
1789 872 1802 908 :
1837 853 2011 908 Hodie
2035 853 2080 906 si

505 987 672 1026 vocent
718 968 825 1034 ejus
873 958 1158 1020 audieritis,
1209 955 1364 1009 nolite
1419 950 1673 1006 obdurare
1715 946 1875 1002 corda
1919 954 2082 998 vestra

495 1062 676 1134 (Paul.
706 1071 846 1122 xciv,
880 1054 957 1120 8).
1001 1050 1105 1107 Sed
1137 1049 1252 1103 haec
1288 1055 1344 1102 et
1391 1045 1472 1099 his
1519 1040 1713 1098 similia
1743 1039 1974 1110 pessima
1999 1039 2083 1134 in-

507 1132 749 1210 tentione
778 1148 1022 1212 sentitis;
1056 1151 1134 1216 ⁸ιη
1158 1140 1393 1198 credatis
1429 1138 1675 1194 homines
1701 1150 1733 1190 a
1781 1132 2085 1201 semetipsis

509 1259 658 1304 boum
691 1225 979 1299 voluntatis
1010 1237 1218 1292 initium
1246 1247 1478 1298 sumere,
1497 1239 1555 1287 et
1583 1237 1726 1300 post,
1759 1223 2084 1296 adiutorium

511 1335 814 1394 D.vinitatis
842 1332 1116 1399 accipere;
1148 1335 1209 1382 ut
1235 1325 1397 1398 (quod
1419 1323 1524 1380 dici
1555 1321 1706 1378 nefas
1746 1321 1853 1380 est)
1885 1333 1982 1374 nos
2012 1317 2087 1372 si-

511 1444 625 1484 .nus
648 1440 809 1481 causa
838 1422 954 1492 ejus
975 1417 1242 1482 beneﬁcii,
1273 1431 1379 1471 non
1403 1416 1519 1484 ipse
1545 1413 1648 1468 sui.
1672 1411 1788 1466 iam
1820 1407 2087 1479 quomodo

513 1536 697 1578 verum
723 1521 830 1572 erit
855 1513 1000 1584 quod
1018 1510 1252 1567 Joannes
1272 1509 1383 1562 ait:
1418 1506 1494 1560 De
1517 1503 1831 1577 plenitudine
1859 1502 1970 1569 eius
1996 1515 2087 1554 nos

2179 667 2362 736 ptioue
2389 673 2703 726 venturum;
2736 669 2796 714 ut
2823 654 3088 727 passionis
3109 665 3321 723 quoque
3367 648 3542 703 futura
3573 645 3769 717 praedi-

2175 767 2347 822 ceret,
2394 766 2450 812 et
2501 751 2910 809 resurrectionis
2938 747 3161 818 gloriam
3204 742 3508 804 nuntiaret;
3544 747 3599 792 et
3639 737 3770 793 inde

2179 865 2288 906 non
2325 863 2383 904 se
2412 847 2539 903 dicit
2581 845 2830 900 debuisse
2875 855 3117 912 peccare,
3147 852 3271 894 cum
3313 836 3438 889 talia
3483 832 3775 887 meruisset

2183 955 2495 1013 agnoscere.
2537 939 2580 994 Ο
2611 945 2790 992 sancta
2839 933 3187 1004 simplicitas!
3241 928 3364 1000 quis
3399 934 3602 980 tantum
3659 937 3773 977 sua:

2181 1035 2478 1093 defensioni
2528 1031 2742 1088 studere
2789 1029 2981 1100 potuit,
3015 1031 3270 1094 quantum
3303 1022 3406 1076 iste
3452 1019 3508 1073 in
3553 1016 3772 1087 propria

2184 1126 2629 1185 condemuatione
2663 1119 2958 1178 laboravit?
2985 1116 3138 1186 Quod
3168 1117 3544 1186 argumentum
3577 1108 3774 1163 dicitur

2185 1222 2230 1276 Δ
2261 1219 2469 1276 causis»
2492 1215 2631 1272 Dicit
2675 1215 2812 1269 enim
2857 1221 2978 1284 post
3028 1217 3107 1266 tot
3133 1209 3323 1264 collata
3369 1201 3655 1267 beneficia,
3711 1200 3773 1253 ad

2187 1314 2310 1370 talia
2340 1327 2400 1368 se
2426 1326 2534 1368 non
2555 1308 2803 1364 debuisse
2832 1303 3112 1376 pervenire
3135 1307 3373 1372 peccata.

2259 1403 2418 1458 Vera.
2451 1402 2505 1457 8.
2536 1401 2782 1470 Asperges
2804 1413 2881 1450 me
2898 1395 3140 1467 hyssopo,
3164 1400 3209 1446 et
3234 1389 3556 1452 mundabor;
3586 1385 3774 1440 (aratis

2189 1511 2291 1560 me,
2313 1501 2361 1546 et
2389 1506 2542 1560 super
2567 1491 2732 1544 nivem
2757 1487 3050 1542 dealbabor.
3076 1482 3354 1554 Superiori
3385 1479 3776 1550 supplicatione

513 1569 1007 1674 accepimus,
1038 1610 1085 1656 et
1107 1599 1324 1673 gratiam
1345 1613 1438 1668 pro
1477 1569 1646 1666 gratia
1672 1591 1852 1665 (Joan.
1883 1607 1923 1658 ι,
1970 1589 2084 1660 16).
2191 1595 2512 1658 prostratus,
2541 1584 2594 1638 in
2627 1580 2918 1637 secundum
2951 1572 3542 1674 partemmisericordia
3568 1569 3778 1627 Domini

517 1703 610 1756 νει
637 1669 1088 1770 quemadmodum
1108 1669 1246 1761 ipsa
1271 1691 1442 1762 gratia
1463 1689 1568 1743 dici
1609 1687 1810 1758 poterit
1834 1682 2085 1754 gratuita,
2189 1680 2423 1737 conﬁsus
2449 1680 2694 1749 erigitur,
2725 1692 2810 1742 ne,
2844 1675 2986 1770 quod
3016 1672 3266 1770 omnibus
3296 1669 3531 1770 peccatis
3557 1675 3642 1722 est
3661 1679 3781 1738 gra-

514 1794 560 1847 si
607 1761 724 1846 eam
773 1787 1028 1856 anticipet
1073 1761 1297 1853 alicujus
1322 1781 1448 1838 boni
1477 1781 1754 1851 praemissa
1793 1776 2090 1831 celeritas?
2193 1773 2330 1836 vius,
2363 1772 2432 1828 de
2459 1771 2744 1826 clementia
2795 1767 3174 1838 omnipotentis
3211 1762 3424 1820 Domini
3463 1761 3781 1856 desperasse

515 1883 706 1938 Audite
735 1855 1071 1949 Apostolum,
1119 1875 1208 1946 qui
1232 1875 1423 1944 dogma
1474 1880 1716 1928 vestrum
1747 1869 2087 1925 falsissimum
2195 1867 2486 1922 videretur.
2541 1864 2814 1936 Hysaopus
2841 1863 3082 1934 quamvis
3127 1861 3199 1916 sit
3227 1859 3392 1914 herba
3437 1855 3779 1949 parvissima,

516 1987 638 2027 “3'3
671 1948 1045 2040 Ρτωδίεθιὶουθ
1063 1962 1356 2029 conﬁne“.
1383 1962 1570 2017 dicens
1593 1977 1607 2013 ε
1633 1958 1762 2026 Qu“
1785 1957 1927 2028 Ρτίον
1949 1954 2091 2008 ded“
2119 1950 2170 2012 Β
2195 1959 2466 2054 radicibus
2487 1960 2599 2014 suis
2627 1972 2885 2013 saxorum
2911 1956 3080 2011 fertur
3091 1955 3295 2010 viscera
3317 1960 3632 2023 penetrare.
3661 1948 3782 2004 Hinc

515 2065 580 2129 ei,
603 2072 650 2116 et
671 2039 968 2116 retribuetur
995 2055 1074 2110 illi
1099 2055 1122 2109 .9
1153 2053 1411 2122 Quoniam
1437 2067 1499 2106 ea:
1531 2051 1665 2119 ipso,
1699 2057 1748 2102 et
1789 2062 1876 2116 per
1901 2046 2090 2116 ipsum,

2215 2039 2254 2108 ti
2278 2053 2505 2109 internis
2537 2051 2814 2106 hominum
2845 2048 3094 2104 sauciatis
3125 2047 3380 2118 probatur
3410 2039 3781 2099 accommoda.

515 2165 562 2214 et
583 2156 634 2210 in
655 2155 762 2226 ipso
783 2161 899 2207 sunt
929 2149 1100 2204 omnia
1129 2147 1305 2217 (liam.
1333 2160 1406 2212 ιι,
1435 2143 1545 2214 55).
1592 2142 1724 2198 Item
1763 2138 2052 2210 Apostolus
2079 2154 2094 2194 :

2215 2148 2265 2202 Et
2311 2148 2363 2200 in
2415 2145 2550 2200 libro
2581 2143 2838 2209 Levitico,
2887 2142 3163 2197 immolato
3209 2137 3472 2209 sanguine
3525 2136 3774 2199 intincta,

519 2252 559 2306 Α
609 2265 707 2320 quo
757 2255 829 2301 est
879 2253 926 2300 et
970 2241 1093 2299 velle
1140 2251 1184 2295 et
1231 2240 1492 2310 per/icere,
1548 2251 1639 2306 pro
1669 2234 1801 2288 bona
1838 2228 2094 2284 voluntate

2215 2253 2356 2307 supra
2377 2235 2574 2305 leprosi
2601 2249 2798 2305 corpus
2820 2232 3020 2304 septies
3041 2230 3250 2286 solebat
3265 2227 3474 2300 aspergi
3493 2226 3644 2302 (Leu.
3669 2241 3780 2291 xtv,

517 2339 743 2412 (Philip.
772 2353 832 2405 ιι,
862 2336 970 2408 15).
1020 2335 1086 2389 Et
1111 2332 1342 2390 Jacobus
1373 2325 1699 2399 Apostolus:
1735 2322 1896 2378 Omne
1918 2320 2096 2374 datum

2215 2328 2254 2394 3,
2283 2329 2340 2400 7)
2367 2347 2378 2381 :
2412 2326 2720 2399 signiﬁcans
2750 2327 2987 2398 pretioso
3009 2324 3268 2396 sanguine
3307 2322 3521 2379 Domini
3543 2321 3786 2378 Salvato-

518 2432 766 2504 Optimum
800 2437 846 2483 et
875 2443 1022 2482 amne
1051 2425 1240 2478 donum
1269 2422 1546 2492 perfectum
1572 2419 1842 2474 desursum
1879 2422 1976 2479 σει.
2008 2415 2096 2470 άθ·
2199 2421 2276 2478 ris
2303 2420 2538 2477 maculas
2579 2428 2924 2490 peccatorum
2973 2417 3261 2474 efﬁcaciter
3309 2429 3430 2472 esse
3482 2414 3783 2470 diluendas.

518 2523 764 2580 scendens
788 2539 821 2575 a
848 2519 1004 2574 Patre
1031 2517 1280 2572 luminum
1312 2511 1451 2584 (Jac.
1484 2529 1524 2579 ι,
1557 2510 1669 2583 17).
1704 2510 1958 2580 Sequitur
2004 2522 2100 2564 vos

2215 2515 2313 2569 Hac
2362 2511 2713 2570 similitudine
2753 2511 3018 2584 supplicat
3063 2526 3124 2567 se
3155 2509 3412 2582 pr0pheta
3451 2508 3706 2572 liberari;
3735 2517 3788 2562 ut

521 2613 628 2668 alia
649 2611 817 2666 multo
846 2607 996 2680 pejor
1030 2603 1349 2660 absurditas.
1382 2601 1440 2659 Si
1485 2614 1518 2655 a
1563 2599 1718 2656 nobis
1756 2607 1903 2656 esset
1947 2597 2102 2654 bonae
2205 2606 2401 2662 Christi
2433 2606 2692 2676 sanguine
2725 2606 2994 2676 salutari,
3022 2620 3180 2676 quem
3225 2606 3312 2676 pio
3341 2602 3508 2660 corde
3537 2601 3790 2658 credebat

521 2699 813 2758 voluntatis
840 2697 1069 2764 initium,
1107 2709 1204 2750 nos
1230 2694 1398 2765 magis
1441 2705 1763 2763 poneremus
1786 2687 2101 2744 fundamen-

523 2803 662 2861 tum,
693 2793 783 2850 ubi
814 2790 1105 2848 atdilicaret
1137 2787 1434 2864 Dominus;
1486 2785 1630 2858 quod
1657 2792 1804 2841 certe
1829 2781 1974 2837 nulla
2017 2794 2104 2850 po-

525 2898 630 2946 test
658 2887 854 2944 mentis
881 2885 1084 2942 sanitas
1130 2885 1446 2956 approbare.
1505 2881 1846 2951 Quapropter
1877 2876 2107 2934 desinite

521 2971 769 3039 asserere
809 2995 928 3050 qum
974 2994 1080 3036 non
1127 2977 1350 3048 potestis
1393 2976 1641 3045 implere.
1674 2975 1756 3030 Illi
1793 2973 2107 3030 obedienter

529 3073 774 3134 audiunt,
807 3084 942 3140 quos
967 3071 1081 3140 ipse
1107 3069 1235 3126 facit
1261 3067 1481 3133 audire;
1506 3065 1581 3122 illi
1607 3067 1840 3135 proﬁcue
1860 3065 2103 3142 cupiunt,

529 3163 624 3235 qui
655 3176 846 3218 munus
876 3161 1178 3218 Divinitatis
1205 3161 1494 3232 accipiunt.
1525 3158 1659 3218 Nam
1704 3167 1826 3229 post
1866 3158 2106 3214 vitiatam

531 3256 751 3314 humani
779 3255 991 3326 generis
1037 3261 1303 3320 naturam,
1345 3251 1499 3308 liberi
1527 3251 1736 3307 arbitrii
1780 3249 2107 3306 salutiferam

2201 2711 2324 2754 esse
2353 2705 2654 2763 venturum,
2690 2697 3039 2753 absolutionis
3069 2709 3290 2752 munera
3317 2704 3644 2750 mereretur.
3687 2693 3788 2749 Per

2208 2791 2480 2861 hyssopum
2511 2789 2652 2843 enim
2697 2789 2961 2860 signiﬁcat
2999 2796 3330 2844 sacramenta
3361 2802 3483 2858 qua:
3535 2787 3790 2853 diximus,

2205 2903 2327 2959 qua:
2375 2904 2482 2944 non
2513 2891 2688 2944 solum
2719 2889 3117 2959 inquinamenta
3167 2887 3473 2957 detergunt,
3507 2886 3603 2942 sed
3633 2886 3792 2943 etiam

2210 2995 2363 3051 super
2410 2982 2572 3034 nivem
2605 2981 2886 3051 puritatem
2926 2979 3118 3036 anima:
3165 2979 3454 3037 relucentis
3480 2981 3794 3038 ostendunt.

2211 3073 2380 3146 Super
2428 3075 2591 3130 nivem
2619 3085 2795 3130 autem
2827 3074 3005 3130 album
3057 3075 3109 3130 in
3149 3074 3461 3145 corporibus
3510 3077 3585 3131 nil
3622 3088 3797 3148 potest

2209 3166 2480 3232 inveniri;
2513 3166 2607 3221 sed
2629 3165 2749 3221 ideo
2779 3181 2930 3238 super
2959 3167 3120 3221 nivem
3149 3165 3304 3233 dixit,
3351 3167 3474 3238 quia
3504 3168 3796 3240 spiritualis

2218 3259 2370 3330 172
2403 3259 2582 3313 anima
2629 3257 2786 3328 longe
2813 3273 2974 3328 supra
3000 3271 3223 3328 corpora
3249 3259 3503 3313 mundata
3545 3261 3794 3333 rcSpicn.

530 3363 741 3428 partem
763 3362 817 3409 et
846 3351 1102 3407 Dominus
1121 3351 1322 3420 tribuit,
1346 3359 1402 3407 et
1429 3351 1795 3422 operationem
1819 3351 1988 3422 ipsius
2011 3365 2106 3406 sua
2137 3330 2184 3393 ο
2213 3351 2471 3419 det.Qt'tte
2489 3350 2650 3420 figura
2679 3349 2873 3405 dicitur
2898 3347 3251 3420 hyperthesis,
3279 3349 3330 3404 id
3347 3361 3430 3405 est
3459 3330 3790 3420 superi—alio‘

534 3443 735 3516 pietate
762 3441 1028 3500 concedit.
1051 3436 1179 3496 Haec
1204 3441 1416 3512 quidem
1446 3441 1606 3498 latius
1635 3443 1826 3500 beatus
1861 3443 2114 3514 Augusti-

2215 3459 2334 3500 cum
2365 3444 2596 3514 aliquam
2623 3457 2737 3500 rem
2774 3443 3022 3513 Opinione
3052 3441 3286 3498 omnium
3317 3453 3497 3498 notam
3527 3446 3799 3501 sententia

536 3555 678 3608 nus,
730 3539 846 3596 haec
892 3537 1233 3594 doctissimus
1282 3539 1666 3612 Hieronymus,
1719 3542 1838 3599 haec
1885 3541 2115 3612 Prosper
2213 3548 2396 3594 nostra
2445 3551 2772 3607 exsuperare
2801 3535 3192 3592 contendimus.
3241 3533 3370 3590 Tale
3414 3544 3494 3590 est
3541 3546 3597 3591 et
3647 3537 3801 3616 illud,

537 3644 807 3688 consensu
834 3629 1199 3701 generalitatis
1225 3629 1407 3686 divino
1430 3646 1652 3689 munere
1671 3631 1988 3689 docuerunt.
2007 3634 2113 3690 Sed
2213 3635 2351 3690 sicut
2372 3632 2481 3704 jam
2513 3635 2565 3688 in
2597 3633 2827 3702 septimo
2853 3631 3079 3687 'decimo
3111 3632 3314 3701 psalmo
3342 3629 3544 3685 dictum
3577 3641 3704 3688 est:
3741 3629 3802 3685 Et

538 3738 639 3780 nos
679 3736 743 3778 ea
771 3719 1076 3790 contingere
1102 3719 1228 3776 fecit
1249 3720 1470 3778 haeresis
1493 3723 1842 3794 exsecranda,
1870 3739 1990 3796 qua:
2033 3723 2117 3780 ni-
2217 3725 2420 3790 volavit,
2444 3724 2626 3778 volavit
2645 3738 2800 3790 super
2824 3739 3013 3795 pennas
3038 3731 3302 3776 ventorum
3327 3719 3498 3790 (Psal.
3527 3739 3662 3790 xvn,
3695 3725 3802 3795 Η).

539 3812 646 3872 mis
671 3812 831 3870 saluti
857 3824 1054 3870 nostra:
1086 3813 1342 3884 probatur
1371 3829 1491 3872 esse
1517 3815 1809 3871 contraria.
2291 3819 2443 3873 Vcrs.
2477 3817 2530 3872 9.
2564 3816 2774 3870 Auditui
2803 3831 2913 3870 meo
2955 3816 3098 3870 dabis
3119 3807 3365 3887 gaudium
3390 3825 3439 3870 et
3481 3816 3737 3881 lwtitiam,
3762 3827 3807 3873 et

607 3904 766 3960 Vers.
800 3906 852 3959 7.
905 3903 1036 3960 Ecce
1083 3907 1222 3961 enim
1249 3907 1509 3963 veritatem
1555 3909 1814 3973 dilexisti;
1855 3909 2046 3964 incerta
2069 3920 2116 3965 et

541 3997 739 4054 occulta
764 3997 1028 4065 sapientia:
1045 4007 1145 4052 tum
1165 3998 1498 4070 manifestasti
1518 3999 1664 4054 mihi.
1682 4000 1832 4056 Sicut
1853 4001 2117 4070 superiori

542 4107 699 4149 versu
734 4109 826 4162 per
854 4105 1140 4148 commune
1169 4090 1420 4148 delictum
1444 4093 1781 4162 approbavit,
1810 4094 1934 4164 quia
1955 4107 2118 4150 nemo

542 4199 572 4239 a
598 4183 828 4254 peccatis
863 4181 1179 4238 redderetur
1211 4192 1490 4254 exceptus,
1523 4184 1602 4242 sic
1628 4185 1820 4241 iterum
1843 4199 1940 4256 per
1963 4199 2114 4241 suam

542 4273 933 4329 confessionem
982 4272 1086 4328 sibi
1123 4274 1388 4343 supplicat
1436 4275 1728 4344 subveniri,
1784 4275 2034 4345 quoniam
2065 4278 2118 4332 in

541 4365 846 4421 conﬁtendo
878 4374 1096 4434 peccato
1145 4365 1425 4422 veritatem
1455 4367 1608 4435 dixit,
1665 4382 1824 4439 quam
1861 4369 2120 4426 Dominus

543 4457 686 4515 Deus
715 4470 872 4527 supra
917 4455 1182 4512 sacriﬁcia
1227 4457 1344 4528 plus
1369 4457 1612 4530 requirit.
1659 4460 1774 4518 Non
1803 4461 1946 4517 enim
1979 4461 2120 4518 Deus

543 4551 837 4609 delectatur
879 4548 1049 4618 pmnis
1103 4549 1324 4615 nostris,
1369 4549 1463 4605 sed
1509 4550 1901 4607 confessionem
1929 4553 2121 4622 quierit

545 4645 764 4709 erroris,
796 4639 932 4696 sicut
962 4639 1220 4710 scriptum
1250 4648 1370 4696 est:
1403 4639 1542 4696 Nolo
1571 4651 1782 4698 mortem
1818 4647 2115 4714 peccatoris,

543 4739 632 4794 sed
657 4748 710 4792 ut
739 4743 1062 4792 convertatur
1098 4743 1145 4789 et
1171 4736 1302 4789 vivat
1331 4733 1544 4804 (Ezech.
1584 4751 1729 4804 xvtn,
1769 4737 1884 4807 52).
1919 4735 2122 4794 Incerta

547 4840 671 4887 sunt
697 4846 814 4901 quae
838 4829 1055 4885 omnino
1077 4827 1310 4883 discerni
1330 4842 1438 4884 non
1464 4837 1710 4898 possunt,
1734 4830 1828 4886 sed
1857 4832 2122 4902 aliquibus

547 4920 978 4992 ambiguitatibus
1023 4918 1367 4990 colliguntur.
1422 4918 1635 4974 Occulta
1679 4936 1809 4976 vero
1835 4930 1961 4977 sunt
2002 4937 2124 4993 qua:

545 5030 648 5070 nec
689 5015 873 5070 oculus
913 5011 1198 5084 conSpicit,
1245 5026 1345 5068 nec
1390 5025 1541 5068 mens
1587 5012 1818 5069 humana
1846 5013 2120 5084 diiudicat.

546 5105 677 5166 llmc
697 5108 804 5165 duo
831 5123 934 5165 non
951 5108 1121 5164 solum
1147 5107 1251 5164 sibi
1275 5106 1508 5163 revelata
1525 5105 1673 5172 dicit,
1701 5109 1795 5164 sed
1821 5111 2122 5179 mnifesla-

549 5214 601 5258 ta
647 5202 950 5273 proﬁtetur;
982 5209 1042 5257 ut
1067 5201 1206 5274 quod
1249 5201 1422 5257 fuerat
1450 5201 1531 5258 vel
1561 5202 1822 5271 suspicari
1872 5201 2118 5273 arduum,

547 5290 861 5362 provenerit
885 5289 962 5344 illi
990 5289 1043 5344 in
1091 5290 1449 5348 declarations
1493 5291 1853 5348 manifestum.
1888 5293 1952 5346 Et
1997 5301 2122 5350 nota

547 5380 686 5450 quod
718 5380 909 5436 collata
955 5379 1056 5434 sibi
1104 5394 1324 5436 munera
1365 5381 1588 5452 pulchra
1617 5381 1928 5439 deﬁnitione
1973 5398 2122 5440 com-

541 5471 813 5542 plectitur.
847 5469 1082 5526 Dicenda
1116 5470 1282 5534 enim,
1312 5470 1509 5524 incerta
1547 5479 1593 5524 et
1631 5473 1832 5525 occulta
1862 5473 2124 5537 sapientiae

544 5568 651 5616 tua:
687 5560 1212 5640 manifeslallimi/tt',
1257 5559 1531 5630 prophetia
1576 5561 1704 5630 quid
1752 5561 1822 5616 sit
1850 5562 2125 5618 ostendit?

545 5649 692 5709 Onus
721 5652 860 5707 aliud
891 5650 1035 5706 addit
1062 5653 1232 5708 reatui
1263 5666 1380 5716 suo,
1413 5661 1470 5707 ttt
1499 5666 1620 5706 cum
1648 5651 1904 5708 beneﬁcia
1937 5671 2123 5712 nume-

543 5755 650 5813 rat,
703 5746 852 5816 culpa
885 5761 1096 5814 semper
1125 5755 1410 5799 accrescat.
1463 5744 1666 5800 Incerta
1694 5761 1821 5817 ergo
1849 5758 1898 5802 et
1925 5755 2124 5807 occulta

545 5845 813 5908 suntquae
844 5835 986 5914 Deus
1010 5835 1082 5889 illi
1111 5836 1163 5890 in
1196 5834 1313 5890 Filii
1344 5837 1425 5891 sui
1461 5838 1891 5897 manifestatioue
1912 5845 2120 5901 revela-

545 5925 642 5983 vit.
670 5925 904 5980 Primum
941 5932 999 5980 ut
1028 5934 1339 5994 agnosceret
1368 5940 1490 5980 cum
1523 5929 1717 5985 habere
1768 5931 1974 6002 Filium,
2021 5937 2120 5985 de.

2217 3907 2544 3962 exsultabant
2593 3923 2707 3961 ossa
2759 3907 3047 3962 ltumiliata.
3097 3907 3197 3962 Hic
3221 3908 3332 3978 jam
3365 3909 3450 3978 pia
3478 3911 3805 3966 confidentia

2221 3999 2520 4055 Divinitatis
2560 3999 2888 4065 ostenditur;
2939 4011 2996 4056 ut
3023 4000 3148 4056 talia
3193 4016 3252 4056 se
3295 4002 3600 4058 auditurum
3633 4006 3804 4070 dicat,

2219 4107 2338 4162 qum
2385 4089 2637 4162 gaudium
2691 4090 3038 4161 laetitiamque
3083 4093 3480 4162 congeminant.
3540 4091 3806 4149 Gaudium

2221 4185 2452 4253 pertinet
2472 4183 2538 4238 ad
2565 4182 2978 4247 absolutionem,
3003 4182 3183 4238 latitia
3209 4183 3273 4238 ad
3304 4194 3558 4255 perpetua
3583 4188 3804 4256 praemia

2221 4272 2564 4340 possidenda.
2599 4271 2711 4328 Hoc
2735 4281 2821 4328 est
2865 4279 3042 4327 autem
3088 4271 3274 4327 audire
3316 4272 3563 4346 gaudium
3593 4285 3642 4329 et
3671 4277 3806 4330 (teti-

2223 4367 2370 4432 tiam,
2418 4364 2560 4435 quod
2607 4365 2933 4436 promittitur
2960 4363 3265 4442 absolutis:
3307 4363 3509 4432 Venite,
3556 4368 3809 4422 benedicti

2224 4456 2401 4512 Patris
2429 4457 2547 4524 mei,
2587 4457 2824 4527 parcipite
2851 4473 3062 4528 regnum
3107 4457 3244 4527 quod
3287 4457 3423 4512 vobis
3453 4468 3694 4527 paratum
3734 4473 3810 4515 es;

2221 4550 2285 4604 ab
2315 4550 2461 4603 initio
2485 4549 2664 4603 mundi
2685 4547 2897 4619 (Matth.
2927 4564 3060 4617 xxv,
3101 4549 3212 4618 54).
3248 4547 3516 4621 Sequitur,
3561 4561 3606 4605 et
3635 4553 3813 4607 exsul-

2227 4640 2404 4694 tabuut
2431 4655 2548 4694 ossa
2572 4638 2838 4693 humiliata
2863 4654 2880 4693 :
2901 4638 3104 4696 scilicet
3124 4639 3302 4694 audita
3329 4653 3459 4696 voce
3479 4657 3640 4711 quam
3672 4644 3814 4699 dixi-

2147 4712 2202 4776 Ῑ)
2229 4745 2369 4786 mus.
2414 4730 2564 4799 Quod
2613 4739 2980 4800 argumentum
3020 4730 3217 4786 dicitur
3252 4732 3298 4787 A
3325 4735 3810 4805 consequentibus.

2230 4822 2459 4879 Necesse
2479 4833 2562 4880 est
2579 4823 2721 4879 enim
2746 4835 2799 4877 ut
2819 4823 3031 4894 quando
3051 4822 3165 4879 haec
3185 4824 3360 4879 audita
3379 4824 3594 4895 fuerint,
3626 4829 3816 4886 ltetitia

2230 4925 2604 4986 consequatur.
2637 4916 2738 4972 Per
2755 4932 2872 4970 ossa
2895 4932 3023 4972 vero
3046 4917 3410 4990 signiﬁcantur
3435 4921 3597 4977 animi
3628 4922 3816 4979 ﬁrma-

2227 5017 2431 5072 menta,
2461 5021 2581 5076 quas
2610 5021 2829 5064 necesse
2857 5007 3028 5064 fuerat
3054 5011 3274 5066 omnino
3315 5011 3606 5083 humiliari,
3635 5031 3816 5086 quau.

2227 5099 2320 5154 diu
2353 5103 2615 5170 pmnitens
2663 5102 2763 5157 iste
2786 5104 3044 5174 potuisset
3068 5105 3293 5161 absolvi.
3327 5105 3618 5164 Humiliata
3663 5115 3814 5169 enim

2231 5190 2384 5262 dixit,
2417 5202 2634 5264 propter
2657 5196 2859 5253 erroris
2881 5197 2962 5252 sui
2988 5198 3393 5270 conscientiam,
3421 5217 3541 5275 qua:
3571 5207 3816 5275 proﬁcue

2229 5298 2442 5356 semper
2464 5287 2691 5344 humiles
2719 5289 2862 5345 facit.

2302 5378 2456 5435 Vers.
2505 5381 2593 5436 10.
2627 5381 2809 5437 Averte
2827 5385 3014 5455 faciem
3051 5395 3191 5442 suam
3231 5403 3265 5442 a
3310 5391 3529 5461 peccatis
3549 5395 3701 5466 meis,
3766 5406 3815 5451 et

2231 5489 2401 5530 omnes
2429 5474 2718 5545 iniquitates
2747 5491 2886 5532 meas
2904 5477 3035 5535 dele.
3062 5479 3218 5538 Venit
3247 5483 3312 5539 ad
3342 5483 3551 5542 tertiam
3575 5501 3810 5558 partem,

2225 5581 2419 5639 rogans
2443 5568 2678 5638 iudicem
2713 5571 2857 5640 pium
2888 5586 2957 5628 ne
2979 5575 3272 5643 respiceret
3291 5590 3532 5648 peccata,
3563 5597 3689 5653 quae
3712 5587 3811 5655 ipsi

2225 5673 2436 5730 quoque
2457 5661 2771 5716 videbantur
2799 5661 3084 5718 horrenda.
3117 5663 3410 5725 Considera
3429 5685 3557 5727 vero
3584 5688 3652 5729 ex
3677 5690 3808 5729 con~

2227 5750 2402 5806 trariis
2429 5750 2790 5820 pulcherrime
2819 5753 3032 5823 regulas
3074 5754 3246 5812 datas.
3289 5755 3346 5813 Si
3387 5773 3485 5814 nos
3514 5765 3810 5820 avertimus

2225 5842 2391 5902 facies
2418 5861 2446 5899 a
2475 5846 2709 5915 peccatis
2737 5846 2957 5914 nostris,
2993 5848 3209 5905 noxium
3236 5860 3346 5918 est;
3377 5852 3502 5923 quia
3535 5854 3804 5912 oblivisci.

2225 5952 2344 5994 mur
2370 5946 2422 5994 et
2447 5938 2776 6008 negligenter
2795 5941 3022 6012 agimus,
3043 5955 3164 6012 qua:
3187 5953 3442 6002 continuo
3469 5945 3597 6004 ﬂetu
3625 5949 3792 6005 ablue
