3996 6346
188 489 283 550 5ϋὸ

1125 480 1484 543 EXPOSITIO
1521 476 1587 541 IN
1628 477 2089 540 PSALTERIUM.
2131 470 2324 533 PSAL.
2363 471 2435 529 L.

3335 460 3442 523 566

188 628 243 667 rc
292 609 614 666 deberemus
647 606 729 662 :si
762 603 1017 661 Dominus
1064 617 1170 658 non
1213 602 1413 667 avertit,
1456 600 1763 670 exstinguit,
1794 599 1848 660 Α
1870 608 1987 649 mus
2008 600 2062 648 et
2089 604 2369 648 renovare.
2401 587 2608 644 Dictum
2634 594 2719 644 est
2754 588 2897 645 enim
2935 596 2990 645 et
3015 588 3069 644 in
3097 588 3205 646 alio
3231 589 3348 645 loco
3374 590 3445 646 de

188 703 308 774 quia
353 700 561 772 iudicat
590 698 780 755 delicta
809 710 927 768 quae
959 694 1196 765 reapicit.
1232 693 1323 750 Sic
1351 700 1468 748 orat
1507 699 1561 748 et
1588 691 1715 746 alibi
1748 705 1764 746 :

1872 684 2119 740 ﬁdelibus
2146 682 2231 752 (ιι
2265 682 2384 737 Cor.
2417 697 2470 747 v,
2503 681 2591 753 17)
2628 701 2643 740 :
2672 681 2814 738 Ecce
2837 697 2975 737 nunc
2995 697 3129 739 nova
3157 692 3398 737 creatura
3427 699 3444 751 ;

190 792 269 849 Ne
293 801 491 848 avertas
521 791 704 860 faciem
735 799 875 843 tuam
894 805 925 842 a
947 803 1046 855 me,
1073 796 1120 840 et
1146 802 1231 840 ero
1253 784 1435 839 similis
1464 784 1772 838 descenden-
1871 797 1977 837 non
2023 780 2177 851 quasi
2206 777 2275 834 de
2303 778 2471 833 altera
2515 792 2631 845 quae
2661 792 2766 832 non
2813 786 2959 845 erat;
3011 778 3105 834 sed
3132 777 3271 850 quod
3296 779 3355 843 in
3386 792 3446 833 ea

189 888 321 941 tibus
366 886 421 940 in
449 885 621 939 lacum
646 882 820 955 (Psal.
851 897 1027 947 chtt,
1072 881 1151 951 7).
1183 879 1394 945 Merito,
1436 878 1686 949 quoniam
1725 878 1772 935 si
1870 888 1989 944 qua:
2008 871 2113 941 iam
2138 868 2437 936 constabat,
2466 869 2786 924 illuminatio
2816 883 2952 925 nova
2979 879 3336 940 processerat.

195 990 289 1031 nos
320 973 659 1044 respicimur,
687 971 1055 1028 misericordia
1087 970 1379 1026 Salvaturis
1406 969 1769 1033 absolvimur;

192 1067 329 1121 sicut
352 1066 420 1122 de
449 1065 612 1121 Petro
641 1065 695 1120 in
727 1063 1014 1134 Evangelio
1042 1063 1237 1119 dicitur
1267 1081 1281 1117 :
1311 1061 1379 1115 Et
1419 1062 1636 1132 respexit
1666 1061 1773 1116 Do-

190 1160 363 1214 minus
411 1156 647 1220 Petrum,
679 1164 728 1211 et
772 1171 999 1226 egressus
1052 1158 1214 1225 foras,
1261 1154 1397 1223 ﬂevit
1424 1169 1597 1207 amare
1622 1152 1773 1222 (Luc.

192 1265 330 1319 xxtt,
363 1247 452 1317 61,
481 1247 593 1319 62).
619 1246 891 1314 Sequitur,
908 1255 956 1299 et
976 1261 1146 1299 omnes
1170 1244 1465 1315 iniquitates
1485 1259 1622 1297 meas
1641 1241 1773 1296 dele.

191 1342 272 1398 De
314 1341 525 1397 duobus
554 1338 869 1396 criminibus
895 1345 1114 1394 vocatus
1153 1337 1223 1392 ad
1259 1337 1492 1406 culpam,
1534 1351 1630 1405 pro
1658 1335 1776 1390 uni-

191 1434 367 1488 versis
394 1432 606 1488 delictis
632 1429 1074 1501 prudentissimus
1118 1438 1364 1499 precator
1393 1436 1600 1484 exorat.
1628 1424 1778 1483 Scie-

196 1523 291 1578 bat
310 1524 457 1579 enim
482 1536 542 1578 se
567 1520 758 1577 fecisse
788 1520 1038 1590 plurima,
1067 1533 1225 1589 quam
1255 1533 1374 1587 quae
1415 1517 1616 1587 justitia
1644 1531 1780 1586 prte-

191 1617 369 1672 sentis
414 1613 670 1685 temporis
721 1614 1027 1684 arguebat:
1069 1612 1143 1666 ita
1195 1610 1413 1666 salutari
1460 1608 1779 1679 compendio

193 1706 465 1777 quidquid
519 1705 755 1762 accusari
806 1712 1036 1775 poterat,
1086 1701 1287 1758 remitti
1323 1702 1423 1757 sibi
1472 1717 1576 1756 una
1624 1702 1779 1758 venia

191 1796 527 1868 postulabat.
559 1794 687 1851 Dele
720 1802 897 1851 autem
923 1794 1049 1850 dum
1077 1794 1290 1860 dicitur,
1340 1793 1548 1849 dimitte
1574 1793 1776 1864 signiti-

192 1896 349 1942 catur
367 1903 385 1954 ;
402 1887 523 1956 quia
540 1900 701 1941 omne
718 1893 958 1940 nostrum
980 1884 1274 1941 admissum
1290 1884 1441 1954 quasi
1462 1883 1778 1953 quibusdam

195 1979 394 2035 tabulis
412 1977 687 2043 scribitur,
710 1991 832 2032 cum
862 1975 1041 2032 divina
1077 1975 1264 2031 notitia
1285 1974 1607 2031 continetur.

272 2071 428 2128 Vers.
454 2071 541 2127 11.
566 2070 669 2125 Cor
689 2072 936 2125 mundum
951 2086 1066 2126 area
1090 2070 1144 2124 in
1163 2086 1262 2139 me,
1288 2068 1458 2137 Deus;
1477 2080 1523 2125 et
1544 2070 1777 2140 spiritum

198 2172 390 2217 rectum
413 2164 600 2216 innova
618 2162 673 2215 in
698 2161 972 2217 visceribus
1002 2162 1145 2216 meis.
1167 2160 1445 2215 Subtiliter
1471 2149 1571 2216 hos
1592 2175 1780 2217 versus

200 2268 298 2325 per
320 2254 478 2309 verba
499 2254 707 2324 singula
729 2253 982 2309 debemus
1002 2252 1302 2323 exquirere,
1330 2260 1386 2307 ut
1412 2251 1567 2307 nobis
1589 2266 1779 2309 sensus

205 2347 375 2419 possit
399 2345 695 2402 evidentius
723 2330 952 2400 elucere.
974 2344 1160 2400 Creare
1181 2343 1429 2411 dicimus,
1462 2358 1659 2400 novum
1682 2344 1778 2399 ali-

205 2438 333 2511 quid
372 2438 643 2494 instituere
667 2477 683 2502 ,
736 2445 794 2491 ut
823 2434 949 2491 illud
977 2435 1117 2508 quod
1147 2451 1253 2492 non
1280 2436 1376 2490 luit
1403 2434 1646 2491 videatur
1671 2435 1785 2491 exi-

204 2541 367 2587 stere.
401 2531 465 2587 Et
492 2529 763 2601 quomodo
793 2530 1035 2586 dicamus
1064 2541 1189 2586 ante
1223 2540 1498 2600 peccatum
1524 2547 1610 2585 cor
1637 2547 1785 2586 mun-

201 2622 331 2677 dum
358 2637 462 2677 non
491 2622 741 2678 habuisse
762 2621 951 2689 David,
982 2619 1048 2676 de
1068 2636 1175 2692 quo
1205 2620 1459 2676 Dominus
1485 2620 1618 2675 dixit
1647 2636 1663 2675 :
1696 2618 1788 2675 In-

201 2714 324 2766 veni
352 2711 519 2766 David
567 2712 727 2781 ﬁlium
756 2710 918 2779 Jesse,
951 2712 1120 2765 cirum
1158 2711 1435 2766 secundum
1464 2728 1551 2766 cor
1598 2728 1785 2780 meum,

201 2806 301 2876 qui
329 2804 487 2875 faciat
517 2820 685 2859 omnes
724 2806 1005 2860 voluntates
1034 2821 1173 2860 meas
1202 2803 1372 2875 (Psal.
1408 2820 1663 2876 Lxxxvnt,
1698 2806 1788 2872 9.2,

205 2908 258 2953 et
286 2896 406 2952 Act.
439 2912 551 2965 xm,
580 2897 704 2967 22)?
733 2897 834 2953 Sed
867 2914 981 2953 crea
1012 2896 1118 2965 hic,
1149 2905 1390 2952 restaura
1412 2896 1553 2952 unde
1574 2897 1789 2965 decidit,

206 2989 375 3045 debet
424 2988 664 3061 intelligi.
695 2989 829 3046 Petit
857 3005 985 3061 ergo
1015 2991 1272 3060 propheta
1303 2989 1408 3045 tale
1437 2991 1683 3045 mundum
1709 3008 1794 3045 cor

209 3079 317 3136 sibi
343 3080 527 3147 creari,
556 3079 698 3150 quod
722 3079 831 3152 jam
867 3081 1098 3152 peccatis
1138 3080 1537 3151 impellentibus
1559 3097 1796 3139 commo-

212 3170 335 3225 veri
361 3171 581 3228 minime
622 3170 881 3241 potuisset
902 3172 968 3226 ad
989 3173 1228 3243 culpam;
1271 3173 1363 3228 sed
1393 3173 1681 3230 stabilitate
1705 3175 1797 3230 de-

214 3259 407 3327 ﬁxum,
454 3263 650 3317 bonum
681 3277 788 3318 non
837 3265 1004 3332 possit
1033 3271 1239 3319 mutare
1289 3266 1639 3334 propositum.
1687 3264 1798 3320 lloc

1944 961 2098 1018 Vers.
2130 959 2219 1016 12.
2262 959 2347 1014 Ne
2369 960 2611 1031 projicias
2632 975 2711 1014 me
2740 976 2770 1012 a
2793 962 2921 1030 facie
2955 970 3065 1030 tua,
3105 969 3151 1014 et
3193 960 3446 1032 Spiritum

1875 1064 2102 1108 sanctum
2126 1063 2271 1108 tuum
2313 1069 2375 1107 ne
2404 1052 2610 1124 auferas
2640 1070 2671 1107 a
2695 1069 2790 1107 me.
2838 1052 3120 1126 Projicitur
3139 1070 3170 1107 a
3197 1054 3327 1122 facie
3358 1053 3449 1124 qui

1875 1144 2051 1199 curari
2080 1143 2459 1199 contemnitur.
2494 1142 2561 1197 Et
2590 1141 2714 1212 quid
2742 1153 2973 1213 aegroms
3002 1143 3180 1212 faciat,
3210 1144 3253 1199 si
3285 1144 3450 1199 medi-

1876 1238 1995 1293 cina
2021 1251 2078 1292 sc
2101 1235 2417 1291 subtrahat?
2456 1234 2669 1291 Sciebat
2697 1235 2841 1291 enim
2882 1237 2949 1290 ab
2977 1235 3118 1293 illius
3147 1236 3280 1292 facie
3311 1236 3453 1291 sani-

1877 1337 2041 1385 tatem
2070 1329 2280 1394 mentis,
2308 1336 2363 1382 et
2388 1327 2567 1382 lumen
2591 1326 3098 1396 venire’sapientiae;
3120 1338 3173 1383 et
3201 1327 3451 1387 credebat

1877 1434 1937 1475 se
1966 1419 2180 1473 inimico
2218 1418 2381 1484 tradi,
2404 1418 2446 1473 si
2471 1433 2501 1472 a
2520 1418 2668 1471 vultu
2692 1417 2903 1473 Domini
2922 1418 3255 1489 judicaretur
3276 1419 3451 1491 expel-

1878 1511 1939 1570 li.
1971 1511 2066 1567 llic
2085 1515 2229 1566 enim
2259 1526 2319 1565 se
2346 1519 2548 1565 tantum
2581 1510 2691 1563 vult
2715 1510 2932 1580 respici,
2963 1512 3084 1579 quia
3118 1520 3334 1580 peccata
3363 1526 3453 1567 su-

1878 1602 2060 1675 perius
2108 1616 2214 1657 non
2260 1601 2458 1657 debere
2504 1601 2741 1671 conspici
2791 1600 3157 1656 succlamavit.
3208 1603 3252 1657 Ο
3304 1616 3457 1658 mens

1880 1693 2176 1765 prophetas,
2207 1701 2264 1748 et
2307 1701 2425 1761 post
2469 1691 2730 1747 humanos
2766 1706 2981 1748 errores
3003 1691 3197 1746 eximia
3222 1692 3236 1746 !
3258 1690 3335 1745 Dc
3363 1707 3459 1762 po-

1881 1792 2073 1841 testate
2118 1784 2305 1851 tacuit,
2334 1791 2390 1838 et
2433 1782 2500 1837 de
2529 1781 2809 1838 affectibus
2854 1781 3074 1838 minime
3118 1782 3456 1853 supplicavit.

1882 1874 2068 1932 Solum
2116 1874 2350 1945 spiritum
2390 1871 2689 1942 prophetiae
2739 1872 2839 1927 sibi
2883 1888 2989 1941 non
3040 1871 3239 1927 auferri
3288 1873 3458 1942 petiit,

1807 1967 1855 2028 Β
1883 1983 2041 2041 quem
2071 1967 2363 2038 pretiosum
2384 1980 2546 2034 supra
2570 1973 2762 2021 cuncta
2782 1980 2876 2021 rex
2899 1964 3104 2021 habuit.
3129 1965 3218 2021 Sic
3246 1965 3390 2021 enim
3409 1976 3464 2021 et

1840 2121 1851 2127 ,
1882 2061 2150 2119 Jeremias
2179 2059 2436 2130 prapheta
2467 2059 2532 2115 de
2581 2058 2748 2130 ipsius
2773 2060 2971 2116 virtute
3001 2067 3226 2117 testatus
3271 2070 3355 2114 est
3380 2060 3463 2116 di-
3510 2112 3519 2127 ,

1882 2169 2038 2210 cens:
2066 2154 2309 2208 Extendit
2331 2151 2580 2206 Dominus
2605 2169 2810 2207 manum
2834 2170 2980 2209 suam
3004 2156 3071 2209 ad
3094 2170 3204 2221 me;
3230 2165 3275 2208 et
3303 2156 3467 2228 tetigit

1884 2264 1939 2304 os
1961 2263 2149 2312 meum,
2165 2258 2209 2300 et
2222 2246 2352 2300 dixit
2367 2246 2435 2300 ad
2449 2262 2526 2300 me
2541 2260 2559 2299 :
2575 2243 2705 2301 Ecce
2725 2246 2841 2300 dedi
2862 2230 3009 2324 verba
3025 2263 3135 2301 mea
3148 2247 3200 2301 in
3214 2262 3269 2301 os
3287 2257 3431 2300 tuum
3445 2260 3468 2302 :

1886 2357 1996 2397 ecce
2015 2341 2169 2397 statui
2189 2349 2237 2396 te
2253 2357 2405 2412 super
2424 2348 2594 2412 gentes
2627 2352 2673 2397 et
2695 2358 2873 2413 regna,
2905 2344 3186 2409 cradicare,
3212 2350 3260 2397 et
3287 2342 3465 2397 demo-

1887 2432 2000 2501 lire,
2025 2444 2072 2487 et
2099 2435 2328 2504 perdere,
2360 2445 2407 2489 et
2428 2435 2782 2503 exterminare,
2818 2444 2864 2489 et
2899 2436 3179 2504 aediﬁcare,
3207 2444 3254 2490 et
3275 2436 3465 2489 circum

1888 2528 2120 2600 plantare
2145 2525 2280 2598 (Jer.
2304 2544 2342 2595 ι,
2358 2528 2435 2600 9).
2456 2529 2649 2584 Merito
2662 2543 2789 2600 ergo
2810 2529 3233 2586 conservandum
3256 2528 3360 2586 sibi
3382 2545 3470 2600 pc-

1890 2617 1993 2681 tiit,
2022 2618 2161 2687 quod
2186 2634 2345 2688 supra
2376 2634 2565 2676 omnes
2592 2618 2805 2675 divitias
2835 2621 3262 2692 magniﬁcentius
3287 2638 3347 2678 se
3374 2622 3470 2679 ha-

1891 2707 2073 2764 buisse
2098 2712 2368 2780 cognovit.
2405 2710 2464 2764 Et
2500 2712 2709 2767 intuere
2743 2712 2865 2782 quia
2896 2727 3002 2767 non
3033 2713 3188 2779 dixit,
3226 2714 3289 2769 da
3320 2714 3471 2782 mihi,

1895 2814 2141 2875 tanquam
2173 2821 2278 2859 non
2310 2806 2567 2873 haberet;
2600 2806 2694 2861 sed
2721 2822 2783 2859 ne
2805 2808 3011 2878 auferas
3036 2808 3473 2877 posuit;scilicet

1895 2898 2019 2967 quia
2078 2896 2199 2950 talis
2244 2910 2308 2950 ac
2355 2903 2496 2950 tanta
2543 2897 2883 2966 supplicatio,
2931 2897 3033 2954 nisi
3072 2912 3171 2969 per
3218 2898 3471 2971 Spiritum

1892 2996 2138 3042 sanctum
2169 3003 2276 3043 non
2308 2996 2516 3057 poterat
2541 2989 2779 3045 evenire.

1972 3078 2125 3135 Vers.
2154 3080 2241 3136 15.
2276 3080 2453 3136 Redde
2489 3082 2612 3135 mihi
2639 3082 2871 3137 ltetitiam
2910 3082 3150 3139 salutaris
3176 3085 3269 3151 tui,
3300 3096 3346 3139 et
3371 3088 3478 3157 api--

1898 3173 2004 3228 ritu
2051 3173 2324 3246 principali
2371 3175 2620 3245 conﬁrma
2670 3193 2769 3231 me.
2818 3176 2977 3232 Redit
3003 3176 3069 3233 ad
3115 3177 3311 3253 Filium
3360 3179 3474 3243 Dei,

1902 3282 2058 3337 quem
2104 3276 2163 3322 ut
2204 3268 2511 3324 ostenderet
2542 3267 2838 3334 Christum,
2871 3271 3025 3336 dixit,
3080 3270 3341 3327 Salutaris
3378 3272 3472 3338 tui,

215 3353 402 3422 utique
433 3355 631 3409 sanctis
658 3364 777 3425 post
807 3355 1255 3411 resurrectionem
1284 3357 1511 3413 dabitur.
1540 3357 1648 3414 Sed
1680 3373 1795 3427 pm-
1821 3343 1870 3408 C
1898 3360 2052 3429 citius
2080 3359 2355 3414 nativitate
2401 3361 2546 3415 salus
2592 3361 2841 3429 gentibus
2872 3360 3045 3428 venit;
3077 3371 3132 3417 et
3161 3361 3301 3432 quod
3350 3372 3475 3417 ante

216 3447 398 3501 nitens
444 3447 545 3502 iste
574 3447 837 3503 bonorum
868 3448 1075 3519 avidus,
1106 3450 1315 3504 venturi
1364 3449 1573 3520 praemii
1616 3465 1801 3506 amore

214 3557 531 3609 succensus,
560 3544 699 3614 quod
744 3544 797 3598 in
832 3543 1009 3599 futuro
1039 3545 1253 3600 evenire
1304 3554 1532 3613 poterat,
1567 3544 1669 3600 hoc
1694 3544 1802 3601 sibi

217 3636 445 3692 concedi
478 3636 725 3707 praesenti
768 3644 1011 3708 tempore
1042 3637 1359 3706 postulabat.
1416 3637 1627 3691 Rectum
1654 3637 1805 3707 spiri-

214 3738 334 3785 tum
362 3727 512 3796 dicit,
546 3728 734 3784 Filium
759 3729 851 3785 Dei
887 3728 1138 3797 Verbum,
1177 3729 1242 3785 dc
1265 3744 1369 3800 quo
1394 3729 1445 3784 in
1475 3729 1579 3784 alio
1601 3729 1805 3799 psalmo

214 3829 699 3875 commemoratum
733 3830 814 3875 est
846 3839 859 3874 :
898 3819 1059 3893 Virga
1082 3830 1214 3875 recta
1256 3831 1346 3887 est,
1386 3821 1530 3893 virga
1566 3822 1711 3893 regni
1734 3823 1807 3875 tui

214 3909 404 3983 (Psal.
427 3912 664 3979 κυνῆ).
696 3911 861 3979 Quem
886 3911 1076 3967 merito
1104 3926 1169 3967 ex
1193 3920 1375 3966 natura
1406 3910 1627 3967 Deitatis
1655 3912 1807 3982 spiri-

184 4015 338 4068 ~tum
365 4006 669 4076 appellavit,
694 4005 816 4076 quia
846 4005 1039 4075 legitur
1070 4023 1082 4058 :
1124 4004 1259 4058 Deus
1282 4005 1492 4073 spiritus
1523 4012 1593 4059 est
1624 4001 1807 4074 (Joan.

213 4113 308 4164 Iv,
337 4098 458 4168 24).
488 4097 685 4152 lnnova
712 4114 806 4169 per
830 4097 1145 4170 hypallagen
1176 4098 1396 4168 figuram
1423 4098 1651 4167 positum
1683 4106 1765 4152 est
1791 4114 1807 4162 ;

1901 3458 2018 3507 erat
2046 3452 2228 3522 paucis
2259 3465 2353 3521 per
2380 3450 2633 3506 eximiam
2665 3451 2825 3507 tidem
2850 3451 3143 3521 cognitum,
3169 3450 3364 3507 factum
3392 3463 3477 3509 est

1904 3544 2151 3601 universo
2197 3544 2317 3600 orbi
2346 3544 2702 3601 notissimum.
2750 3544 3091 3614 Quapropter
3136 3558 3258 3600 cum
3305 3545 3474 3600 dicit:

1904 3636 2083 3692 Redde
2102 3635 2227 3691 mihi
2248 3635 2482 3691 laetitiam
2500 3635 2746 3692 salutaris
2766 3635 2862 3702 tui,
2880 3634 3156 3691 Christum
3178 3636 3442 3708 signiﬁcat
3464 3654 3479 3690 :

1904 3729 2057 3801 cuius
2103 3730 2558 3799 contemplatione
2610 3729 2752 3785 inter
2779 3728 2923 3799 ipsas
2951 3744 3164 3799 quoque
3218 3730 3484 3802 lacrymas

1906 3819 2059 3876 laetus
2088 3829 2219 3890 erat,
2250 3833 2304 3876 et
2328 3820 2625 3893 prophetiae
2662 3835 2774 3877 suae
2800 3835 3024 3876 munere
3051 3820 3192 3876 inter
3220 3822 3484 3891 paeniten-

1910 3916 1995 3971 tia;
2020 3929 2132 3971 suae
2173 3915 2369 3985 jejunia
2399 3915 2739 3986 pascebatur.
2792 3914 2990 3981 Redde,
3017 3914 3172 3980 dixit,
3230 3916 3351 3984 quia
3383 3914 3484 3969 sibi

1909 4008 2089 4063 nescio
2136 4007 2261 4076 quid
2307 4008 2495 4076 gratiae
2532 4013 2777 4063 senserat
2826 4006 3159 4060 imminutum
3193 4004 3482 4074 :quoniam

1910 4099 1979 4154 ab
2009 4100 2097 4155 illa
2124 4101 2291 4168 gratia
2336 4100 2555 4154 salutari
2596 4108 2802 4154 tantum
2831 4098 2952 4168 quis
2980 4098 3202 4163 recellit,
3230 4107 3484 4166 quantum

216 4205 341 4246 non
374 4189 515 4259 quod
539 4201 680 4245 esset
705 4189 820 4260 ipse
849 4188 1018 4244 Filius
1046 4187 1396 4251 innovandus,
1422 4186 1514 4242 sed
1536 4187 1623 4257 qui
1650 4186 1811 4240 David
1913 4203 1973 4245 se
2026 4191 2180 4262 173
2237 4189 2647 4259 reprehensibili
2701 4188 3111 4246 conversatione
3160 4190 3487 4246 tractaverit.

210 4281 469 4352 peccatis
502 4288 731 4335 veterem
759 4278 955 4336 factum
982 4279 1147 4350 possit
1172 4279 1426 4334 innovare
1450 4293 1542 4347 per
1563 4278 1812 4349 gratiam.
1914 4280 2046 4336 Nam
2090 4295 2209 4336 cum
2249 4280 2415 4335 dicit:
2449 4280 2623 4335 Redde
2666 4281 2791 4335 mihi
2834 4282 3065 4336 lretitiam
3109 4282 3352 4336 salutaris
3396 4284 3489 4346 tui,

216 4369 332 4428 Ille
360 4373 504 4426 enim
536 4387 632 4426 nos
657 4374 883 4439 innovat,
912 4373 1024 4443 qui,
1063 4371 1265 4441 antiqui
1294 4370 1527 4427 hominis
1558 4380 1816 4429 vetustate
1915 4373 2140 4443 gratiam
2171 4386 2229 4428 se
2251 4371 2487 4438 Spiritus
2512 4373 2683 4429 sancti
2707 4373 2821 4428 sine
2843 4372 3006 4429 dubio
3025 4372 3269 4429 amisisse
3292 4388 3491 4444 cogno-

217 4462 508 4531 deposita,
540 4463 591 4516 in
614 4477 746 4518 nova
768 4464 1185 4533 regenerationis
1211 4476 1321 4517 sua:
1343 4461 1481 4516 dona
1502 4471 1814 4517 commutat.
1918 4473 2092 4530 verat,
2116 4479 2275 4535 quam
2300 4463 2558 4535 fragilitas
2588 4464 2817 4521 humana
2834 4480 2940 4521 non
2964 4474 3139 4536 potest
3160 4466 3356 4521 habere
3373 4480 3490 4521 cum

212 4553 371 4609 Nam
398 4554 537 4607 sicut
564 4568 659 4623 per
686 4555 853 4609 Adam
882 4562 1090 4609 veteres
1120 4553 1337 4621 ruimus,
1372 4554 1442 4607 ita
1488 4553 1688 4609 Christi
1716 4552 1820 4607 Do-
1920 4564 2125 4626 peccat.
2153 4554 2425 4627 Sequitur,
2457 4565 2507 4609 et
2549 4558 2736 4623 spiritu
2789 4556 3062 4626 principali
3102 4558 3348 4625 conﬁrma
3393 4573 3488 4611 me.
3540 4574 3541 4577 η

211 4649 369 4719 πῃἰηί
401 4647 670 4703 beneﬁciis
690 4650 988 4703 innovamur
1020 4645 1238 4717 (Ephes.
1270 4662 1346 4713 ιν,
1368 4644 1494 4716 22);
1525 4645 1660 4701 sicut
1681 4647 1821 4717 Apo-
1926 4651 2036 4705 Rex
2068 4649 2156 4705 ille
2177 4649 2569 4718 sanctissimus,
2594 4659 2647 4706 et
2679 4650 2934 4720 propheta
2964 4648 3244 4714 mirabilis,
3268 4663 3370 4703 non
3392 4664 3490 4717 pu-

211 4742 415 4797 stnltts
436 4740 567 4794 dicit
593 4758 604 4792 :
632 4738 954 4810 Deponentes
982 4751 1196 4795 veterem
1216 4738 1468 4793 hominem
1490 4756 1603 4793 cum
1629 4740 1822 4794 actibus
1851 4741 1899 4802 D
1925 4741 2072 4796 tabat
2100 4743 2424 4810 prmeipuum
2451 4757 2643 4799 munus
2672 4758 2815 4811 esse,
2848 4742 3105 4813 subjectis
3121 4743 3240 4811 jura
3269 4742 3489 4809 dictare,

212 4836 370 4897 suis,
408 4833 606 4886 induite
650 4848 855 4901 novum,
887 4836 971 4901 qui
1004 4832 1283 4887 secundum
1312 4829 1477 4887 Deum
1518 4842 1713 4888 creatus
1754 4843 1825 4888 est
1927 4835 2168 4890 nationes
2196 4844 2406 4890 exteras
2436 4836 2579 4891 bello
2605 4836 2883 4906 subigere;
2914 4835 3008 4890 sed
3033 4845 3141 4890 tota
3168 4837 3490 4905 contempla-

214 4922 444 4991 (Colos.
482 4937 556 4987 ut,
596 4919 649 4987 9,
698 4918 807 4990 10).
839 4921 1075 4989 Addidit,
1115 4923 1168 4977 in
1197 4923 1469 4978 visceribus
1514 4924 1657 4991 meis,
1688 4924 1828 4980 unde
1926 4930 2071 4987 tione
2118 4931 2428 4998 translatus,
2479 4931 2742 4986 curiosius
2786 4929 3071 4996 expetebat
3120 4930 3172 4984 in
3221 4930 3497 5000 principali

214 5028 473 5074 tmvcrat
498 5017 747 5072 adulterii
771 5017 1087 5073 detestabile
1109 5018 1311 5073 crimen
1332 5018 1547 5074 exiisse.
1579 5018 1830 5089 Utrisque
1930 5022 2203 5078 intellectu
2249 5023 2433 5089 statui,
2484 5038 2642 5093 quam
2683 5023 2735 5077 in
2767 5022 2913 5093 regni
2940 5021 3174 5077 culmine
3216 5024 3497 5079 contineri.
3543 5017 3555 5029 '

211 5115 391 5169 enim
431 5110 668 5175 partibus
694 5108 989 5165 remedium
1040 5109 1270 5179 petebat,
1316 5110 1563 5180 quoniam
1588 5111 1656 5167 de
1683 5119 1833 5167 utro—
1933 5112 2191 5182 Con/Enna
2220 5130 2320 5180 me,
2344 5114 2496 5179 dixit,
2521 5130 2585 5171 ne
2616 5116 2805 5169 iterum
2832 5126 3071 5181 peccem,
3092 5128 3160 5169 ne
3179 5129 3207 5168 a
3238 5122 3290 5169 te
3311 5118 3502 5169 animm

211 5218 341 5274 que
378 5208 716 5272 peccaverat.
749 5199 816 5254 Et
843 5200 1051 5256 intuere
1080 5210 1276 5269 quanta
1308 5200 1585 5256 vivacitate
1606 5215 1664 5257 se
1691 5201 1832 5257 desi-
1936 5206 2284 5262 mutabilitate
2312 5205 2600 5261 discedam.
2634 5204 2742 5259 Nec
2770 5204 3036 5259 incassum
3068 5213 3335 5275 putemus,
3362 5207 3503 5276 quod

210 5299 408 5354 deret
437 5295 680 5364 expiari,
719 5299 777 5347 ut
800 5293 1062 5363 intelligas
1089 5308 1208 5347 eum
1243 5292 1442 5347 nullum
1474 5292 1578 5347 tale
1608 5293 1832 5349 ulterius
1935 5297 2016 5352 vir
2065 5305 2282 5351 sanctus
2331 5304 2385 5351 et
2413 5295 2591 5350 cordis
2634 5293 3020 5350 illuminatione
3060 5296 3315 5361 radiatus,
3350 5301 3506 5351 tertio

213 5388 595 5446 committere
629 5386 861 5441 voluisse
890 5384 1165 5441 delictum.
1197 5384 1328 5438 Nam
1359 5382 1496 5439 sicut
1534 5384 1587 5439 in
1616 5400 1835 5454 compa-
1935 5388 2175 5457 spiritum
2226 5386 2538 5449 nominavit,
2602 5384 2701 5438 nisi
2758 5385 2878 5455 quia
2928 5386 3214 5443 individua:
3262 5386 3507 5443 Trinitati

210 5482 435 5554 ginem
466 5478 698 5548 priorem
736 5477 880 5533 coire
907 5492 1014 5533 non
1044 5485 1269 5547 possunt
1309 5474 1539 5530 abscissa
1572 5475 1831 5542 membra,
1939 5478 2182 5542 devotus,
2215 5476 2433 5533 concedi
2458 5475 2555 5530 sibi
2579 5475 2645 5529 ab
2667 5490 2729 5531 ea
2754 5476 2963 5531 veniam
2996 5479 3304 5546 postulavit.
3344 5479 3509 5546 Spiri-

210 5575 297 5632 ita
328 5572 416 5627 ad
447 5585 632 5625 verum
660 5569 1003 5639 poenitentem
1038 5576 1311 5638 nequeunt
1345 5566 1609 5637 praeterita
1656 5566 1836 5620 redire
1943 5580 2021 5625 tus
2046 5569 2185 5623 enim
2217 5577 2471 5637 quantum
2514 5567 2577 5620 ad
2606 5569 2896 5623 essentiam
2929 5569 3227 5626 Divinitatis
3258 5583 3309 5627 et
3331 5572 3511 5636 Pater,

210 5672 495 5742 peccata.
530 5661 596 5717 Ut
620 5661 933 5733 quihusdam
956 5676 1088 5717 vero
1117 5660 1309 5731 placet,
1333 5668 1387 5714 et
1414 5658 1566 5712 aliter
1589 5656 1840 5726 probatur
1943 5668 1997 5715 et
2051 5658 2237 5722 Filius,
2270 5667 2324 5713 ct
2380 5658 2609 5727 Spiritus
2656 5668 2894 5730 sanctus,
2951 5670 3097 5716 recte
3147 5662 3338 5718 dicitur
3379 5681 3511 5720 unus

207 5757 476 5830 expOni.
496 5755 632 5811 Petit
657 5756 916 5826 propheta
934 5771 1020 5809 cor
1040 5753 1286 5807 mundum
1310 5768 1482 5806 creare
1499 5750 1549 5805 in
1574 5766 1633 5806 se
1658 5747 1837 5817 Deum,
1942 5748 2085 5803 Deus
2109 5764 2123 5814 ;
2152 5747 2242 5801 sed
2271 5762 2366 5816 pro
2388 5746 2725 5804 distinctione
2760 5763 3110 5818 personarum
3134 5758 3217 5804 est
3242 5753 3510 5821 proprium

210 5867 344 5913 nun
384 5846 541 5902 aliud
570 5863 797 5917 poscens
835 5845 978 5917 quod
1008 5862 1111 5900 non
1143 5845 1399 5909 habebat;
1432 5843 1524 5898 sed
1557 5842 1695 5913 quod
1731 5843 1839 5907 iam
1946 5840 2108 5907 Patri,
2138 5838 2278 5909 quod
2308 5840 2625 5894 naturaliter
2646 5840 2758 5896 sine
2780 5840 2931 5894 initio
2961 5852 3084 5895 ante
3114 5840 3304 5895 smcula
3332 5847 3511 5911 genuit

214 5948 388 6005 erat,
436 5934 691 5991 mundum
748 5934 868 5990 ﬁeri
904 5934 1222 6006 postulabat.
1253 5933 1439 5989 Creare
1489 5934 1680 6004 quippe
1709 5932 1839 5987 dici-
1948 5932 2178 5999 Filium;
2217 5934 2485 6002 proprium
2519 5944 2599 5990 cst
2623 5935 2778 6002 Filio,
2808 5934 2944 6003 quod
2968 5933 3333 6015 naturalitera
3360 5937 3513 5993 l'atrc
