3996 6346
577 490 682 557 sui

1826 500 1894 557 M.
1937 497 2211 557 AUREIJI
2250 492 2651 554 CASSIODORI

3735 491 3836 545 368

582 627 869 688 generatus
896 628 1017 686 est;
1051 613 1322 689 proprium
1348 614 1671 685 CSl‘Sllll'ilul
1707 622 1918 680 sancto,
1951 613 2093 683 quod
2123 627 2153 667 a
2181 616 2232 674 Α
2258 621 2342 667 est
2371 611 2512 666 enim
2537 626 2550 663 :
2583 608 2719 676 Quia
2751 624 2840 679 qui
2870 609 3094 665 converti
3122 607 3293 679 fecerit
3324 614 3640 677 peccatorem
3666 606 3728 659 ab
3759 622 3839 661 er—

583 708 743 765 Patre
764 721 815 763 et
838 710 971 764 Filio
992 707 1231 778 procedit
1253 723 1266 773 ;
1290 722 1409 777 qua:
1433 705 1685 761 inell'abili
1709 708 1974 762 charitatc
2004 715 2163 776 atque

584 801 964 869 cooperatione
992 782 1178 855 eorum
1201 798 1670 853 consubstantialis
1696 798 1971 854 aeternitas
1992 806 2047 853 ct
2073 813 2167 868 po-

580 900 747 947 testas
785 891 963 947 omnia
1002 892 1128 946 facit
1155 905 1275 961 quae
1304 891 1416 945 vult
1439 892 1491 945 in
1515 890 1652 945 caelo
1681 899 1735 945 et
1766 890 1821 946 in
1850 900 2011 946 terra.
2056 889 2164 946 Sed

578 984 824 1052 quamvis
842 981 955 1037 haec
976 980 1537 1051 incomprehensibilia
1557 988 1719 1050 atque
1746 979 2158 1051 inexplicabilia,

578 1072 655 1128 ita
685 1082 741 1128 ut
762 1081 908 1139 sunt,
934 1073 1088 1129 nobis
1119 1086 1261 1128 nunc
1279 1086 1401 1128 esse
1424 1079 1745 1138 noscantur;
1778 1079 1955 1127 tamen
1974 1087 2006 1127 a
2031 1085 2165 1127 non-

578 1163 743 1219 nullis
766 1163 1014 1219 Patribus
1041 1164 1398 1234 corporalium
1427 1173 1482 1219 et
1510 1163 1668 1219 simul
1707 1164 2050 1219 existentium
2078 1178 2165 1220 re-

577 1268 699 1307 rum
733 1252 852 1308 talis
877 1253 1179 1310 similitudo
1224 1253 1558 1324 proponitur.
1589 1254 1895 1310 invenimus
1932 1256 2075 1311 enim
2108 1256 2162 1313 in

579 1345 695 1401 sole
719 1354 828 1401 tres
850 1334 981 1402 istas
1008 1348 1366 1418 proprietates
1391 1365 1405 1401 :
1428 1348 1602 1418 prima
1625 1348 1737 1418 ipsa
1767 1357 1851 1404 est
1868 1349 2162 1405 substantia

560 1438 902 1507 'corporalis,
928 1441 1069 1509 quod
1099 1441 1181 1496 sol
1204 1448 1318 1507 est;
1350 1440 1544 1496 deinde
1579 1440 1835 1510 splendor
1853 1442 1973 1513 ejus
1996 1443 2086 1513 qui
2108 1443 2162 1498 in

587 1525 706 1595 ipso
747 1538 1066 1597 permanet;
1119 1528 1276 1583 tertia
1323 1529 1470 1585 calor
1504 1529 1596 1600 qui
1638 1544 1670 1585 a
1716 1531 2002 1601 splendore
2045 1532 2163 1603 ejus

584 1637 759 1692 usque
799 1622 868 1677 ad
918 1637 1015 1679 nos
1054 1624 1314 1692 pervenit.
1355 1623 1486 1692 Qum
1515 1624 1617 1679 hoc
1666 1624 1824 1681 modo
1867 1625 1936 1692 (si
1985 1632 2162 1705 tamen

582 1722 743 1768 tanta:
794 1714 871 1769 rei
904 1724 1080 1785 potest
1118 1714 1414 1770 similitudo
1442 1713 1620 1785 aliqua
1648 1715 1901 1785 reperiri)
1931 1702 2163 1772 arbitror

581 1804 912 1871 aestimanda,
948 1814 1003 1859 ut
1030 1806 1175 1875 quod
1202 1812 1283 1860 est
1303 1807 1355 1860 in
1378 1804 1492 1861 sole
1511 1804 1811 1861 substantia
1837 1807 2157 1876 corporalis,

580 1895 653 1950 ita
682 1895 1007 1966 intelligatur
1026 1897 1081 1951 in
1109 1896 1371 1953 Trinitatc
1394 1895 1787 1968 quodammodo
1808 1911 2036 1967 persona
2059 1896 2162 1953 Pa-

2263 720 2379 759 rore
2402 704 2496 759 uia:
2516 719 2643 769 sum,
2665 702 2881 757 salvabit
2899 703 3124 758 animam
3151 704 3264 773 ejus
3292 717 3323 755 a
3342 710 3527 768 morte,
3548 708 3596 754 et
3621 702 3842 771 coeperit

2265 795 2647 849 multitudinem
2674 805 2995 863 peccatorum
3019 792 3157 865 (Jac.
3181 809 3236 861 v,
3266 793 3380 863 20).
3413 792 3527 846 Duo
3553 800 3681 845 sunt
3696 775 3837 846 enim

2263 900 2457 956 genera
2479 885 2777 952 doctorum,
2799 902 2960 941 unum
2978 886 3119 957 quod
3143 884 3373 941 instituit
3390 882 3675 953 exemplis,
3699 882 3839 937 aliud

2264 975 2405 1044 quod
2432 976 2625 1051 .verhis
2666 984 2871 1031 tantum
2917 976 3156 1032 noscitur
3204 975 3495 1030 admonere
3525 982 3838 1043 peccantes;

2263 1068 2402 1139 quod
2435 1069 2521 1124 hic
2548 1078 2829 1140 utrumque
2865 1067 3286 1139 deprehenditur
3310 1065 3677 1123 sentiendum.
3707 1066 3846 1120 Dicit

2263 1159 2441 1229 itaque
2470 1177 2484 1213 :
2508 1160 2768 1226 Quoniam
2796 1160 2842 1215 si
2871 1160 3147 1231 prophetat
3176 1169 3444 1231 parcatur,
3475 1156 3845 1228 delinquenti-

2263 1248 2364 1305 bus
2391 1264 2513 1320 spes
2534 1248 2868 1306 remissionis
2906 1250 3139 1306 maxima
3163 1248 3508 1306 concedatur.
3537 1248 3671 1315 Quis
3700 1248 3841 1303 enim

2262 1340 2331 1397 ad
2358 1342 2761 1399 conversionem
2792 1356 2899 1399 non
2927 1342 3081 1400 daret
3104 1344 3364 1411 animum,
3393 1342 3482 1397 ubi
3513 1357 3611 1397 rex
3641 1350 3696 1397 et
3720 1357 3840 1410 pro-

2261 1432 2423 1505 pheta
2442 1448 2713 1490 concesste
2728 1434 2829 1490 sibi
2852 1434 3026 1490 venite
3051 1435 3339 1505 prtestabat
3360 1432 3705 1505 exemplum?
3727 1434 3845 1492 Sive

2262 1526 2393 1583 illud
2446 1526 2741 1583 secundum
2789 1527 3012 1599 intelligi
3067 1535 3272 1598 potest,
3322 1528 3446 1596 quia
3499 1527 3762 1584 liberatus
3812 1543 3838 1581 a

2263 1632 2459 1689 magno
2486 1618 2653 1675 exitio
2691 1618 2980 1689 pradicare
3016 1619 3188 1689 potuit
3214 1618 3461 1691 gentibus
3488 1618 3700 1675 diversa
3729 1634 3839 1674 ma-

2262 1710 2441 1781 gnalia
2491 1710 2724 1779 Domini,
2775 1726 2895 1783 qum
2922 1710 3258 1783 sequentium
3301 1712 3631 1782 psalmorum
3671 1722 3839 1769 textus

2262 1805 2513 1863 ostendit.
2548 1806 2830 1863 Pollicetur
2854 1807 3015 1863 etiam
3042 1806 3414 1877 compendium
3438 1815 3834 1878 quaestuosum;

2262 1904 2323 1952 ut
2346 1898 2470 1967 quia
2500 1897 2779 1968 ignoverat
2820 1897 2936 1963 uni,
2962 1896 3113 1952 multi
3140 1910 3235 1967 per
3276 1888 3448 1967 ipsum
3473 1897 3627 1967 impii
3654 1896 3842 1966 proba-

582 1988 719 2054 tris;
766 1996 822 2044 et
863 1988 1007 2059 quod
1034 1996 1117 2044 est
1143 1988 1198 2044 in
1248 1988 1364 2044 sole
1408 1987 1662 2059 splendor
1688 1987 1831 2058 ejus,
1858 1987 1961 2044 hoc
1989 1987 2061 2043 sit
2105 1986 2161 2043 in
2195 2007 2240 2069 Β
2267 1997 2454 2045 rentur
2481 1989 2702 2059 acquiri.
2727 1989 2880 2056 Quod
2904 2002 3009 2045 non
3036 1988 3283 2045 elationis
3309 2003 3471 2045 causa
3497 1989 3719 2053 dicitur,
3750 1988 3834 2044 sed

520 2098 532 2111 ο
579 2077 845 2134 Trinitate
876 2093 1100 2147 persona
1122 2077 1268 2147 Filii,
1298 2078 1440 2134 sicut
1458 2078 1748 2149 Apostolus
1768 2077 1900 2134 dicit
1925 2094 1940 2132 :
1974 2077 2160 2149 Splen-

578 2173 676 2225 dor
707 2172 884 2242 gloria!
912 2174 1021 2244 ejus
1052 2169 1239 2243 (Hebr.
1268 2184 1308 2238 ι,
1334 2168 1426 2241 '5);
1455 2169 1595 2239 quod
1624 2179 1802 2226 autem
1840 2179 1923 2226 est
1961 2169 2018 2225 in
2045 2167 2161 2224 sole

580 2263 746 2331 calor,
795 2262 898 2319 hoc
925 2265 994 2319 sit
1039 2262 1097 2319 in
1125 2261 1390 2319 Trinitate
1413 2275 1646 2332 persona
1673 2261 1907 2333 Spiritus
1958 2260 2157 2329 sancti,

578 2355 716 2411 sicut
745 2356 937 2426 legitur
968 2373 983 2412 :
1016 2354 1145 2422 Quis
1183 2370 1238 2411 sc
1280 2355 1544 2411 abscondit
1569 2371 1603 2410 a
1628 2355 1799 2411 calore
1823 2357 1938 2426 ejus
1982 2352 2156 2425 (Psal.

579 2462 731 2515 xvm,
763 2446 858 2517 7)?
1086 2452 1142 2487 κίε

652 2538 816 2593 Datur
834 2538 994 2594 etiam
1023 2537 1167 2595 aliud
1184 2538 1490 2610 exemplum
1509 2538 1930 2609 incorporalium
1953 2552 2157 2605 rerum,

576 2631 683 2685 hoc
706 2637 791 2686 est
813 2630 880 2685 de
907 2630 1106 2699 anima,
1130 2646 1250 2701 quae
1270 2630 1339 2687 ad
1361 2630 1646 2701 imaginem
1676 2629 1771 2687 Dei
1802 2628 1940 2685 facta
1963 2644 2161 2700 cogno-

577 2722 764 2777 scitur.
798 2723 993 2779 Anima
1022 2723 1183 2794 igitur
1228 2732 1310 2780 est
1336 2724 1450 2793 ipsa
1491 2722 1790 2779 substantia
1817 2723 2153 2795 incorporea,

575 2816 872 2884 rationalis,
900 2816 955 2871 in
982 2831 1093 2889 qua
1122 2816 1263 2873 inest
1291 2816 1592 2873 intellectus
1617 2826 1674 2873 et
1709 2817 1815 2872 vita
1840 2817 1974 2887 ejus.
2005 2816 2159 2886 Quod

576 2923 703 2980 ergo
728 2917 814 2965 est
840 2908 893 2965 in
921 2904 1099 2965 anima
1118 2908 1436 2975 substantia,
1468 2908 1570 2965 hoc
1602 2909 1930 2979 intelligatur
1954 2909 2021 2979 (si
2050 2908 2159 2964 dici

577 3000 655 3055 las
680 3001 785 3072 est)
814 3002 868 3057 in
898 3001 1159 3058 Trinitate
1187 3015 1416 3072 persona
1457 2999 1631 3056 Patris
1655 3018 1669 3066 ;
1705 3000 1847 3071 quod
1876 3009 2052 3055 autem
2074 3008 2159 3055 est

578 3091 631 3146 in
659 3092 834 3147 anima
862 3091 1029 3148 virtus
1054 3101 1109 3148 et
1136 3092 1381 3158 scientia,
1410 3090 1515 3147 hoc
1535 3090 1864 3161 intelligatur
1892 3090 1947 3145 in
1977 3089 2155 3145 Trini-

579 3191 690 3239 tate
720 3182 904 3251 Filius,
938 3183 1028 3253 qui
1070 3176 1162 3240 est
1188 3182 1285 3240 Dei
1335 3182 1502 3238 virtus
1540 3189 1596 3237 et
1635 3180 1731 3237 Dei
1775 3181 2072 3252 sapientia:
2103 3188 2159 3238 et

2272 2070 2622 2153 providentiae
2645 2081 2839 2137 virtute
2864 2080 3229 2152 prophetatur.
3247 2079 3440 2148 Quanti
3462 2080 3610 2136 enim
3639 2095 3736 2150 per
3739 2080 3840 2179 .ista

2259 2173 2425 2229 verba
2452 2172 2679 2228 Domino
2715 2172 3071 2243 supplicantes
3094 2188 3163 2230 ex
3198 2174 3305 2229 reis
3331 2172 3631 2230 redduntur
3662 2172 3831 2242 libéri,

2260 2278 2327 2323 ex
2356 2263 2605 2335 obligatis
2633 2263 2859 2320 feliciter
2877 2263 3146 2320 absoluti?

2331 2377 2486 2435 Vers.
2511 2376 2597 2431 15.
2626 2375 2810 2432 Libera
2829 2392 2908 2432 me
2926 2377 2991 2432 dc
3018 2378 3373 2449 sanguinibus,
3404 2376 3567 2445 Deus,
3598 2377 3739 2436 Deus
3759 2397 3835 2434 sa-

2261 2468 2382 2524 lutis
2422 2484 2548 2524 mea:
2570 2509 2586 2536 ,
2616 2477 2663 2525 et
2700 2467 2975 2523 exsultabit
3012 2469 3191 2540 lingua
3229 2486 3343 2524 mea
3371 2470 3635 2543 justitiam
3681 2480 3832 2525 tuam.

2261 2561 2630 2633 Sanguinibus,
2661 2570 2847 2619 contra
2878 2562 3118 2619 Latinam
3144 2562 3358 2634 quidem
3383 2561 3621 2634 linguam
3651 2579 3835 2620 nume-

2260 2668 2353 2709 rus
2384 2652 2602 2724 pluralis
2622 2652 2834 2729 videtur
2850 2664 3189 2725 assumptus;
3219 2653 3316 2710 sed
3333 2652 3453 2724 quia
3476 2653 3579 2710 hoc
3604 2652 3662 2709 in
3691 2652 3833 2710 Grae-

2258 2748 2338 2802 cis
2366 2747 2757 2817 exemplaribus
2803 2749 3129 2822 continetur,
3162 2750 3449 2807 translator
3482 2750 3705 2806 omnino
3734 2749 3836 2804 lau-

2260 2839 2468 2897 dandus
2494 2850 2615 2907 est;
2645 2841 2806 2913 elegit
2825 2843 2969 2900 enim
2997 2843 3197 2916 aliquid
3215 2854 3401 2902 contra
3422 2853 3595 2900 artem
3624 2842 3836 2899 secula-

2260 2933 2399 2991 rium
2429 2949 2648 3005 ponere,
2664 2951 2823 3007 quam
2850 2952 2881 2993 a
2914 2938 3136 2994 veritate
3164 2937 3335 3008 posita
3350 2936 3680 3007 discrepare.
3711 2934 3834 2990 Nam

2259 3026 2305 3082 si
2328 3026 2560 3094 diceret,
2588 3042 2618 3082 a
2640 3027 2920 3101 sanguine,
2951 3043 3114 3085 unum
3143 3030 3363 3085 forsitan
3391 3036 3670 3097 peccatum
3691 3028 3833 3083 vide-

2260 3125 2410 3173 retur
2431 3117 2715 3175 ostendere
2740 3134 2756 3186 ;
2788 3120 2882 3176 sed
2905 3134 3027 3176 cum
3064 3120 3322 3192 pluralem
3350 3135 3638 3177 numerum
3669 3119 3831 3191 ponit,

2259 3209 2424 3265 multa
2453 3224 2572 3267 esse
2596 3211 2715 3269 sine
2753 3211 2917 3268 dubio
2944 3212 3230 3270 conﬁtetur
3253 3231 3268 3270 :
3290 3213 3433 3285 quod
3459 3213 3661 3269 idioma
3698 3211 3833 3269 Scri-

577 3276 906 3376 ﬂuf’d,_°§‘si'_‘
932 3276 1109 3376 an?“
1150 3274 1453 3376 'i'iﬁcf‘f’di
1497 3273 1817 3376 πορτίδων
1864 3272 1968 3329 hoc
2011 3280 2067 3329 θι
2102 3272 2155 3376 ῘΡ
2191 3365 2229 3376 _
2259 3308 2430 3369 ptura:
2455 3300 2650 3358 divinat
2679 3317 2963 3373 possumus
2987 3272 3324 3376 nuncupare:
3354 3304 3480 3361 Haec
3507 3304 3675 3375 ﬁgura
3709 3301 3834 3360 dici-

579 3365 843 3468 Trinitate
881 3365 1229 3468 intelligatur.
1243 3366 1476 3468 Spiritus
1498 3372 1750 3468 sanctus“.
1775 3379 1872 3468 νεῖν
1899 3378 2062 3468 quem.
2080 3365 2157 3468 Vif
2182 3365 2231 3433 ο
2376 3392 2637 3464 exallage,
2666 3365 2722 3449 i'd
2761 3403 2844 3451 est
2871 3365 3191 3464 immutatio,
3241 3397 3451 3468 quoties
3477 3365 3671 3453 contra
3714 3410 3833 3453 con-

579 3454 828 3511 vilicandi
850 3470 985 3528 opus
1006 3456 1185 3513 multis
1214 3456 1349 3513 locis
1369 3455 1690 3527 praedicatur
1718 3455 1968 3527 impleri;
2018 3456 2159 3513 sicut

2258 3484 2592 3542 suetudinem
2616 3493 2710 3541 aut
2725 3502 2893 3557 genus
2911 3494 3269 3544 commutatur
3286 3497 3379 3545 aut
3402 3502 3578 3545 casus.
3607 3484 3832 3542 Liberari

576 3550 652 3605 ait
696 3549 884 3606 Petrus
924 3542 1194 3622 apostolus
1240 3550 1295 3606 in
1341 3550 1578 3635 Epistola
1601 3565 1720 3640 sua
1758 3567 1775 3605 :
1815 3549 2152 3635 Morti/iectus

2258 3588 2385 3645 ergo
2413 3588 2473 3630 se
2500 3542 2755 3645 propheta
2782 3542 3351 3647 petitﬁdevcarnalibusi
3363 3542 3600 3645 delictis,
3638 3585 3697 3633 ut
3725 3575 3830 3646 jam

577 3658 749 3742 CFW:
779 3643 1061 3742 _”5""ﬁ“f{“
1102 3641 2154 3742 “u'mftt‘ri'ﬁill’m-“ambiit!”
2254 3641 2525 3725 desineret
2559 3641 2615 3723 in
2654 3668 2756 3723 ista
2783 3641 3077 3740 iragilitate
3115 3682 3360 3742 peccare.
3406 3641 3644 3741 Sanguis
3693 3641 3828 3724 eum

575 3738 861 3807 Apostolus
909 3753 925 3793 :
966 3736 1160 3793 Littera
1198 3738 1413 3804 occidit,
1460 3737 1687 3808 Spiritus
1732 3748 1898 3793 autem
1935 3739 2152 3807 vini/icat

2258 3772 2353 3829 pro
2378 3773 2606 3830 corpore
2633 3761 2865 3816 humano
2879 3736 3133 3831 ponitur,
3153 3761 3277 3831 quia
3303 3760 3442 3817 inter
3480 3736 3711 3816 caeteros
3737 3758 3834 3814 bu~

576 3828 660 3903 (ll
688 3829 807 3885 Cor.
838 3845 921 3897 ιιι,
944 3831 1033 3900 6);
1059 3837 1115 3884 et
1142 3830 1196 3883 in
1222 3827 1511 3899 Evangelia
1532 3827 1792 3883 Dominus
1819 3828 1895 3884 ait
1925 3845 1940 3882 :
1973 3828 2150 3900 Spiri-

576 3931 656 3975 tus
686 3930 759 3976 est
786 3921 874 3991 qui
900 3921 1140 3989 uiviﬁcat,
1172 3935 1290 3974 nam
1321 3933 1440 3972 caro
1484 3934 1587 3972 non
1615 3918 1820 3989 prodest
1873 3918 2152 3989 quidquam

575 4011 754 4083 (Joan.
786 4027 862 4079 vt,
883 4011 997 4081 63).
1030 4010 1154 4065 Haec
1183 4017 1360 4064 autem
1388 4023 1507 4080 qua:
1528 4007 1762 4063 diximus
1790 4007 1892 4063 tria
1918 4007 2152 4078 singula-

572 4107 707 4162 riter
752 4112 1084 4177 sequestrata
1135 4103 1436 4160 nullatenus
1485 4101 1859 4168 inveniuntur,
1906 4100 2149 4171 quamvis

574 4196 878 4253 intellectus
906 4204 1088 4252 noster
1115 4209 1178 4251 ea
1209 4194 1453 4250 distincta
1484 4194 1651 4264 possit
1692 4192 2002 4260 advertere;
2052 4191 2148 4248 sed

574 4291 646 4343 ita
682 4289 993 4343 naturaliter
1020 4298 1145 4342 sunt
1183 4287 1347 4355 unita,
1393 4295 1451 4341 ut
1496 4286 1622 4341 dum
1663 4302 1825 4342 unum
1869 4286 2059 4341 horum
2087 4299 2147 4341 se

572 4379 851 4445 obtulerit,
907 4378 1061 4433 simul
1108 4378 1206 4433 tria
1235 4393 1448 4447 semper
1474 4387 1776 4434 occurrant.
1806 4378 1896 4433 Sic
1926 4394 2021 4446 per
2049 4377 2146 4432 has

572 4471 951 4529 similitudines
992 4479 1151 4525 tantae
1178 4472 1254 4525 rei
1283 4470 1457 4540 aliqua
1490 4471 1643 4535 nobis
1669 4471 1974 4540 imaginatio
2003 4473 2145 4527 veri-

571 4564 693 4618 tatis
722 4562 977 4633 aperitur.
1016 4561 1153 4619 Sunt
1179 4570 1234 4617 et
1264 4561 1347 4616 his
1370 4562 1487 4616 alia:
1514 4562 1729 4617 Patrutn
1761 4562 2144 4632 disputationes

567 4656 874 4721 simillima',
906 4654 1000 4710 sed
1035 4669 1168 4724 quas
1196 4669 1338 4710 nunc
1373 4655 1548 4710 carnis
1577 4654 1859 4709 inﬁrmitas
1887 4655 1954 4710 ad
1984 4655 2141 4727 liqui-

2253 3865 2431 3907 mores
2474 3854 2589 3922 ejus
2614 3852 2728 3923 ipse
2753 3853 2929 3924 potior
2977 3852 3107 3927 [ed.,
3139 3852 3304 3925 prior]
3335 3852 3545 3909 videtur
3571 3851 3827 3909 existere.

2251 3940 2381 3997 Nam
2408 3950 2464 3997 et
2484 3942 2535 3997 in
2569 3943 2854 4013 Evangelio
2878 3944 3034 4000 Petro
3059 3942 3254 3999 dicitur
3284 3961 3299 3998 ε
3332 3942 3455 3997 Non
3484 3943 3576 3997 tibi
3596 3943 3831 3998 revelarit

2250 4047 2370 4086 caro
2391 4042 2437 4088 et
2466 4035 2672 4106 sanguis
2699 4035 2910 4106 (Matth.
2943 4050 3052 4102 χιι,
3089 4036 3195 4107 17).
3233 4036 3374 4091 Deus
3397 4035 3581 4091 salutis
3610 4051 3737 4091 mea:
3762 4036 3831 4090 sic

2249 4123 2464 4195 gniﬁcat
2514 4125 2794 4183 Dominum
2839 4127 3198 4195 Salvatoretn,
3229 4143 3326 4199 per
3354 4144 3513 4198 quem
3556 4129 3705 4183 salus
3748 4127 3827 4197 pie

2247 4216 2589 4274 credentibus
2603 4219 2778 4275 datur.
2802 4219 3020 4276 Addidit
3040 4221 3219 4287 etiam,
3234 4220 3506 4275 exsultabit
3524 4221 3702 4291 lingua
3722 4234 3825 4272 mea

2238 4308 2498 4379 justitiam
2525 4318 2698 4377 luant;
2729 4310 2783 4366 id
2803 4320 2906 4377 est,
2927 4312 2973 4366 si
2996 4327 3075 4366 me
3096 4311 3381 4365 liberaverit
3410 4312 3475 4365 de
3495 4311 3825 4381 sanguinibu

2247 4400 2411 4470 (quod
2469 4403 2778 4472 intelligitur
2801 4403 2869 4459 de
2916 4403 3190 4474 peccatis),
3223 4401 3435 4458 laudem
3477 4410 3627 4457 tuam
3659 4402 3828 4473 lingua

2244 4507 2355 4547 mea
2391 4493 2536 4564 juste
2562 4495 2841 4566 loquetur;
2895 4508 3111 4566 propter
3138 4496 3267 4552 illud
3292 4496 3433 4567 quod
3474 4496 3527 4550 in
3557 4495 3827 4565 prmterito

2243 4583 2451 4653 psalmo
2480 4585 2677 4641 dictum
2697 4596 2779 4642 est
2800 4606 2814 4642 :
2837 4585 3102 4643 Peccatori
3122 4599 3289 4643 autem
3318 4588 3449 4642 dixit
3472 4586 3618 4641 Deus
3642 4604 3659 4640 :
3686 4590 3826 4654 Qua-

2244 4692 2300 4731 re
2316 4685 2369 4730 tu
2390 4694 2600 4733 enarrat
2613 4680 2844 4749 justitias
2866 4697 3001 4735 meas
3020 4679 3189 4753 (Psal.
3210 4696 3352 4748 χιιι,
3378 4681 3506 4749 £6)?
3538 4680 3829 4736 Absolutus

565 4753 691 4807 dum
721 4759 867 4856 V3.11“
896 4750 1120 4856 Ῐξξιεηῖῧί
1154 4769 1174 4856 ³.
1199 4761 1326 4855 ῐυξιο
1349 4753 1515 4856 mullo
1535 4755 1871 4856 Ρΐωειίιηῑίξξξ
1894 4763 2144 4856 [Nimium
2170 4745 2225 4807 Ῑ)
2248 4771 2390 4827 enim
2423 4782 2569 4856 recte
2597 4745 2742 4842 loqui
2773 4774 2962 4844 potuit,
2995 4745 3137 4830 unde
3164 4745 3502 4845 peccatorem
3533 4774 3624 4830 lex
3646 4774 3827 4830 divina

564 4842 968 4913 comprehendi,
1000 4843 1213 4912 quando
1256 4843 1309 4899 in
1352 4844 1635 4914 majestate
1660 4859 1753 4900 sua
1804 4845 2141 4901 Divinitatem

564 4934 819 5002 viderint,
862 4935 1166 5006 quicunque
1204 4935 1525 4995 beatisunt.
1568 4937 1709 5007 Quas
1749 4939 1837 5009 qui
1872 4938 2143 4994 desiderat

569 5026 777 5096 plenius
802 5042 1115 5097 agnoscere,
1147 5028 1318 5084 sancti
1349 5028 1554 5098 llilarii,
1582 5031 1746 5085 sancti
1770 5029 2059 5100 Ambrosii,
2090 5039 2147 5087 et

561 5119 729 5173 sancti
751 5118 1034 5188 Augustini
1064 5121 1231 5178 libros
1258 5120 1536 5178 Trinitatis
1565 5138 1670 5178 non
1698 5123 1910 5180 desinat
1936 5124 2141 5180 lectita-

560 5226 637 5265 re.
671 5207 799 5265 limc
826 5211 967 5266 enim
994 5227 1079 5268 res
1102 5214 1167 5269 ad
1194 5214 1572 5284 disputandum
1604 5229 1761 5282 quam
1790 5231 2005 5286 magna,
2029 5224 2136 5272 tam

558 5304 715 5374 longa
743 5315 845 5359 est.
889 5304 1025 5362 Nam
1050 5316 1103 5363 et
1127 5308 1315 5365 beatus
1343 5310 1705 5381 Hieronymus
1744 5311 1999 5368 adversus
2028 5312 2140 5368 bre-

559 5397 755 5453 reticos
783 5397 836 5452 in
881 5396 985 5456 hoc
1009 5399 1218 5470 psalmo
1248 5401 1543 5459 luculenter
1572 5410 1627 5458 et
1649 5402 1885 5459 breviter
1909 5403 1976 5460 de
2016 5403 2138 5461 Tri-

556 5490 725 5545 nitate
752 5489 1029 5549 disseruit.

625 5581 779 5640 Vers.
812 5585 899 5643 il.
930 5585 1156 5643 Doceam
1197 5588 1399 5657 iniquos
1434 5586 1542 5640 vias
1579 5594 1717 5656 tuas,
1764 5595 1811 5641 et
1832 5588 1979 5657 impii
1998 5589 2066 5644 ad
2090 5598 2138 5646 te

552 5685 924 5732 convertentur.
977 5679 1234 5745 Quartam
1282 5684 1487 5745 partem
1521 5677 1925 5747 supplicationis
1965 5681 2140 5751 ingre-

554 5767 695 5823 ditur
726 5786 741 5825 :
771 5770 858 5825 ubi
887 5786 1010 5826 cum
1042 5770 1205 5826 fuerit
1226 5768 1460 5836 auditus,
1485 5786 1604 5839 qua:
1627 5770 1787 5827 fuerit
1814 5771 1985 5843 gloria
2012 5789 2135 5844 par-

551 5861 725 5915 centis
752 5860 1022 5927 ostendit;
1054 5868 1112 5915 ut
1135 5861 1250 5931 ipse
1278 5875 1492 5930 quoque
1517 5864 1925 5933 purgatissimus
1948 5868 2138 5936 acqui-

552 5958 721 6020 ratur,
747 5965 869 6008 cum
890 5951 1053 6008 alium
1068 5951 1135 6009 ab
1150 5951 1468 6011 inﬁdelitate
1490 5957 1842 6025 converterit;
1874 5957 2135 6031 scriptum

2244 4847 2558 4934 suspendit.”
2597 4850 2732 4920 illud
2775 4874 3034 4935 przeterea
3066 4866 3281 4923 videtur
3320 4865 3513 4923 aﬂerre
3552 4864 3828 4922 nonnullis

2245 4952 2475 5021 aliquam
2502 4955 2876 5024 quatstionem,
2907 4969 3069 5025 quare
3091 4964 3211 5029 post
3246 4956 3642 5013 absolutionem
3674 4953 3831 5029 174
3930 4954 3933 5009 Ῑ

2248 5042 2433 5099 delicti
2463 5032 2656 5100 dixerit
2689 5063 2703 5100 :
2735 5046 2987 5103 Laudabo
3000 5026 3261 5119 justitiam
3290 5057 3465 5112 tuam;
3493 5058 3552 5103 et
3576 5026 3829 5101 nonﬁma-
3928 5090 3929 5113 η

2241 5135 2323 5205 gis
2341 5134 2485 5205 quod
2507 5145 2687 5207 aptum
2714 5146 2828 5192 erat
2849 5137 3028 5207 posuit
3050 5156 3063 5193 :
3084 5136 3335 5193 Laudabo
3364 5136 3621 5208 pietatem
3646 5133 3829 5192 tuam?
3926 5142 3927 5189 ι

2240 5227 2428 5283 Pietati
2455 5227 2598 5284 enim
2618 5230 2817 5299 gratias
2844 5244 3005 5299 agere
3047 5229 3208 5287 debet
3238 5229 3330 5301 qui
3358 5238 3609 5300 precatus
3632 5238 3717 5286 est
3748 5229 3827 5284 in-
3924 5242 3925 5267 ι

2239 5317 2522 5421 dulgenter
2567 5319 2821 5421 absolvi.‘
2844 5320 3036 5421 Sednsi
3064 5336 3281 5421 causam
3311 5321 3574 5421 profunda
3615 5322 3830 5421 ratione

2238 5408 2566 5479 consideres,
2600 5419 2653 5467 et
2688 5412 2907 5483 justitia:
2931 5410 3126 5467 divina:
3171 5411 3291 5482 fuit,
3323 5420 3383 5469 ut
3421 5410 3639 5468 audiret
3676 5412 3745 5467 ad
3771 5423 3830 5466 se
3918 5460 3919 5499 ι

2242 5500 2587 5568 clamantem,
2615 5510 2861 5574 parceret
2881 5502 3225 5573 supplicanti,
3258 5510 3316 5559 et
3334 5503 3637 5574 susciperet
3659 5501 3833 5560 conli-
3916 5528 3917 5575 ἡ

2242 5601 2462 5649 tentem.
2494 5594 2623 5651 Sive
2673 5595 2796 5666 quia
2823 5595 2944 5651 dua:
2995 5611 3082 5653 res
3126 5597 3242 5653 ista:
3282 5596 3337 5651 in
3379 5595 3584 5667 judicio
3614 5594 3831 5651 Domini
3914 5650 3915 5653 η

2244 5700 2459 5756 semper
2497 5686 2760 5756 adjuncta:
2796 5697 2957 5755 sunt;
3009 5689 3149 5745 sicut
3185 5689 3240 5747 in
3288 5688 3587 5745 centesimo
3616 5687 3829 5759 psalmo
3912 5728 3913 5731 η

2241 5777 2481 5833 dicturus
2509 5786 2593 5833 est
2628 5795 2643 5832 :
2678 5778 3090 5835 Misericordiam
3114 5788 3163 5834 et
3182 5779 3445 5851 judicium
3470 5779 3689 5836 cantabo
3714 5777 3846 5846 tibi,-

2241 5869 2461 5925 Domine
2483 5869 2655 5943 (Psal.
2684 5888 2736 5944 c,
2770 5874 2847 5947 i).
2879 5873 3030 5942 Quod
3053 5889 3152 5933 suo
3177 5874 3297 5933 loco
3319 5872 3627 5933 evidentius
3645 5871 3836 5957 εξιιιιέ
3906 5862 3909 5957 Ῐ

2242 5959 2514 6018 nabimus.
3828 5954 3829 5957 “
3906 5954 3907 5961 “
