  <div class='ocr_page' id='page_1' title='image "/cluster/home/n/w/nwhite01/storage/ocr_20150623/70/hvd.32044015469356/190.png"; bbox 0 0 4036 6342; ppageno 0'>
   <div class='ocr_carea' id='block_1_1' title="bbox 270 392 377 450">
    <p class='ocr_par' dir='ltr' id='par_1_1' title="bbox 270 392 377 450">
     <span class='ocr_line' id='line_1_1' title="bbox 270 392 377 450; baseline 0 -1"><span class='ocrx_word' id='word_1_1' title='bbox 270 392 377 450; x_wconf 65' lang='grc' dir='ltr'><strong>δςθ</strong></span> 
     </span>
    </p>
   </div>
   <div class='ocr_carea' id='block_1_2' title="bbox 1221 398 2527 462">
    <p class='ocr_par' dir='ltr' id='par_1_2' title="bbox 1221 398 2527 462">
     <span class='ocr_line' id='line_1_2' title="bbox 1221 398 2527 462; baseline 0.006 -8"><span class='ocrx_word' id='word_1_2' title='bbox 1221 398 1583 457; x_wconf 76' lang='lat' dir='ltr'><strong>EXPOSITIO</strong></span> <span class='ocrx_word' id='word_1_3' title='bbox 1622 400 1688 458; x_wconf 82' lang='lat' dir='ltr'><strong>IN</strong></span> <span class='ocrx_word' id='word_1_4' title='bbox 1729 401 2188 460; x_wconf 77' lang='lat' dir='ltr'><strong>PSALTERIUM.</strong></span> <span class='ocrx_word' id='word_1_5' title='bbox 2230 405 2421 462; x_wconf 78' lang='lat' dir='ltr'><strong>PSAL.</strong></span> <span class='ocrx_word' id='word_1_6' title='bbox 2467 405 2527 462; x_wconf 86' lang='lat' dir='ltr'><strong>L.</strong></span> 
     </span>
    </p>
   </div>
   <div class='ocr_carea' id='block_1_3' title="bbox 3433 422 3537 482">
    <p class='ocr_par' dir='ltr' id='par_1_3' title="bbox 3433 422 3537 482">
     <span class='ocr_line' id='line_1_3' title="bbox 3433 422 3537 482; baseline 0.077 -7"><span class='ocrx_word' id='word_1_7' title='bbox 3433 422 3537 482; x_wconf 71' lang='lat' dir='ltr'><strong>Z70</strong></span> 
     </span>
    </p>
   </div>
   <div class='ocr_carea' id='block_1_4' title="bbox 344 509 3540 608">
    <p class='ocr_par' dir='ltr' id='par_1_4' title="bbox 344 509 3540 608">
     <span class='ocr_line' id='line_1_4' title="bbox 344 509 3540 608; baseline 0.01 -44"><span class='ocrx_word' id='word_1_8' title='bbox 344 510 499 566; x_wconf 72' lang='lat' dir='ltr'><strong>Vcrs.</strong></span> <span class='ocrx_word' id='word_1_9' title='bbox 534 509 890 608; x_wconf 65' lang='lat' dir='ltr'><strong>Iﬁ.Domine,</strong></span> <span class='ocrx_word' id='word_1_10' title='bbox 923 515 1074 608; x_wconf 68' lang='lat' dir='ltr'><strong>labia</strong></span> <span class='ocrx_word' id='word_1_11' title='bbox 1099 531 1210 570; x_wconf 82' lang='lat' dir='ltr'><strong>utea</strong></span> <span class='ocrx_word' id='word_1_12' title='bbox 1249 517 1468 584; x_wconf 84' lang='lat' dir='ltr'><strong>aperies,</strong></span> <span class='ocrx_word' id='word_1_13' title='bbox 1513 525 1558 570; x_wconf 87' lang='lat' dir='ltr'><strong>et</strong></span> <span class='ocrx_word' id='word_1_14' title='bbox 1596 535 1652 571; x_wconf 89' lang='lat' dir='ltr'><strong>os</strong></span> <span class='ocrx_word' id='word_1_15' title='bbox 1687 533 1852 570; x_wconf 87' lang='lat' dir='ltr'><strong>meum</strong></span> <span class='ocrx_word' id='word_1_16' title='bbox 1880 517 1935 577; x_wconf 86' lang='grc' dir='ltr'><strong>Λ</strong></span> <span class='ocrx_word' id='word_1_17' title='bbox 1960 521 2081 573; x_wconf 87' lang='lat' dir='ltr'><strong>dum</strong></span> <span class='ocrx_word' id='word_1_18' title='bbox 2112 539 2227 576; x_wconf 87' lang='lat' dir='ltr'><strong>crea</strong></span> <span class='ocrx_word' id='word_1_19' title='bbox 2257 525 2311 578; x_wconf 89' lang='lat' dir='ltr'><strong>in</strong></span> <span class='ocrx_word' id='word_1_20' title='bbox 2350 542 2427 579; x_wconf 89' lang='lat' dir='ltr'><strong>me</strong></span> <span class='ocrx_word' id='word_1_21' title='bbox 2450 525 2610 594; x_wconf 86' lang='lat' dir='ltr'><strong>Deus,</strong></span> <span class='ocrx_word' id='word_1_22' title='bbox 2649 535 2708 583; x_wconf 89' lang='lat' dir='ltr'><strong>ut</strong></span> <span class='ocrx_word' id='word_1_23' title='bbox 2736 531 2940 586; x_wconf 88' lang='lat' dir='ltr'><strong>cunctis</strong></span> <span class='ocrx_word' id='word_1_24' title='bbox 2985 532 3348 592; x_wconf 83' lang='lat' dir='ltr'><strong>indubitanter</strong></span> <span class='ocrx_word' id='word_1_25' title='bbox 3373 551 3540 608; x_wconf 85' lang='lat' dir='ltr'><strong>appa-</strong></span> 
     </span>
    </p>
   </div>
   <div class='ocr_carea' id='block_1_5' title="bbox 268 604 1849 678">
    <p class='ocr_par' dir='ltr' id='par_1_5' title="bbox 268 604 1849 678">
     <span class='ocr_line' id='line_1_5' title="bbox 268 604 1849 678; baseline 0.004 -22"><span class='ocrx_word' id='word_1_26' title='bbox 268 604 594 658; x_wconf 77' lang='lat' dir='ltr'><strong>annuntiabit</strong></span> <span class='ocrx_word' id='word_1_27' title='bbox 625 607 827 662; x_wconf 88' lang='lat' dir='ltr'><strong>laudem</strong></span> <span class='ocrx_word' id='word_1_28' title='bbox 859 619 1019 661; x_wconf 88' lang='lat' dir='ltr'><strong>tuam.</strong></span> <span class='ocrx_word' id='word_1_29' title='bbox 1046 607 1204 662; x_wconf 87' lang='lat' dir='ltr'><strong>Labia</strong></span> <span class='ocrx_word' id='word_1_30' title='bbox 1229 609 1504 678; x_wconf 66' lang='lat' dir='ltr'><strong>prephetze</strong></span> <span class='ocrx_word' id='word_1_31' title='bbox 1530 623 1648 678; x_wconf 78' lang='lat' dir='ltr'><strong>quze</strong></span> <span class='ocrx_word' id='word_1_32' title='bbox 1669 609 1849 664; x_wconf 91' lang='lat' dir='ltr'><strong>clausa</strong></span> 
     </span>
    </p>
   </div>
   <div class='ocr_carea' id='block_1_6' title="bbox 270 695 1851 769">
    <p class='ocr_par' dir='ltr' id='par_1_6' title="bbox 270 695 1851 769">
     <span class='ocr_line' id='line_1_6' title="bbox 270 695 1851 769; baseline 0.003 -20"><span class='ocrx_word' id='word_1_33' title='bbox 270 695 484 751; x_wconf 89' lang='lat' dir='ltr'><strong>fuerant</strong></span> <span class='ocrx_word' id='word_1_34' title='bbox 506 697 809 755; x_wconf 89' lang='lat' dir='ltr'><strong>conditione</strong></span> <span class='ocrx_word' id='word_1_35' title='bbox 831 701 1054 769; x_wconf 76' lang='lat' dir='ltr'><strong>peccati,</strong></span> <span class='ocrx_word' id='word_1_36' title='bbox 1074 700 1335 756; x_wconf 90' lang='lat' dir='ltr'><strong>beneﬁcio</strong></span> <span class='ocrx_word' id='word_1_37' title='bbox 1356 700 1709 755; x_wconf 80' lang='lat' dir='ltr'><strong>absolutionis</strong></span> <span class='ocrx_word' id='word_1_38' title='bbox 1726 715 1851 769; x_wconf 87' lang='lat' dir='ltr'><strong>ape-</strong></span> 
     </span>
    </p>
   </div>
   <div class='ocr_carea' id='block_1_7' title="bbox 269 788 1851 862">
    <p class='ocr_par' dir='ltr' id='par_1_7' title="bbox 269 788 1851 862">
     <span class='ocr_line' id='line_1_7' title="bbox 269 788 1851 862; baseline 0.004 -20"><span class='ocrx_word' id='word_1_39' title='bbox 269 788 459 843; x_wconf 87' lang='lat' dir='ltr'><strong>rienda</strong></span> <span class='ocrx_word' id='word_1_40' title='bbox 491 791 818 858; x_wconf 81' lang='lat' dir='ltr'><strong>pronuntiat.</strong></span> <span class='ocrx_word' id='word_1_41' title='bbox 853 789 906 845; x_wconf 92' lang='lat' dir='ltr'><strong>In</strong></span> <span class='ocrx_word' id='word_1_42' title='bbox 931 800 1083 847; x_wconf 92' lang='lat' dir='ltr'><strong>reatu</strong></span> <span class='ocrx_word' id='word_1_43' title='bbox 1111 793 1253 847; x_wconf 88' lang='lat' dir='ltr'><strong>enim</strong></span> <span class='ocrx_word' id='word_1_44' title='bbox 1282 792 1465 862; x_wconf 89' lang='lat' dir='ltr'><strong>positis</strong></span> <span class='ocrx_word' id='word_1_45' title='bbox 1487 807 1578 847; x_wconf 88' lang='lat' dir='ltr'><strong>ora</strong></span> <span class='ocrx_word' id='word_1_46' title='bbox 1605 793 1851 848; x_wconf 88' lang='lat' dir='ltr'><strong>damnata</strong></span> 
     </span>
    </p>
   </div>
   <div class='ocr_carea' id='block_1_8' title="bbox 267 883 1852 954">
    <p class='ocr_par' dir='ltr' id='par_1_8' title="bbox 267 883 1852 954">
     <span class='ocr_line' id='line_1_8' title="bbox 267 883 1852 954; baseline 0.001 -18"><span class='ocrx_word' id='word_1_47' title='bbox 267 890 422 946; x_wconf 85' lang='lat' dir='ltr'><strong>sunt;</strong></span> <span class='ocrx_word' id='word_1_48' title='bbox 454 883 590 936; x_wconf 86' lang='lat' dir='ltr'><strong>sicut</strong></span> <span class='ocrx_word' id='word_1_49' title='bbox 618 892 672 938; x_wconf 89' lang='lat' dir='ltr'><strong>et</strong></span> <span class='ocrx_word' id='word_1_50' title='bbox 700 883 861 938; x_wconf 89' lang='lat' dir='ltr'><strong>Isaias</strong></span> <span class='ocrx_word' id='word_1_51' title='bbox 883 883 1015 940; x_wconf 90' lang='lat' dir='ltr'><strong>dicit</strong></span> <span class='ocrx_word' id='word_1_52' title='bbox 1047 902 1058 936; x_wconf 89' lang='lat'><strong>:</strong></span> <span class='ocrx_word' id='word_1_53' title='bbox 1094 884 1138 936; x_wconf 86' lang='lat'><em>0</em></span> <span class='ocrx_word' id='word_1_54' title='bbox 1167 885 1318 938; x_wconf 82' lang='lat' dir='ltr'><strong>miser</strong></span> <span class='ocrx_word' id='word_1_55' title='bbox 1343 900 1454 954; x_wconf 83' lang='lat' dir='ltr'><strong>ego,</strong></span> <span class='ocrx_word' id='word_1_56' title='bbox 1487 884 1730 954; x_wconf 85' lang='lat' dir='ltr'><strong>quoniam</strong></span> <span class='ocrx_word' id='word_1_57' title='bbox 1756 885 1852 938; x_wconf 85' lang='lat' dir='ltr'><strong>im-</strong></span> 
     </span>
    </p>
   </div>
   <div class='ocr_carea' id='block_1_9' title="bbox 268 976 1850 1047">
    <p class='ocr_par' dir='ltr' id='par_1_9' title="bbox 268 976 1850 1047">
     <span class='ocr_line' id='line_1_9' title="bbox 268 976 1850 1047; baseline 0.001 -19"><span class='ocrx_word' id='word_1_58' title='bbox 268 976 491 1028; x_wconf 78' lang='lat' dir='ltr'><strong>mundus</strong></span> <span class='ocrx_word' id='word_1_59' title='bbox 515 992 650 1043; x_wconf 86' lang='lat' dir='ltr'><strong>sunt,</strong></span> <span class='ocrx_word' id='word_1_60' title='bbox 673 977 761 1047; x_wconf 89' lang='lat' dir='ltr'><strong>qui</strong></span> <span class='ocrx_word' id='word_1_61' title='bbox 786 979 1011 1031; x_wconf 87' lang='lat' dir='ltr'><strong>cumsim</strong></span> <span class='ocrx_word' id='word_1_62' title='bbox 1036 977 1209 1045; x_wconf 89' lang='lat' dir='ltr'><strong>homo,</strong></span> <span class='ocrx_word' id='word_1_63' title='bbox 1235 987 1283 1032; x_wconf 89' lang='lat' dir='ltr'><strong>et</strong></span> <span class='ocrx_word' id='word_1_64' title='bbox 1311 978 1575 1031; x_wconf 88' lang='lat' dir='ltr'><strong>intmunda</strong></span> <span class='ocrx_word' id='word_1_65' title='bbox 1595 979 1730 1032; x_wconf 81' lang='lat' dir='ltr'><strong>labia</strong></span> <span class='ocrx_word' id='word_1_66' title='bbox 1751 977 1850 1030; x_wconf 85' lang='lat' dir='ltr'><strong>ha-</strong></span> 
     </span>
    </p>
   </div>
   <div class='ocr_carea' id='block_1_10' title="bbox 268 1071 1850 1143">
    <p class='ocr_par' dir='ltr' id='par_1_10' title="bbox 268 1071 1850 1143">
     <span class='ocr_line' id='line_1_10' title="bbox 268 1071 1850 1143; baseline 0 -17"><span class='ocrx_word' id='word_1_67' title='bbox 268 1073 433 1138; x_wconf 85' lang='lat' dir='ltr'><strong>beant,</strong></span> <span class='ocrx_word' id='word_1_68' title='bbox 461 1073 515 1126; x_wconf 88' lang='lat' dir='ltr'><strong>in</strong></span> <span class='ocrx_word' id='word_1_69' title='bbox 540 1073 704 1126; x_wconf 82' lang='lat' dir='ltr'><strong>medio</strong></span> <span class='ocrx_word' id='word_1_70' title='bbox 734 1089 930 1143; x_wconf 86' lang='lat' dir='ltr'><strong>quoque</strong></span> <span class='ocrx_word' id='word_1_71' title='bbox 956 1074 1135 1142; x_wconf 79' lang='lat' dir='ltr'><strong>populi</strong></span> <span class='ocrx_word' id='word_1_72' title='bbox 1175 1073 1438 1126; x_wconf 86' lang='lat' dir='ltr'><strong>immunda</strong></span> <span class='ocrx_word' id='word_1_73' title='bbox 1459 1071 1597 1126; x_wconf 83' lang='lat' dir='ltr'><strong>labia</strong></span> <span class='ocrx_word' id='word_1_74' title='bbox 1623 1072 1850 1127; x_wconf 88' lang='lat' dir='ltr'><strong>habentis</strong></span> 
     </span>
    </p>
   </div>
   <div class='ocr_carea' id='block_1_11' title="bbox 267 1160 1852 1235">
    <p class='ocr_par' dir='ltr' id='par_1_11' title="bbox 267 1160 1852 1235">
     <span class='ocr_line' id='line_1_11' title="bbox 267 1160 1852 1235; baseline 0.003 -20"><span class='ocrx_word' id='word_1_75' title='bbox 267 1165 492 1219; x_wconf 84' lang='lat' dir='ltr'><strong>habitem</strong></span> <span class='ocrx_word' id='word_1_76' title='bbox 516 1160 668 1234; x_wconf 84' lang='lat' dir='ltr'><strong>(lsai.</strong></span> <span class='ocrx_word' id='word_1_77' title='bbox 703 1180 777 1233; x_wconf 89' lang='lat' dir='ltr'><strong>vt,</strong></span> <span class='ocrx_word' id='word_1_78' title='bbox 808 1165 886 1235; x_wconf 84' lang='lat'><strong>5).</strong></span> <span class='ocrx_word' id='word_1_79' title='bbox 918 1164 987 1220; x_wconf 87' lang='lat' dir='ltr'><strong>0s</strong></span> <span class='ocrx_word' id='word_1_80' title='bbox 1013 1173 1189 1220; x_wconf 91' lang='lat' dir='ltr'><strong>autem</strong></span> <span class='ocrx_word' id='word_1_81' title='bbox 1212 1165 1408 1219; x_wconf 91' lang='lat' dir='ltr'><strong>dicitur</strong></span> <span class='ocrx_word' id='word_1_82' title='bbox 1425 1172 1479 1219; x_wconf 90' lang='lat' dir='ltr'><strong>ct</strong></span> <span class='ocrx_word' id='word_1_83' title='bbox 1497 1163 1673 1220; x_wconf 85' lang='lat' dir='ltr'><strong>cordis</strong></span> <span class='ocrx_word' id='word_1_84' title='bbox 1701 1179 1852 1220; x_wconf 90' lang='lat' dir='ltr'><strong>arca-</strong></span> 
     </span>
    </p>
   </div>
   <div class='ocr_carea' id='block_1_12' title="bbox 269 1256 1851 1322">
    <p class='ocr_par' dir='ltr' id='par_1_12' title="bbox 269 1256 1851 1322">
     <span class='ocr_line' id='line_1_12' title="bbox 269 1256 1851 1322; baseline 0.001 -10"><span class='ocrx_word' id='word_1_85' title='bbox 269 1273 427 1322; x_wconf 90' lang='lat' dir='ltr'><strong>num,</strong></span> <span class='ocrx_word' id='word_1_86' title='bbox 482 1257 624 1312; x_wconf 91' lang='lat' dir='ltr'><strong>unde</strong></span> <span class='ocrx_word' id='word_1_87' title='bbox 653 1257 946 1313; x_wconf 87' lang='lat' dir='ltr'><strong>efﬁcaciter</strong></span> <span class='ocrx_word' id='word_1_88' title='bbox 995 1257 1111 1312; x_wconf 91' lang='lat' dir='ltr'><strong>laus</strong></span> <span class='ocrx_word' id='word_1_89' title='bbox 1159 1256 1335 1312; x_wconf 88' lang='lat' dir='ltr'><strong>divina</strong></span> <span class='ocrx_word' id='word_1_90' title='bbox 1365 1266 1630 1312; x_wconf 87' lang='lat' dir='ltr'><strong>cantatur.</strong></span> <span class='ocrx_word' id='word_1_91' title='bbox 1663 1257 1851 1314; x_wconf 79' lang='lat' dir='ltr'><strong>Merito</strong></span> 
     </span>
    </p>
   </div>
   <div class='ocr_carea' id='block_1_13' title="bbox 269 1347 1851 1418">
    <p class='ocr_par' dir='ltr' id='par_1_13' title="bbox 269 1347 1851 1418">
     <span class='ocr_line' id='line_1_13' title="bbox 269 1347 1851 1418; baseline -0.001 -15"><span class='ocrx_word' id='word_1_92' title='bbox 269 1363 401 1418; x_wconf 85' lang='lat' dir='ltr'><strong>ergo</strong></span> <span class='ocrx_word' id='word_1_93' title='bbox 425 1357 542 1418; x_wconf 87' lang='lat' dir='ltr'><strong>post</strong></span> <span class='ocrx_word' id='word_1_94' title='bbox 561 1348 950 1404; x_wconf 89' lang='lat' dir='ltr'><strong>absolutionem</strong></span> <span class='ocrx_word' id='word_1_95' title='bbox 973 1348 1197 1417; x_wconf 88' lang='lat' dir='ltr'><strong>peccati,</strong></span> <span class='ocrx_word' id='word_1_96' title='bbox 1226 1356 1280 1403; x_wconf 89' lang='lat' dir='ltr'><strong>et</strong></span> <span class='ocrx_word' id='word_1_97' title='bbox 1304 1347 1439 1401; x_wconf 81' lang='lat' dir='ltr'><strong>labia</strong></span> <span class='ocrx_word' id='word_1_98' title='bbox 1461 1361 1556 1402; x_wconf 87' lang='lat' dir='ltr'><strong>sua</strong></span> <span class='ocrx_word' id='word_1_99' title='bbox 1576 1348 1851 1417; x_wconf 86' lang='lat' dir='ltr'><strong>aperienda</strong></span> 
     </span>
    </p>
   </div>
   <div class='ocr_carea' id='block_1_14' title="bbox 266 1438 1851 1510">
    <p class='ocr_par' dir='ltr' id='par_1_14' title="bbox 266 1438 1851 1510">
     <span class='ocr_line' id='line_1_14' title="bbox 266 1438 1851 1510; baseline -0.001 -15"><span class='ocrx_word' id='word_1_100' title='bbox 266 1455 388 1496; x_wconf 89' lang='lat' dir='ltr'><strong>esse</strong></span> <span class='ocrx_word' id='word_1_101' title='bbox 415 1441 738 1510; x_wconf 86' lang='lat' dir='ltr'><strong>pronuntiat,</strong></span> <span class='ocrx_word' id='word_1_102' title='bbox 780 1449 834 1496; x_wconf 89' lang='lat' dir='ltr'><strong>et</strong></span> <span class='ocrx_word' id='word_1_103' title='bbox 861 1456 917 1496; x_wconf 89' lang='lat' dir='ltr'><strong>os</strong></span> <span class='ocrx_word' id='word_1_104' title='bbox 943 1453 1098 1496; x_wconf 89' lang='lat' dir='ltr'><strong>suum</strong></span> <span class='ocrx_word' id='word_1_105' title='bbox 1146 1438 1274 1495; x_wconf 87' lang='lat' dir='ltr'><strong>dicit</strong></span> <span class='ocrx_word' id='word_1_106' title='bbox 1298 1439 1512 1495; x_wconf 82' lang='lat' dir='ltr'><strong>Domini</strong></span> <span class='ocrx_word' id='word_1_107' title='bbox 1539 1441 1851 1494; x_wconf 87' lang='lat' dir='ltr'><strong>annuntiare</strong></span> 
     </span>
    </p>
   </div>
   <div class='ocr_carea' id='block_1_15' title="bbox 269 1531 736 1601">
    <p class='ocr_par' dir='ltr' id='par_1_15' title="bbox 269 1531 736 1601">
     <span class='ocr_line' id='line_1_15' title="bbox 269 1531 736 1601; baseline 0.004 -17"><span class='ocrx_word' id='word_1_108' title='bbox 269 1545 428 1600; x_wconf 87' lang='lat' dir='ltr'><strong>posse</strong></span> <span class='ocrx_word' id='word_1_109' title='bbox 455 1531 736 1601; x_wconf 67' lang='lat' dir='ltr'><strong>praeconia.</strong></span> 
     </span>
    </p>
   </div>
   <div class='ocr_carea' id='block_1_16' title="bbox 344 1623 1852 1694">
    <p class='ocr_par' dir='ltr' id='par_1_16' title="bbox 344 1623 1852 1694">
     <span class='ocr_line' id='line_1_16' title="bbox 344 1623 1852 1694; baseline 0.002 -17"><span class='ocrx_word' id='word_1_110' title='bbox 344 1623 499 1680; x_wconf 86' lang='lat' dir='ltr'><strong>Vers.</strong></span> <span class='ocrx_word' id='word_1_111' title='bbox 535 1625 622 1680; x_wconf 90' lang='grc'><strong>17.</strong></span> <span class='ocrx_word' id='word_1_112' title='bbox 651 1625 903 1692; x_wconf 85' lang='lat' dir='ltr'><strong>Quoniam</strong></span> <span class='ocrx_word' id='word_1_113' title='bbox 917 1625 962 1680; x_wconf 92' lang='lat' dir='ltr'><strong>si</strong></span> <span class='ocrx_word' id='word_1_114' title='bbox 988 1625 1230 1681; x_wconf 86' lang='lat' dir='ltr'><strong>voluisses</strong></span> <span class='ocrx_word' id='word_1_115' title='bbox 1263 1625 1575 1694; x_wconf 71' lang='lat' dir='ltr'><strong>sacriﬁcium</strong></span> <span class='ocrx_word' id='word_1_116' title='bbox 1597 1625 1852 1681; x_wconf 79' lang='lat' dir='ltr'><strong>dedissem</strong></span> 
     </span>
    </p>
   </div>
   <div class='ocr_carea' id='block_1_17' title="bbox 269 1715 1851 1784">
    <p class='ocr_par' dir='ltr' id='par_1_17' title="bbox 269 1715 1851 1784">
     <span class='ocr_line' id='line_1_17' title="bbox 269 1715 1851 1784; baseline 0.003 -16"><span class='ocrx_word' id='word_1_117' title='bbox 269 1716 488 1784; x_wconf 82' lang='lat' dir='ltr'><strong>utique;</strong></span> <span class='ocrx_word' id='word_1_118' title='bbox 538 1716 846 1770; x_wconf 81' lang='lat' dir='ltr'><strong>holocaustis</strong></span> <span class='ocrx_word' id='word_1_119' title='bbox 887 1724 1059 1770; x_wconf 87' lang='lat' dir='ltr'><strong>autem</strong></span> <span class='ocrx_word' id='word_1_120' title='bbox 1089 1732 1189 1770; x_wconf 81' lang='lat' dir='ltr'><strong>non</strong></span> <span class='ocrx_word' id='word_1_121' title='bbox 1211 1716 1561 1772; x_wconf 88' lang='lat' dir='ltr'><strong>delectaberis.</strong></span> <span class='ocrx_word' id='word_1_122' title='bbox 1592 1715 1764 1772; x_wconf 82' lang='lat' dir='ltr'><strong>Reum</strong></span> <span class='ocrx_word' id='word_1_123' title='bbox 1790 1729 1851 1772; x_wconf 89' lang='lat' dir='ltr'><strong>se</strong></span> 
     </span>
    </p>
   </div>
   <div class='ocr_carea' id='block_1_18' title="bbox 267 1806 1846 1877">
    <p class='ocr_par' dir='ltr' id='par_1_18' title="bbox 267 1806 1846 1877">
     <span class='ocr_line' id='line_1_18' title="bbox 267 1806 1846 1877; baseline -0.001 -16"><span class='ocrx_word' id='word_1_124' title='bbox 267 1807 428 1877; x_wconf 89' lang='lat' dir='ltr'><strong>culpa</strong></span> <span class='ocrx_word' id='word_1_125' title='bbox 458 1808 845 1864; x_wconf 80' lang='lat' dir='ltr'><strong>interveniente</strong></span> <span class='ocrx_word' id='word_1_126' title='bbox 872 1821 1199 1877; x_wconf 87' lang='lat' dir='ltr'><strong>cognoscens</strong></span> <span class='ocrx_word' id='word_1_127' title='bbox 1224 1807 1440 1862; x_wconf 88' lang='lat' dir='ltr'><strong>humilis</strong></span> <span class='ocrx_word' id='word_1_128' title='bbox 1465 1815 1732 1877; x_wconf 89' lang='lat' dir='ltr'><strong>precator,</strong></span> <span class='ocrx_word' id='word_1_129' title='bbox 1762 1806 1846 1860; x_wconf 85' lang='lat' dir='ltr'><strong>in-</strong></span> 
     </span>
    </p>
   </div>
   <div class='ocr_carea' id='block_1_19' title="bbox 1948 620 3538 701">
    <p class='ocr_par' dir='ltr' id='par_1_19' title="bbox 1948 620 3538 701">
     <span class='ocr_line' id='line_1_19' title="bbox 1948 620 3538 701; baseline 0.011 -28"><span class='ocrx_word' id='word_1_130' title='bbox 1948 627 2072 673; x_wconf 71' lang='lat' dir='ltr'><strong>reat</strong></span> <span class='ocrx_word' id='word_1_131' title='bbox 2119 620 2191 674; x_wconf 95' lang='lat' dir='ltr'><strong>ibi</strong></span> <span class='ocrx_word' id='word_1_132' title='bbox 2239 635 2360 676; x_wconf 89' lang='lat' dir='ltr'><strong>esse</strong></span> <span class='ocrx_word' id='word_1_133' title='bbox 2399 625 2780 694; x_wconf 81' lang='lat' dir='ltr'><strong>cogitationum</strong></span> <span class='ocrx_word' id='word_1_134' title='bbox 2810 635 3112 684; x_wconf 89' lang='lat' dir='ltr'><strong>nostrarum</strong></span> <span class='ocrx_word' id='word_1_135' title='bbox 3143 630 3362 701; x_wconf 86' lang='lat' dir='ltr'><strong>fontem,</strong></span> <span class='ocrx_word' id='word_1_136' title='bbox 3408 633 3538 692; x_wconf 86' lang='lat' dir='ltr'><strong>inde</strong></span> 
     </span>
    </p>
   </div>
   <div class='ocr_carea' id='block_1_20' title="bbox 1955 712 3534 796">
    <p class='ocr_par' dir='ltr' id='par_1_20' title="bbox 1955 712 3534 796">
     <span class='ocr_line' id='line_1_20' title="bbox 1955 712 3534 796; baseline 0.009 -28"><span class='ocrx_word' id='word_1_137' title='bbox 1955 712 2153 768; x_wconf 88' lang='lat' dir='ltr'><strong>bonum</strong></span> <span class='ocrx_word' id='word_1_138' title='bbox 2177 715 2483 786; x_wconf 88' lang='lat' dir='ltr'><strong>malumque</strong></span> <span class='ocrx_word' id='word_1_139' title='bbox 2498 719 2682 774; x_wconf 89' lang='lat' dir='ltr'><strong>venire</strong></span> <span class='ocrx_word' id='word_1_140' title='bbox 2709 728 3017 777; x_wconf 89' lang='lat' dir='ltr'><strong>tractatum.</strong></span> <span class='ocrx_word' id='word_1_141' title='bbox 3045 723 3176 779; x_wconf 82' lang='lat' dir='ltr'><strong>Nam</strong></span> <span class='ocrx_word' id='word_1_142' title='bbox 3205 736 3257 780; x_wconf 92' lang='lat' dir='ltr'><strong>et</strong></span> <span class='ocrx_word' id='word_1_143' title='bbox 3276 728 3534 796; x_wconf 85' lang='lat' dir='ltr'><strong>particula</strong></span> 
     </span>
    </p>
   </div>
   <div class='ocr_carea' id='block_1_21' title="bbox 1954 802 3535 889">
    <p class='ocr_par' dir='ltr' id='par_1_21' title="bbox 1954 802 3535 889">
     <span class='ocr_line' id='line_1_21' title="bbox 1954 802 3535 889; baseline 0.01 -32"><span class='ocrx_word' id='word_1_144' title='bbox 1954 802 2068 872; x_wconf 92' lang='lat' dir='ltr'><strong>ipsa</strong></span> <span class='ocrx_word' id='word_1_145' title='bbox 2109 808 2347 876; x_wconf 89' lang='lat' dir='ltr'><strong>corporis</strong></span> <span class='ocrx_word' id='word_1_146' title='bbox 2398 812 2566 865; x_wconf 87' lang='lat' dir='ltr'><strong>nostri</strong></span> <span class='ocrx_word' id='word_1_147' title='bbox 2598 814 2934 882; x_wconf 84' lang='lat' dir='ltr'><strong>cogitationis</strong></span> <span class='ocrx_word' id='word_1_148' title='bbox 2964 815 3117 870; x_wconf 88' lang='lat' dir='ltr'><strong>sedes</strong></span> <span class='ocrx_word' id='word_1_149' title='bbox 3145 827 3229 872; x_wconf 89' lang='lat' dir='ltr'><strong>cst</strong></span> <span class='ocrx_word' id='word_1_150' title='bbox 3259 817 3376 889; x_wconf 91' lang='lat' dir='ltr'><strong>[ms.</strong></span> <span class='ocrx_word' id='word_1_151' title='bbox 3411 819 3454 875; x_wconf 86' lang='lat' dir='ltr'>G</span> <span class='ocrx_word' id='word_1_152' title='bbox 3483 829 3535 873; x_wconf 80' lang='lat' dir='ltr'><strong>et</strong></span> 
     </span>
    </p>
   </div>
   <div class='ocr_carea' id='block_1_22' title="bbox 1953 895 3537 977">
    <p class='ocr_par' dir='ltr' id='par_1_22' title="bbox 1953 895 3537 977">
     <span class='ocr_line' id='line_1_22' title="bbox 1953 895 3537 977; baseline 0.009 -27"><span class='ocrx_word' id='word_1_153' title='bbox 1953 895 2063 962; x_wconf 80' lang='lat' dir='ltr'><strong>ed.,</strong></span> <span class='ocrx_word' id='word_1_154' title='bbox 2113 897 2370 954; x_wconf 90' lang='lat' dir='ltr'><strong>conoides</strong></span> <span class='ocrx_word' id='word_1_155' title='bbox 2421 901 2547 970; x_wconf 89' lang='lat' dir='ltr'><strong>est],</strong></span> <span class='ocrx_word' id='word_1_156' title='bbox 2577 917 2697 971; x_wconf 71' lang='lat' dir='ltr'><strong>qua:</strong></span> <span class='ocrx_word' id='word_1_157' title='bbox 2744 904 2880 972; x_wconf 85' lang='lat' dir='ltr'><strong>ignis</strong></span> <span class='ocrx_word' id='word_1_158' title='bbox 2920 903 3079 960; x_wconf 83' lang='lat' dir='ltr'><strong>habet</strong></span> <span class='ocrx_word' id='word_1_159' title='bbox 3124 906 3444 977; x_wconf 80' lang='lat' dir='ltr'><strong>imaginem;</strong></span> <span class='ocrx_word' id='word_1_160' title='bbox 3477 917 3537 965; x_wconf 89' lang='lat' dir='ltr'><strong>ut</strong></span> 
     </span>
    </p>
   </div>
   <div class='ocr_carea' id='block_1_23' title="bbox 1952 988 3535 1068">
    <p class='ocr_par' dir='ltr' id='par_1_23' title="bbox 1952 988 3535 1068">
     <span class='ocr_line' id='line_1_23' title="bbox 1952 988 3535 1068; baseline 0.008 -26"><span class='ocrx_word' id='word_1_161' title='bbox 1952 988 2146 1043; x_wconf 90' lang='lat' dir='ltr'><strong>merito</strong></span> <span class='ocrx_word' id='word_1_162' title='bbox 2178 989 2267 1045; x_wconf 91' lang='lat' dir='ltr'><strong>tali</strong></span> <span class='ocrx_word' id='word_1_163' title='bbox 2297 992 2367 1045; x_wconf 87' lang='lat' dir='ltr'><strong>sit</strong></span> <span class='ocrx_word' id='word_1_164' title='bbox 2394 992 2659 1060; x_wconf 90' lang='lat' dir='ltr'><strong>positione</strong></span> <span class='ocrx_word' id='word_1_165' title='bbox 2703 994 3046 1065; x_wconf 87' lang='lat' dir='ltr'><strong>plasmatum,</strong></span> <span class='ocrx_word' id='word_1_166' title='bbox 3076 996 3215 1052; x_wconf 91' lang='lat' dir='ltr'><strong>unde</strong></span> <span class='ocrx_word' id='word_1_167' title='bbox 3260 998 3415 1054; x_wconf 89' lang='lat' dir='ltr'><strong>nobis</strong></span> <span class='ocrx_word' id='word_1_168' title='bbox 3447 1013 3535 1068; x_wconf 84' lang='lat' dir='ltr'><strong>po-</strong></span> 
     </span>
    </p>
   </div>
   <div class='ocr_carea' id='block_1_24' title="bbox 1952 1082 2594 1138">
    <p class='ocr_par' dir='ltr' id='par_1_24' title="bbox 1952 1082 2594 1138">
     <span class='ocr_line' id='line_1_24' title="bbox 1952 1082 2594 1138; baseline 0.008 -5"><span class='ocrx_word' id='word_1_169' title='bbox 1952 1086 2058 1134; x_wconf 86' lang='lat' dir='ltr'><strong>test</strong></span> <span class='ocrx_word' id='word_1_170' title='bbox 2081 1082 2265 1136; x_wconf 88' lang='lat' dir='ltr'><strong>venire</strong></span> <span class='ocrx_word' id='word_1_171' title='bbox 2292 1083 2594 1138; x_wconf 89' lang='lat' dir='ltr'><strong>consilium.</strong></span> 
     </span>
    </p>
   </div>
   <div class='ocr_carea' id='block_1_25' title="bbox 2026 1173 3536 1247">
    <p class='ocr_par' dir='ltr' id='par_1_25' title="bbox 2026 1173 3536 1247">
     <span class='ocr_line' id='line_1_25' title="bbox 2026 1173 3536 1247; baseline 0.005 -21"><span class='ocrx_word' id='word_1_172' title='bbox 2026 1173 2182 1228; x_wconf 81' lang='lat' dir='ltr'><strong>Vers.</strong></span> <span class='ocrx_word' id='word_1_173' title='bbox 2212 1175 2298 1230; x_wconf 85' lang='grc'><strong>19.</strong></span> <span class='ocrx_word' id='word_1_174' title='bbox 2332 1175 2559 1247; x_wconf 80' lang='lat' dir='ltr'><strong>Benigne</strong></span> <span class='ocrx_word' id='word_1_175' title='bbox 2598 1177 2706 1246; x_wconf 80' lang='lat' dir='ltr'><strong>fac,</strong></span> <span class='ocrx_word' id='word_1_176' title='bbox 2743 1176 2981 1243; x_wconf 82' lang='lat' dir='ltr'><strong>Domine,</strong></span> <span class='ocrx_word' id='word_1_177' title='bbox 3023 1178 3076 1232; x_wconf 86' lang='lat' dir='ltr'><strong>in</strong></span> <span class='ocrx_word' id='word_1_178' title='bbox 3114 1179 3246 1234; x_wconf 83' lang='lat' dir='ltr'><strong>bona</strong></span> <span class='ocrx_word' id='word_1_179' title='bbox 3277 1181 3536 1235; x_wconf 81' lang='lat' dir='ltr'><strong>voluntate</strong></span> 
     </span>
    </p>
   </div>
   <div class='ocr_carea' id='block_1_26' title="bbox 1952 1262 3535 1342">
    <p class='ocr_par' dir='ltr' id='par_1_26' title="bbox 1952 1262 3535 1342">
     <span class='ocr_line' id='line_1_26' title="bbox 1952 1262 3535 1342; baseline 0.006 -24"><span class='ocrx_word' id='word_1_180' title='bbox 1952 1268 2042 1318; x_wconf 88' lang='lat' dir='ltr'><strong>tua</strong></span> <span class='ocrx_word' id='word_1_181' title='bbox 2076 1262 2227 1331; x_wconf 89' lang='lat' dir='ltr'><strong>Sion,</strong></span> <span class='ocrx_word' id='word_1_182' title='bbox 2257 1276 2312 1320; x_wconf 90' lang='lat' dir='ltr'><strong>ut</strong></span> <span class='ocrx_word' id='word_1_183' title='bbox 2337 1268 2652 1338; x_wconf 69' lang='lat' dir='ltr'><strong>aediﬁcentur</strong></span> <span class='ocrx_word' id='word_1_184' title='bbox 2675 1271 2810 1324; x_wconf 87' lang='lat' dir='ltr'><strong>muri</strong></span> <span class='ocrx_word' id='word_1_185' title='bbox 2838 1268 3148 1325; x_wconf 85' lang='lat' dir='ltr'><strong>Jerusalem.</strong></span> <span class='ocrx_word' id='word_1_186' title='bbox 3191 1271 3381 1338; x_wconf 78' lang='lat' dir='ltr'><strong>Quinta</strong></span> <span class='ocrx_word' id='word_1_187' title='bbox 3411 1287 3535 1342; x_wconf 82' lang='lat' dir='ltr'><strong>pars</strong></span> 
     </span>
    </p>
   </div>
   <div class='ocr_carea' id='block_1_27' title="bbox 1952 1361 3532 1434">
    <p class='ocr_par' dir='ltr' id='par_1_27' title="bbox 1952 1361 3532 1434">
     <span class='ocr_line' id='line_1_27' title="bbox 1952 1361 3532 1434; baseline 0.005 -23"><span class='ocrx_word' id='word_1_188' title='bbox 1952 1371 2072 1428; x_wconf 67' lang='lat' dir='ltr'><strong>quae</strong></span> <span class='ocrx_word' id='word_1_189' title='bbox 2123 1366 2373 1428; x_wconf 86' lang='lat' dir='ltr'><strong>superest</strong></span> <span class='ocrx_word' id='word_1_190' title='bbox 2428 1361 2697 1428; x_wconf 89' lang='lat' dir='ltr'><strong>introitnr,</strong></span> <span class='ocrx_word' id='word_1_191' title='bbox 2751 1361 2804 1417; x_wconf 91' lang='lat' dir='ltr'><strong>in</strong></span> <span class='ocrx_word' id='word_1_192' title='bbox 2854 1377 2960 1432; x_wconf 86' lang='lat' dir='ltr'><strong>qua</strong></span> <span class='ocrx_word' id='word_1_193' title='bbox 3004 1363 3140 1434; x_wconf 87' lang='lat' dir='ltr'><strong>jam,</strong></span> <span class='ocrx_word' id='word_1_194' title='bbox 3170 1362 3532 1419; x_wconf 88' lang='lat' dir='ltr'><strong>calamitatum</strong></span> 
     </span>
    </p>
   </div>
   <div class='ocr_carea' id='block_1_28' title="bbox 1950 1450 3532 1523">
    <p class='ocr_par' dir='ltr' id='par_1_28' title="bbox 1950 1450 3532 1523">
     <span class='ocr_line' id='line_1_28' title="bbox 1950 1450 3532 1523; baseline 0.004 -19"><span class='ocrx_word' id='word_1_195' title='bbox 1950 1450 2219 1506; x_wconf 87' lang='lat' dir='ltr'><strong>anxietate</strong></span> <span class='ocrx_word' id='word_1_196' title='bbox 2247 1451 2514 1520; x_wconf 85' lang='lat' dir='ltr'><strong>deposita,</strong></span> <span class='ocrx_word' id='word_1_197' title='bbox 2541 1467 2748 1508; x_wconf 92' lang='lat' dir='ltr'><strong>memor</strong></span> <span class='ocrx_word' id='word_1_198' title='bbox 2766 1455 3140 1523; x_wconf 89' lang='lat' dir='ltr'><strong>promissionis</strong></span> <span class='ocrx_word' id='word_1_199' title='bbox 3157 1454 3350 1510; x_wconf 72' lang='lat' dir='ltr'><strong>divinae</strong></span> <span class='ocrx_word' id='word_1_200' title='bbox 3376 1457 3532 1510; x_wconf 66' lang='lat' dir='ltr'><strong>laetus</strong></span> 
     </span>
    </p>
   </div>
   <div class='ocr_carea' id='block_1_29' title="bbox 1952 1541 3528 1616">
    <p class='ocr_par' dir='ltr' id='par_1_29' title="bbox 1952 1541 3528 1616">
     <span class='ocr_line' id='line_1_29' title="bbox 1952 1541 3528 1616; baseline 0.004 -21"><span class='ocrx_word' id='word_1_201' title='bbox 1952 1541 2086 1609; x_wconf 89' lang='lat' dir='ltr'><strong>petit</strong></span> <span class='ocrx_word' id='word_1_202' title='bbox 2115 1541 2231 1597; x_wconf 88' lang='lat' dir='ltr'><strong>ﬁeri</strong></span> <span class='ocrx_word' id='word_1_203' title='bbox 2274 1543 2416 1612; x_wconf 89' lang='lat' dir='ltr'><strong>quod</strong></span> <span class='ocrx_word' id='word_1_204' title='bbox 2464 1543 2722 1600; x_wconf 90' lang='lat' dir='ltr'><strong>Dominus</strong></span> <span class='ocrx_word' id='word_1_205' title='bbox 2769 1545 3016 1614; x_wconf 89' lang='lat' dir='ltr'><strong>dignatus</strong></span> <span class='ocrx_word' id='word_1_206' title='bbox 3046 1545 3220 1600; x_wconf 90' lang='lat' dir='ltr'><strong>fuerat</strong></span> <span class='ocrx_word' id='word_1_207' title='bbox 3266 1547 3528 1616; x_wconf 87' lang='lat' dir='ltr'><strong>polliceri.</strong></span> 
     </span>
    </p>
   </div>
   <div class='ocr_carea' id='block_1_30' title="bbox 1951 1630 3530 1708">
    <p class='ocr_par' dir='ltr' id='par_1_30' title="bbox 1951 1630 3530 1708">
     <span class='ocr_line' id='line_1_30' title="bbox 1951 1630 3530 1708; baseline 0.004 -21"><span class='ocrx_word' id='word_1_208' title='bbox 1951 1630 2226 1701; x_wconf 88' lang='lat' dir='ltr'><strong>Supplicat</strong></span> <span class='ocrx_word' id='word_1_209' title='bbox 2268 1634 2447 1704; x_wconf 87' lang='lat' dir='ltr'><strong>itaque</strong></span> <span class='ocrx_word' id='word_1_210' title='bbox 2476 1644 2553 1701; x_wconf 92' lang='lat' dir='ltr'><strong>ut,</strong></span> <span class='ocrx_word' id='word_1_211' title='bbox 2609 1635 2859 1705; x_wconf 91' lang='lat' dir='ltr'><strong>quoniam</strong></span> <span class='ocrx_word' id='word_1_212' title='bbox 2915 1637 3191 1708; x_wconf 86' lang='lat' dir='ltr'><strong>Synagoga</strong></span> <span class='ocrx_word' id='word_1_213' title='bbox 3221 1639 3391 1706; x_wconf 90' lang='lat' dir='ltr'><strong>posita</strong></span> <span class='ocrx_word' id='word_1_214' title='bbox 3429 1639 3530 1694; x_wconf 89' lang='lat' dir='ltr'><strong>sub</strong></span> 
     </span>
    </p>
   </div>
   <div class='ocr_carea' id='block_1_31' title="bbox 1952 1722 3527 1796">
    <p class='ocr_par' dir='ltr' id='par_1_31' title="bbox 1952 1722 3527 1796">
     <span class='ocr_line' id='line_1_31' title="bbox 1952 1722 3527 1796; baseline 0.003 -18"><span class='ocrx_word' id='word_1_215' title='bbox 1952 1722 2075 1794; x_wconf 88' lang='lat' dir='ltr'><strong>lege</strong></span> <span class='ocrx_word' id='word_1_216' title='bbox 2107 1725 2366 1794; x_wconf 86' lang='lat' dir='ltr'><strong>peccavit,</strong></span> <span class='ocrx_word' id='word_1_217' title='bbox 2421 1741 2516 1796; x_wconf 90' lang='lat' dir='ltr'><strong>per</strong></span> <span class='ocrx_word' id='word_1_218' title='bbox 2543 1727 2769 1796; x_wconf 77' lang='lat' dir='ltr'><strong>gratiam</strong></span> <span class='ocrx_word' id='word_1_219' title='bbox 2801 1728 2997 1785; x_wconf 87' lang='lat' dir='ltr'><strong>Christi</strong></span> <span class='ocrx_word' id='word_1_220' title='bbox 3040 1727 3333 1784; x_wconf 90' lang='lat' dir='ltr'><strong>succedens</strong></span> <span class='ocrx_word' id='word_1_221' title='bbox 3372 1729 3527 1795; x_wconf 90' lang='lat' dir='ltr'><strong>Sion,</strong></span> 
     </span>
    </p>
   </div>
   <div class='ocr_carea' id='block_1_32' title="bbox 1951 1807 3531 1888">
    <p class='ocr_par' dir='ltr' id='par_1_32' title="bbox 1951 1807 3531 1888">
     <span class='ocr_line' id='line_1_32' title="bbox 1951 1807 3531 1888; baseline 0.001 -19"><span class='ocrx_word' id='word_1_222' title='bbox 1951 1815 2055 1870; x_wconf 89' lang='lat' dir='ltr'><strong>hoc</strong></span> <span class='ocrx_word' id='word_1_223' title='bbox 2084 1824 2169 1871; x_wconf 90' lang='lat' dir='ltr'><strong>est</strong></span> <span class='ocrx_word' id='word_1_224' title='bbox 2197 1816 2462 1872; x_wconf 87' lang='lat' dir='ltr'><strong>catholica</strong></span> <span class='ocrx_word' id='word_1_225' title='bbox 2502 1817 2744 1873; x_wconf 89' lang='lat' dir='ltr'><strong>ﬁrmetur</strong></span> <span class='ocrx_word' id='word_1_226' title='bbox 2772 1818 3030 1874; x_wconf 89' lang='lat' dir='ltr'><strong>Ecclesia.</strong></span> <span class='ocrx_word' id='word_1_227' title='bbox 3069 1816 3274 1874; x_wconf 90' lang='lat' dir='ltr'><strong>Dicitur</strong></span> <span class='ocrx_word' id='word_1_228' title='bbox 3303 1807 3451 1888; x_wconf 64' lang='lat' dir='ltr'><strong>ergo,</strong></span> <span class='ocrx_word' id='word_1_229' title='bbox 3475 1818 3531 1871; x_wconf 85' lang='lat' dir='ltr'><strong>in</strong></span> 
     </span>
    </p>
   </div>
   <div class='ocr_carea' id='block_1_33' title="bbox 266 1897 3530 1980">
    <p class='ocr_par' dir='ltr' id='par_1_33' title="bbox 266 1897 3530 1980">
     <span class='ocr_line' id='line_1_33' title="bbox 266 1897 3530 1980; baseline 0.004 -27"><span class='ocrx_word' id='word_1_230' title='bbox 266 1899 446 1953; x_wconf 78' lang='lat' dir='ltr'><strong>sinuat</strong></span> <span class='ocrx_word' id='word_1_231' title='bbox 466 1899 699 1968; x_wconf 88' lang='lat' dir='ltr'><strong>potuisse</strong></span> <span class='ocrx_word' id='word_1_232' title='bbox 719 1899 911 1970; x_wconf 89' lang='lat' dir='ltr'><strong>quippe</strong></span> <span class='ocrx_word' id='word_1_233' title='bbox 925 1897 1285 1970; x_wconf 77' lang='lat' dir='ltr'><strong>regem‘facile</strong></span> <span class='ocrx_word' id='word_1_234' title='bbox 1305 1899 1564 1955; x_wconf 88' lang='lat' dir='ltr'><strong>sacriﬁcia</strong></span> <span class='ocrx_word' id='word_1_235' title='bbox 1584 1898 1848 1971; x_wconf 83' lang='lat' dir='ltr'><strong>pecudum</strong></span> <span class='ocrx_word' id='word_1_236' title='bbox 1878 1900 1927 1960; x_wconf 92' lang='lat' dir='ltr'><strong>B</strong></span> <span class='ocrx_word' id='word_1_237' title='bbox 1954 1907 2086 1961; x_wconf 87' lang='lat' dir='ltr'><strong>bona</strong></span> <span class='ocrx_word' id='word_1_238' title='bbox 2111 1907 2371 1964; x_wconf 84' lang='lat' dir='ltr'><strong>voluntate</strong></span> <span class='ocrx_word' id='word_1_239' title='bbox 2397 1918 2486 1964; x_wconf 89' lang='lat' dir='ltr'><strong>tua</strong></span> <span class='ocrx_word' id='word_1_240' title='bbox 2516 1914 2599 1980; x_wconf 76' lang='lat' dir='ltr'><strong>[ac</strong></span> <span class='ocrx_word' id='word_1_241' title='bbox 2625 1909 2774 1976; x_wconf 85' lang='lat' dir='ltr'><strong>Sion,</strong></span> <span class='ocrx_word' id='word_1_242' title='bbox 2803 1910 2954 1980; x_wconf 86' lang='lat' dir='ltr'><strong>quasi</strong></span> <span class='ocrx_word' id='word_1_243' title='bbox 2976 1909 3064 1966; x_wconf 87' lang='lat' dir='ltr'><strong>ille</strong></span> <span class='ocrx_word' id='word_1_244' title='bbox 3089 1923 3243 1966; x_wconf 91' lang='lat' dir='ltr'><strong>mons</strong></span> <span class='ocrx_word' id='word_1_245' title='bbox 3272 1919 3398 1964; x_wconf 92' lang='lat' dir='ltr'><strong>tunc</strong></span> <span class='ocrx_word' id='word_1_246' title='bbox 3421 1925 3530 1963; x_wconf 92' lang='lat' dir='ltr'><strong>non</strong></span> 
     </span>
    </p>
   </div>
   <div class='ocr_carea' id='block_1_34' title="bbox 267 1992 1845 2064">
    <p class='ocr_par' dir='ltr' id='par_1_34' title="bbox 267 1992 1845 2064">
     <span class='ocr_line' id='line_1_34' title="bbox 267 1992 1845 2064; baseline -0.001 -15"><span class='ocrx_word' id='word_1_247' title='bbox 267 1992 486 2058; x_wconf 90' lang='lat' dir='ltr'><strong>oIIerre,</strong></span> <span class='ocrx_word' id='word_1_248' title='bbox 537 2009 657 2064; x_wconf 67' lang='lat' dir='ltr'><strong>quae</strong></span> <span class='ocrx_word' id='word_1_249' title='bbox 703 1994 878 2049; x_wconf 91' lang='lat' dir='ltr'><strong>adhuc</strong></span> <span class='ocrx_word' id='word_1_250' title='bbox 926 1993 1019 2050; x_wconf 94' lang='lat' dir='ltr'><strong>illo</strong></span> <span class='ocrx_word' id='word_1_251' title='bbox 1071 2003 1309 2064; x_wconf 89' lang='lat' dir='ltr'><strong>tempore</strong></span> <span class='ocrx_word' id='word_1_252' title='bbox 1361 2009 1460 2064; x_wconf 89' lang='lat' dir='ltr'><strong>pro</strong></span> <span class='ocrx_word' id='word_1_253' title='bbox 1506 2003 1845 2064; x_wconf 87' lang='lat' dir='ltr'><strong>peccatorum</strong></span> 
     </span>
    </p>
   </div>
   <div class='ocr_carea' id='block_1_35' title="bbox 266 2085 1856 2156">
    <p class='ocr_par' dir='ltr' id='par_1_35' title="bbox 266 2085 1856 2156">
     <span class='ocr_line' id='line_1_35' title="bbox 266 2085 1856 2156; baseline -0.001 -15"><span class='ocrx_word' id='word_1_254' title='bbox 266 2086 657 2154; x_wconf 81' lang='lat' dir='ltr'><strong>expiationibus</strong></span> <span class='ocrx_word' id='word_1_255' title='bbox 708 2085 1093 2156; x_wconf 87' lang='lat' dir='ltr'><strong>pendebantur,</strong></span> <span class='ocrx_word' id='word_1_256' title='bbox 1135 2087 1182 2141; x_wconf 90' lang='lat' dir='ltr'><strong>si</strong></span> <span class='ocrx_word' id='word_1_257' title='bbox 1229 2085 1545 2142; x_wconf 89' lang='lat' dir='ltr'><strong>holocausta</strong></span> <span class='ocrx_word' id='word_1_258' title='bbox 1588 2085 1856 2151; x_wconf 34' lang='lat' dir='ltr'><strong>Dominus.</strong></span> 
     </span>
    </p>
   </div>
   <div class='ocr_carea' id='block_1_36' title="bbox 267 2176 1848 2248">
    <p class='ocr_par' dir='ltr' id='par_1_36' title="bbox 267 2176 1848 2248">
     <span class='ocr_line' id='line_1_36' title="bbox 267 2176 1848 2248; baseline -0.001 -17"><span class='ocrx_word' id='word_1_259' title='bbox 267 2176 496 2233; x_wconf 89' lang='lat' dir='ltr'><strong>libenter</strong></span> <span class='ocrx_word' id='word_1_260' title='bbox 513 2187 828 2234; x_wconf 87' lang='lat' dir='ltr'><strong>assumeret.</strong></span> <span class='ocrx_word' id='word_1_261' title='bbox 854 2177 986 2232; x_wconf 88' lang='lat' dir='ltr'><strong>Nam</strong></span> <span class='ocrx_word' id='word_1_262' title='bbox 1007 2178 1147 2248; x_wconf 92' lang='lat' dir='ltr'><strong>quod</strong></span> <span class='ocrx_word' id='word_1_263' title='bbox 1169 2178 1318 2243; x_wconf 90' lang='lat' dir='ltr'><strong>dicit,</strong></span> <span class='ocrx_word' id='word_1_264' title='bbox 1343 2177 1652 2232; x_wconf 82' lang='lat' dir='ltr'><strong>holocaustis</strong></span> <span class='ocrx_word' id='word_1_265' title='bbox 1675 2185 1848 2230; x_wconf 88' lang='lat' dir='ltr'><strong>autem</strong></span> 
     </span>
    </p>
   </div>
   <div class='ocr_carea' id='block_1_37' title="bbox 267 2269 1848 2340">
    <p class='ocr_par' dir='ltr' id='par_1_37' title="bbox 267 2269 1848 2340">
     <span class='ocr_line' id='line_1_37' title="bbox 267 2269 1848 2340; baseline 0.002 -19"><span class='ocrx_word' id='word_1_266' title='bbox 267 2285 373 2324; x_wconf 88' lang='lat' dir='ltr'><strong>non</strong></span> <span class='ocrx_word' id='word_1_267' title='bbox 412 2269 756 2336; x_wconf 87' lang='lat' dir='ltr'><strong>delectaberis,</strong></span> <span class='ocrx_word' id='word_1_268' title='bbox 787 2269 1051 2340; x_wconf 88' lang='lat' dir='ltr'><strong>signiﬁcat</strong></span> <span class='ocrx_word' id='word_1_269' title='bbox 1078 2269 1210 2326; x_wconf 92' lang='lat' dir='ltr'><strong>ritus</strong></span> <span class='ocrx_word' id='word_1_270' title='bbox 1239 2285 1512 2326; x_wconf 88' lang='lat' dir='ltr'><strong>sacrorum</strong></span> <span class='ocrx_word' id='word_1_271' title='bbox 1541 2285 1638 2340; x_wconf 89' lang='lat' dir='ltr'><strong>per</strong></span> <span class='ocrx_word' id='word_1_272' title='bbox 1658 2270 1848 2324; x_wconf 65' lang='lat' dir='ltr'><strong>imm0«</strong></span> 
     </span>
    </p>
   </div>
   <div class='ocr_carea' id='block_1_38' title="bbox 265 2362 1846 2434">
    <p class='ocr_par' dir='ltr' id='par_1_38' title="bbox 265 2362 1846 2434">
     <span class='ocr_line' id='line_1_38' title="bbox 265 2362 1846 2434; baseline -0.001 -16"><span class='ocrx_word' id='word_1_273' title='bbox 265 2363 494 2418; x_wconf 85' lang='lat' dir='ltr'><strong>lationes</strong></span> <span class='ocrx_word' id='word_1_274' title='bbox 515 2363 796 2433; x_wconf 87' lang='lat' dir='ltr'><strong>pecudum,</strong></span> <span class='ocrx_word' id='word_1_275' title='bbox 819 2362 908 2434; x_wconf 89' lang='lat' dir='ltr'><strong>qui</strong></span> <span class='ocrx_word' id='word_1_276' title='bbox 930 2370 1085 2419; x_wconf 90' lang='lat' dir='ltr'><strong>erant</strong></span> <span class='ocrx_word' id='word_1_277' title='bbox 1105 2362 1334 2419; x_wconf 87' lang='lat' dir='ltr'><strong>adventu</strong></span> <span class='ocrx_word' id='word_1_278' title='bbox 1356 2362 1567 2418; x_wconf 87' lang='lat' dir='ltr'><strong>Domini</strong></span> <span class='ocrx_word' id='word_1_279' title='bbox 1589 2375 1846 2432; x_wconf 90' lang='lat' dir='ltr'><strong>respuen-</strong></span> 
     </span>
    </p>
   </div>
   <div class='ocr_carea' id='block_1_39' title="bbox 263 2451 1847 2529">
    <p class='ocr_par' dir='ltr' id='par_1_39' title="bbox 263 2451 1847 2529">
     <span class='ocr_line' id='line_1_39' title="bbox 263 2451 1847 2529; baseline -0.001 -17"><span class='ocrx_word' id='word_1_280' title='bbox 263 2456 344 2512; x_wconf 95' lang='lat' dir='ltr'><strong>di.</strong></span> <span class='ocrx_word' id='word_1_281' title='bbox 400 2457 550 2514; x_wconf 86' lang='lat' dir='ltr'><strong>Unde</strong></span> <span class='ocrx_word' id='word_1_282' title='bbox 588 2451 798 2516; x_wconf 81' lang='lat' dir='ltr'><strong>constat</strong></span> <span class='ocrx_word' id='word_1_283' title='bbox 825 2457 1140 2529; x_wconf 84' lang='lat' dir='ltr'><strong>prephetam</strong></span> <span class='ocrx_word' id='word_1_284' title='bbox 1183 2458 1260 2514; x_wconf 89' lang='lat' dir='ltr'><strong>sic</strong></span> <span class='ocrx_word' id='word_1_285' title='bbox 1295 2457 1360 2512; x_wconf 87' lang='lat' dir='ltr'><strong>ad</strong></span> <span class='ocrx_word' id='word_1_286' title='bbox 1403 2456 1690 2511; x_wconf 91' lang='lat' dir='ltr'><strong>Dominum</strong></span> <span class='ocrx_word' id='word_1_287' title='bbox 1737 2464 1847 2511; x_wconf 91' lang='lat' dir='ltr'><strong>tota</strong></span> 
     </span>
    </p>
   </div>
   <div class='ocr_carea' id='block_1_40' title="bbox 262 2548 1848 2618">
    <p class='ocr_par' dir='ltr' id='par_1_40' title="bbox 262 2548 1848 2618">
     <span class='ocr_line' id='line_1_40' title="bbox 262 2548 1848 2618; baseline 0.001 -16"><span class='ocrx_word' id='word_1_288' title='bbox 262 2556 446 2604; x_wconf 88' lang='lat' dir='ltr'><strong>mente</strong></span> <span class='ocrx_word' id='word_1_289' title='bbox 473 2549 807 2618; x_wconf 88' lang='lat' dir='ltr'><strong>translatum,</strong></span> <span class='ocrx_word' id='word_1_290' title='bbox 832 2557 891 2604; x_wconf 90' lang='lat' dir='ltr'><strong>ut</strong></span> <span class='ocrx_word' id='word_1_291' title='bbox 913 2565 1019 2606; x_wconf 92' lang='lat' dir='ltr'><strong>non</strong></span> <span class='ocrx_word' id='word_1_292' title='bbox 1046 2565 1108 2607; x_wconf 92' lang='lat' dir='ltr'><strong>se</strong></span> <span class='ocrx_word' id='word_1_293' title='bbox 1137 2549 1418 2607; x_wconf 87' lang='lat' dir='ltr'><strong>sacriﬁciis</strong></span> <span class='ocrx_word' id='word_1_294' title='bbox 1445 2564 1565 2618; x_wconf 76' lang='lat' dir='ltr'><strong>quae</strong></span> <span class='ocrx_word' id='word_1_295' title='bbox 1591 2548 1682 2604; x_wconf 93' lang='lat' dir='ltr'><strong>illo</strong></span> <span class='ocrx_word' id='word_1_296' title='bbox 1713 2556 1848 2603; x_wconf 85' lang='lat' dir='ltr'><strong>tem-</strong></span> 
     </span>
    </p>
   </div>
   <div class='ocr_carea' id='block_1_41' title="bbox 265 2640 1848 2720">
    <p class='ocr_par' dir='ltr' id='par_1_41' title="bbox 265 2640 1848 2720">
     <span class='ocr_line' id='line_1_41' title="bbox 265 2640 1848 2720; baseline 0.003 -30"><span class='ocrx_word' id='word_1_297' title='bbox 265 2653 400 2709; x_wconf 87' lang='lat' dir='ltr'><strong>pore</strong></span> <span class='ocrx_word' id='word_1_298' title='bbox 428 2641 746 2710; x_wconf 81' lang='lat' dir='ltr'><strong>gerebantur</strong></span> <span class='ocrx_word' id='word_1_299' title='bbox 772 2641 1026 2720; x_wconf 85' lang='lat' dir='ltr'><strong>crederet</strong></span> <span class='ocrx_word' id='word_1_300' title='bbox 1061 2641 1404 2712; x_wconf 82' lang='lat' dir='ltr'><strong>expiandum,</strong></span> <span class='ocrx_word' id='word_1_301' title='bbox 1435 2640 1532 2698; x_wconf 90' lang='lat' dir='ltr'><strong>sed</strong></span> <span class='ocrx_word' id='word_1_302' title='bbox 1563 2640 1654 2697; x_wconf 91' lang='lat' dir='ltr'><strong>illa</strong></span> <span class='ocrx_word' id='word_1_303' title='bbox 1680 2642 1848 2713; x_wconf 89' lang='lat' dir='ltr'><strong>magis</strong></span> 
     </span>
    </p>
   </div>
   <div class='ocr_carea' id='block_1_42' title="bbox 260 2733 1149 2805">
    <p class='ocr_par' dir='ltr' id='par_1_42' title="bbox 260 2733 1149 2805">
     <span class='ocr_line' id='line_1_42' title="bbox 260 2733 1149 2805; baseline 0 -16"><span class='ocrx_word' id='word_1_304' title='bbox 260 2734 541 2790; x_wconf 87' lang='lat' dir='ltr'><strong>oblatione</strong></span> <span class='ocrx_word' id='word_1_305' title='bbox 567 2748 723 2805; x_wconf 87' lang='lat' dir='ltr'><strong>quam</strong></span> <span class='ocrx_word' id='word_1_306' title='bbox 750 2733 878 2789; x_wconf 88' lang='lat' dir='ltr'><strong>dicit</strong></span> <span class='ocrx_word' id='word_1_307' title='bbox 906 2733 1149 2792; x_wconf 87' lang='lat' dir='ltr'><strong>inferius.</strong></span> 
     </span>
    </p>
   </div>
   <div class='ocr_carea' id='block_1_43' title="bbox 335 2824 1848 2899">
    <p class='ocr_par' dir='ltr' id='par_1_43' title="bbox 335 2824 1848 2899">
     <span class='ocr_line' id='line_1_43' title="bbox 335 2824 1848 2899; baseline 0.003 -20"><span class='ocrx_word' id='word_1_308' title='bbox 335 2825 493 2880; x_wconf 84' lang='lat' dir='ltr'><strong>Vers.</strong></span> <span class='ocrx_word' id='word_1_309' title='bbox 529 2824 615 2880; x_wconf 90' lang='grc'><strong>18.</strong></span> <span class='ocrx_word' id='word_1_310' title='bbox 665 2825 995 2895; x_wconf 83' lang='lat' dir='ltr'><strong>Sacri/icium</strong></span> <span class='ocrx_word' id='word_1_311' title='bbox 1021 2825 1130 2882; x_wconf 90' lang='lat' dir='ltr'><strong>Deo</strong></span> <span class='ocrx_word' id='word_1_312' title='bbox 1179 2826 1389 2899; x_wconf 84' lang='lat' dir='ltr'><strong>spiritus</strong></span> <span class='ocrx_word' id='word_1_313' title='bbox 1435 2827 1848 2883; x_wconf 88' lang='lat' dir='ltr'><strong>contribulatus:</strong></span> 
     </span>
    </p>
   </div>
   <div class='ocr_carea' id='block_1_44' title="bbox 262 2923 1848 2994">
    <p class='ocr_par' dir='ltr' id='par_1_44' title="bbox 262 2923 1848 2994">
     <span class='ocr_line' id='line_1_44' title="bbox 262 2923 1848 2994; baseline 0.001 -16"><span class='ocrx_word' id='word_1_314' title='bbox 262 2939 354 2978; x_wconf 89' lang='lat' dir='ltr'><strong>cor</strong></span> <span class='ocrx_word' id='word_1_315' title='bbox 383 2923 654 2976; x_wconf 86' lang='lat' dir='ltr'><strong>contritum</strong></span> <span class='ocrx_word' id='word_1_316' title='bbox 683 2932 729 2978; x_wconf 90' lang='lat' dir='ltr'><strong>et</strong></span> <span class='ocrx_word' id='word_1_317' title='bbox 755 2923 1079 2978; x_wconf 88' lang='lat' dir='ltr'><strong>humiliatum</strong></span> <span class='ocrx_word' id='word_1_318' title='bbox 1107 2923 1249 2980; x_wconf 89' lang='lat' dir='ltr'><strong>Deus</strong></span> <span class='ocrx_word' id='word_1_319' title='bbox 1291 2941 1392 2980; x_wconf 83' lang='lat' dir='ltr'><strong>non</strong></span> <span class='ocrx_word' id='word_1_320' title='bbox 1429 2926 1643 2994; x_wconf 87' lang='lat' dir='ltr'><strong>spernit.</strong></span> <span class='ocrx_word' id='word_1_321' title='bbox 1696 2927 1848 2982; x_wconf 84' lang='lat' dir='ltr'><strong>Post-</strong></span> 
     </span>
    </p>
   </div>
   <div class='ocr_carea' id='block_1_45' title="bbox 264 3013 1851 3087">
    <p class='ocr_par' dir='ltr' id='par_1_45' title="bbox 264 3013 1851 3087">
     <span class='ocr_line' id='line_1_45' title="bbox 264 3013 1851 3087; baseline 0.004 -22"><span class='ocrx_word' id='word_1_322' title='bbox 264 3029 428 3085; x_wconf 82' lang='lat' dir='ltr'><strong>quam</strong></span> <span class='ocrx_word' id='word_1_323' title='bbox 457 3013 590 3068; x_wconf 84' lang='lat' dir='ltr'><strong>dixit</strong></span> <span class='ocrx_word' id='word_1_324' title='bbox 639 3029 759 3084; x_wconf 70' lang='lat' dir='ltr'><strong>qua:</strong></span> <span class='ocrx_word' id='word_1_325' title='bbox 787 3015 1044 3070; x_wconf 87' lang='lat' dir='ltr'><strong>sacriﬁcia</strong></span> <span class='ocrx_word' id='word_1_326' title='bbox 1087 3016 1230 3073; x_wconf 90' lang='lat' dir='ltr'><strong>Deus</strong></span> <span class='ocrx_word' id='word_1_327' title='bbox 1276 3017 1498 3087; x_wconf 90' lang='lat' dir='ltr'><strong>respuit,</strong></span> <span class='ocrx_word' id='word_1_328' title='bbox 1534 3031 1675 3072; x_wconf 91' lang='lat' dir='ltr'><strong>nunc</strong></span> <span class='ocrx_word' id='word_1_329' title='bbox 1721 3017 1851 3072; x_wconf 83' lang='lat' dir='ltr'><strong>dicit</strong></span> 
     </span>
    </p>
   </div>
   <div class='ocr_carea' id='block_1_46' title="bbox 266 3105 1843 3177">
    <p class='ocr_par' dir='ltr' id='par_1_46' title="bbox 266 3105 1843 3177">
     <span class='ocr_line' id='line_1_46' title="bbox 266 3105 1843 3177; baseline 0.002 -17"><span class='ocrx_word' id='word_1_330' title='bbox 266 3106 360 3161; x_wconf 89' lang='lat' dir='ltr'><strong>illa</strong></span> <span class='ocrx_word' id='word_1_331' title='bbox 389 3120 504 3175; x_wconf 74' lang='lat' dir='ltr'><strong>qua:</strong></span> <span class='ocrx_word' id='word_1_332' title='bbox 546 3106 735 3175; x_wconf 88' lang='lat' dir='ltr'><strong>poscit.</strong></span> <span class='ocrx_word' id='word_1_333' title='bbox 775 3105 916 3162; x_wconf 90' lang='lat' dir='ltr'><strong>Istud</strong></span> <span class='ocrx_word' id='word_1_334' title='bbox 958 3109 1101 3163; x_wconf 88' lang='lat' dir='ltr'><strong>enim</strong></span> <span class='ocrx_word' id='word_1_335' title='bbox 1131 3109 1321 3164; x_wconf 90' lang='lat' dir='ltr'><strong>damus</strong></span> <span class='ocrx_word' id='word_1_336' title='bbox 1357 3109 1674 3177; x_wconf 85' lang='lat' dir='ltr'><strong>sacriﬁcium</strong></span> <span class='ocrx_word' id='word_1_337' title='bbox 1712 3107 1843 3176; x_wconf 85' lang='lat' dir='ltr'><strong>Deo,</strong></span> 
     </span>
    </p>
   </div>
   <div class='ocr_carea' id='block_1_47' title="bbox 266 3197 1842 3269">
    <p class='ocr_par' dir='ltr' id='par_1_47' title="bbox 266 3197 1842 3269">
     <span class='ocr_line' id='line_1_47' title="bbox 266 3197 1842 3269; baseline 0 -15"><span class='ocrx_word' id='word_1_338' title='bbox 266 3199 512 3269; x_wconf 85' lang='lat' dir='ltr'><strong>spiritum</strong></span> <span class='ocrx_word' id='word_1_339' title='bbox 541 3197 803 3268; x_wconf 68' lang='lat' dir='ltr'><strong>superbiae</strong></span> <span class='ocrx_word' id='word_1_340' title='bbox 825 3199 1179 3256; x_wconf 83' lang='lat' dir='ltr'><strong>confessionis</strong></span> <span class='ocrx_word' id='word_1_341' title='bbox 1199 3200 1504 3256; x_wconf 90' lang='lat' dir='ltr'><strong>humilitate</strong></span> <span class='ocrx_word' id='word_1_342' title='bbox 1531 3209 1842 3268; x_wconf 88' lang='lat' dir='ltr'><strong>mactatum,</strong></span> 
     </span>
    </p>
   </div>
   <div class='ocr_carea' id='block_1_48' title="bbox 1950 1996 3530 2071">
    <p class='ocr_par' dir='ltr' id='par_1_48' title="bbox 1950 1996 3530 2071">
     <span class='ocr_line' id='line_1_48' title="bbox 1950 1996 3530 2071; baseline 0.001 -16"><span class='ocrx_word' id='word_1_343' title='bbox 1950 2008 2094 2055; x_wconf 87' lang='lat' dir='ltr'><strong>esset</strong></span> <span class='ocrx_word' id='word_1_344' title='bbox 2121 2000 2365 2056; x_wconf 72' lang='lat' dir='ltr'><strong>effectus.</strong></span> <span class='ocrx_word' id='word_1_345' title='bbox 2407 2000 2514 2056; x_wconf 86' lang='lat' dir='ltr'><strong>Sed</strong></span> <span class='ocrx_word' id='word_1_346' title='bbox 2547 2001 2824 2056; x_wconf 88' lang='lat' dir='ltr'><strong>considera</strong></span> <span class='ocrx_word' id='word_1_347' title='bbox 2863 1996 2984 2071; x_wconf 69' lang='lat' dir='ltr'><strong>quia</strong></span> <span class='ocrx_word' id='word_1_348' title='bbox 3015 2000 3071 2056; x_wconf 93' lang='lat' dir='ltr'><strong>in</strong></span> <span class='ocrx_word' id='word_1_349' title='bbox 3109 2015 3175 2057; x_wconf 90' lang='lat' dir='ltr'><strong>eo</strong></span> <span class='ocrx_word' id='word_1_350' title='bbox 3204 2000 3530 2071; x_wconf 89' lang='lat' dir='ltr'><strong>signiﬁcatur</strong></span> 
     </span>
    </p>
   </div>
   <div class='ocr_carea' id='block_1_49' title="bbox 1952 2092 3554 2165">
    <p class='ocr_par' dir='ltr' id='par_1_49' title="bbox 1952 2092 3554 2165">
     <span class='ocr_line' id='line_1_49' title="bbox 1952 2092 3554 2165; baseline 0 -17"><span class='ocrx_word' id='word_1_351' title='bbox 1952 2092 2212 2160; x_wconf 85' lang='lat' dir='ltr'><strong>Ecclesia,</strong></span> <span class='ocrx_word' id='word_1_352' title='bbox 2244 2108 2339 2164; x_wconf 92' lang='lat' dir='ltr'><strong>per</strong></span> <span class='ocrx_word' id='word_1_353' title='bbox 2367 2108 2526 2163; x_wconf 89' lang='lat' dir='ltr'><strong>quam</strong></span> <span class='ocrx_word' id='word_1_354' title='bbox 2555 2094 2784 2149; x_wconf 92' lang='lat' dir='ltr'><strong>mundus</strong></span> <span class='ocrx_word' id='word_1_355' title='bbox 2799 2094 3003 2151; x_wconf 89' lang='lat' dir='ltr'><strong>scilicet</strong></span> <span class='ocrx_word' id='word_1_356' title='bbox 3030 2096 3288 2165; x_wconf 88' lang='lat' dir='ltr'><strong>potuisset</strong></span> <span class='ocrx_word' id='word_1_357' title='bbox 3315 2095 3517 2149; x_wconf 87' lang='lat' dir='ltr'><strong>ornari.</strong></span> <span class='ocrx_word' id='word_1_358' title='bbox 3549 2123 3554 2132; x_wconf 92' lang='lat'><strong><em>-</em></strong></span> 
     </span>
    </p>
   </div>
   <div class='ocr_carea' id='block_1_50' title="bbox 1949 2183 3530 2258">
    <p class='ocr_par' dir='ltr' id='par_1_50' title="bbox 1949 2183 3530 2258">
     <span class='ocr_line' id='line_1_50' title="bbox 1949 2183 3530 2258; baseline 0.001 -17"><span class='ocrx_word' id='word_1_359' title='bbox 1949 2183 1995 2241; x_wconf 93' lang='lat'><strong>0</strong></span> <span class='ocrx_word' id='word_1_360' title='bbox 2041 2186 2190 2256; x_wconf 91' lang='lat' dir='ltr'><strong>regio</strong></span> <span class='ocrx_word' id='word_1_361' title='bbox 2241 2187 2331 2242; x_wconf 89' lang='lat' dir='ltr'><strong>illa</strong></span> <span class='ocrx_word' id='word_1_362' title='bbox 2362 2187 2599 2244; x_wconf 91' lang='lat' dir='ltr'><strong>omnium</strong></span> <span class='ocrx_word' id='word_1_363' title='bbox 2656 2197 2878 2258; x_wconf 88' lang='lat' dir='ltr'><strong>patrona</strong></span> <span class='ocrx_word' id='word_1_364' title='bbox 2931 2189 3228 2244; x_wconf 88' lang='lat' dir='ltr'><strong>terrarum!</strong></span> <span class='ocrx_word' id='word_1_365' title='bbox 3262 2189 3306 2242; x_wconf 90' lang='grc'>0</span> <span class='ocrx_word' id='word_1_366' title='bbox 3341 2189 3530 2242; x_wconf 85' lang='lat' dir='ltr'><strong>civitas</strong></span> 
     </span>
    </p>
   </div>
   <div class='ocr_carea' id='block_1_51' title="bbox 1950 2279 3528 2354">
    <p class='ocr_par' dir='ltr' id='par_1_51' title="bbox 1950 2279 3528 2354">
     <span class='ocr_line' id='line_1_51' title="bbox 1950 2279 3528 2354; baseline 0.002 -21"><span class='ocrx_word' id='word_1_367' title='bbox 1950 2279 2130 2351; x_wconf 90' lang='lat' dir='ltr'><strong>magni</strong></span> <span class='ocrx_word' id='word_1_368' title='bbox 2158 2279 2337 2351; x_wconf 80' lang='lat' dir='ltr'><strong>Regis,</strong></span> <span class='ocrx_word' id='word_1_369' title='bbox 2357 2297 2479 2352; x_wconf 74' lang='lat' dir='ltr'><strong>quae</strong></span> <span class='ocrx_word' id='word_1_370' title='bbox 2500 2282 2732 2339; x_wconf 77' lang='lat' dir='ltr'><strong>cmlestis</strong></span> <span class='ocrx_word' id='word_1_371' title='bbox 2748 2284 2935 2353; x_wconf 76' lang='lat' dir='ltr'><strong>patriae</strong></span> <span class='ocrx_word' id='word_1_372' title='bbox 2956 2290 3012 2339; x_wconf 80' lang='lat' dir='ltr'><strong>et</strong></span> <span class='ocrx_word' id='word_1_373' title='bbox 3039 2284 3322 2354; x_wconf 88' lang='lat' dir='ltr'><strong>imaginem</strong></span> <span class='ocrx_word' id='word_1_374' title='bbox 3347 2290 3528 2350; x_wconf 89' lang='lat' dir='ltr'><strong>portas</strong></span> 
     </span>
    </p>
   </div>
   <div class='ocr_carea' id='block_1_52' title="bbox 1949 2374 3528 2445">
    <p class='ocr_par' dir='ltr' id='par_1_52' title="bbox 1949 2374 3528 2445">
     <span class='ocr_line' id='line_1_52' title="bbox 1949 2374 3528 2445; baseline 0.003 -21"><span class='ocrx_word' id='word_1_375' title='bbox 1949 2378 2005 2425; x_wconf 91' lang='lat' dir='ltr'><strong>et</strong></span> <span class='ocrx_word' id='word_1_376' title='bbox 2034 2374 2263 2428; x_wconf 88' lang='lat' dir='ltr'><strong>nomen!</strong></span> <span class='ocrx_word' id='word_1_377' title='bbox 2297 2374 2429 2440; x_wconf 85' lang='lat' dir='ltr'><strong>Quis</strong></span> <span class='ocrx_word' id='word_1_378' title='bbox 2448 2382 2500 2431; x_wconf 91' lang='lat' dir='ltr'><strong>te</strong></span> <span class='ocrx_word' id='word_1_379' title='bbox 2527 2375 2719 2430; x_wconf 88' lang='lat' dir='ltr'><strong>audeat</strong></span> <span class='ocrx_word' id='word_1_380' title='bbox 2747 2375 2970 2431; x_wconf 77' lang='lat' dir='ltr'><strong>localem</strong></span> <span class='ocrx_word' id='word_1_381' title='bbox 2999 2375 3200 2445; x_wconf 84' lang='lat' dir='ltr'><strong>dicere,</strong></span> <span class='ocrx_word' id='word_1_382' title='bbox 3223 2390 3343 2445; x_wconf 84' lang='lat' dir='ltr'><strong>quae</strong></span> <span class='ocrx_word' id='word_1_383' title='bbox 3366 2375 3528 2429; x_wconf 88' lang='lat' dir='ltr'><strong>totius</strong></span> 
     </span>
    </p>
   </div>
   <div class='ocr_carea' id='block_1_53' title="bbox 1949 2463 3528 2539">
    <p class='ocr_par' dir='ltr' id='par_1_53' title="bbox 1949 2463 3528 2539">
     <span class='ocr_line' id='line_1_53' title="bbox 1949 2463 3528 2539; baseline 0.002 -21"><span class='ocrx_word' id='word_1_384' title='bbox 1949 2463 2097 2521; x_wconf 87' lang='lat' dir='ltr'><strong>orbis</strong></span> <span class='ocrx_word' id='word_1_385' title='bbox 2149 2467 2410 2523; x_wconf 89' lang='lat' dir='ltr'><strong>terminos</strong></span> <span class='ocrx_word' id='word_1_386' title='bbox 2437 2469 2776 2525; x_wconf 89' lang='lat' dir='ltr'><strong>sanctissima</strong></span> <span class='ocrx_word' id='word_1_387' title='bbox 2804 2469 2910 2526; x_wconf 90' lang='lat' dir='ltr'><strong>ﬁde</strong></span> <span class='ocrx_word' id='word_1_388' title='bbox 2951 2470 3192 2539; x_wconf 88' lang='lat' dir='ltr'><strong>probaris</strong></span> <span class='ocrx_word' id='word_1_389' title='bbox 3233 2468 3528 2536; x_wconf 79' lang='lat' dir='ltr'><strong>implesse?</strong></span> 
     </span>
    </p>
   </div>
   <div class='ocr_carea' id='block_1_54' title="bbox 1949 2555 3531 2632">
    <p class='ocr_par' dir='ltr' id='par_1_54' title="bbox 1949 2555 3531 2632">
     <span class='ocr_line' id='line_1_54' title="bbox 1949 2555 3531 2632; baseline 0.001 -20"><span class='ocrx_word' id='word_1_390' title='bbox 1949 2555 2085 2612; x_wconf 83' lang='lat' dir='ltr'><strong>Nam</strong></span> <span class='ocrx_word' id='word_1_391' title='bbox 2106 2558 2147 2612; x_wconf 93' lang='lat' dir='ltr'><strong>si</strong></span> <span class='ocrx_word' id='word_1_392' title='bbox 2170 2557 2448 2614; x_wconf 89' lang='lat' dir='ltr'><strong>historiam</strong></span> <span class='ocrx_word' id='word_1_393' title='bbox 2472 2561 2606 2617; x_wconf 83' lang='lat' dir='ltr'><strong>velis</strong></span> <span class='ocrx_word' id='word_1_394' title='bbox 2629 2559 2930 2628; x_wconf 86' lang='lat' dir='ltr'><strong>advertere,</strong></span> <span class='ocrx_word' id='word_1_395' title='bbox 2947 2561 3211 2632; x_wconf 90' lang='lat' dir='ltr'><strong>signiﬁcat</strong></span> <span class='ocrx_word' id='word_1_396' title='bbox 3233 2561 3370 2616; x_wconf 90' lang='lat' dir='ltr'><strong>forte</strong></span> <span class='ocrx_word' id='word_1_397' title='bbox 3396 2569 3531 2614; x_wconf 90' lang='lat' dir='ltr'><strong>tem-</strong></span> 
     </span>
    </p>
   </div>
   <div class='ocr_carea' id='block_1_55' title="bbox 1948 2645 3533 2723">
    <p class='ocr_par' dir='ltr' id='par_1_55' title="bbox 1948 2645 3533 2723">
     <span class='ocr_line' id='line_1_55' title="bbox 1948 2645 3533 2723; baseline 0.002 -23"><span class='ocrx_word' id='word_1_398' title='bbox 1948 2658 2082 2713; x_wconf 90' lang='lat' dir='ltr'><strong>pora</strong></span> <span class='ocrx_word' id='word_1_399' title='bbox 2106 2645 2412 2715; x_wconf 85' lang='lat' dir='ltr'><strong>Theodosii,</strong></span> <span class='ocrx_word' id='word_1_400' title='bbox 2442 2651 2654 2720; x_wconf 89' lang='lat' dir='ltr'><strong>quando</strong></span> <span class='ocrx_word' id='word_1_401' title='bbox 2681 2651 2919 2707; x_wconf 84' lang='lat' dir='ltr'><strong>Eudoxia</strong></span> <span class='ocrx_word' id='word_1_402' title='bbox 2951 2652 3144 2723; x_wconf 89' lang='lat' dir='ltr'><strong>jugalis</strong></span> <span class='ocrx_word' id='word_1_403' title='bbox 3173 2651 3290 2722; x_wconf 85' lang='lat' dir='ltr'><strong>ejus</strong></span> <span class='ocrx_word' id='word_1_404' title='bbox 3317 2650 3533 2720; x_wconf 88' lang='lat' dir='ltr'><strong>religio-</strong></span> 
     </span>
    </p>
   </div>
   <div class='ocr_carea' id='block_1_56' title="bbox 1951 2735 3527 2811">
    <p class='ocr_par' dir='ltr' id='par_1_56' title="bbox 1951 2735 3527 2811">
     <span class='ocr_line' id='line_1_56' title="bbox 1951 2735 3527 2811; baseline 0.003 -22"><span class='ocrx_word' id='word_1_405' title='bbox 1951 2735 2167 2791; x_wconf 87' lang='lat' dir='ltr'><strong>sissima</strong></span> <span class='ocrx_word' id='word_1_406' title='bbox 2187 2736 2530 2807; x_wconf 83' lang='lat' dir='ltr'><strong>feminarum,</strong></span> <span class='ocrx_word' id='word_1_407' title='bbox 2545 2741 2928 2798; x_wconf 87' lang='lat' dir='ltr'><strong>benemeritam</strong></span> <span class='ocrx_word' id='word_1_408' title='bbox 2944 2743 3213 2798; x_wconf 84' lang='lat' dir='ltr'><strong>civitatem</strong></span> <span class='ocrx_word' id='word_1_409' title='bbox 3234 2740 3527 2811; x_wconf 85' lang='lat' dir='ltr'><strong>ampliavit,</strong></span> 
     </span>
    </p>
   </div>
   <div class='ocr_carea' id='block_1_57' title="bbox 1950 2825 3095 2885">
    <p class='ocr_par' dir='ltr' id='par_1_57' title="bbox 1950 2825 3095 2885">
     <span class='ocr_line' id='line_1_57' title="bbox 1950 2825 3095 2885; baseline 0.003 -5"><span class='ocrx_word' id='word_1_410' title='bbox 1950 2832 2007 2880; x_wconf 91' lang='lat' dir='ltr'><strong>ct</strong></span> <span class='ocrx_word' id='word_1_411' title='bbox 2033 2825 2240 2881; x_wconf 87' lang='lat' dir='ltr'><strong>meliori</strong></span> <span class='ocrx_word' id='word_1_412' title='bbox 2271 2842 2546 2883; x_wconf 90' lang='lat' dir='ltr'><strong>murorum</strong></span> <span class='ocrx_word' id='word_1_413' title='bbox 2578 2830 2782 2885; x_wconf 90' lang='lat' dir='ltr'><strong>circulo</strong></span> <span class='ocrx_word' id='word_1_414' title='bbox 2800 2828 3095 2885; x_wconf 58' lang='lat' dir='ltr'><strong>coronabit.</strong></span> 
     </span>
    </p>
   </div>
   <div class='ocr_carea' id='block_1_58' title="bbox 2023 2918 3530 2993">
    <p class='ocr_par' dir='ltr' id='par_1_58' title="bbox 2023 2918 3530 2993">
     <span class='ocr_line' id='line_1_58' title="bbox 2023 2918 3530 2993; baseline 0 -21"><span class='ocrx_word' id='word_1_415' title='bbox 2023 2918 2178 2972; x_wconf 80' lang='lat' dir='ltr'><strong>Vers.</strong></span> <span class='ocrx_word' id='word_1_416' title='bbox 2206 2919 2297 2974; x_wconf 76' lang='grc'><strong>20.</strong></span> <span class='ocrx_word' id='word_1_417' title='bbox 2325 2919 2465 2974; x_wconf 86' lang='lat' dir='ltr'><strong>Tunc</strong></span> <span class='ocrx_word' id='word_1_418' title='bbox 2493 2922 2776 2992; x_wconf 87' lang='lat' dir='ltr'><strong>acceptabis</strong></span> <span class='ocrx_word' id='word_1_419' title='bbox 2805 2923 3112 2992; x_wconf 83' lang='lat' dir='ltr'><strong>sacri/icium</strong></span> <span class='ocrx_word' id='word_1_420' title='bbox 3123 2921 3363 2993; x_wconf 72' lang='lat' dir='ltr'><strong>justitiw,</strong></span> <span class='ocrx_word' id='word_1_421' title='bbox 3388 2920 3530 2974; x_wconf 80' lang='lat' dir='ltr'><strong>obla-</strong></span> 
     </span>
    </p>
   </div>
   <div class='ocr_carea' id='block_1_59' title="bbox 1952 3008 3530 3084">
    <p class='ocr_par' dir='ltr' id='par_1_59' title="bbox 1952 3008 3530 3084">
     <span class='ocr_line' id='line_1_59' title="bbox 1952 3008 3530 3084; baseline 0.002 -23"><span class='ocrx_word' id='word_1_422' title='bbox 1952 3008 2110 3063; x_wconf 86' lang='lat' dir='ltr'><strong>tiones</strong></span> <span class='ocrx_word' id='word_1_423' title='bbox 2139 3018 2186 3065; x_wconf 87' lang='lat' dir='ltr'><strong>ct</strong></span> <span class='ocrx_word' id='word_1_424' title='bbox 2216 3011 2546 3078; x_wconf 84' lang='lat' dir='ltr'><strong>holocausta;</strong></span> <span class='ocrx_word' id='word_1_425' title='bbox 2579 3022 2699 3068; x_wconf 85' lang='lat' dir='ltr'><strong>tunc</strong></span> <span class='ocrx_word' id='word_1_426' title='bbox 2729 3015 2985 3084; x_wconf 84' lang='lat' dir='ltr'><strong>imponent</strong></span> <span class='ocrx_word' id='word_1_427' title='bbox 3013 3029 3164 3082; x_wconf 83' lang='lat' dir='ltr'><strong>super</strong></span> <span class='ocrx_word' id='word_1_428' title='bbox 3193 3013 3356 3066; x_wconf 86' lang='lat' dir='ltr'><strong>altare</strong></span> <span class='ocrx_word' id='word_1_429' title='bbox 3385 3021 3530 3065; x_wconf 88' lang='lat' dir='ltr'><strong>tuum</strong></span> 
     </span>
    </p>
   </div>
   <div class='ocr_carea' id='block_1_60' title="bbox 1950 3102 3531 3174">
    <p class='ocr_par' dir='ltr' id='par_1_60' title="bbox 1950 3102 3531 3174">
     <span class='ocr_line' id='line_1_60' title="bbox 1950 3102 3531 3174; baseline 0.003 -18"><span class='ocrx_word' id='word_1_430' title='bbox 1950 3103 2156 3157; x_wconf 76' lang='lat' dir='ltr'><strong>vitulos.</strong></span> <span class='ocrx_word' id='word_1_431' title='bbox 2191 3102 2526 3174; x_wconf 89' lang='lat' dir='ltr'><strong>Frequenter</strong></span> <span class='ocrx_word' id='word_1_432' title='bbox 2546 3106 2624 3162; x_wconf 91' lang='lat' dir='ltr'><strong>sic</strong></span> <span class='ocrx_word' id='word_1_433' title='bbox 2645 3121 2673 3160; x_wconf 92' lang='lat' dir='ltr'><strong>a</strong></span> <span class='ocrx_word' id='word_1_434' title='bbox 2699 3107 3048 3163; x_wconf 90' lang='lat' dir='ltr'><strong>sanctissimis</strong></span> <span class='ocrx_word' id='word_1_435' title='bbox 3071 3105 3200 3162; x_wconf 86' lang='lat' dir='ltr'><strong>viris</strong></span> <span class='ocrx_word' id='word_1_436' title='bbox 3225 3105 3425 3174; x_wconf 90' lang='lat' dir='ltr'><strong>aliquid</strong></span> <span class='ocrx_word' id='word_1_437' title='bbox 3451 3106 3531 3160; x_wconf 91' lang='lat' dir='ltr'><strong>al-</strong></span> 
     </span>
    </p>
   </div>
   <div class='ocr_carea' id='block_1_61' title="bbox 1953 3186 3567 3270">
    <p class='ocr_par' dir='ltr' id='par_1_61' title="bbox 1953 3186 3567 3270">
     <span class='ocr_line' id='line_1_61' title="bbox 1953 3186 3567 3270; baseline 0.002 -20"><span class='ocrx_word' id='word_1_438' title='bbox 1953 3195 2180 3266; x_wconf 86' lang='lat' dir='ltr'><strong>legatur,</strong></span> <span class='ocrx_word' id='word_1_439' title='bbox 2210 3205 2268 3252; x_wconf 91' lang='lat' dir='ltr'><strong>ut</strong></span> <span class='ocrx_word' id='word_1_440' title='bbox 2317 3199 2665 3269; x_wconf 88' lang='lat' dir='ltr'><strong>subjungatur</strong></span> <span class='ocrx_word' id='word_1_441' title='bbox 2711 3202 2871 3256; x_wconf 90' lang='lat' dir='ltr'><strong>etiam</strong></span> <span class='ocrx_word' id='word_1_442' title='bbox 2912 3202 3086 3255; x_wconf 89' lang='lat' dir='ltr'><strong>votiva</strong></span> <span class='ocrx_word' id='word_1_443' title='bbox 3116 3200 3440 3270; x_wconf 89' lang='lat' dir='ltr'><strong>promissio;</strong></span> <span class='ocrx_word' id='word_1_444' title='bbox 3473 3186 3567 3254; x_wconf 26' lang='lat' dir='ltr'><strong>ut.</strong></span> 
     </span>
    </p>
   </div>
   <div class='ocr_carea' id='block_1_62' title="bbox 268 3278 3535 3363">
    <p class='ocr_par' dir='ltr' id='par_1_62' title="bbox 268 3278 3535 3363">
     <span class='ocr_line' id='line_1_62' title="bbox 268 3278 3535 3363; baseline -0.002 -14"><span class='ocrx_word' id='word_1_445' title='bbox 268 3293 414 3349; x_wconf 89' lang='lat' dir='ltr'><strong>unde</strong></span> <span class='ocrx_word' id='word_1_446' title='bbox 439 3306 544 3347; x_wconf 89' lang='lat' dir='ltr'><strong>non</strong></span> <span class='ocrx_word' id='word_1_447' title='bbox 571 3290 787 3360; x_wconf 84' lang='lat' dir='ltr'><strong>sanguis</strong></span> <span class='ocrx_word' id='word_1_448' title='bbox 814 3291 1108 3361; x_wconf 85' lang='lat' dir='ltr'><strong>egreditur,</strong></span> <span class='ocrx_word' id='word_1_449' title='bbox 1138 3292 1232 3348; x_wconf 90' lang='lat' dir='ltr'><strong>sed</strong></span> <span class='ocrx_word' id='word_1_450' title='bbox 1257 3293 1618 3363; x_wconf 89' lang='lat' dir='ltr'><strong>lacrymarum</strong></span> <span class='ocrx_word' id='word_1_451' title='bbox 1647 3291 1844 3347; x_wconf 86' lang='lat' dir='ltr'><strong>ﬂuenta</strong></span> <span class='ocrx_word' id='word_1_452' title='bbox 1875 3278 1921 3342; x_wconf 92' lang='lat' dir='ltr'>C</span> <span class='ocrx_word' id='word_1_453' title='bbox 1951 3294 2035 3342; x_wconf 85' lang='lat' dir='ltr'><strong>est</strong></span> <span class='ocrx_word' id='word_1_454' title='bbox 2060 3287 2188 3342; x_wconf 92' lang='lat' dir='ltr'><strong>illud</strong></span> <span class='ocrx_word' id='word_1_455' title='bbox 2216 3308 2228 3341; x_wconf 91' lang='lat'>:</span> <span class='ocrx_word' id='word_1_456' title='bbox 2257 3288 2393 3356; x_wconf 85' lang='lat' dir='ltr'><strong>Quid</strong></span> <span class='ocrx_word' id='word_1_457' title='bbox 2414 3291 2689 3344; x_wconf 79' lang='lat' dir='ltr'><strong>retribuam</strong></span> <span class='ocrx_word' id='word_1_458' title='bbox 2713 3291 2932 3346; x_wconf 88' lang='lat' dir='ltr'><strong>Domino</strong></span> <span class='ocrx_word' id='word_1_459' title='bbox 2959 3308 3052 3361; x_wconf 85' lang='lat' dir='ltr'><strong>pro</strong></span> <span class='ocrx_word' id='word_1_460' title='bbox 3075 3291 3150 3344; x_wconf 88' lang='lat' dir='ltr'><strong>his</strong></span> <span class='ocrx_word' id='word_1_461' title='bbox 3171 3305 3286 3360; x_wconf 79' lang='lat' dir='ltr'><strong>qua:</strong></span> <span class='ocrx_word' id='word_1_462' title='bbox 3304 3291 3535 3344; x_wconf 78' lang='lat' dir='ltr'><strong>retribuit</strong></span> 
     </span>
    </p>
   </div>
   <div class='ocr_carea' id='block_1_63' title="bbox 268 3383 1850 3454">
    <p class='ocr_par' dir='ltr' id='par_1_63' title="bbox 268 3383 1850 3454">
     <span class='ocr_line' id='line_1_63' title="bbox 268 3383 1850 3454; baseline 0.002 -15"><span class='ocrx_word' id='word_1_463' title='bbox 268 3383 577 3439; x_wconf 88' lang='lat' dir='ltr'><strong>decurrunt.</strong></span> <span class='ocrx_word' id='word_1_464' title='bbox 620 3385 753 3439; x_wconf 82' lang='lat' dir='ltr'><strong>Nam</strong></span> <span class='ocrx_word' id='word_1_465' title='bbox 791 3383 996 3453; x_wconf 86' lang='lat' dir='ltr'><strong>spiritus</strong></span> <span class='ocrx_word' id='word_1_466' title='bbox 1040 3383 1174 3452; x_wconf 87' lang='lat' dir='ltr'><strong>iste,</strong></span> <span class='ocrx_word' id='word_1_467' title='bbox 1204 3385 1416 3454; x_wconf 91' lang='lat' dir='ltr'><strong>quando</strong></span> <span class='ocrx_word' id='word_1_468' title='bbox 1441 3392 1526 3439; x_wconf 88' lang='lat' dir='ltr'><strong>est</strong></span> <span class='ocrx_word' id='word_1_469' title='bbox 1548 3383 1721 3451; x_wconf 65' lang='lat' dir='ltr'><strong>laetus,</strong></span> <span class='ocrx_word' id='word_1_470' title='bbox 1752 3399 1850 3443; x_wconf 91' lang='lat' dir='ltr'><strong>nos</strong></span> 
     </span>
    </p>
   </div>
   <div class='ocr_carea' id='block_1_64' title="bbox 270 3474 1848 3547">
    <p class='ocr_par' dir='ltr' id='par_1_64' title="bbox 270 3474 1848 3547">
     <span class='ocr_line' id='line_1_64' title="bbox 270 3474 1848 3547; baseline -0.001 -16"><span class='ocrx_word' id='word_1_471' title='bbox 270 3476 511 3547; x_wconf 88' lang='lat' dir='ltr'><strong>obligat;</strong></span> <span class='ocrx_word' id='word_1_472' title='bbox 552 3474 763 3546; x_wconf 89' lang='lat' dir='ltr'><strong>quando</strong></span> <span class='ocrx_word' id='word_1_473' title='bbox 797 3485 882 3531; x_wconf 88' lang='lat' dir='ltr'><strong>est</strong></span> <span class='ocrx_word' id='word_1_474' title='bbox 923 3475 1217 3530; x_wconf 89' lang='lat' dir='ltr'><strong>secundum</strong></span> <span class='ocrx_word' id='word_1_475' title='bbox 1260 3475 1425 3530; x_wconf 91' lang='lat' dir='ltr'><strong>Deum</strong></span> <span class='ocrx_word' id='word_1_476' title='bbox 1456 3475 1848 3547; x_wconf 88' lang='lat' dir='ltr'><strong>contribulatus,</strong></span> 
     </span>
    </p>
   </div>
   <div class='ocr_carea' id='block_1_65' title="bbox 271 3565 1848 3636">
    <p class='ocr_par' dir='ltr' id='par_1_65' title="bbox 271 3565 1848 3636">
     <span class='ocr_line' id='line_1_65' title="bbox 271 3565 1848 3636; baseline 0.002 -16"><span class='ocrx_word' id='word_1_477' title='bbox 271 3566 522 3621; x_wconf 88' lang='lat' dir='ltr'><strong>absolvit.</strong></span> <span class='ocrx_word' id='word_1_478' title='bbox 550 3565 686 3622; x_wconf 89' lang='lat' dir='ltr'><strong>Dicit</strong></span> <span class='ocrx_word' id='word_1_479' title='bbox 710 3566 848 3621; x_wconf 92' lang='lat' dir='ltr'><strong>enim</strong></span> <span class='ocrx_word' id='word_1_480' title='bbox 869 3581 964 3636; x_wconf 93' lang='lat' dir='ltr'><strong>per</strong></span> <span class='ocrx_word' id='word_1_481' title='bbox 988 3565 1223 3636; x_wconf 88' lang='lat' dir='ltr'><strong>quintam</strong></span> <span class='ocrx_word' id='word_1_482' title='bbox 1245 3566 1479 3636; x_wconf 89' lang='lat' dir='ltr'><strong>speciem</strong></span> <span class='ocrx_word' id='word_1_483' title='bbox 1500 3565 1848 3636; x_wconf 90' lang='lat' dir='ltr'><strong>deﬁnitionis,</strong></span> 
     </span>
    </p>
   </div>
   <div class='ocr_carea' id='block_1_66' title="bbox 273 3657 1847 3728">
    <p class='ocr_par' dir='ltr' id='par_1_66' title="bbox 273 3657 1847 3728">
     <span class='ocr_line' id='line_1_66' title="bbox 273 3657 1847 3728; baseline 0.001 -15"><span class='ocrx_word' id='word_1_484' title='bbox 273 3674 394 3728; x_wconf 70' lang='lat' dir='ltr'><strong>qua:</strong></span> <span class='ocrx_word' id='word_1_485' title='bbox 422 3657 627 3725; x_wconf 72' lang='lat' dir='ltr'><strong>Grmce,</strong></span> <span class='ocrx_word' id='word_1_486' title='bbox 658 3660 789 3713; x_wconf 78' lang='grc' dir='ltr'><em>κατὰ</em></span> <span class='ocrx_word' id='word_1_487' title='bbox 809 3664 898 3718; x_wconf 76' lang='grc' dir='ltr'>τήν</span> <span class='ocrx_word' id='word_1_488' title='bbox 918 3659 1067 3728; x_wconf 83' lang='grc' dir='ltr'><strong>λέξιν,</strong></span> <span class='ocrx_word' id='word_1_489' title='bbox 1093 3658 1280 3715; x_wconf 88' lang='lat' dir='ltr'><strong>Latine</strong></span> <span class='ocrx_word' id='word_1_490' title='bbox 1307 3658 1373 3714; x_wconf 91' lang='lat' dir='ltr'><strong>ad</strong></span> <span class='ocrx_word' id='word_1_491' title='bbox 1398 3659 1618 3715; x_wconf 85' lang='lat' dir='ltr'><strong>verbum</strong></span> <span class='ocrx_word' id='word_1_492' title='bbox 1635 3658 1847 3726; x_wconf 89' lang='lat' dir='ltr'><strong>dicitur,</strong></span> 
     </span>
    </p>
   </div>
   <div class='ocr_carea' id='block_1_67' title="bbox 273 3748 1854 3820">
    <p class='ocr_par' dir='ltr' id='par_1_67' title="bbox 273 3748 1854 3820">
     <span class='ocr_line' id='line_1_67' title="bbox 273 3748 1854 3820; baseline 0.001 -16"><span class='ocrx_word' id='word_1_493' title='bbox 273 3749 418 3820; x_wconf 92' lang='lat' dir='ltr'><strong>quod</strong></span> <span class='ocrx_word' id='word_1_494' title='bbox 447 3750 516 3804; x_wconf 90' lang='lat' dir='ltr'><strong>sit</strong></span> <span class='ocrx_word' id='word_1_495' title='bbox 545 3748 812 3818; x_wconf 89' lang='lat' dir='ltr'><strong>acceptius</strong></span> <span class='ocrx_word' id='word_1_496' title='bbox 841 3750 1161 3805; x_wconf 90' lang='lat' dir='ltr'><strong>sacriﬁcium</strong></span> <span class='ocrx_word' id='word_1_497' title='bbox 1193 3750 1336 3820; x_wconf 90' lang='lat' dir='ltr'><strong>quod</strong></span> <span class='ocrx_word' id='word_1_498' title='bbox 1373 3749 1593 3806; x_wconf 84' lang='lat' dir='ltr'><strong>offertur</strong></span> <span class='ocrx_word' id='word_1_499' title='bbox 1622 3752 1752 3818; x_wconf 90' lang='lat' dir='ltr'><strong>Deo,</strong></span> <span class='ocrx_word' id='word_1_500' title='bbox 1799 3750 1854 3806; x_wconf 88' lang='lat' dir='ltr'><strong>id</strong></span> 
     </span>
    </p>
   </div>
   <div class='ocr_carea' id='block_1_68' title="bbox 274 3839 1854 3911">
    <p class='ocr_par' dir='ltr' id='par_1_68' title="bbox 274 3839 1854 3911">
     <span class='ocr_line' id='line_1_68' title="bbox 274 3839 1854 3911; baseline -0.001 -13"><span class='ocrx_word' id='word_1_501' title='bbox 274 3850 360 3898; x_wconf 86' lang='lat' dir='ltr'><strong>est</strong></span> <span class='ocrx_word' id='word_1_502' title='bbox 394 3841 604 3910; x_wconf 88' lang='lat' dir='ltr'><strong>spiritus</strong></span> <span class='ocrx_word' id='word_1_503' title='bbox 650 3839 1032 3895; x_wconf 89' lang='lat' dir='ltr'><strong>contribulatus.</strong></span> <span class='ocrx_word' id='word_1_504' title='bbox 1084 3840 1338 3911; x_wconf 87' lang='lat' dir='ltr'><strong>Sequitur</strong></span> <span class='ocrx_word' id='word_1_505' title='bbox 1366 3841 1528 3896; x_wconf 89' lang='lat' dir='ltr'><strong>etiam</strong></span> <span class='ocrx_word' id='word_1_506' title='bbox 1574 3842 1854 3896; x_wconf 69' lang='lat' dir='ltr'><strong>sententiae</strong></span> 
     </span>
    </p>
   </div>
   <div class='ocr_carea' id='block_1_69' title="bbox 275 3931 1853 4003">
    <p class='ocr_par' dir='ltr' id='par_1_69' title="bbox 275 3931 1853 4003">
     <span class='ocr_line' id='line_1_69' title="bbox 275 3931 1853 4003; baseline -0.001 -16"><span class='ocrx_word' id='word_1_507' title='bbox 275 3932 437 4003; x_wconf 83' lang='lat' dir='ltr'><strong>hujus</strong></span> <span class='ocrx_word' id='word_1_508' title='bbox 480 3931 772 3987; x_wconf 87' lang='lat' dir='ltr'><strong>indubitata</strong></span> <span class='ocrx_word' id='word_1_509' title='bbox 808 3931 1114 4002; x_wconf 87' lang='lat' dir='ltr'><strong>promissio,</strong></span> <span class='ocrx_word' id='word_1_510' title='bbox 1143 3947 1237 4002; x_wconf 88' lang='lat' dir='ltr'><strong>per</strong></span> <span class='ocrx_word' id='word_1_511' title='bbox 1263 3947 1420 4002; x_wconf 90' lang='lat' dir='ltr'><strong>quam</strong></span> <span class='ocrx_word' id='word_1_512' title='bbox 1445 3932 1554 4000; x_wconf 88' lang='lat' dir='ltr'><strong>jam</strong></span> <span class='ocrx_word' id='word_1_513' title='bbox 1599 3946 1706 3986; x_wconf 91' lang='lat' dir='ltr'><strong>non</strong></span> <span class='ocrx_word' id='word_1_514' title='bbox 1749 3931 1853 3986; x_wconf 89' lang='lat' dir='ltr'><strong>sibi</strong></span> 
     </span>
    </p>
   </div>
   <div class='ocr_carea' id='block_1_70' title="bbox 273 4022 1854 4094">
    <p class='ocr_par' dir='ltr' id='par_1_70' title="bbox 273 4022 1854 4094">
     <span class='ocr_line' id='line_1_70' title="bbox 273 4022 1854 4094; baseline -0.001 -15"><span class='ocrx_word' id='word_1_515' title='bbox 273 4026 428 4079; x_wconf 85' lang='lat' dir='ltr'><strong>venia</strong></span> <span class='ocrx_word' id='word_1_516' title='bbox 452 4025 666 4093; x_wconf 87' lang='lat' dir='ltr'><strong>petitur,</strong></span> <span class='ocrx_word' id='word_1_517' title='bbox 697 4023 791 4079; x_wconf 88' lang='lat' dir='ltr'><strong>sed</strong></span> <span class='ocrx_word' id='word_1_518' title='bbox 821 4038 939 4079; x_wconf 89' lang='lat' dir='ltr'><strong>eam</strong></span> <span class='ocrx_word' id='word_1_519' title='bbox 969 4023 1079 4079; x_wconf 90' lang='lat' dir='ltr'><strong>Deo</strong></span> <span class='ocrx_word' id='word_1_520' title='bbox 1107 4038 1166 4079; x_wconf 90' lang='lat' dir='ltr'><strong>se</strong></span> <span class='ocrx_word' id='word_1_521' title='bbox 1192 4024 1594 4078; x_wconf 91' lang='lat' dir='ltr'><strong>humiliantibus</strong></span> <span class='ocrx_word' id='word_1_522' title='bbox 1627 4022 1854 4094; x_wconf 88' lang='lat' dir='ltr'><strong>pollice-</strong></span> 
     </span>
    </p>
   </div>
   <div class='ocr_carea' id='block_1_71' title="bbox 275 4112 1855 4180">
    <p class='ocr_par' dir='ltr' id='par_1_71' title="bbox 275 4112 1855 4180">
     <span class='ocr_line' id='line_1_71' title="bbox 275 4112 1855 4180; baseline 0 -12"><span class='ocrx_word' id='word_1_523' title='bbox 275 4114 478 4168; x_wconf 78' lang='lat' dir='ltr'><strong>turzid</strong></span> <span class='ocrx_word' id='word_1_524' title='bbox 524 4123 625 4180; x_wconf 87' lang='lat' dir='ltr'><strong>est,</strong></span> <span class='ocrx_word' id='word_1_525' title='bbox 679 4129 765 4168; x_wconf 90' lang='lat' dir='ltr'><strong>cor</strong></span> <span class='ocrx_word' id='word_1_526' title='bbox 808 4115 1078 4169; x_wconf 90' lang='lat' dir='ltr'><strong>contritum</strong></span> <span class='ocrx_word' id='word_1_527' title='bbox 1105 4122 1152 4168; x_wconf 88' lang='lat' dir='ltr'><strong>et</strong></span> <span class='ocrx_word' id='word_1_528' title='bbox 1197 4114 1517 4169; x_wconf 88' lang='lat' dir='ltr'><strong>humiliatum</strong></span> <span class='ocrx_word' id='word_1_529' title='bbox 1564 4112 1704 4168; x_wconf 88' lang='lat' dir='ltr'><strong>Deus</strong></span> <span class='ocrx_word' id='word_1_530' title='bbox 1753 4130 1855 4168; x_wconf 91' lang='lat' dir='ltr'><strong>non</strong></span> 
     </span>
    </p>
   </div>
   <div class='ocr_carea' id='block_1_72' title="bbox 278 4204 1854 4275">
    <p class='ocr_par' dir='ltr' id='par_1_72' title="bbox 278 4204 1854 4275">
     <span class='ocr_line' id='line_1_72' title="bbox 278 4204 1854 4275; baseline 0.002 -16"><span class='ocrx_word' id='word_1_531' title='bbox 278 4206 494 4275; x_wconf 85' lang='lat' dir='ltr'><strong>spernit.</strong></span> <span class='ocrx_word' id='word_1_532' title='bbox 517 4205 794 4260; x_wconf 86' lang='lat' dir='ltr'><strong>Contritum</strong></span> <span class='ocrx_word' id='word_1_533' title='bbox 830 4204 961 4260; x_wconf 88' lang='lat' dir='ltr'><strong>dicit</strong></span> <span class='ocrx_word' id='word_1_534' title='bbox 999 4206 1327 4275; x_wconf 65' lang='lat' dir='ltr'><strong>paenitentiae</strong></span> <span class='ocrx_word' id='word_1_535' title='bbox 1381 4205 1652 4261; x_wconf 90' lang='lat' dir='ltr'><strong>laboribus</strong></span> <span class='ocrx_word' id='word_1_536' title='bbox 1692 4207 1854 4262; x_wconf 88' lang='lat' dir='ltr'><strong>vehe-</strong></span> 
     </span>
    </p>
   </div>
   <div class='ocr_carea' id='block_1_73' title="bbox 278 4295 1855 4367">
    <p class='ocr_par' dir='ltr' id='par_1_73' title="bbox 278 4295 1855 4367">
     <span class='ocr_line' id='line_1_73' title="bbox 278 4295 1855 4367; baseline 0.001 -15"><span class='ocrx_word' id='word_1_537' title='bbox 278 4305 490 4352; x_wconf 89' lang='lat' dir='ltr'><strong>menter</strong></span> <span class='ocrx_word' id='word_1_538' title='bbox 517 4296 792 4353; x_wconf 88' lang='lat' dir='ltr'><strong>afﬁictum.</strong></span> <span class='ocrx_word' id='word_1_539' title='bbox 823 4295 1189 4363; x_wconf 89' lang='lat' dir='ltr'><strong>Humiliatum,</strong></span> <span class='ocrx_word' id='word_1_540' title='bbox 1221 4297 1333 4352; x_wconf 92' lang='lat' dir='ltr'><strong>Deo</strong></span> <span class='ocrx_word' id='word_1_541' title='bbox 1365 4298 1602 4364; x_wconf 88' lang='lat' dir='ltr'><strong>scilicet;</strong></span> <span class='ocrx_word' id='word_1_542' title='bbox 1633 4306 1690 4352; x_wconf 92' lang='lat' dir='ltr'><strong>ut</strong></span> <span class='ocrx_word' id='word_1_543' title='bbox 1713 4300 1855 4367; x_wconf 90' lang='lat' dir='ltr'><strong>quod</strong></span> 
     </span>
    </p>
   </div>
   <div class='ocr_carea' id='block_1_74' title="bbox 273 4385 1856 4458">
    <p class='ocr_par' dir='ltr' id='par_1_74' title="bbox 273 4385 1856 4458">
     <span class='ocr_line' id='line_1_74' title="bbox 273 4385 1856 4458; baseline 0.002 -16"><span class='ocrx_word' id='word_1_544' title='bbox 273 4396 404 4442; x_wconf 88' lang='lat' dir='ltr'><strong>ante</strong></span> <span class='ocrx_word' id='word_1_545' title='bbox 426 4385 593 4442; x_wconf 88' lang='lat' dir='ltr'><strong>fuerat</strong></span> <span class='ocrx_word' id='word_1_546' title='bbox 626 4386 854 4443; x_wconf 89' lang='lat' dir='ltr'><strong>elatione</strong></span> <span class='ocrx_word' id='word_1_547' title='bbox 878 4387 1186 4457; x_wconf 86' lang='lat' dir='ltr'><strong>superbum,</strong></span> <span class='ocrx_word' id='word_1_548' title='bbox 1221 4387 1370 4441; x_wconf 90' lang='lat' dir='ltr'><strong>ﬁeret</strong></span> <span class='ocrx_word' id='word_1_549' title='bbox 1401 4388 1484 4458; x_wconf 89' lang='lat' dir='ltr'><strong>pia</strong></span> <span class='ocrx_word' id='word_1_550' title='bbox 1517 4387 1856 4445; x_wconf 80' lang='lat' dir='ltr'><strong>confessione</strong></span> 
     </span>
    </p>
   </div>
   <div class='ocr_carea' id='block_1_75' title="bbox 278 4477 1856 4549">
    <p class='ocr_par' dir='ltr' id='par_1_75' title="bbox 278 4477 1856 4549">
     <span class='ocr_line' id='line_1_75' title="bbox 278 4477 1856 4549; baseline 0.002 -17"><span class='ocrx_word' id='word_1_551' title='bbox 278 4477 548 4532; x_wconf 86' lang='lat' dir='ltr'><strong>devotum.</strong></span> <span class='ocrx_word' id='word_1_552' title='bbox 574 4478 1239 4549; x_wconf 87' lang='lat' dir='ltr'><strong>Etvide_quemadmodum</strong></span> <span class='ocrx_word' id='word_1_553' title='bbox 1264 4494 1440 4534; x_wconf 89' lang='lat' dir='ltr'><strong>rerum</strong></span> <span class='ocrx_word' id='word_1_554' title='bbox 1463 4479 1597 4535; x_wconf 90' lang='lat' dir='ltr'><strong>ordo</strong></span> <span class='ocrx_word' id='word_1_555' title='bbox 1615 4490 1856 4535; x_wconf 83' lang='lat' dir='ltr'><strong>servatus</strong></span> 
     </span>
    </p>
   </div>
   <div class='ocr_carea' id='block_1_76' title="bbox 278 4568 1855 4640">
    <p class='ocr_par' dir='ltr' id='par_1_76' title="bbox 278 4568 1855 4640">
     <span class='ocr_line' id='line_1_76' title="bbox 278 4568 1855 4640; baseline 0.002 -16"><span class='ocrx_word' id='word_1_556' title='bbox 278 4577 381 4624; x_wconf 88' lang='lat' dir='ltr'><strong>est.</strong></span> <span class='ocrx_word' id='word_1_557' title='bbox 414 4568 526 4623; x_wconf 83' lang='lat' dir='ltr'><strong>Non</strong></span> <span class='ocrx_word' id='word_1_558' title='bbox 548 4569 691 4624; x_wconf 89' lang='lat' dir='ltr'><strong>enim</strong></span> <span class='ocrx_word' id='word_1_559' title='bbox 715 4585 801 4623; x_wconf 90' lang='lat' dir='ltr'><strong>cor</strong></span> <span class='ocrx_word' id='word_1_560' title='bbox 828 4577 1072 4640; x_wconf 91' lang='lat' dir='ltr'><strong>potuerat</strong></span> <span class='ocrx_word' id='word_1_561' title='bbox 1095 4570 1384 4636; x_wconf 90' lang='lat' dir='ltr'><strong>humiliari,</strong></span> <span class='ocrx_word' id='word_1_562' title='bbox 1412 4572 1512 4625; x_wconf 72' lang='lat' dir='ltr'><strong>nisi</strong></span> <span class='ocrx_word' id='word_1_563' title='bbox 1539 4572 1725 4626; x_wconf 86' lang='lat' dir='ltr'><strong>fuisset</strong></span> <span class='ocrx_word' id='word_1_564' title='bbox 1754 4573 1855 4627; x_wconf 86' lang='lat' dir='ltr'><strong>fre-</strong></span> 
     </span>
    </p>
   </div>
   <div class='ocr_carea' id='block_1_77' title="bbox 1954 3380 3534 3453">
    <p class='ocr_par' dir='ltr' id='par_1_77' title="bbox 1954 3380 3534 3453">
     <span class='ocr_line' id='line_1_77' title="bbox 1954 3380 3534 3453; baseline 0.001 -21"><span class='ocrx_word' id='word_1_565' title='bbox 1954 3380 2127 3434; x_wconf 83' lang='lat' dir='ltr'><strong>mihi?</strong></span> <span class='ocrx_word' id='word_1_566' title='bbox 2175 3380 2395 3436; x_wconf 78' lang='lat' dir='ltr'><strong>Calicem</strong></span> <span class='ocrx_word' id='word_1_567' title='bbox 2439 3384 2677 3438; x_wconf 87' lang='lat' dir='ltr'><strong>salutaris</strong></span> <span class='ocrx_word' id='word_1_568' title='bbox 2719 3385 2991 3453; x_wconf 85' lang='lat' dir='ltr'><strong>accipiam,</strong></span> <span class='ocrx_word' id='word_1_569' title='bbox 3023 3392 3070 3437; x_wconf 91' lang='lat' dir='ltr'><strong>et</strong></span> <span class='ocrx_word' id='word_1_570' title='bbox 3116 3399 3297 3436; x_wconf 86' lang='lat' dir='ltr'><strong>nomen</strong></span> <span class='ocrx_word' id='word_1_571' title='bbox 3326 3381 3534 3435; x_wconf 86' lang='lat' dir='ltr'><strong>Domini</strong></span> 
     </span>
    </p>
   </div>
   <div class='ocr_carea' id='block_1_78' title="bbox 1954 3468 3527 3542">
    <p class='ocr_par' dir='ltr' id='par_1_78' title="bbox 1954 3468 3527 3542">
     <span class='ocr_line' id='line_1_78' title="bbox 1954 3468 3527 3542; baseline 0.001 -21"><span class='ocrx_word' id='word_1_572' title='bbox 1954 3468 2195 3524; x_wconf 86' lang='lat' dir='ltr'><strong>invocabo</strong></span> <span class='ocrx_word' id='word_1_573' title='bbox 2228 3472 2397 3541; x_wconf 84' lang='lat' dir='ltr'><strong>(Psal.</strong></span> <span class='ocrx_word' id='word_1_574' title='bbox 2445 3489 2567 3540; x_wconf 86' lang='lat' dir='ltr'><strong>cxv,</strong></span> <span class='ocrx_word' id='word_1_575' title='bbox 2621 3473 2732 3542; x_wconf 74' lang='grc'><strong>12).</strong></span> <span class='ocrx_word' id='word_1_576' title='bbox 2796 3473 2866 3527; x_wconf 90' lang='lat' dir='ltr'><strong>Ita</strong></span> <span class='ocrx_word' id='word_1_577' title='bbox 2896 3483 2948 3527; x_wconf 91' lang='lat' dir='ltr'><strong>et</strong></span> <span class='ocrx_word' id='word_1_578' title='bbox 2987 3471 3072 3526; x_wconf 88' lang='lat' dir='ltr'><strong>hic</strong></span> <span class='ocrx_word' id='word_1_579' title='bbox 3113 3471 3308 3526; x_wconf 91' lang='lat' dir='ltr'><strong>dicitur</strong></span> <span class='ocrx_word' id='word_1_580' title='bbox 3338 3469 3478 3524; x_wconf 87' lang='lat' dir='ltr'><strong>Patri</strong></span> <span class='ocrx_word' id='word_1_581' title='bbox 3513 3486 3527 3523; x_wconf 91' lang='lat'>:</span> 
     </span>
    </p>
   </div>
   <div class='ocr_carea' id='block_1_79' title="bbox 1957 3561 3530 3635">
    <p class='ocr_par' dir='ltr' id='par_1_79' title="bbox 1957 3561 3530 3635">
     <span class='ocr_line' id='line_1_79' title="bbox 1957 3561 3530 3635; baseline 0 -20"><span class='ocrx_word' id='word_1_582' title='bbox 1957 3562 2100 3617; x_wconf 80' lang='lat' dir='ltr'><strong>Tunc</strong></span> <span class='ocrx_word' id='word_1_583' title='bbox 2150 3563 2434 3634; x_wconf 87' lang='lat' dir='ltr'><strong>acceptabis</strong></span> <span class='ocrx_word' id='word_1_584' title='bbox 2483 3565 2792 3634; x_wconf 79' lang='lat' dir='ltr'><strong>sacriﬁcium</strong></span> <span class='ocrx_word' id='word_1_585' title='bbox 2836 3565 3072 3635; x_wconf 69' lang='lat' dir='ltr'><strong>justitiaz,</strong></span> <span class='ocrx_word' id='word_1_586' title='bbox 3113 3565 3164 3618; x_wconf 89' lang='lat' dir='ltr'><strong>id</strong></span> <span class='ocrx_word' id='word_1_587' title='bbox 3194 3572 3276 3618; x_wconf 91' lang='lat' dir='ltr'><strong>est</strong></span> <span class='ocrx_word' id='word_1_588' title='bbox 3303 3561 3424 3617; x_wconf 86' lang='lat' dir='ltr'><strong>Filii</strong></span> <span class='ocrx_word' id='word_1_589' title='bbox 3456 3563 3530 3615; x_wconf 92' lang='lat' dir='ltr'><strong>tui</strong></span> 
     </span>
    </p>
   </div>
   <div class='ocr_carea' id='block_1_80' title="bbox 1954 3653 3531 3725">
    <p class='ocr_par' dir='ltr' id='par_1_80' title="bbox 1954 3653 3531 3725">
     <span class='ocr_line' id='line_1_80' title="bbox 1954 3653 3531 3725; baseline 0 -17"><span class='ocrx_word' id='word_1_590' title='bbox 1954 3653 2389 3723; x_wconf 86' lang='lat' dir='ltr'><strong>gloriosissimam</strong></span> <span class='ocrx_word' id='word_1_591' title='bbox 2413 3655 2734 3724; x_wconf 79' lang='lat' dir='ltr'><strong>passionem,</strong></span> <span class='ocrx_word' id='word_1_592' title='bbox 2759 3657 2849 3725; x_wconf 91' lang='lat' dir='ltr'><strong>qui</strong></span> <span class='ocrx_word' id='word_1_593' title='bbox 2879 3670 2937 3710; x_wconf 90' lang='lat' dir='ltr'><strong>se</strong></span> <span class='ocrx_word' id='word_1_594' title='bbox 2959 3654 3264 3723; x_wconf 79' lang='lat' dir='ltr'><strong>sacriﬁcium</strong></span> <span class='ocrx_word' id='word_1_595' title='bbox 3285 3668 3382 3723; x_wconf 91' lang='lat' dir='ltr'><strong>pro</strong></span> <span class='ocrx_word' id='word_1_596' title='bbox 3409 3669 3531 3708; x_wconf 47' lang='lat' dir='ltr'><strong>om-</strong></span> 
     </span>
    </p>
   </div>
   <div class='ocr_carea' id='block_1_81' title="bbox 1955 3743 3527 3816">
    <p class='ocr_par' dir='ltr' id='par_1_81' title="bbox 1955 3743 3527 3816">
     <span class='ocr_line' id='line_1_81' title="bbox 1955 3743 3527 3816; baseline 0 -18"><span class='ocrx_word' id='word_1_597' title='bbox 1955 3743 2114 3799; x_wconf 90' lang='lat' dir='ltr'><strong>nibus</strong></span> <span class='ocrx_word' id='word_1_598' title='bbox 2144 3744 2369 3809; x_wconf 91' lang='lat' dir='ltr'><strong>obtulit;</strong></span> <span class='ocrx_word' id='word_1_599' title='bbox 2402 3753 2461 3799; x_wconf 93' lang='lat' dir='ltr'><strong>ut</strong></span> <span class='ocrx_word' id='word_1_600' title='bbox 2487 3746 2710 3800; x_wconf 86' lang='lat' dir='ltr'><strong>salutem</strong></span> <span class='ocrx_word' id='word_1_601' title='bbox 2738 3746 2985 3811; x_wconf 86' lang='lat' dir='ltr'><strong>mtmdus,</strong></span> <span class='ocrx_word' id='word_1_602' title='bbox 3016 3759 3175 3816; x_wconf 91' lang='lat' dir='ltr'><strong>quam</strong></span> <span class='ocrx_word' id='word_1_603' title='bbox 3215 3746 3323 3800; x_wconf 90' lang='lat' dir='ltr'><strong>suis</strong></span> <span class='ocrx_word' id='word_1_604' title='bbox 3347 3746 3527 3814; x_wconf 87' lang='lat' dir='ltr'><strong>operi-</strong></span> 
     </span>
    </p>
   </div>
   <div class='ocr_carea' id='block_1_82' title="bbox 1954 3834 3525 3906">
    <p class='ocr_par' dir='ltr' id='par_1_82' title="bbox 1954 3834 3525 3906">
     <span class='ocr_line' id='line_1_82' title="bbox 1954 3834 3525 3906; baseline 0 -16"><span class='ocrx_word' id='word_1_605' title='bbox 1954 3834 2056 3890; x_wconf 87' lang='lat' dir='ltr'><strong>bus</strong></span> <span class='ocrx_word' id='word_1_606' title='bbox 2101 3849 2209 3890; x_wconf 89' lang='lat' dir='ltr'><strong>non</strong></span> <span class='ocrx_word' id='word_1_607' title='bbox 2253 3837 2576 3904; x_wconf 89' lang='lat' dir='ltr'><strong>merebatur,</strong></span> <span class='ocrx_word' id='word_1_608' title='bbox 2620 3837 2900 3906; x_wconf 82' lang='lat' dir='ltr'><strong>acciperet.</strong></span> <span class='ocrx_word' id='word_1_609' title='bbox 2933 3837 3298 3892; x_wconf 78' lang='lat' dir='ltr'><strong>Pulcherrima</strong></span> <span class='ocrx_word' id='word_1_610' title='bbox 3345 3846 3525 3890; x_wconf 90' lang='lat' dir='ltr'><strong>autem</strong></span> 
     </span>
    </p>
   </div>
   <div class='ocr_carea' id='block_1_83' title="bbox 1955 3913 3527 4000">
    <p class='ocr_par' dir='ltr' id='par_1_83' title="bbox 1955 3913 3527 4000">
     <span class='ocr_line' id='line_1_83' title="bbox 1955 3913 3527 4000; baseline 0.001 -18"><span class='ocrx_word' id='word_1_611' title='bbox 1955 3927 2229 3984; x_wconf 88' lang='lat' dir='ltr'><strong>deﬁnitum</strong></span> <span class='ocrx_word' id='word_1_612' title='bbox 2252 3938 2333 3984; x_wconf 91' lang='lat' dir='ltr'><strong>est</strong></span> <span class='ocrx_word' id='word_1_613' title='bbox 2372 3931 2498 3999; x_wconf 82' lang='lat' dir='ltr'><strong>quid</strong></span> <span class='ocrx_word' id='word_1_614' title='bbox 2540 3929 2608 3985; x_wconf 91' lang='lat' dir='ltr'><strong>sit</strong></span> <span class='ocrx_word' id='word_1_615' title='bbox 2654 3929 2828 4000; x_wconf 90' lang='lat' dir='ltr'><strong>passio</strong></span> <span class='ocrx_word' id='word_1_616' title='bbox 2858 3931 3065 3983; x_wconf 88' lang='lat' dir='ltr'><strong>Domini</strong></span> <span class='ocrx_word' id='word_1_617' title='bbox 3115 3913 3426 3993; x_wconf 85' lang='lat' dir='ltr'><strong>reverenda,</strong></span> <span class='ocrx_word' id='word_1_618' title='bbox 3476 3929 3527 3984; x_wconf 90' lang='lat' dir='ltr'><strong>id</strong></span> 
     </span>
    </p>
   </div>
   <div class='ocr_carea' id='block_1_84' title="bbox 1955 4017 3543 4095">
    <p class='ocr_par' dir='ltr' id='par_1_84' title="bbox 1955 4017 3543 4095">
     <span class='ocr_line' id='line_1_84' title="bbox 1955 4017 3543 4095; baseline -0.004 -20"><span class='ocrx_word' id='word_1_619' title='bbox 1955 4029 2036 4075; x_wconf 87' lang='lat' dir='ltr'><strong>est</strong></span> <span class='ocrx_word' id='word_1_620' title='bbox 2062 4021 2374 4088; x_wconf 83' lang='lat' dir='ltr'><strong>sacriﬁcium</strong></span> <span class='ocrx_word' id='word_1_621' title='bbox 2395 4021 2626 4090; x_wconf 72' lang='lat' dir='ltr'><strong>justitiaz.</strong></span> <span class='ocrx_word' id='word_1_622' title='bbox 2673 4019 2944 4087; x_wconf 86' lang='lat' dir='ltr'><strong>Sequitur,</strong></span> <span class='ocrx_word' id='word_1_623' title='bbox 2976 4017 3253 4071; x_wconf 87' lang='lat' dir='ltr'><strong>oblationes</strong></span> <span class='ocrx_word' id='word_1_624' title='bbox 3296 4026 3342 4070; x_wconf 90' lang='lat' dir='ltr'><strong>et</strong></span> <span class='ocrx_word' id='word_1_625' title='bbox 3374 4017 3543 4095; x_wconf 28' lang='lat' dir='ltr'><strong>holo-&#39;</strong></span> 
     </span>
    </p>
   </div>
   <div class='ocr_carea' id='block_1_85' title="bbox 1956 4104 3529 4175">
    <p class='ocr_par' dir='ltr' id='par_1_85' title="bbox 1956 4104 3529 4175">
     <span class='ocr_line' id='line_1_85' title="bbox 1956 4104 3529 4175; baseline 0.001 -16"><span class='ocrx_word' id='word_1_626' title='bbox 1956 4115 2153 4160; x_wconf 90' lang='lat' dir='ltr'><strong>causta.</strong></span> <span class='ocrx_word' id='word_1_627' title='bbox 2183 4105 2323 4160; x_wconf 92' lang='lat' dir='ltr'><strong>Istud</strong></span> <span class='ocrx_word' id='word_1_628' title='bbox 2347 4106 2457 4174; x_wconf 91' lang='lat' dir='ltr'><strong>jam</strong></span> <span class='ocrx_word' id='word_1_629' title='bbox 2501 4107 2567 4159; x_wconf 91' lang='lat' dir='ltr'><strong>ad</strong></span> <span class='ocrx_word' id='word_1_630' title='bbox 2591 4105 2774 4160; x_wconf 87' lang='lat' dir='ltr'><strong>ﬁdeles</strong></span> <span class='ocrx_word' id='word_1_631' title='bbox 2804 4106 3032 4175; x_wconf 88' lang='lat' dir='ltr'><strong>pertinet</strong></span> <span class='ocrx_word' id='word_1_632' title='bbox 3058 4104 3411 4171; x_wconf 89' lang='lat' dir='ltr'><strong>Christianos,</strong></span> <span class='ocrx_word' id='word_1_633' title='bbox 3434 4107 3529 4175; x_wconf 91' lang='lat' dir='ltr'><strong>qui</strong></span> 
     </span>
    </p>
   </div>
   <div class='ocr_carea' id='block_1_86' title="bbox 1954 4195 3528 4267">
    <p class='ocr_par' dir='ltr' id='par_1_86' title="bbox 1954 4195 3528 4267">
     <span class='ocr_line' id='line_1_86' title="bbox 1954 4195 3528 4267; baseline -0.003 -13"><span class='ocrx_word' id='word_1_634' title='bbox 1954 4208 2107 4254; x_wconf 89' lang='lat' dir='ltr'><strong>erant</strong></span> <span class='ocrx_word' id='word_1_635' title='bbox 2150 4206 2273 4267; x_wconf 90' lang='lat' dir='ltr'><strong>post</strong></span> <span class='ocrx_word' id='word_1_636' title='bbox 2317 4197 2600 4252; x_wconf 83' lang='lat' dir='ltr'><strong>adventum</strong></span> <span class='ocrx_word' id='word_1_637' title='bbox 2641 4196 2850 4251; x_wconf 92' lang='lat' dir='ltr'><strong>Domini</strong></span> <span class='ocrx_word' id='word_1_638' title='bbox 2902 4195 3154 4251; x_wconf 90' lang='lat' dir='ltr'><strong>credituri</strong></span> <span class='ocrx_word' id='word_1_639' title='bbox 3186 4195 3528 4264; x_wconf 87' lang='lat' dir='ltr'><strong>:signiﬁcans</strong></span> 
     </span>
    </p>
   </div>
   <div class='ocr_carea' id='block_1_87' title="bbox 1956 4288 3529 4358">
    <p class='ocr_par' dir='ltr' id='par_1_87' title="bbox 1956 4288 3529 4358">
     <span class='ocr_line' id='line_1_87' title="bbox 1956 4288 3529 4358; baseline -0.001 -13"><span class='ocrx_word' id='word_1_640' title='bbox 1956 4290 2277 4345; x_wconf 89' lang='lat' dir='ltr'><strong>immolanda</strong></span> <span class='ocrx_word' id='word_1_641' title='bbox 2304 4289 2465 4344; x_wconf 85' lang='lat' dir='ltr'><strong>corda</strong></span> <span class='ocrx_word' id='word_1_642' title='bbox 2510 4289 2783 4344; x_wconf 91' lang='lat' dir='ltr'><strong>hominum</strong></span> <span class='ocrx_word' id='word_1_643' title='bbox 2808 4289 3122 4358; x_wconf 88' lang='lat' dir='ltr'><strong>viventium,</strong></span> <span class='ocrx_word' id='word_1_644' title='bbox 3150 4303 3258 4344; x_wconf 92' lang='lat' dir='ltr'><strong>non</strong></span> <span class='ocrx_word' id='word_1_645' title='bbox 3287 4288 3529 4344; x_wconf 86' lang='lat' dir='ltr'><strong>membra</strong></span> 
     </span>
    </p>
   </div>
   <div class='ocr_carea' id='block_1_88' title="bbox 1956 4381 3533 4452">
    <p class='ocr_par' dir='ltr' id='par_1_88' title="bbox 1956 4381 3533 4452">
     <span class='ocr_line' id='line_1_88' title="bbox 1956 4381 3533 4452; baseline 0.001 -16"><span class='ocrx_word' id='word_1_646' title='bbox 1956 4382 2219 4452; x_wconf 90' lang='lat' dir='ltr'><strong>pecudum</strong></span> <span class='ocrx_word' id='word_1_647' title='bbox 2246 4393 2597 4440; x_wconf 90' lang='lat' dir='ltr'><strong>mortuorum.</strong></span> <span class='ocrx_word' id='word_1_648' title='bbox 2630 4383 2723 4438; x_wconf 89' lang='lat' dir='ltr'><strong>Illa</strong></span> <span class='ocrx_word' id='word_1_649' title='bbox 2752 4383 2893 4439; x_wconf 90' lang='lat' dir='ltr'><strong>enim</strong></span> <span class='ocrx_word' id='word_1_650' title='bbox 2923 4381 3059 4451; x_wconf 88' lang='lat' dir='ltr'><strong>ignis</strong></span> <span class='ocrx_word' id='word_1_651' title='bbox 3103 4381 3533 4452; x_wconf 91' lang='lat' dir='ltr'><strong>consumptibilis</strong></span> 
     </span>
    </p>
   </div>
   <div class='ocr_carea' id='block_1_89' title="bbox 1955 4474 3536 4546">
    <p class='ocr_par' dir='ltr' id='par_1_89' title="bbox 1955 4474 3536 4546">
     <span class='ocr_line' id='line_1_89' title="bbox 1955 4474 3536 4546; baseline -0.001 -17"><span class='ocrx_word' id='word_1_652' title='bbox 1955 4476 2289 4546; x_wconf 79' lang='lat' dir='ltr'><strong>absumebat,</strong></span> <span class='ocrx_word' id='word_1_653' title='bbox 2320 4478 2420 4532; x_wconf 90' lang='lat' dir='ltr'><strong>ista</strong></span> <span class='ocrx_word' id='word_1_654' title='bbox 2447 4477 2746 4533; x_wconf 89' lang='lat' dir='ltr'><strong>incendium</strong></span> <span class='ocrx_word' id='word_1_655' title='bbox 2775 4477 2932 4532; x_wconf 86' lang='lat' dir='ltr'><strong>vitale</strong></span> <span class='ocrx_word' id='word_1_656' title='bbox 2959 4476 3246 4532; x_wconf 90' lang='lat' dir='ltr'><strong>discruciat</strong></span> <span class='ocrx_word' id='word_1_657' title='bbox 3270 4493 3283 4540; x_wconf 81' lang='lat'><strong>;</strong></span> <span class='ocrx_word' id='word_1_658' title='bbox 3329 4474 3420 4528; x_wconf 91' lang='lat' dir='ltr'><strong>illa</strong></span> <span class='ocrx_word' id='word_1_659' title='bbox 3448 4490 3536 4528; x_wconf 81' lang='lat' dir='ltr'><strong>re-</strong></span> 
     </span>
    </p>
   </div>
   <div class='ocr_carea' id='block_1_90' title="bbox 1955 4563 3531 4637">
    <p class='ocr_par' dir='ltr' id='par_1_90' title="bbox 1955 4563 3531 4637">
     <span class='ocr_line' id='line_1_90' title="bbox 1955 4563 3531 4637; baseline -0.003 -17"><span class='ocrx_word' id='word_1_660' title='bbox 1955 4565 2274 4637; x_wconf 75' lang='lat' dir='ltr'><strong>digebantur</strong></span> <span class='ocrx_word' id='word_1_661' title='bbox 2303 4571 2543 4636; x_wconf 91' lang='lat' dir='ltr'><strong>protinus</strong></span> <span class='ocrx_word' id='word_1_662' title='bbox 2568 4570 2618 4622; x_wconf 93' lang='lat' dir='ltr'><strong>in</strong></span> <span class='ocrx_word' id='word_1_663' title='bbox 2647 4569 2872 4637; x_wconf 88' lang='lat' dir='ltr'><strong>favillas,</strong></span> <span class='ocrx_word' id='word_1_664' title='bbox 2904 4569 3005 4622; x_wconf 91' lang='lat' dir='ltr'><strong>ista</strong></span> <span class='ocrx_word' id='word_1_665' title='bbox 3024 4565 3393 4634; x_wconf 87' lang='lat' dir='ltr'><strong>temporaliter</strong></span> <span class='ocrx_word' id='word_1_666' title='bbox 3415 4563 3531 4616; x_wconf 83' lang='lat' dir='ltr'><strong>ani-</strong></span> 
     </span>
    </p>
   </div>
   <div class='ocr_carea' id='block_1_91' title="bbox 279 4655 3528 4732">
    <p class='ocr_par' dir='ltr' id='par_1_91' title="bbox 279 4655 3528 4732">
     <span class='ocr_line' id='line_1_91' title="bbox 279 4655 3528 4732; baseline 0.003 -19"><span class='ocrx_word' id='word_1_667' title='bbox 279 4661 461 4730; x_wconf 88' lang='lat' dir='ltr'><strong>quenti</strong></span> <span class='ocrx_word' id='word_1_668' title='bbox 491 4660 831 4716; x_wconf 85' lang='lat' dir='ltr'><strong>tribulatione</strong></span> <span class='ocrx_word' id='word_1_669' title='bbox 859 4661 1148 4715; x_wconf 87' lang='lat' dir='ltr'><strong>contritum.</strong></span> <span class='ocrx_word' id='word_1_670' title='bbox 1174 4661 1306 4716; x_wconf 81' lang='lat' dir='ltr'><strong>Nam</strong></span> <span class='ocrx_word' id='word_1_671' title='bbox 1334 4663 1475 4732; x_wconf 90' lang='lat' dir='ltr'><strong>quod</strong></span> <span class='ocrx_word' id='word_1_672' title='bbox 1504 4663 1637 4718; x_wconf 80' lang='lat' dir='ltr'><strong>dixit</strong></span> <span class='ocrx_word' id='word_1_673' title='bbox 1667 4683 1678 4718; x_wconf 90' lang='lat'>:</span> <span class='ocrx_word' id='word_1_674' title='bbox 1713 4664 1852 4719; x_wconf 82' lang='lat' dir='ltr'><strong>Deus</strong></span> <span class='ocrx_word' id='word_1_675' title='bbox 1876 4662 1931 4722; x_wconf 90' lang='lat' dir='ltr'><strong>D</strong></span> <span class='ocrx_word' id='word_1_676' title='bbox 1956 4673 2070 4713; x_wconf 80' lang='lat' dir='ltr'><strong>mas</strong></span> <span class='ocrx_word' id='word_1_677' title='bbox 2120 4661 2546 4717; x_wconf 78' lang='lat' dir='ltr'><strong>tribulationibus</strong></span> <span class='ocrx_word' id='word_1_678' title='bbox 2593 4661 2884 4728; x_wconf 84' lang='lat' dir='ltr'><strong>exurendo,</strong></span> <span class='ocrx_word' id='word_1_679' title='bbox 2938 4661 3005 4713; x_wconf 82' lang='lat' dir='ltr'><strong>ad</strong></span> <span class='ocrx_word' id='word_1_680' title='bbox 3057 4661 3253 4716; x_wconf 80' lang='lat' dir='ltr'><strong>amqu</strong></span> <span class='ocrx_word' id='word_1_681' title='bbox 3294 4655 3528 4728; x_wconf 73' lang='lat' dir='ltr'><strong>paradisi</strong></span> 
     </span>
    </p>
   </div>
   <div class='ocr_carea' id='block_1_92' title="bbox 280 4753 1850 4825">
    <p class='ocr_par' dir='ltr' id='par_1_92' title="bbox 280 4753 1850 4825">
     <span class='ocr_line' id='line_1_92' title="bbox 280 4753 1850 4825; baseline 0.003 -17"><span class='ocrx_word' id='word_1_682' title='bbox 280 4770 384 4808; x_wconf 92' lang='lat' dir='ltr'><strong>non</strong></span> <span class='ocrx_word' id='word_1_683' title='bbox 413 4755 623 4824; x_wconf 86' lang='lat' dir='ltr'><strong>spernit,</strong></span> <span class='ocrx_word' id='word_1_684' title='bbox 666 4753 778 4823; x_wconf 87' lang='lat' dir='ltr'><strong>jam</strong></span> <span class='ocrx_word' id='word_1_685' title='bbox 807 4765 1002 4810; x_wconf 69' lang='lat' dir='ltr'><strong>sancta:</strong></span> <span class='ocrx_word' id='word_1_686' title='bbox 1033 4754 1398 4825; x_wconf 90' lang='lat' dir='ltr'><strong>promissionis</strong></span> <span class='ocrx_word' id='word_1_687' title='bbox 1430 4759 1719 4812; x_wconf 85' lang='lat' dir='ltr'><strong>auctoritas</strong></span> <span class='ocrx_word' id='word_1_688' title='bbox 1748 4767 1850 4823; x_wconf 90' lang='lat' dir='ltr'><strong>est,</strong></span> 
     </span>
    </p>
   </div>
   <div class='ocr_carea' id='block_1_93' title="bbox 279 4845 1857 4918">
    <p class='ocr_par' dir='ltr' id='par_1_93' title="bbox 279 4845 1857 4918">
     <span class='ocr_line' id='line_1_93' title="bbox 279 4845 1857 4918; baseline 0.003 -17"><span class='ocrx_word' id='word_1_689' title='bbox 279 4861 400 4918; x_wconf 76' lang='lat' dir='ltr'><strong>quae</strong></span> <span class='ocrx_word' id='word_1_690' title='bbox 453 4845 773 4917; x_wconf 79' lang='lat' dir='ltr'><strong>praedicatur</strong></span> <span class='ocrx_word' id='word_1_691' title='bbox 826 4849 992 4918; x_wconf 88' lang='lat' dir='ltr'><strong>magis</strong></span> <span class='ocrx_word' id='word_1_692' title='bbox 1054 4864 1212 4918; x_wconf 87' lang='lat' dir='ltr'><strong>quam</strong></span> <span class='ocrx_word' id='word_1_693' title='bbox 1263 4850 1582 4918; x_wconf 86' lang='lat' dir='ltr'><strong>postulatur.</strong></span> <span class='ocrx_word' id='word_1_694' title='bbox 1633 4847 1857 4906; x_wconf 88' lang='lat' dir='ltr'><strong>Constat</strong></span> 
     </span>
    </p>
   </div>
   <div class='ocr_carea' id='block_1_94' title="bbox 277 4940 1853 5012">
    <p class='ocr_par' dir='ltr' id='par_1_94' title="bbox 277 4940 1853 5012">
     <span class='ocr_line' id='line_1_94' title="bbox 277 4940 1853 5012; baseline 0.003 -18"><span class='ocrx_word' id='word_1_695' title='bbox 277 4942 426 4994; x_wconf 89' lang='lat' dir='ltr'><strong>enim</strong></span> <span class='ocrx_word' id='word_1_696' title='bbox 470 4941 602 4996; x_wconf 92' lang='lat' dir='ltr'><strong>tales</strong></span> <span class='ocrx_word' id='word_1_697' title='bbox 631 4940 926 4996; x_wconf 89' lang='lat' dir='ltr'><strong>oblationes</strong></span> <span class='ocrx_word' id='word_1_698' title='bbox 973 4941 1134 4995; x_wconf 87' lang='lat' dir='ltr'><strong>Deum</strong></span> <span class='ocrx_word' id='word_1_699' title='bbox 1162 4958 1262 4996; x_wconf 88' lang='lat' dir='ltr'><strong>non</strong></span> <span class='ocrx_word' id='word_1_700' title='bbox 1309 4958 1564 5012; x_wconf 82' lang='lat' dir='ltr'><strong>spernere,</strong></span> <span class='ocrx_word' id='word_1_701' title='bbox 1598 4943 1734 4998; x_wconf 91' lang='lat' dir='ltr'><strong>sicut</strong></span> <span class='ocrx_word' id='word_1_702' title='bbox 1764 4943 1853 4998; x_wconf 92' lang='lat' dir='ltr'><strong>illa</strong></span> 
     </span>
    </p>
   </div>
   <div class='ocr_carea' id='block_1_95' title="bbox 279 5031 1853 5105">
    <p class='ocr_par' dir='ltr' id='par_1_95' title="bbox 279 5031 1853 5105">
     <span class='ocr_line' id='line_1_95' title="bbox 279 5031 1853 5105; baseline 0.002 -18"><span class='ocrx_word' id='word_1_703' title='bbox 279 5033 620 5102; x_wconf 82' lang='lat' dir='ltr'><strong>cognoscitur</strong></span> <span class='ocrx_word' id='word_1_704' title='bbox 643 5034 818 5102; x_wconf 90' lang='lat' dir='ltr'><strong>priora</strong></span> <span class='ocrx_word' id='word_1_705' title='bbox 839 5031 1098 5088; x_wconf 83' lang='lat' dir='ltr'><strong>sacriﬁcia</strong></span> <span class='ocrx_word' id='word_1_706' title='bbox 1123 5033 1412 5103; x_wconf 88' lang='lat' dir='ltr'><strong>respuisse.</strong></span> <span class='ocrx_word' id='word_1_707' title='bbox 1434 5034 1853 5105; x_wconf 88' lang='lat' dir='ltr'><strong>Perquirendum</strong></span> 
     </span>
    </p>
   </div>
   <div class='ocr_carea' id='block_1_96' title="bbox 276 5124 1855 5196">
    <p class='ocr_par' dir='ltr' id='par_1_96' title="bbox 276 5124 1855 5196">
     <span class='ocr_line' id='line_1_96' title="bbox 276 5124 1855 5196; baseline 0.001 -15"><span class='ocrx_word' id='word_1_708' title='bbox 276 5138 413 5181; x_wconf 81' lang='lat' dir='ltr'><strong>sane</strong></span> <span class='ocrx_word' id='word_1_709' title='bbox 459 5124 666 5179; x_wconf 88' lang='lat' dir='ltr'><strong>videtur</strong></span> <span class='ocrx_word' id='word_1_710' title='bbox 717 5124 857 5195; x_wconf 90' lang='lat' dir='ltr'><strong>quod</strong></span> <span class='ocrx_word' id='word_1_711' title='bbox 909 5124 1214 5194; x_wconf 85' lang='lat' dir='ltr'><strong>frequenter</strong></span> <span class='ocrx_word' id='word_1_712' title='bbox 1248 5126 1302 5179; x_wconf 93' lang='lat' dir='ltr'><strong>in</strong></span> <span class='ocrx_word' id='word_1_713' title='bbox 1346 5126 1633 5196; x_wconf 91' lang='lat' dir='ltr'><strong>Scripturis</strong></span> <span class='ocrx_word' id='word_1_714' title='bbox 1661 5127 1855 5182; x_wconf 89' lang='lat' dir='ltr'><strong>divinis</strong></span> 
     </span>
    </p>
   </div>
   <div class='ocr_carea' id='block_1_97' title="bbox 276 5219 1856 5292">
    <p class='ocr_par' dir='ltr' id='par_1_97' title="bbox 276 5219 1856 5292">
     <span class='ocr_line' id='line_1_97' title="bbox 276 5219 1856 5292; baseline 0.004 -22"><span class='ocrx_word' id='word_1_715' title='bbox 276 5234 381 5289; x_wconf 86' lang='lat' dir='ltr'><strong>pro</strong></span> <span class='ocrx_word' id='word_1_716' title='bbox 408 5219 758 5289; x_wconf 86' lang='lat' dir='ltr'><strong>intelligentia</strong></span> <span class='ocrx_word' id='word_1_717' title='bbox 787 5233 872 5272; x_wconf 92' lang='lat' dir='ltr'><strong>cor</strong></span> <span class='ocrx_word' id='word_1_718' title='bbox 913 5229 1180 5288; x_wconf 88' lang='lat' dir='ltr'><strong>ponatur;</strong></span> <span class='ocrx_word' id='word_1_719' title='bbox 1210 5219 1338 5272; x_wconf 86' lang='lat' dir='ltr'><strong>dicit</strong></span> <span class='ocrx_word' id='word_1_720' title='bbox 1365 5221 1506 5273; x_wconf 90' lang='lat' dir='ltr'><strong>enim</strong></span> <span class='ocrx_word' id='word_1_721' title='bbox 1539 5221 1589 5273; x_wconf 92' lang='lat' dir='ltr'><strong>in</strong></span> <span class='ocrx_word' id='word_1_722' title='bbox 1615 5221 1856 5292; x_wconf 81' lang='lat' dir='ltr'><strong>Evange-</strong></span> 
     </span>
    </p>
   </div>
   <div class='ocr_carea' id='block_1_98' title="bbox 277 5308 1852 5385">
    <p class='ocr_par' dir='ltr' id='par_1_98' title="bbox 277 5308 1852 5385">
     <span class='ocr_line' id='line_1_98' title="bbox 277 5308 1852 5385; baseline 0.003 -21"><span class='ocrx_word' id='word_1_723' title='bbox 277 5309 357 5364; x_wconf 90' lang='lat' dir='ltr'><strong>Iio</strong></span> <span class='ocrx_word' id='word_1_724' title='bbox 378 5327 389 5361; x_wconf 93' lang='lat'>:</span> <span class='ocrx_word' id='word_1_725' title='bbox 408 5308 484 5363; x_wconf 90' lang='lat' dir='ltr'><strong>De</strong></span> <span class='ocrx_word' id='word_1_726' title='bbox 504 5310 655 5363; x_wconf 86' lang='lat' dir='ltr'><strong>corde</strong></span> <span class='ocrx_word' id='word_1_727' title='bbox 669 5318 852 5364; x_wconf 72' lang='lat' dir='ltr'><strong>exeunt</strong></span> <span class='ocrx_word' id='word_1_728' title='bbox 871 5310 1200 5378; x_wconf 84' lang='lat' dir='ltr'><strong>cogitationes</strong></span> <span class='ocrx_word' id='word_1_729' title='bbox 1221 5310 1594 5379; x_wconf 73' lang='lat' dir='ltr'><strong>mala:(1llatth.</strong></span> <span class='ocrx_word' id='word_1_730' title='bbox 1615 5327 1702 5378; x_wconf 85' lang='lat' dir='ltr'><strong>xv,</strong></span> <span class='ocrx_word' id='word_1_731' title='bbox 1727 5314 1816 5385; x_wconf 84' lang='grc'><strong>19)</strong></span> <span class='ocrx_word' id='word_1_732' title='bbox 1838 5330 1852 5380; x_wconf 92' lang='lat'><strong>;</strong></span> 
     </span>
    </p>
   </div>
   <div class='ocr_carea' id='block_1_99' title="bbox 278 5399 1856 5470">
    <p class='ocr_par' dir='ltr' id='par_1_99' title="bbox 278 5399 1856 5470">
     <span class='ocr_line' id='line_1_99' title="bbox 278 5399 1856 5470; baseline 0.001 -13"><span class='ocrx_word' id='word_1_733' title='bbox 278 5411 339 5457; x_wconf 89' lang='lat' dir='ltr'><strong>et</strong></span> <span class='ocrx_word' id='word_1_734' title='bbox 365 5400 556 5456; x_wconf 79' lang='lat' dir='ltr'><strong>Petrus</strong></span> <span class='ocrx_word' id='word_1_735' title='bbox 592 5401 861 5470; x_wconf 84' lang='lat' dir='ltr'><strong>apostolus</strong></span> <span class='ocrx_word' id='word_1_736' title='bbox 898 5400 1103 5455; x_wconf 89' lang='lat' dir='ltr'><strong>Simoni</strong></span> <span class='ocrx_word' id='word_1_737' title='bbox 1133 5399 1243 5456; x_wconf 85' lang='lat' dir='ltr'><strong>ait:</strong></span> <span class='ocrx_word' id='word_1_738' title='bbox 1277 5399 1375 5452; x_wconf 86' lang='lat' dir='ltr'><strong>Cor</strong></span> <span class='ocrx_word' id='word_1_739' title='bbox 1419 5403 1551 5454; x_wconf 73' lang='lat' dir='ltr'><strong>enim</strong></span> <span class='ocrx_word' id='word_1_740' title='bbox 1582 5413 1722 5456; x_wconf 90' lang='lat' dir='ltr'><strong>tuum</strong></span> <span class='ocrx_word' id='word_1_741' title='bbox 1753 5422 1856 5458; x_wconf 87' lang='lat' dir='ltr'><strong>non</strong></span> 
     </span>
    </p>
   </div>
   <div class='ocr_carea' id='block_1_100' title="bbox 278 5488 1857 5562">
    <p class='ocr_par' dir='ltr' id='par_1_100' title="bbox 278 5488 1857 5562">
     <span class='ocr_line' id='line_1_100' title="bbox 278 5488 1857 5562; baseline 0.001 -17"><span class='ocrx_word' id='word_1_742' title='bbox 278 5500 357 5545; x_wconf 87' lang='lat' dir='ltr'><strong>est</strong></span> <span class='ocrx_word' id='word_1_743' title='bbox 391 5501 583 5544; x_wconf 85' lang='lat' dir='ltr'><strong>rectum</strong></span> <span class='ocrx_word' id='word_1_744' title='bbox 615 5507 785 5545; x_wconf 86' lang='lat' dir='ltr'><strong>coram</strong></span> <span class='ocrx_word' id='word_1_745' title='bbox 816 5491 921 5544; x_wconf 92' lang='lat' dir='ltr'><strong>Deo</strong></span> <span class='ocrx_word' id='word_1_746' title='bbox 959 5491 1095 5561; x_wconf 73' lang='lat' dir='ltr'><strong>(Act.</strong></span> <span class='ocrx_word' id='word_1_747' title='bbox 1130 5505 1241 5556; x_wconf 87' lang='lat' dir='ltr'><strong>vm,</strong></span> <span class='ocrx_word' id='word_1_748' title='bbox 1281 5488 1402 5559; x_wconf 73' lang='lat'><strong>‘21);</strong></span> <span class='ocrx_word' id='word_1_749' title='bbox 1437 5489 1598 5546; x_wconf 89' lang='lat' dir='ltr'><strong>Isaias</strong></span> <span class='ocrx_word' id='word_1_750' title='bbox 1645 5509 1857 5562; x_wconf 85' lang='lat' dir='ltr'><strong>quoque</strong></span> 
     </span>
    </p>
   </div>
   <div class='ocr_carea' id='block_1_101' title="bbox 282 5579 1853 5652">
    <p class='ocr_par' dir='ltr' id='par_1_101' title="bbox 282 5579 1853 5652">
     <span class='ocr_line' id='line_1_101' title="bbox 282 5579 1853 5652; baseline 0 -18"><span class='ocrx_word' id='word_1_751' title='bbox 282 5580 860 5638; x_wconf 77' lang='lat' dir='ltr'><strong>testaturzlnduratum</strong></span> <span class='ocrx_word' id='word_1_752' title='bbox 879 5591 947 5635; x_wconf 68' lang='lat' dir='ltr'><strong>est</strong></span> <span class='ocrx_word' id='word_1_753' title='bbox 973 5597 1058 5634; x_wconf 90' lang='lat' dir='ltr'><strong>cor</strong></span> <span class='ocrx_word' id='word_1_754' title='bbox 1075 5581 1250 5651; x_wconf 88' lang='lat' dir='ltr'><strong>populi</strong></span> <span class='ocrx_word' id='word_1_755' title='bbox 1275 5581 1429 5651; x_wconf 84' lang='lat' dir='ltr'><strong>hujus</strong></span> <span class='ocrx_word' id='word_1_756' title='bbox 1447 5579 1597 5649; x_wconf 80' lang='grc' dir='ltr'><strong>(1εαὶ.</strong></span> <span class='ocrx_word' id='word_1_757' title='bbox 1629 5599 1700 5649; x_wconf 75' lang='lat' dir='ltr'><strong>vx,</strong></span> <span class='ocrx_word' id='word_1_758' title='bbox 1726 5584 1814 5652; x_wconf 82' lang='grc'><strong>10)</strong></span> <span class='ocrx_word' id='word_1_759' title='bbox 1839 5601 1853 5646; x_wconf 87' lang='grc'>;</span> 
     </span>
    </p>
   </div>
   <div class='ocr_carea' id='block_1_102' title="bbox 279 5672 1854 5744">
    <p class='ocr_par' dir='ltr' id='par_1_102' title="bbox 279 5672 1854 5744">
     <span class='ocr_line' id='line_1_102' title="bbox 279 5672 1854 5744; baseline -0.002 -14"><span class='ocrx_word' id='word_1_760' title='bbox 279 5675 422 5730; x_wconf 87' lang='lat' dir='ltr'><strong>etin</strong></span> <span class='ocrx_word' id='word_1_761' title='bbox 452 5684 642 5744; x_wconf 88' lang='lat' dir='ltr'><strong>quarto</strong></span> <span class='ocrx_word' id='word_1_762' title='bbox 695 5674 896 5743; x_wconf 88' lang='lat' dir='ltr'><strong>psalmo</strong></span> <span class='ocrx_word' id='word_1_763' title='bbox 929 5688 941 5729; x_wconf 88' lang='lat'><strong>:</strong></span> <span class='ocrx_word' id='word_1_764' title='bbox 979 5673 1245 5740; x_wconf 85' lang='lat' dir='ltr'><strong>Quousque</strong></span> <span class='ocrx_word' id='word_1_765' title='bbox 1291 5672 1431 5740; x_wconf 87' lang='lat' dir='ltr'><strong>gravi</strong></span> <span class='ocrx_word' id='word_1_766' title='bbox 1481 5672 1632 5724; x_wconf 88' lang='lat' dir='ltr'><strong>corde</strong></span> <span class='ocrx_word' id='word_1_767' title='bbox 1683 5673 1854 5742; x_wconf 87' lang='lat' dir='ltr'><strong>(Psal.</strong></span> 
     </span>
    </p>
   </div>
   <div class='ocr_carea' id='block_1_103' title="bbox 282 5766 1856 5836">
    <p class='ocr_par' dir='ltr' id='par_1_103' title="bbox 282 5766 1856 5836">
     <span class='ocr_line' id='line_1_103' title="bbox 282 5766 1856 5836; baseline -0.001 -14"><span class='ocrx_word' id='word_1_768' title='bbox 282 5783 362 5832; x_wconf 81' lang='lat' dir='ltr'><strong>tv,</strong></span> <span class='ocrx_word' id='word_1_769' title='bbox 406 5768 496 5836; x_wconf 74' lang='lat'><strong>5)?</strong></span> <span class='ocrx_word' id='word_1_770' title='bbox 527 5775 578 5822; x_wconf 90' lang='lat' dir='ltr'><strong>ct</strong></span> <span class='ocrx_word' id='word_1_771' title='bbox 602 5767 652 5822; x_wconf 91' lang='lat' dir='ltr'><strong>in</strong></span> <span class='ocrx_word' id='word_1_772' title='bbox 682 5767 911 5836; x_wconf 85' lang='lat' dir='ltr'><strong>septimo</strong></span> <span class='ocrx_word' id='word_1_773' title='bbox 939 5783 951 5818; x_wconf 92' lang='lat'>:</span> <span class='ocrx_word' id='word_1_774' title='bbox 988 5766 1237 5820; x_wconf 87' lang='lat' dir='ltr'><strong>Scrutans</strong></span> <span class='ocrx_word' id='word_1_775' title='bbox 1265 5766 1420 5818; x_wconf 87' lang='lat' dir='ltr'><strong>corda</strong></span> <span class='ocrx_word' id='word_1_776' title='bbox 1453 5774 1500 5819; x_wconf 86' lang='lat' dir='ltr'><strong>et</strong></span> <span class='ocrx_word' id='word_1_777' title='bbox 1539 5778 1679 5819; x_wconf 84' lang='lat' dir='ltr'><strong>renes</strong></span> <span class='ocrx_word' id='word_1_778' title='bbox 1726 5766 1856 5820; x_wconf 85' lang='lat' dir='ltr'><strong>Deus</strong></span> 
     </span>
    </p>
   </div>
   <div class='ocr_carea' id='block_1_104' title="bbox 281 5855 1856 5932">
    <p class='ocr_par' dir='ltr' id='par_1_104' title="bbox 281 5855 1856 5932">
     <span class='ocr_line' id='line_1_104' title="bbox 281 5855 1856 5932; baseline -0.004 -20"><span class='ocrx_word' id='word_1_779' title='bbox 281 5859 461 5932; x_wconf 84' lang='lat' dir='ltr'><strong>(Psal.</strong></span> <span class='ocrx_word' id='word_1_780' title='bbox 492 5875 585 5925; x_wconf 83' lang='lat' dir='ltr'><strong>vit,</strong></span> <span class='ocrx_word' id='word_1_781' title='bbox 619 5856 738 5927; x_wconf 86' lang='lat' dir='ltr'><strong>IO);</strong></span> <span class='ocrx_word' id='word_1_782' title='bbox 770 5857 854 5913; x_wconf 88' lang='lat' dir='ltr'><strong>hic</strong></span> <span class='ocrx_word' id='word_1_783' title='bbox 886 5872 1095 5927; x_wconf 88' lang='lat' dir='ltr'><strong>quoque</strong></span> <span class='ocrx_word' id='word_1_784' title='bbox 1127 5857 1367 5926; x_wconf 83' lang='lat' dir='ltr'><strong>superius</strong></span> <span class='ocrx_word' id='word_1_785' title='bbox 1388 5856 1519 5912; x_wconf 68' lang='lat' dir='ltr'><strong>dixit</strong></span> <span class='ocrx_word' id='word_1_786' title='bbox 1549 5874 1562 5911; x_wconf 87' lang='lat'><strong>:</strong></span> <span class='ocrx_word' id='word_1_787' title='bbox 1590 5855 1690 5911; x_wconf 85' lang='lat' dir='ltr'><strong>Cor</strong></span> <span class='ocrx_word' id='word_1_788' title='bbox 1713 5873 1856 5912; x_wconf 80' lang='lat' dir='ltr'><strong>num.</strong></span> 
     </span>
    </p>
   </div>
   <div class='ocr_carea' id='block_1_105' title="bbox 1957 4750 3532 4821">
    <p class='ocr_par' dir='ltr' id='par_1_105' title="bbox 1957 4750 3532 4821">
     <span class='ocr_line' id='line_1_105' title="bbox 1957 4750 3532 4821; baseline 0.001 -20"><span class='ocrx_word' id='word_1_789' title='bbox 1957 4750 2149 4821; x_wconf 86' lang='lat' dir='ltr'><strong>gaudia</strong></span> <span class='ocrx_word' id='word_1_790' title='bbox 2187 4761 2385 4806; x_wconf 74' lang='lat' dir='ltr'><strong>aeterna</strong></span> <span class='ocrx_word' id='word_1_791' title='bbox 2426 4751 2740 4819; x_wconf 90' lang='lat' dir='ltr'><strong>perducunt.</strong></span> <span class='ocrx_word' id='word_1_792' title='bbox 2784 4751 3054 4821; x_wconf 88' lang='lat' dir='ltr'><strong>Sequitur,</strong></span> <span class='ocrx_word' id='word_1_793' title='bbox 3096 4762 3215 4806; x_wconf 90' lang='lat' dir='ltr'><strong>tunc</strong></span> <span class='ocrx_word' id='word_1_794' title='bbox 3264 4751 3532 4819; x_wconf 79' lang='lat' dir='ltr'><strong>imponent</strong></span> 
     </span>
    </p>
   </div>
   <div class='ocr_carea' id='block_1_106' title="bbox 1960 4843 3530 4913">
    <p class='ocr_par' dir='ltr' id='par_1_106' title="bbox 1960 4843 3530 4913">
     <span class='ocr_line' id='line_1_106' title="bbox 1960 4843 3530 4913; baseline 0 -16"><span class='ocrx_word' id='word_1_795' title='bbox 1960 4861 2113 4913; x_wconf 86' lang='lat' dir='ltr'><strong>super</strong></span> <span class='ocrx_word' id='word_1_796' title='bbox 2131 4846 2291 4898; x_wconf 85' lang='lat' dir='ltr'><strong>altare</strong></span> <span class='ocrx_word' id='word_1_797' title='bbox 2319 4854 2461 4898; x_wconf 89' lang='lat' dir='ltr'><strong>tuum</strong></span> <span class='ocrx_word' id='word_1_798' title='bbox 2488 4845 2705 4910; x_wconf 81' lang='lat' dir='ltr'><strong>vitulos;</strong></span> <span class='ocrx_word' id='word_1_799' title='bbox 2729 4845 3034 4901; x_wconf 91' lang='lat' dir='ltr'><strong>sacerdotes</strong></span> <span class='ocrx_word' id='word_1_800' title='bbox 3063 4844 3285 4911; x_wconf 88' lang='lat' dir='ltr'><strong>scilicet,</strong></span> <span class='ocrx_word' id='word_1_801' title='bbox 3315 4843 3530 4912; x_wconf 89' lang='lat' dir='ltr'><strong>quando</strong></span> 
     </span>
    </p>
   </div>
   <div class='ocr_carea' id='block_1_107' title="bbox 1962 4931 3532 5004">
    <p class='ocr_par' dir='ltr' id='par_1_107' title="bbox 1962 4931 3532 5004">
     <span class='ocr_line' id='line_1_107' title="bbox 1962 4931 3532 5004; baseline 0.005 -18"><span class='ocrx_word' id='word_1_802' title='bbox 1962 4931 2201 4989; x_wconf 89' lang='lat' dir='ltr'><strong>Ecclesia</strong></span> <span class='ocrx_word' id='word_1_803' title='bbox 2226 4934 2484 4988; x_wconf 83' lang='lat' dir='ltr'><strong>catholica</strong></span> <span class='ocrx_word' id='word_1_804' title='bbox 2507 4934 2666 4989; x_wconf 89' lang='lat' dir='ltr'><strong>fuerit</strong></span> <span class='ocrx_word' id='word_1_805' title='bbox 2688 4935 2897 4991; x_wconf 91' lang='lat' dir='ltr'><strong>Domini</strong></span> <span class='ocrx_word' id='word_1_806' title='bbox 2925 4935 3172 5004; x_wconf 90' lang='lat' dir='ltr'><strong>passione</strong></span> <span class='ocrx_word' id='word_1_807' title='bbox 3199 4943 3532 4994; x_wconf 89' lang='lat' dir='ltr'><strong>constructa.</strong></span> 
     </span>
    </p>
   </div>
   <div class='ocr_carea' id='block_1_108' title="bbox 1961 5027 3529 5098">
    <p class='ocr_par' dir='ltr' id='par_1_108' title="bbox 1961 5027 3529 5098">
     <span class='ocr_line' id='line_1_108' title="bbox 1961 5027 3529 5098; baseline 0.003 -16"><span class='ocrx_word' id='word_1_808' title='bbox 1961 5027 2095 5082; x_wconf 83' lang='lat' dir='ltr'><strong>Nam</strong></span> <span class='ocrx_word' id='word_1_809' title='bbox 2123 5043 2240 5084; x_wconf 91' lang='lat' dir='ltr'><strong>cum</strong></span> <span class='ocrx_word' id='word_1_810' title='bbox 2270 5029 2511 5098; x_wconf 81' lang='lat' dir='ltr'><strong>superius</strong></span> <span class='ocrx_word' id='word_1_811' title='bbox 2539 5031 2754 5098; x_wconf 85' lang='lat' dir='ltr'><strong>dixerit,</strong></span> <span class='ocrx_word' id='word_1_812' title='bbox 2786 5031 3089 5086; x_wconf 85' lang='lat' dir='ltr'><strong>holocaustis</strong></span> <span class='ocrx_word' id='word_1_813' title='bbox 3115 5039 3284 5086; x_wconf 88' lang='lat' dir='ltr'><strong>autem</strong></span> <span class='ocrx_word' id='word_1_814' title='bbox 3315 5048 3417 5086; x_wconf 86' lang='lat' dir='ltr'><strong>non</strong></span> <span class='ocrx_word' id='word_1_815' title='bbox 3447 5032 3529 5086; x_wconf 65' lang='grc' dir='ltr'><strong>ἄεν</strong></span> 
     </span>
    </p>
   </div>
   <div class='ocr_carea' id='block_1_109' title="bbox 1961 5119 3532 5194">
    <p class='ocr_par' dir='ltr' id='par_1_109' title="bbox 1961 5119 3532 5194">
     <span class='ocr_line' id='line_1_109' title="bbox 1961 5119 3532 5194; baseline 0.006 -22"><span class='ocrx_word' id='word_1_816' title='bbox 1961 5119 2244 5190; x_wconf 85' lang='lat' dir='ltr'><strong>tectaberis,</strong></span> <span class='ocrx_word' id='word_1_817' title='bbox 2285 5124 2630 5193; x_wconf 85' lang='lat' dir='ltr'><strong>quaerendum</strong></span> <span class='ocrx_word' id='word_1_818' title='bbox 2673 5134 2754 5178; x_wconf 90' lang='lat' dir='ltr'><strong>est</strong></span> <span class='ocrx_word' id='word_1_819' title='bbox 2791 5138 2953 5194; x_wconf 89' lang='lat' dir='ltr'><strong>quare</strong></span> <span class='ocrx_word' id='word_1_820' title='bbox 2987 5123 3073 5178; x_wconf 91' lang='lat' dir='ltr'><strong>hic</strong></span> <span class='ocrx_word' id='word_1_821' title='bbox 3114 5125 3305 5180; x_wconf 91' lang='lat' dir='ltr'><strong>iterum</strong></span> <span class='ocrx_word' id='word_1_822' title='bbox 3347 5127 3532 5181; x_wconf 86' lang='lat' dir='ltr'><strong>vitulos</strong></span> 
     </span>
    </p>
   </div>
   <div class='ocr_carea' id='block_1_110' title="bbox 1960 5215 3530 5288">
    <p class='ocr_par' dir='ltr' id='par_1_110' title="bbox 1960 5215 3530 5288">
     <span class='ocr_line' id='line_1_110' title="bbox 1960 5215 3530 5288; baseline 0.001 -18"><span class='ocrx_word' id='word_1_823' title='bbox 1960 5216 2312 5270; x_wconf 89' lang='lat' dir='ltr'><strong>immolandos</strong></span> <span class='ocrx_word' id='word_1_824' title='bbox 2337 5231 2455 5272; x_wconf 90' lang='lat' dir='ltr'><strong>esse</strong></span> <span class='ocrx_word' id='word_1_825' title='bbox 2477 5215 2825 5287; x_wconf 87' lang='lat' dir='ltr'><strong>promiserit?</strong></span> <span class='ocrx_word' id='word_1_826' title='bbox 2855 5216 3060 5271; x_wconf 90' lang='lat' dir='ltr'><strong>Dictum</strong></span> <span class='ocrx_word' id='word_1_827' title='bbox 3082 5226 3164 5271; x_wconf 89' lang='lat' dir='ltr'><strong>est</strong></span> <span class='ocrx_word' id='word_1_828' title='bbox 3186 5232 3277 5286; x_wconf 88' lang='lat' dir='ltr'><strong>per</strong></span> <span class='ocrx_word' id='word_1_829' title='bbox 3308 5217 3530 5288; x_wconf 88' lang='lat' dir='ltr'><strong>ﬁguram</strong></span> 
     </span>
    </p>
   </div>
   <div class='ocr_carea' id='block_1_111' title="bbox 1961 5309 3531 5379">
    <p class='ocr_par' dir='ltr' id='par_1_111' title="bbox 1961 5309 3531 5379">
     <span class='ocr_line' id='line_1_111' title="bbox 1961 5309 3531 5379; baseline 0 -15"><span class='ocrx_word' id='word_1_830' title='bbox 1961 5311 2288 5378; x_wconf 87' lang='lat' dir='ltr'><strong>allegoriam,</strong></span> <span class='ocrx_word' id='word_1_831' title='bbox 2319 5327 2436 5378; x_wconf 82' lang='lat' dir='ltr'><strong>quae</strong></span> <span class='ocrx_word' id='word_1_832' title='bbox 2467 5311 2606 5364; x_wconf 90' lang='lat' dir='ltr'><strong>aliud</strong></span> <span class='ocrx_word' id='word_1_833' title='bbox 2637 5310 2783 5375; x_wconf 89' lang='lat' dir='ltr'><strong>dicit,</strong></span> <span class='ocrx_word' id='word_1_834' title='bbox 2825 5309 2965 5365; x_wconf 91' lang='lat' dir='ltr'><strong>aliud</strong></span> <span class='ocrx_word' id='word_1_835' title='bbox 2999 5310 3277 5379; x_wconf 83' lang='lat' dir='ltr'><strong>signiﬁcat.</strong></span> <span class='ocrx_word' id='word_1_836' title='bbox 3330 5310 3531 5364; x_wconf 63' lang='lat' dir='ltr'><strong>Vitulo&#39;</strong></span> 
     </span>
    </p>
   </div>
   <div class='ocr_carea' id='block_1_112' title="bbox 1960 5402 3527 5471">
    <p class='ocr_par' dir='ltr' id='par_1_112' title="bbox 1960 5402 3527 5471">
     <span class='ocr_line' id='line_1_112' title="bbox 1960 5402 3527 5471; baseline 0.001 -17"><span class='ocrx_word' id='word_1_837' title='bbox 1960 5402 2157 5471; x_wconf 90' lang='lat' dir='ltr'><strong>quippe</strong></span> <span class='ocrx_word' id='word_1_838' title='bbox 2188 5403 2378 5470; x_wconf 92' lang='lat' dir='ltr'><strong>posuit,</strong></span> <span class='ocrx_word' id='word_1_839' title='bbox 2410 5411 2501 5456; x_wconf 89' lang='lat' dir='ltr'><strong>aut</strong></span> <span class='ocrx_word' id='word_1_840' title='bbox 2529 5417 2623 5470; x_wconf 91' lang='lat' dir='ltr'><strong>pro</strong></span> <span class='ocrx_word' id='word_1_841' title='bbox 2655 5403 3018 5458; x_wconf 85' lang='lat' dir='ltr'><strong>innocentibus</strong></span> <span class='ocrx_word' id='word_1_842' title='bbox 3055 5404 3268 5470; x_wconf 90' lang='lat' dir='ltr'><strong>adultis,</strong></span> <span class='ocrx_word' id='word_1_843' title='bbox 3301 5418 3527 5470; x_wconf 90' lang='lat' dir='ltr'><strong>quorum</strong></span> 
     </span>
    </p>
   </div>
   <div class='ocr_carea' id='block_1_113' title="bbox 1963 5496 3530 5565">
    <p class='ocr_par' dir='ltr' id='par_1_113' title="bbox 1963 5496 3530 5565">
     <span class='ocr_line' id='line_1_113' title="bbox 1963 5496 3530 5565; baseline 0.002 -17"><span class='ocrx_word' id='word_1_844' title='bbox 1963 5505 2091 5548; x_wconf 71' lang='lat' dir='ltr'><strong>retas</strong></span> <span class='ocrx_word' id='word_1_845' title='bbox 2113 5497 2277 5563; x_wconf 91' lang='lat' dir='ltr'><strong>prima</strong></span> <span class='ocrx_word' id='word_1_846' title='bbox 2296 5505 2394 5559; x_wconf 90' lang='lat' dir='ltr'><strong>est,</strong></span> <span class='ocrx_word' id='word_1_847' title='bbox 2419 5503 2470 5549; x_wconf 88' lang='lat' dir='ltr'><strong>et</strong></span> <span class='ocrx_word' id='word_1_848' title='bbox 2496 5511 2523 5549; x_wconf 91' lang='lat' dir='ltr'><strong>a</strong></span> <span class='ocrx_word' id='word_1_849' title='bbox 2541 5496 2666 5565; x_wconf 84' lang='lat' dir='ltr'><strong>jugo</strong></span> <span class='ocrx_word' id='word_1_850' title='bbox 2696 5497 2893 5564; x_wconf 90' lang='lat' dir='ltr'><strong>peccati</strong></span> <span class='ocrx_word' id='word_1_851' title='bbox 2925 5497 3099 5551; x_wconf 80' lang='lat' dir='ltr'><strong>cervix</strong></span> <span class='ocrx_word' id='word_1_852' title='bbox 3127 5498 3375 5564; x_wconf 88' lang='lat' dir='ltr'><strong>probatur</strong></span> <span class='ocrx_word' id='word_1_853' title='bbox 3399 5498 3530 5551; x_wconf 85' lang='lat' dir='ltr'><strong>alie-</strong></span> 
     </span>
    </p>
   </div>
   <div class='ocr_carea' id='block_1_114' title="bbox 1963 5587 3528 5657">
    <p class='ocr_par' dir='ltr' id='par_1_114' title="bbox 1963 5587 3528 5657">
     <span class='ocr_line' id='line_1_114' title="bbox 1963 5587 3528 5657; baseline 0.001 -17"><span class='ocrx_word' id='word_1_854' title='bbox 1963 5600 2064 5650; x_wconf 91' lang='lat' dir='ltr'><strong>na;</strong></span> <span class='ocrx_word' id='word_1_855' title='bbox 2102 5596 2153 5640; x_wconf 92' lang='lat' dir='ltr'><strong>et</strong></span> <span class='ocrx_word' id='word_1_856' title='bbox 2182 5587 2300 5639; x_wconf 89' lang='lat' dir='ltr'><strong>ideo</strong></span> <span class='ocrx_word' id='word_1_857' title='bbox 2347 5587 2397 5639; x_wconf 92' lang='lat' dir='ltr'><strong>in</strong></span> <span class='ocrx_word' id='word_1_858' title='bbox 2427 5587 2513 5640; x_wconf 89' lang='lat' dir='ltr'><strong>tali</strong></span> <span class='ocrx_word' id='word_1_859' title='bbox 2544 5587 2709 5640; x_wconf 86' lang='lat' dir='ltr'><strong>verbo</strong></span> <span class='ocrx_word' id='word_1_860' title='bbox 2738 5588 3046 5657; x_wconf 88' lang='lat' dir='ltr'><strong>permansit,</strong></span> <span class='ocrx_word' id='word_1_861' title='bbox 3077 5597 3134 5642; x_wconf 90' lang='lat' dir='ltr'><strong>ut</strong></span> <span class='ocrx_word' id='word_1_862' title='bbox 3173 5598 3346 5642; x_wconf 89' lang='lat' dir='ltr'><strong>actum</strong></span> <span class='ocrx_word' id='word_1_863' title='bbox 3383 5589 3528 5642; x_wconf 92' lang='lat' dir='ltr'><strong>illum</strong></span> 
     </span>
    </p>
   </div>
   <div class='ocr_carea' id='block_1_115' title="bbox 1965 5676 3534 5748">
    <p class='ocr_par' dir='ltr' id='par_1_115' title="bbox 1965 5676 3534 5748">
     <span class='ocr_line' id='line_1_115' title="bbox 1965 5676 3534 5748; baseline 0.001 -18"><span class='ocrx_word' id='word_1_864' title='bbox 1965 5677 2243 5746; x_wconf 61' lang='lat' dir='ltr'><strong>praeteritae</strong></span> <span class='ocrx_word' id='word_1_865' title='bbox 2273 5676 2403 5746; x_wconf 88' lang='lat' dir='ltr'><strong>legis</strong></span> <span class='ocrx_word' id='word_1_866' title='bbox 2444 5676 2700 5731; x_wconf 87' lang='lat' dir='ltr'><strong>indicaret</strong></span> <span class='ocrx_word' id='word_1_867' title='bbox 2727 5678 2888 5733; x_wconf 87' lang='lat' dir='ltr'><strong>fuisse</strong></span> <span class='ocrx_word' id='word_1_868' title='bbox 2918 5693 3092 5734; x_wconf 89' lang='lat' dir='ltr'><strong>rerum</strong></span> <span class='ocrx_word' id='word_1_869' title='bbox 3137 5679 3421 5748; x_wconf 87' lang='lat' dir='ltr'><strong>imaginem</strong></span> <span class='ocrx_word' id='word_1_870' title='bbox 3457 5679 3534 5733; x_wconf 92' lang='lat' dir='ltr'><strong>fu-</strong></span> 
     </span>
    </p>
   </div>
   <div class='ocr_carea' id='block_1_116' title="bbox 1965 5767 3528 5838">
    <p class='ocr_par' dir='ltr' id='par_1_116' title="bbox 1965 5767 3528 5838">
     <span class='ocr_line' id='line_1_116' title="bbox 1965 5767 3528 5838; baseline -0.003 -14"><span class='ocrx_word' id='word_1_871' title='bbox 1965 5777 2221 5824; x_wconf 89' lang='lat' dir='ltr'><strong>turarum.</strong></span> <span class='ocrx_word' id='word_1_872' title='bbox 2248 5767 2368 5822; x_wconf 91' lang='lat' dir='ltr'><strong>Sive</strong></span> <span class='ocrx_word' id='word_1_873' title='bbox 2390 5767 2508 5823; x_wconf 90' lang='lat' dir='ltr'><strong>illos</strong></span> <span class='ocrx_word' id='word_1_874' title='bbox 2541 5768 2912 5838; x_wconf 61' lang='lat' dir='ltr'><strong>praedicatores</strong></span> <span class='ocrx_word' id='word_1_875' title='bbox 2942 5768 3217 5837; x_wconf 86' lang='lat' dir='ltr'><strong>Evangelii</strong></span> <span class='ocrx_word' id='word_1_876' title='bbox 3245 5767 3528 5835; x_wconf 87' lang='lat' dir='ltr'><strong>promittit,</strong></span> 
     </span>
    </p>
   </div>
   <div class='ocr_carea' id='block_1_117' title="bbox 1963 5853 3537 5931">
    <p class='ocr_par' dir='ltr' id='par_1_117' title="bbox 1963 5853 3537 5931">
     <span class='ocr_line' id='line_1_117' title="bbox 1963 5853 3537 5931; baseline -0.001 -18"><span class='ocrx_word' id='word_1_877' title='bbox 1963 5873 2189 5930; x_wconf 91' lang='lat' dir='ltr'><strong>quorum</strong></span> <span class='ocrx_word' id='word_1_878' title='bbox 2227 5860 2379 5931; x_wconf 79' lang='lat'><strong>175</strong></span> <span class='ocrx_word' id='word_1_879' title='bbox 2411 5860 2696 5931; x_wconf 89' lang='lat' dir='ltr'><strong>imaginem</strong></span> <span class='ocrx_word' id='word_1_880' title='bbox 2718 5858 2769 5914; x_wconf 93' lang='lat' dir='ltr'><strong>in</strong></span> <span class='ocrx_word' id='word_1_881' title='bbox 2800 5859 2950 5915; x_wconf 86' lang='lat' dir='ltr'><strong>vituli</strong></span> <span class='ocrx_word' id='word_1_882' title='bbox 2981 5859 3147 5930; x_wconf 89' lang='lat' dir='ltr'><strong>ﬁgura</strong></span> <span class='ocrx_word' id='word_1_883' title='bbox 3170 5858 3337 5913; x_wconf 83' lang='lat' dir='ltr'><strong>Lucas</strong></span> <span class='ocrx_word' id='word_1_884' title='bbox 3363 5853 3537 5912; x_wconf 87' lang='lat' dir='ltr'><strong>Evan-</strong></span> 
     </span>
    </p>
   </div>
  </div>
