4036 6342
448 363 545 421 5n
688 324 692 329 ’
1638 358 1710 413 M.
1761 357 2045 416 AURELII
2080 354 2479 412 CASSIODORI
3605 352 3719 407 572

445 479 639 552 gelista
661 476 918 548 suscepit,
946 478 1039 548 qui
1064 488 1171 533 non
1195 473 1483 545 mugitibus
1503 487 1629 530 aera
1650 475 2022 540 verberarem,
2051 479 2105 535 Α
2130 469 2253 525 dum
2277 473 2550 543 conﬁgitur
2578 470 2723 544 spina
2752 469 2923 542 (Psal.
2950 486 3079 525 xxxi
3097 514 3113 539 ,
3149 469 3224 541 4).
3255 468 3369 525 Non
3399 469 3532 526 illud
3570 470 3722 541 quod

444 572 544 631 sed
588 571 778 629 orbem
826 578 1088 626 terrarum
1137 566 1424 624 dominica:
1464 565 1591 622 fidei
1645 567 2025 637 prmdicatione
2133 564 2186 618 in
2233 564 2509 635 trigesimo
2538 565 2766 635 septimo
2807 563 3010 634 psalmo
3048 562 3160 617 ait:
3197 561 3633 631 Computruerunt
3671 571 3725 620 et

443 664 796 736 complerent.
823 662 949 719 Sive
988 662 1109 718 illos
1137 660 1308 732 magis
1331 659 1516 715 vitulos
1543 658 1800 716 debemus
1834 661 2028 717 adver-
2134 656 2564 710 deterioraverunt
2608 657 2863 710 cicatrices
2903 670 3025 709 mea:
3049 672 3080 709 α
3122 655 3251 723 facie
3274 656 3577 726 insipientia
3594 671 3725 710 mea:

448 768 585 826 tere,
626 757 717 828 qui
737 758 943 813 animus
968 768 1093 812 suae
1119 754 1174 810 in
1203 754 1435 811 hostiam
1458 754 1734 809 suavitatis
1764 755 1930 809 sacris
1951 755 2029 809 at-
2138 745 2318 818 (Psal.
2346 763 2550 813 xxxvii,
2573 747 2651 817 6).
2676 747 2784 802 Nec
2812 746 2938 802 illud
2970 747 3111 815 quod
3136 747 3187 802 in
3218 747 3512 803 centesimo
3543 747 3729 817 primo

448 852 652 911 nribus
688 850 1016 906 obtulerunt.
1061 847 1193 904 Nam
1233 855 1288 904 et
1325 848 1485 903 Pater
1523 847 1876 918 Augustinus,
1906 861 2028 903 eum
2134 838 2341 907 psalmo
2364 837 2518 894 dicit:
2555 838 2687 905 Quia
2720 839 2936 893 cinerem
2956 847 3201 909 tanquam
3225 854 3408 907 panem
3430 839 3726 892 ntanduca-

352 992 361 999 .
448 946 519 1004 de
539 942 718 1017 figuris
742 944 846 1000 illis
868 942 1190 1013 evangelicis
1216 949 1466 1013 ageretur
1495 939 1688 1012 (Serm.
1724 939 1791 993 70
1820 947 1867 993 et
1903 938 2028 1009 190,
2135 932 2273 999 bam,
2300 942 2346 987 et
2366 945 2543 1005 potum
2564 950 2732 987 meum
2769 950 2883 987 cum
2924 936 3050 1005 fletu
3089 933 3427 1003 tentperabam
3451 930 3622 1002 (Psal.
3646 946 3729 999 CI,

448 1039 512 1093 de
539 1036 771 1109 Temp.»
793 1037 1022 1109 quodam
1043 1037 1164 1094 loco
1190 1036 1365 1106 ipsum
1388 1034 1670 1089 Dominum
1696 1033 1924 1089 vitulum
1944 1033 2031 1089 di-
2145 1022 2258 1094 10).
2284 1024 2398 1078 Non
2423 1025 2549 1079 illud
2575 1026 2712 1096 quod
2737 1025 2788 1080 in
2807 1024 3100 1081 centesimo
3121 1024 3380 1095 vigesimo
3403 1038 3544 1077 nono
3561 1020 3728 1079 diCit:

449 1130 544 1197 cit,
587 1128 680 1200 qui
732 1143 793 1186 se
838 1129 1069 1186 hostiam
1106 1126 1301 1183 obtulit
1345 1140 1442 1199 pro
1474 1126 1646 1181 salute
1691 1131 2029 1180 cunctorum.

2137 1109 2218 1167 De
2247 1114 2517 1184 profundis
2544 1114 2764 1168 clamavi
2787 1114 2856 1167 ad
2878 1126 2954 1182 te,
2985 1112 3204 1167 Domine
3229 1110 3397 1182 (Psal.
3426 1128 3611 1183 cxxrx,
3645 1114 3731 1183 1).

448 1222 789 1294 Quapropter
813 1220 933 1278 sive
962 1220 1033 1278 de
1054 1218 1506 1285 adolescentibus,
1536 1216 1651 1273 sive
1678 1215 1746 1271 de
1776 1208 2035 1286 przcdica-

2138 1202 2248 1259 Nec
2270 1205 2396 1259 illud
2426 1204 2566 1275 quod
2601 1205 2653 1260 in
2684 1206 2978 1261 centesimo
3007 1203 3422 1273 quadragesimo
3451 1204 3732 1260 secundo:

449 1292 679 1385 “nisus”
726 1316 841 1374 sive
866 1315 936 1372 de
984 1313 1315 1386 manyﬂbu,
1341 1310 1640 1369 sentiatur;
1675 1310 1809 1365 tales
1855 1316 2035 1365 tamen
2142 1295 2274 1361 Quia
2300 1306 2590 1381 persecutus
2610 1306 2685 1351 est
2711 1297 2942 1349 inimicus
2969 1295 3195 1348 animum
3220 1310 3405 1364 meam,
3434 1292 3736 1349 huntiliarit

451 1411 714 1483 propheta
737 1409 924 1465 υίιηιο,
950 1385 1209 1463 auarum,
1252 1403 1461 1471 Domini
1497 1404 1674 1474 ροωίι
1700 1401 2031 1473 prominere,
2138 1387 2194 1443 in
2221 1396 2355 1442 terra
2382 1389 2760 1488 citamhmeam.
2790 1385 3069 1488 collocant
3112 1402 3190 1488 me
3238 1388 3293 1440 in
3337 1387 3552 1488 obscuro
3596 1389 3744 1442 sicut

453 1478 592 1575 quos
614 1502 931 1561 Christiana:
950 1498 1199 1570 religioni
1226 1504 1449 1554 noverat
1474 1496 1784 1555 convenire.
2140 1487 2367 1575 ("3'3"
2396 1478 2601 1575 δαῖευίίτ
2645 1489 2706 1575 εξ
2737 1482 2979 1575 (“iam
3008 1486 3097 1575 f3“
3142 1478 3195 1532 ίη
3240 1493 3320 1531 ’πε
3347 1478 3555 1548 ερῖτίιιιδ
3586 1494 3737 1533 ηιευ*

2144 1568 2324 1641 (Psat.
2349 1586 2487 1628 cxnn
2512 1617 2525 1641 ,
2554 1571 2631 1644 5).
2675 1571 2779 1629 Sed
2811 1586 2839 1626 a
2871 1571 3132 1643 prapheta
3174 1580 3481 1642 correptus,
3511 1582 3563 1627 et
3607 1587 3741 1644 pec-

1002 1639 1272 1698 (ἓοηοιιιδίο
1293 1637 1500 1710 Ρδαληῑίέ
1912 1644 1915 1647 Ι
2141 1637 2248 1729 cati
2273 1675 2353 1729 sui
2384 1637 2596 1747 agnitioi

2147 1674 2248 1729 cati
2273 1675 2353 1729 sui
2384 1674 2653 1747 agnitione
2693 1675 3042 1746 perterritus,
3085 1675 3215 1744 petit
3242 1688 3338 1730 rex
3361 1688 3391 1728 a
3422 1673 3741 1733 clementis-

527 1765 883 1823 Dulcissimus
930 1764 1092 1821 nimis
1138 1761 1406 1817 emanavit
1451 1760 1725 1832 psalmus,
1755 1761 1823 1818 de
1850 1776 2037 1820 amaro
2143 1768 2280 1824 simo
2318 1767 2499 1839 judice
2546 1775 2603 1823 ut
2639 1783 2734 1839 per
2787 1765 3207 1823 misericordiam
3263 1765 3431 1835 ipsius
3479 1765 3740 1834 ablutus,

458 1859 885 1930 conpunctionis
923 1859 1070 1914 fonte
1092 1853 1450 1913 descendens.
1481 1852 1589 1909 Sed
1618 1852 1743 1923 quid
1774 1854 2039 1926 lacryma-
2068 1860 2119 1923 Β
2146 1858 2393 1915 sordibus
2424 1860 2661 1914 omnium
2688 1868 3028 1929 peccatorum
3058 1857 3312 1913 reddatur
3337 1858 3556 1913 omnino
3575 1874 3743 1914 mun-

456 1965 575 2007 rttm
601 1949 951 2007 lsraeliticum
975 1949 1231 2021 populum
1259 1954 1386 2002 tunc
1402 1945 1701 2016 profudisse
1722 1960 2035 2017 credamus,
2145 1951 2421 2008 dissimus.
2473 1949 2563 2007 Sic
2608 1953 2860 2021 magister
2904 1950 3141 2020 optimus
3195 1957 3252 2005 et
3294 1947 3563 2004 districtas
3606 1948 3743 2004 alibi

456 2044 545 2100 ubi
575 2051 722 2100 tanta
762 2043 1009 2114 princeps
1036 2040 1326 2098 afﬂictione
1361 2041 1683 2113 plangebat?
1717 2041 1848 2110 Quis
1895 2044 2042 2099 enim
2148 2042 2535 2099 satisfactiones
2558 2042 2863 2098 fortioribus
2888 2040 3089 2097 viribus
3111 2040 3281 2107 dedit,
3303 2049 3358 2095 et
3380 2040 3609 2096 infirmis
3632 2040 3743 2096 ista

456 2136 550 2193 illo
597 2135 761 2193 flente
813 2149 921 2191 non
970 2133 1159 2190 fleret?
1204 2133 1333 2202 Quis
1374 2134 1591 2190 dolente
1631 2148 1739 2189 non
1774 2145 2041 2204 gemeret,
2148 2142 2439 2203 temperata
2479 2133 2791 2189 concessit:
2823 2149 2943 2203 quae
2989 2132 3183 2188 merito
3232 2132 3320 2201 pia
3359 2141 3533 2187 mater
3574 2131 3746 2203 elegit

458 2230 672 2303 quando
694 2245 789 2300 pro
809 2237 1080 2301 gemmato
1099 2229 1403 2285 diademate
1422 2244 1517 2285 rex
1537 2230 1773 2285 cinerem
1797 2230 2045 2301 gestabat
2149 2222 2386 2279 Ecclesia
2407 2264 2421 2290 ,
2455 2231 2511 2278 ut
2546 2221 2682 2277 filios
2712 2235 2839 2277 suos
2864 2221 2930 2277 ad
2960 2223 3184 2292 gratiam
3216 2220 3580 2278 blandissima:
3608 2235 3746 2277 con-

458 2324 513 2380 in
537 2324 732 2395 capite,
754 2336 923 2380 canus
953 2324 1193 2393 pulvere,
1225 2336 1332 2377 non
1378 2320 1574 2377 aetate?
1603 2320 1784 2376 Noluit
1812 2322 1955 2377 enim
1982 2334 2044 2378 se
2150 2313 2398 2370 fessionis
2425 2312 2599 2368 modis
2638 2313 2885 2369 omnibus
2916 2313 3188 2367 invitaret.
3239 2310 3374 2366 Nam
3417 2319 3595 2383 potest
3650 2311 3742 2368 hic

457 2414 625 2473 videri
653 2414 953 2473 forinsecus
980 2422 1251 2485 ornatum,
1282 2414 1375 2485 qui
1401 2427 1461 2471 se
1489 2414 1636 2470 intus
1665 2423 1892 2470 noverat
1921 2428 2046 2473 esse
2150 2416 2205 2463 ct
2232 2406 2360 2462 illud
2405 2406 2649 2463 fortassis
2685 2407 2937 2478 intelligi;
2968 2407 3088 2462 ideo
3127 2422 3249 2463 eum
3304 2407 3355 2461 in
3403 2405 3505 2462 hoc
3535 2407 3743 2476 psalmo

458 2509 849 2567 foedissimum:
882 2509 1157 2581 pulchrior
1184 2507 1436 2564 sordibus
1477 2507 1620 2575 suis,
1662 2507 1754 2578 qui
1795 2520 2044 2578 pompam
2151 2499 2391 2555 dixisse:
2426 2499 2869 2569 Doceaminiquos
2897 2500 3002 2552 vias
3026 2508 3161 2564 tuas,
3202 2507 3248 2553 et
3287 2498 3431 2570 impii
3453 2500 3587 2554 adte
3618 2515 3745 2553 con-

459 2600 642 2659 θεωιί
670 2604 876 2672 respuit
923 2600 979 2656 in
1026 2598 1259 2656 delictis.
1288 2597 1454 2654 Dolor
1502 2597 1662 2653 unius
1709 2597 1893 2653 cordis
1946 2597 2049 2654 fuit
2150 2602 2405 2650 vertentur
2441 2608 2461 2648 :
2503 2593 2753 2664 quoniam
2805 2591 3131 2663 praevidebat
3182 2599 3468 2663 sequentes
3515 2590 3745 2662 p0pulos

462 2689 712 2747 nimirum
741 2691 1012 2749 correctio
1032 2690 1271 2746 civitatis
1290 2730 1305 2754 ,
1333 2687 1551 2759 quando
1583 2688 1808 2745 insaniae
1837 2688 2045 2745 crimen
2150 2703 2248 2761 per
2276 2690 2433 2745 istum
2465 2690 2727 2761 psalmum
2756 2687 3138 2759 c0piosissimze
3161 2685 3485 2756 paenitentia:
3521 2701 3746 2740 munera

461 2777 711 2850 incurrit,
738 2782 829 2853 qui
868 2791 994 2838 tunc
1018 2781 1176 2838 laetus
1204 2793 1326 2836 esse
1354 2780 1714 2850 praesumpsit.
1743 2779 1893 2835 Felix
1921 2795 2050 2850 pro-

2153 2790 2434 2860 petituros.
2468 2786 2598 2843 Illud
2652 2786 2806 2857 plane
2856 2785 3162 2852 videamus,
3192 2783 3319 2856 quid
3349 2795 3435 2840 est
3460 2784 3565 2839 hoc
3599 2783 3747 2855 quod

460 2868 603 2929 fectu
631 2880 715 2929 ter
753 2882 1043 2944 quaterque
1088 2872 1278 2929 civitas
1322 2870 1411 2926 ubi
1455 2877 1515 2927 et
1560 2869 1742 2925 saeculi
1789 2869 2050 2927 Dominus

2154 2896 2251 2937 nos
2275 2880 2538 2952 frequenti
2583 2877 2931 2935 meditatione
2960 2877 3106 2933 hunc
3154 2877 3420 2946 psalmum
3470 2875 3598 2931 licet
3646 2878 3748 2930 itc-

460 2957 574 3016 Deo
621 2963 885 3031 pmnitere
927 2963 1155 3031 meruit,
1191 2969 1248 3019 et
1266 2960 1491 3032 gloriam
1531 2959 1896 3016 οωοίίίιὶοιιῖς
1934 2961 2049 3017 Καὶ
2152 2988 2308 3041 rare,
2339 2987 2437 3028 nec
2468 2971 2621 3027 nobis
2662 2969 2889 3039 impedit
2940 2969 3007 3024 ad
3056 2968 3289 3024 honores
3335 2969 3743 3025 ecclesiasticos

459 3054 695 3112 caelestis
733 3054 961 3124 accepit.
990 3052 1127 3109 Hinc
1172 3058 1258 3107 est
1305 3050 1449 3121 quod
1499 3047 1629 3105 dum
1676 3050 1732 3105 in
1778 3049 1883 3106 hoc
1913 3049 2049 3107 libro

2153 3064 2507 3135 espelcndos;
2541 3064 2587 3118 si
2619 3077 2744 3120 vero
2774 3078 2803 3117 a
2834 3061 3112 3118 sacerdote
3156 3077 3317 3133 supra
3348 3076 3445 3119 uos
3474 3062 3746 3133 poeniten-

461 3154 675 3211 septem
720 3144 912 3214 psalmi
950 3145 1326 3215 poenitentium
1353 3156 1477 3201 esse
1514 3143 1831 3213 doceantur,
1863 3143 2051 3201 Eccle-

2154 3159 2245 3214 tiae
2274 3167 2398 3213 voto
2450 3156 2699 3212 dicatur:
2733 3156 2985 3228 quoniam
3038 3172 3105 3212 ex
3134 3171 3361 3228 persona
3390 3156 3567 3223 datur,
3598 3158 3747 3222 jusm

467 3243 677 3301 ciarum
722 3256 827 3300 usu
869 3250 1143 3311 receptum
1189 3248 1294 3306 est;
1344 3249 1402 3295 ut
1447 3239 1660 3310 quoties
1706 3248 2050 3310 peccatorum
2080 3239 2126 3303 C
2157 3265 2187 3305 a
2217 3248 2509 3305 canonibus
2538 3257 2785 3304 vetamur
2813 3250 2949 3303 ultra
2990 3246 3267 3304 accedere.
3297 3248 3565 3320 Quidquid
3604 3250 3752 3306 enim

468 3338 619 3394 venis
653 3336 873 3409 petitur,
910 3352 1007 3407 per
1033 3337 1196 3392 istum
1227 3336 1410 3408 magis
1426 3336 1652 3393 Domino
1679 3338 2043 3409 supplicetur;
2157 3344 2210 3398 in
2255 3342 2452 3397 Christi
2504 3343 2721 3398 nomine
2769 3343 3135 3412 percipimus,
3170 3341 3483 3399 inviolabile
3511 3343 3670 3398 nobis
3698 3354 3753 3399 ct

469 3444 578 3488 non
606 3429 895 3486 immerito.
920 3430 1157 3486 Primum
1185 3432 1439 3502 quoniam
1463 3432 1516 3487 in
1545 3432 1695 3488 nullo
1718 3433 2045 3504 psalmorum
2156 3435 2486 3491 definitivum
2516 3436 2669 3490 decet
2720 3450 2841 3490 esse
2871 3433 3152 3501 judicium.
3182 3435 3256 3490 lta
3289 3436 3347 3491 lit
3391 3443 3451 3490 ut
3481 3437 3755 3505 poeniten-

467 3534 588 3592 quat
612 3521 993 3592 pmnitentibus
1025 3521 1259 3580 maxime
1288 3524 1591 3581 necessaria
1620 3533 1720 3585 est.
1750 3533 1895 3580 tanta
1932 3526 2044 3580 vir-
2157 3527 2281 3582 tiam
2310 3539 2741 3596 unumquemque
2768 3532 2823 3579 et
2849 3524 2986 3595 apud
3019 3541 3078 3581 se
3101 3524 3303 3597 jugiter
3348 3526 3508 3582 liceat
3549 3541 3745 3597 agrre,

469 3619 603 3675 tutis
643 3617 912 3676 humilitas
953 3618 1253 3692 invenitur,
1292 3629 1352 3677 ut
1390 3635 1487 3677 rex
1528 3629 1716 3692 potens
1744 3629 1799 3678 et
1829 3621 1884 3677 in
1923 3637 2048 3693 pro-
2155 3624 2213 3673 et
2235 3615 2448 3687 quando
2480 3632 2574 3686 per
2596 3616 2937 3673 sacerdotem
2960 3616 3083 3672 data
3108 3617 3300 3685 fuerit,
3329 3633 3436 3674 non
3488 3634 3588 3674 nos
3630 3634 3752 3690 per-

469 3708 672 3782 pbetali
696 3710 928 3768 culmine
955 3712 1310 3781 constitutus,
1342 3721 1593 3783 tanquam
1637 3721 1912 3768 extremus
1952 3712 2049 3769 bo-
2156 3710 2333 3766 mittat
2363 3709 2586 3765 ulterius
2639 3710 2706 3766 ad
2756 3710 3156 3767 ecclesiasticos
3204 3711 3440 3767 honores
3467 3712 3746 3768 accedere.

470 3803 675 3859 minum
699 3799 796 3859 sua'
825 3802 1159 3861 festinaverit
1187 3813 1405 3877 peccata
1443 3804 1662 3862 deflere.
1695 3805 1898 3864 Deinde
1926 3808 2049 3877 quia
2154 3806 2325 3877 Hujus
2354 3815 2529 3861 autem
2562 3821 2661 3861 nec
2688 3822 2943 3864 numerus
2993 3814 3180 3873 vacat;
3235 3807 3468 3875 pertinet
3506 3807 3652 3862 enim
3683 3805 3749 3861 ad

472 3905 595 3967 post
622 3894 977 3955 absolutionis
1022 3900 1428 3970 promissionem
1469 3906 1616 3955 tanta
1645 3913 1704 3955 se
1734 3900 2051 3956 constrinxit
2155 3913 2353 3955 annum
2385 3897 2695 3968 jubilazum,
2730 3898 2821 3967 qui
2850 3898 2991 3968 apud
3024 3898 3280 3955 Hebraeos
3322 3906 3636 3954 contractus
3662 3914 3752 3952 ve-

472 3986 795 4044 necessitate
853 3988 1207 4065 lacrymarum
1229 4032 1245 4058 ,
1293 3992 1446 4063 quasi
1495 3992 1545 4048 ei
1593 3991 1813 4047 minime
1860 3991 2051 4049 fuisset
2159 3997 2304 4045 teres
2335 3988 2795 4061 obligationesque
2816 3989 3081 4057 solvebat,
3108 4005 3265 4057 quem
3301 3987 3354 4044 in
3378 3988 3623 4046 Levitico
3650 3990 3752 4046 Do-

470 4081 734 4152 ignotum.
767 4081 1011 4139 Electum
1038 4092 1119 4140 eSt
1151 4084 1307 4154 plane
1346 4091 1700 4155 temperatum
1743 4092 1797 4140 et
1826 4084 2051 4154 expedi-
2157 4080 2333 4136 minus
2354 4095 2553 4135 annum
2576 4080 2911 4136 remissionis
2932 4081 3215 4136 universos
3238 4079 3573 4137 habitatores
3598 4090 3750 4138 terrae

476 4184 589 4228 tum
619 4175 1023 4246 supplicationis
1051 4190 1239 4246 genus,
1267 4175 1405 4247 quod
1430 4177 1605 4232 omnis
1643 4185 1773 4233 tetas
1803 4192 1929 4232 vere
1965 4192 2052 4233 sa-
2157 4186 2353 4230 vocare
2404 4173 2674 4244 praecepit.
2726 4171 2968 4228 Pertinet
3011 4186 3223 4244 quoque
3254 4170 3321 4226 ad
3356 4171 3713 4229 Pentecosten
3735 4212 3751 4239 ,

474 4265 629 4334 piens
672 4263 868 4321 debeat
915 4273 1202 4336 appetere,
1251 4274 1305 4322 et
1355 4266 1421 4322 ad
1463 4266 1695 4322 subitum
1739 4266 2054 4324 festinanter
2157 4264 2371 4335 quando
2401 4271 2521 4335 post
2550 4262 2922 4320 ascensionem
2977 4262 3188 4320 Domini
3216 4263 3472 4335 apostolis
3514 4264 3748 4334 Spiritus

475 4354 646 4426 possit
673 4340 916 4425 implere.
941 4355 1055 4412 Non
1085 4356 1229 4412 enim
1258 4355 1345 4412 hic
1370 4365 1432 4411 ut
1473 4355 1528 4411 in
1554 4356 1761 4411 caeteris
1793 4357 2055 4426 pmniten-
2159 4367 2377 4414 sanctus
2406 4357 2644 4425 advenit,
2681 4358 2937 4414 miracula
2978 4357 3215 4426 faciens,
3265 4366 3319 4413 et
3365 4356 3751 4413 charismatum

475 4446 621 4502 tibus
646 4444 844 4517 aliquid
875 4445 1093 4505 difﬁcile
1123 4445 1336 4511 dicitur,
1364 4445 1522 4515 quale
1554 4453 1637 4502 est
1664 4444 1793 4500 illud
1822 4446 1877 4501 in
1903 4458 2055 4504 sexto
2159 4450 2299 4525 dona
2317 4448 2646 4506 concedens.
2671 4448 2761 4505 Sic
2790 4458 2845 4506 et
2874 4448 3112 4520 psalmus
3140 4448 3225 4505 hic
3255 4449 3460 4505 calculo
3485 4450 3752 4520 quinqua-

474 4534 726 4607 psalmo:
761 4534 963 4591 Lavabo
1007 4550 1096 4609 per
1136 4536 1362 4609 singulas
1412 4544 1581 4591 nocte:
1625 4537 1809 4590 tectum
1852 4553 2053 4605 meum;
2160 4543 2368 4614 gesimo
2390 4542 2732 4611 constitutus,
2757 4542 2801 4598 si
2823 4542 2984 4598 corde
3007 4556 3141 4613 puro
3168 4540 3395 4606 dicatur,
3421 4540 3619 4596 delicta
3647 4541 3754 4596 dis-

477 4626 718 4698 Ῑαετψηῖε
742 4628 865 4682 me“
893 4638 1105 4683 malum
1134 4640 1302 4681 meum
1336 4625 1513 4697 τίθαδο
1539 4623 1707 4696 (Ρεαιι
1739 4641 1812 4693 νιν
1836 4627 1911 4695 7).
1946 4628 2054 4687 Nec
2083 4633 2136 4694 D
2163 4636 2359 4704 solvit,
2412 4637 2827 4707 chirographum
2874 4646 3071 4693 nostrae
3126 4635 3464 4706 obligationis
3506 4646 3751 4703 evacuat,

477 4718 609 4774 illud
637 4717 780 4791 quod
806 4719 859 4774 in
886 4719 1155 4790 trigesimo
1192 4719 1365 4788 primo
1391 4716 1596 4788 psalmo
1635 4716 1799 4773 dicit:
1831 4717 2055 4776 Gravata
2165 4734 2221 4784 et
2268 4742 2367 4783 nos
2417 4743 2449 4784 a
2504 4728 2697 4785 debitis
2750 4728 3065 4786 delictorum
3115 4736 3368 4800 tanquam
3419 4727 3754 4785 remissionis

479 4821 555 4865 est
572 4826 725 4883 super
742 4827 823 4867 me
841 4828 1019 4867 manus
1037 4820 1124 4866 tua
1140 4828 1158 4865 :
1179 4825 1451 4867 conversus
1470 4825 1580 4864 sum
1601 4810 1655 4864 in
1676 4825 1905 4867 (erumna
1924 4830 2057 4885 mea,
2168 4835 2360 4885 annus,
2394 4828 2684 4891 prmstanle
2712 4820 2937 4877 Domino
2954 4860 2971 4888 ,
3001 4819 3179 4877 reddit
3205 4820 3491 4878 immunes.

1641 4997 1935 5083 PARS
1986 5000 2379 5088 SECUN
2384 5005 2575 5087 DA.

489 4926 3750 4958 ww

843 5215 1312 5290 176T1TULUS
1342 5214 1704 5274 PSALMlLl.
2171 5225 2555 5296 propositionis
2612 5226 3047 5297 signiﬁcaverunt
3102 5231 3436 5289 sacerdotem
3469 5277 3485 5302 ,
3545 5233 3751 5305 gladius

480 5334 546 5391 ιη
572 5336 746 5405 ﬁnem,
768 5334 1052 5391 ίηεεηεαω
1077 5334 1266 5404 Dum-4,
1289 5339 1554 5393 6mm,“
1577 5337 1748 5393 Doech
1772 5336 2061 5405 Idumam,
2171 5324 2413 5372 sacratus
2446 5316 2682 5375 futurum
2708 5320 3141 5390 potentissimum
3179 5338 3382 5395 regem.
3414 5324 3489 5381 lbi
3516 5340 3645 5381 casu
3676 5326 3753 5380 in-

554 5417 601 5484 et
631 5408 953 5484 annuntiavit
973 5405 1161 5484 _Santi,_
1189 5417 1236 5462 et
1258 5409 1386 5464 dixit
1414 5408 1532 5465 illi:
1568 5408 1703 5465 Ecce
1743 5410 1873 5465 venit
1892 5410 2065 5467 David
2168 5416 2361 5465 ventus
2392 5410 2573 5467 Doech
2610 5410 2876 5468 ldumaaus
2928 5415 3245 5484 praepositus
3291 5416 3588 5483 mulorum,
3623 5434 3752 5473 nun—

552 5480 609 5534 in
652 5479 861 5532 domum
888 5477 1193 5533 Abimclech.

2170 5500 2322 5557 tiavit
2346 5504 2523 5559 omnia
2547 5504 2659 5575 regi
2686 5504 2832 5562 Sauli
2860 5505 2914 5573 (1
2932 5477 3071 5577 Ἑεά.
3105 5523 3243 5574 xxii,
3275 5508 3383 5580 10).
3414 5477 3750 5565 Tunc'iratus

555 5590 626 5647 Ut
662 5588 871 5646 titulum
906 5590 1060 5647 nobis
1090 5591 1294 5660 aperiat
1330 5606 1490 5648 causa
1516 5592 1749 5649 breviter
1767 5592 2065 5651 intimanda
2167 5594 2317 5663 Saul,
2344 5595 2654 5653 Abimelecb
2684 5611 2804 5653 cum
2853 5600 2975 5654 aliis
3005 5601 3375 5657 sacerdotibus
3410 5602 3653 5671 ejusdem
3681 5602 3751 5657 ci-

484 5692 583 5740 est.
613 5684 746 5740 Cum
770 5684 933 5739 David
956 5684 1161 5754 fugeret
1185 5683 1425 5751 Saulem,
1459 5686 1605 5740 venit
1633 5684 1700 5738 ad
1725 5685 2062 5742 sacerdotem
2171 5688 2352 5743 vitatis
2399 5688 2467 5743 ab
2512 5690 2628 5759 ipso
2675 5688 2801 5745 fecit
2829 5691 3077 5746 interfici.
3111 5693 3216 5747 istc
3243 5702 3420 5748 autem
3452 5694 3633 5748 Doech
3664 5708 3753 5764 per

485 5776 830 5844 Abimelech,
862 5777 951 5849 qui
992 5784 1272 5846 susceptus
1300 5776 1366 5831 ab
1391 5791 1455 5830 eo
1476 5816 1492 5840 ,
1531 5784 1587 5831 et
1623 5791 1793 5848 panes
1822 5779 2064 5848 proposi-
2170 5794 2329 5851 quem
2364 5779 2492 5834 talia
2524 5790 2906 5852 provenerunt,
2940 5784 3218 5853 patriotico
3245 5786 3462 5840 nomine
3484 5784 3752 5856 cognomi-

480 5872 646 5951 ‘tionis
669 5870 871 5942 accepit
890 5880 945 5926 et
961 5869 1195 5944 gladium
1219 5883 1325 5940 quo
1346 5866 1615 5925 occiderat
1638 5868 1869 5927 Goliam.
1890 5868 2067 5931 Panes
2173 5880 2331 5930 natus
2365 5879 2446 5929 est
2490 5870 2775 5932 ldumaeus.
2800 5874 2931 5944 Qum
2959 5886 3181 5948 utraque
3226 5876 3386 5935 verba
3437 5876 3751 5949 conjuncta,
