4020 6348
228 394 335 449 573

1198 381 1558 442 EXPOSITIO
1592 380 1658 437 IN
1701 374 2162 436 PSALTEBIUM.
2201 370 2396 429 PSAL.
2436 368 2521 425 LI.

3396 369 3496 428 574

229 515 369 570 sicut
396 511 615 567 Patrum
647 505 810 563 tradit
833 503 1153 569 auctoritas,
1184 500 1419 557 indicant
1444 506 1621 553 motus
1650 506 1816 551 terrc-
1845 494 1899 557 Α
1923 488 2102 543 vacula
2132 494 2281 539 acuta
2312 483 2474 554 fecisti
2515 480 2716 536 dolum.
2759 480 3121 538 Pessimorum
3166 483 3499 538 consuetudo

228 618 345 660 nos.
379 602 513 669 Qum
556 596 875 668 signiﬁcatio
928 594 1213 650 verborum
1248 587 1566 645 Antichristi
1614 586 1822 640 actibus

230 710 337 751 non
361 689 631 749 immerito
659 688 963 758 deputatur.
988 684 1167 739 Doech
1194 682 1337 736 enim
1371 679 1637 737 idumaeas
1656 672 1820 729 David

242 784 575 846 adversarius
601 780 729 847 init,
761 778 899 835 sicut
925 776 1138 833 ChriSto
1168 770 1531 829 Antichristus
1562 768 1683 825 erit.
1717 765 1823 823 Iste

250 874 553 933 interdum
596 869 878 934 exstinxit,
909 866 996 921 ille
1025 865 1258 920 tacturus
1286 869 1368 916 cst
1392 866 1691 929 martyres:
1721 855 1822 910 iste

166 982 171 1019 ;
234 966 470 1023 nominis
512 960 900 1033 signiﬁcatione
947 958 1147 1012 indicat
1190 962 1365 1009 motus
1414 961 1683 1017 terrenos,
1731 944 1822 1003 ille

232 1074 485 1121 cunctum
505 1060 692 1119 urbem
715 1066 955 1116 moturus
972 1064 1076 1121 est,
1101 1053 1228 1110 dum
1260 1064 1380 1106 eum
1406 1047 1822 1120 praesumptione

234 1158 503 1225 sacrilega
529 1154 595 1211 ad
627 1151 891 1211 culturam
921 1148 1004 1205 sui
1032 1144 1262 1203 nominis
1286 1146 1460 1211 coget.
1486 1138 1822 1217 Quapmpter

234 1270 337 1326 per
369 1266 564 1307 nomen
594 1248 775 1305 Doecb
807 1245 1027 1303 Idumaei
1057 1243 1180 1313 jure
1218 1234 1581 1296 Antichristus
1626 1230 1846 1295 intelli-,

237 1322 402 1416 gitur,
432 1342 519 1399 cui
548 1341 710 1396 tantis
739 1333 1228 1407 comparationibus
1251 1328 1446 1387 similis
1474 1322 1818 1395 approbatur.

237 1415 307 1490 Et
336 1434 462 1490 ideo
487 1440 629 1488 totus
659 1429 744 1489 hic
773 1428 962 1485 titulus
991 1425 1059 1482 ad
1079 1423 1367 1480 adventum
1394 1415 1609 1473 Domini
1629 1428 1831 1470 secun-

240 1526 377 1582 dum
399 1563 417 1591 ,
446 1538 542 1594 per
584 1529 791 1590 tempus
841 1516 1155 1575 Antichristi
1201 1513 1323 1584 jure
1353 1506 1666 1566 referendus
1697 1514 1778 1562 est
1802 1520 1839 1567 :.

239 1616 508 1687 quoniam
542 1612 714 1668 omnia
740 1610 809 1667 ad
853 1606 1053 1666 Christi
1094 1601 1578 1661 manifestationem
1607 1610 1824 1666 compe—

243 1715 426 1764 tenter
439 1713 683 1777 aptantur
699 1720 715 1769 ;
741 1712 797 1759 ut
814 1702 1018 1772 psalmo
1038 1714 1137 1757 suo
1155 1697 1341 1755 titulus
1359 1708 1465 1752 non
1488 1692 1835 1769 discrepare,

240 1797 338 1855 sed
375 1797 552 1868 potius
577 1786 876 1866 congruere
905 1791 1170 1848 videatur.

812 1903 1005 1959 Divisio
1045 1899 1249 1973 psalmi.

313 2020 515 2092 Spiiitn
542 2024 732 2076 sancto
761 2014 1093 2071 illuminatus
1119 2008 1401 2081 preplieta,
1427 2000 1672 2073 respexit
1698 2005 1823 2057 ante

242 2114 502 2187 judicium
533 2108 768 2176 Domini,
802 2103 1117 2162 Antichristi
1142 2112 1467 2170 consurgere
1490 2093 1827 2151 abominabi-

247 2184 355 2262 lem
381 2204 756 2275 principatum.
785 2200 850 2254 Et
878 2207 938 2253 ut
967 2194 1200 2250 fidelium
1229 2191 1391 2247 corda
1427 2189 1738 2250 roboraret,
1769 2184 1823 2239 in

254 2296 421 2367 prima
445 2301 596 2365 parte
626 2288 818 2363 psalmi
846 2287 982 2342 facta
1011 2286 1066 2340 in
1093 2298 1218 2339 eum
1263 2279 1563 2336 invectione
1592 2289 1825 2332 consur-

253 2390 362 2459 git;
397 2402 462 2443 ne
502 2401 564 2443 se
591 2383 817 2439 nimium
859 2380 912 2435 in
962 2376 1073 2434 suis
1111 2371 1474 2446 iniquitatibus
1503 2369 1821 2433 extolleret,

251 2480 339 2535 cui
388 2476 510 2532 linis
567 2474 911 2547 gravissimus
974 2468 1301 2525 immineret.
1358 2461 1604 2521 Secunda
1674 2467 1825 2530 parte

250 2569 431 2625 adhuc
472 2582 594 2623 eum
630 2566 912 2634 increpans
935 2560 1083 2625 dicit,
1114 2566 1168 2614 et
1202 2557 1345 2628 quod
1388 2553 1551 2611 celeri
1594 2552 1699 2607 fine
1742 2565 1829 2605 ra-

256 2660 458 2731 piatur,
487 2668 542 2715 et
566 2657 703 2729 quod
730 2670 848 2711 cum
876 2654 1073 2709 sanctis
1101 2649 1314 2705 Domini
1344 2662 1452 2703 non
1493 2645 1683 2701 habeat
1704 2658 1832 2715 por-

257 2758 487 2828 tionem,
511 2750 690 2808 Tertia
717 2758 986 2821 stuporem
1013 2746 1143 2801 dicit
1175 2742 1458 2814 provenire
1496 2747 1828 2806 sanctorum,

257 2846 475 2919 quando
502 2834 757 2908 diabolus,
789 2838 878 2910 qui
916 2837 972 2894 in
1015 2837 1119 2891 hoc
1154 2831 1350 2889 saeculo
1379 2829 1540 2885 nimia
1576 2841 1833 2898 praesum-

257 2940 441 3010 ptione
468 2943 738 3006 grassatus
767 2940 870 2996 est,
902 2929 957 2985 in
987 2927 1093 2982 line
1120 2923 1455 2981 miserrimus
1488 2920 1834 2991 abiectosque

258 3029 543 3087 videbitur.
572 3030 767 3095 Quarta
798 3031 946 3094 parte
990 3019 1251 3093 propheta
1291 3014 1568 3073 conﬁdens
1593 3013 1662 3068 de
1690 3011 1830 3076 Deo,

258 3122 318 3178 in
343 3121 513 3177 futuro
534 3118 734 3174 saeculo
762 3130 883 3172 cum
913 3110 1110 3168 sanctis
1134 3109 1335 3166 habere
1358 3122 1419 3163 se
1442 3106 1671 3161 aestimat
1710 3104 1832 3159 bea-

264 3214 521 3270 tissimam
547 3211 869 3283 portionem.
913 3204 1091 3276 Aliqui
1129 3217 1257 3258 vero
1283 3201 1424 3256 hunc
1452 3198 1713 3268 psalmum
1742 3209 1835 3267 ge-

262 3305 522 3362 neraliter
550 3306 607 3359 in
643 3310 955 3373 peccatores
979 3296 1178 3353 dictum
1209 3306 1329 3349 esse
1358 3295 1699 3361 putaverunt.
1730 3285 1838 3342 Sed

262 3416 385 3458 cum
425 3414 523 3471 pro
554 3397 748 3453 talibus
786 3392 953 3465 magis
996 3387 1336 3462 prmcipiatur
1361 3384 1528 3450 orari,
1555 3381 1647 3452 qui
1689 3393 1841 3449 spem

256 3491 636 3551 conversionis
670 3489 889 3545 minime
917 3482 1284 3557 perdiderunt,
1314 3490 1650 3548 consequens
1674 3482 1757 3531 est
1786 3482 1844 3529 ut

265 3586 336 3642 de
366 3583 696 3641 Antichristo
726 3579 896 3650 magis
935 3586 990 3633 et
1028 3573 1347 3645 sequacibus
1376 3568 1501 3640 ejus
1525 3567 1839 3636 accipiatur,

268 3680 358 3749 qui
395 3676 507 3749 jam
536 3669 912 3729 obstinationis
938 3682 1049 3723 suae
1080 3663 1393 3721 crudelitate
1442 3660 1678 3717 noscitur
1724 3671 1845 3713 esse
1878 3712 1885 3717 ,

268 3769 553 3825 damnatus
581 3781 595 3819 :
636 3764 873 3821 maxime
900 3757 1057 3830 quia,
1087 3759 1228 3815 sicut
1269 3755 1462 3811 dicitur
1492 3751 1743 3818 inferius,
1790 3750 1846 3805 in

279 3860 386 3917 line
411 3857 591 3916 saeculi
622 3856 726 3914 erit
742 3851 1113 3910 destruendus.

810 3964 1078 4036 Expositio
1103 3962 1303 4034 psalmi.

350 4082 503 4139 Vers.
535 4082 587 4141 1.
619 4078 752 4147 Quid
780 4076 1019 4150 gloriaris
1048 4075 1102 4129 in
1132 4073 1330 4133 malitia
1348 4112 1364 4139 ,
1392 4071 1480 4143 qui
1509 4077 1683 4141 potens
1712 4083 1767 4122 es
1796 4066 1850 4120 in

277 4175 541 4245 iniquitate
570 4181 675 4227 tota
703 4170 821 4224 die?
847 4168 978 4224 Cum
1000 4167 1271 4237 Scriptura
1292 4161 1470 4219 divina
1494 4176 1593 4216 nec
1621 4161 1673 4213 in
1698 4157 1852 4214 bonis

280 4268 489 4323 actibus
515 4267 659 4322 dicat
694 4276 815 4319 esse
843 4258 1204 4333 gloriandum,
1234 4256 1327 4313 sed
1365 4254 1639 4326 praecipiat
1680 4258 1737 4306 ut
1766 4250 1854 4320 qui

278 4358 550 4433 gloriatur,
597 4356 653 4411 in
679 4352 900 4409 Domino
928 4350 1169 4424 glorietur
1198 4344 1253 4419 (1
1303 4344 1423 4401 Cor.
1467 4359 1515 4408 1,
1546 4340 1638 4414 51)
1666 4358 1680 4395 :
1714 4352 1855 4395 nunc

282 4450 542 4524 propheta
580 4447 753 4504 virum
794 4445 1113 4503 sceleratum
1159 4440 1226 4497 de
1279 4439 1393 4495 sola
1439 4451 1499 4495 se
1526 4434 1856 4502 malignitate

278 4546 590 4617 jaetantem,
623 4554 745 4597 cum
785 4536 1149 4609 indignatione
1185 4531 1491 4604 redarguit,
1523 4542 1619 4584 cur
1642 4525 1767 4581 velit
1789 4525 1856 4580 de

1927 578 2156 635 mirabili
2186 576 2445 633 brevitate
2487 573 2829 639 describitur,
2856 574 2948 643 qui
2979 589 3086 629 non
3116 585 3240 629 ante
3266 575 3501 646 cogitant

1928 686 2086 741 quam
2118 669 2423 737 loquantur,
2455 665 2592 720 sicut
2610 664 3037 734 sapientissimus
3058 664 3309 720 Salomon
3336 665 3497 720 dicit:

1923 762 1992 818 In
2016 778 2101 817 ore
2124 761 2394 815 stultorum
2413 774 2498 812 cor
2519 772 2691 811 eorum
2713 753 2928 826 (Eccli.,
2954 772 3041 810 xxi
3058 799 3073 825 ,
3101 754 3213 830 29).
3238 756 3335 812 Hi'c
3356 758 3497 811 enim

1924 853 2052 909 dicit
2075 852 2307 923 linguam
2347 849 2612 923 cogitasse,
2641 862 2746 901 non
2777 862 2889 914 cor;
2921 846 2979 903 ut
3005 846 3090 902 illa
3120 862 3237 918 quae
3267 847 3500 917 pruden-

1924 947 2058 1001 tium
2087 943 2313 999 consilio
2337 938 2582 997 famulari
2606 938 2764 1003 solet,
2792 938 2844 993 in
2867 938 2994 1008 ipsis
3014 939 3365 994 locutionibus
3388 939 3500 994 suis

1921 1036 2184 1107 cogitasse
2229 1032 2519 1089 videretur.
2567 1030 2697 1097 Quae
2745 1030 2868 1085 ideo
2914 1030 3211 1085 inconsulta
3259 1030 3494 1100 protulit,

1922 1128 2045 1199 quia
2091 1141 2154 1182 ea
2199 1125 2489 1197 praemisso
2540 1120 2743 1195 judicio
2827 1136 2933 1176 non
2978 1122 3201 1177 limavit.
3250 1120 3502 1194 Cogitavit

1928 1222 2071 1278 enim
2100 1220 2281 1293 lingua
2295 1219 2628 1288 ,‘utrumque
2657 1214 2967 1283 declaravit,
2998 1224 3052 1272 et
3079 1216 3284 1272 facilem
3314 1216 3503 1271 volun--

1924 1324 2091 1371 tatem
2122 1311 2410 1367 levissimae
2439 1310 2654 1377 mentis,
2688 1316 2743 1367 et
2784 1310 3259 1381 praecipitationem
3306 1312 3497 1366 incon--

1924 1406 2277 1464 sultissimam
2303 1403 2574 1460 dictionis.
2594 1403 2886 1459 Possumus
2908 1403 3049 1460 enim
3077 1403 3339 1459 interdum
3364 1404 3500 1458 mala

1924 1500 2177 1572 cogitare,
2206 1506 2258 1553 et
2283 1497 2458 1567 lingua
2490 1512 2594 1551 non
2621 1495 2820 1572 dicere.
2867 1494 2965 1550 Hic
2992 1509 3120 1550 vero
3151 1495 3299 1566 pravi
3329 1494 3501 1549 homiv

1924 1567 2015 1659 nis
2028 1588 2262 1660 pessima
2283 1579 2619 1642 consuetudo
2640 1567 2943 1641 damnatur.
2969 1584 3211 1650 Addidit,
3238 1586 3369 1640 sicut
3406 1602 3503 1640 no-

1923 1680 2106 1737 vacula
2131 1686 2291 1734 acuta
2323 1677 2490 1749 fecisti
2539 1670 2735 1733 dolum.
2775 1676 3043 1732 Novacula
3071 1685 3152 1732 est
3180 1675 3233 1730 in
3272 1675 3501 1745 quadam

1924 1777 2222 1845 subtiiitate
2246 1783 2458 1831 tensum
2487 1772 2644 1828 latius
2674 1771 2873 1828 ferrum
2895 1812 2913 1841 ,
2954 1769 3204 1827 radendis
3226 1769 3345 1840 pilis
3382 1783 3507 1823 acu-

1851 1865 1899 1929 B
1927 1873 2196 1929 tissimum
2238 1876 2630 1941 praeparatum;
2681 1866 2823 1938 quod
2874 1866 3002 1920 licet
3047 1864 3228 1920 barbae
3273 1870 3505 1933 segetem

1925 1973 2092 2021 metat
2122 1964 2443 2031 impressum
2466 2000 2482 2026 ,
2529 1960 2773 2029 corporis
2805 1966 2983 2013 tamen
3033 1957 3387 2012 substantiam
3417 1970 3503 2010 re-

1927 2057 2124 2127 linquit
2169 2055 2417 2110 illaesam.
2445 2051 2840 2108 Convenienter
2868 2064 2996 2121 ergo
3021 2048 3302 2104 saevissimi
3335 2045 3508 2102 homi-

1928 2149 2015 2204 nis
2059 2147 2241 2203 dolum
2286 2154 2452 2199 at:qu
2498 2143 2764 2198 novaculae
2812 2142 3172 2212 comparavit;
3220 2140 3342 2211 quia
3370 2138 3509 2194 sicut

1933 2238 2029 2323 illa
2071 2237 2343 2293 hominem
2395 2250 2503 2291 non
2542 2233 2718 2302 laedit,
2763 2234 2835 2289 ita
2867 2247 2965 2290 nec
2989 2234 3090 2289 iste
3120 2233 3352 2287 animam
3377 2230 3509 2302 justi

1929 2321 2030 2387 sub
2055 2329 2242 2399 quavis
2286 2325 2575 2383 afﬂictione
2603 2326 2866 2397 percellit.
2908 2321 3089 2381 Potest
3138 2325 3279 2379 enim
3312 2322 3506 2378 radere

1929 2418 2110 2477 omnia
2140 2435 2261 2490 quae
2307 2427 2433 2477 sunt
2463 2414 2758 2474 forinsecus
2807 2417 3092 2489 attributa,
3141 2416 3293 2487 quasi
3338 2413 3506 2484 pilos;

1929 2513 2024 2593 sed
2073 2514 2262 2569 animat
2314 2512 2523 2568 interna
2549 2520 2676 2567 tunc
2727 2512 2899 2583 magis
2943 2509 3109 2567 efﬁcit
3158 2507 3508 2581 pulchriora,

1930 2602 2143 2677 quando
2168 2603 2219 2660 ei
2251 2603 2445 2658 nititur
2472 2604 2685 2658 auierre
2708 2602 3002 2657 mundana.

2006 2705 2159 2762 Vera.
2189 2705 2246 2759 '5.
2273 2702 2512 2759 Dilexisti
2537 2703 2789 2759 malitiam
2816 2718 2967 2773 super
2995 2700 3375 2773 benignitatem,
3412 2697 3512 2751 ini-

1932 2798 2175 2869 quitatem
2211 2797 2373 2867 magis
2407 2812 2559 2866 quam
2584 2795 2723 2865 loqui
2746 2795 3053 2866 teq'uitatem.
3084 2793 3366 2864 Nunquam
3401 2804 3516 2845 ma-

1935 2889 2047 2945 lum
2072 2885 2400 2959 derelinquit
2431 2886 2522 2957 qui
2552 2884 2892 2956 cognoscitur
2925 2897 3108 2939 amare
3133 2880 3274 2954 quod
3307 2887 3509 2951 peccat.

1934 2983 2056 3043 lllas
2078 2981 2220 3043 enim
2249 2994 2336 3037 res
2364 2978 2609 3034 absolute
2631 2977 2946 3045 deserimus,
2970 2990 3125 3047 quas,
3147 2974 3270 3031 odio
3288 2973 3516 3029 interve-

1938 3075 2141 3141 niente,
2164 3071 2504 3128 damnamus.
2535 3069 2668 3125 Nam
2717 3077 2971 3140 peccator
3015 3067 3117 3122 iste
3160 3064 3519 3137 nequissimus

1940 3164 2151 3236 diligere
2179 3162 2375 3218 dicitur
2396 3160 2529 3217 vitia
2554 3174 2651 3217 sua
2668 3202 2683 3229 ,
2716 3159 2805 3229 qui
2832 3157 3151 3216 exsecrabili
3179 3156 3365 3212 morbo
3391 3170 3517 3212 cor-

1862 3240 1912 3313 C
1939 3265 2161 3328 ruptus,
2206 3254 2336 3310 illud
2384 3253 2555 3326 magis
2598 3251 2886 3324 appetibile
2932 3250 3165 3322 judicat,
3211 3248 3353 3320 quod
3392 3247 3521 3303 boni

1941 3363 2118 3407 mores
2164 3361 2376 3417 semper
2402 3354 2673 3401 accusant.
2711 3346 2776 3399 Et
2806 3352 2866 3401 ut
2888 3344 3059 3417 culpis
3095 3342 3213 3414 ejus
3238 3348 3520 3413 augmenta

1946 3436 2307 3511 congeminet,
2333 3435 2555 3504 addidit,
2580 3450 2732 3506 super
2754 3435 3139 3507 benignitatem;
3170 3442 3248 3501 ut,
3279 3433 3376 3487 etsi
3402 3432 3521 3485 ani-

1946 3545 2091 3585 mum
2120 3528 2236 3598 ejus
2262 3524 2545 3598 aliquando
2576 3524 2876 3596 benignitas
2907 3530 3178 3594 tangeret,
3229 3536 3351 3576 mox
3400 3529 3520 3575 tan-

1947 3635 2104 3692 quam
2158 3616 2473 3672 detestabile
2526 3615 2713 3670 vitium
2760 3613 3035 3684 repudiata
3081 3612 3199 3685 [ms.
3231 3610 3330 3678 A.,
3361 3624 3523 3679 repu-

1947 3708 2123 3782 diana]
2176 3707 2437 3765 sorderet.
2489 3708 2759 3779 Sequitur,
2807 3706 3123 3778 iniquitatem
3170 3705 3332 3776 magis
3374 3719 3527 3775 quam

1949 3805 2090 3875 loqui
2140 3803 2446 3875 tequitatem.
2505 3802 2825 3872 Plerumque
2870 3798 3116 3855 homines
3167 3798 3259 3868 qui
3309 3805 3525 3867 peccata

1949 3897 2170 3963 faciunt,
2196 3910 2292 3965 per
2314 3894 2560 3950 decorem
2581 3906 2639 3949 se
2663 3892 2976 3963 compositae
2997 3890 3283 3946 locutionis
3303 3890 3529 3945 abscon-

1952 3988 2105 4043 dunt.
2136 3985 2332 4039 Nolunt
2359 3986 2413 4039 ia
2443 3999 2502 4039 se
2528 3982 2856 4054 deprehendi
2914 3996 3034 4051 quae
3069 3988 3266 4035 norunt
3304 3994 3528 4050 genera-

1952 4078 2117 4133 litatis
2144 4076 2512 4131 exsecratione
2535 4073 2796 4128 damnari.
2826 4071 2932 4127 Iste
2954 4080 3132 4127 autem
3155 4070 3232 4126 sic
3254 4068 3526 4140 professus

1954 4178 2039 4226 est
2064 4168 2286 4232 malum,
2316 4174 2375 4220 ut
2403 4164 2551 4236 loqui
2584 4178 2689 4219 non
2721 4163 3002 4220 erubescat
3033 4176 3152 4232 qua:
3207 4160 3527 4231 sapientium

1955 4272 2079 4318 vota
2105 4256 2407 4328 repudiarit.
2434 4255 2502 4310 Et
2527 4257 2741 4328 reSpice
2766 4253 3208 4327 quemadmodum
3234 4251 3427 4309 multas
3445 4266 3532 4308 res

1959 4352 2043 4408 his
2092 4350 2267 4406 tribus
2305 4347 2551 4405 versibus
2599 4347 2832 4405 breviter
2876 4347 3157 4403 intimavit.
3195 4346 3325 4416 Quae
3366 4345 3533 4417 ﬁgura

1944 4443 2154 4527 {dicitur
2174 4438 2488 4511 leptologia,
2524 4437 2578 4492 id
2607 4447 2687 4493 est
2715 4438 2924 4494 subtilis
2952 4437 3178 4507 locutio,
3208 4435 3419 4508 quando
3445 4420 3533 4491 res

1962 4531 2185 4603 singulm
2216 4528 2519 4585 minutatim
2547 4542 2609 4583 ac
2638 4527 2907 4584 subtiliter
2934 4528 3251 4582 indicantur.

281 4636 442 4693 malis
459 4634 662 4691 actibus
688 4629 925 4704 gloriari,
956 4628 1097 4684 unde
1122 4626 1340 4683 deberet
1364 4622 1560 4696 potius,
1586 4620 1842 4676 conscien

2030 4634 2185 4690 Vers.
2204 4632 2259 4687 4.
2284 4631 2521 4687 Dilexisti
2541 4632 2710 4687 omnia
2729 4630 2875 4686 verba
2897 4629 3334 4699 praecipitationis,
3360 4627 3533 4698 lingua

286 4730 356 4784 tia
391 4728 543 4800 177
576 4734 731 4793 teste,
771 4719 1063 4778 confundi?
1108 4717 1206 4773 Est
1231 4725 1406 4770 autem
1437 4713 1670 4782 energim
1711 4724 1858 4781 pars,

285 4820 537 4892 quoniam
583 4817 861 4873 absentem
899 4824 1181 4884 personam
1212 4806 1499 4878 alloquitur
1528 4802 1680 4876 quasi
1724 4817 1864 4872 prm-

284 4921 518 4968 sentem.
549 4909 700 4965 Hunc
739 4905 881 4962 enim
922 4918 1019 4976 per
1059 4901 1446 4969 subsequentes
1496 4910 1685 4952 versus
1726 4893 1864 4950 facta

288 5001 626 5067 invectione,
674 4994 904 5053 mirabili
955 4991 1281 5064 proprietate
1325 4987 1612 5053 describit;
1662 4994 1719 5041 ut
1772 4999 1866 5056 per

289 5107 471 5152 mores
497 5105 624 5149 suos
648 5087 887 5159 conspici
925 5085 1193 5149 videatur,
1224 5083 1314 5153 qui
1353 5094 1473 5152 post
1495 5080 1710 5150 longum
1736 5088 1869 5133 tem-

290 5202 391 5259 pus
418 5185 654 5242 creditur
682 5196 802 5241 esse
820 5187 1097 5237 venturus.
1132 5175 1323 5230 Potens
1351 5174 1513 5229 etiam
1543 5173 1595 5227 in
1622 5172 1871 5242 iniquita-

294 5282 426 5335 tibus
455 5278 545 5335 ille
570 5285 655 5334 est
694 5274 816 5343 qui,
862 5274 916 5328 in
961 5272 1101 5327 malo
1129 5267 1446 5339 permissus,
1478 5264 1621 5320 valet
1645 5263 1871 5335 implere

296 5370 439 5442 quod
466 5368 675 5424 nititur.
702 5364 810 5423 Sed
849 5371 1104 5435 quantum
1146 5360 1200 5414 in
1240 5357 1472 5428 nequitia
1498 5356 1720 5422 validus,
1754 5364 1871 5410 tan-

296 5471 406 5517 tum
441 5469 526 5517 est
553 5460 735 5531 probis
777 5455 1015 5512 moribus
1043 5449 1429 5509 exsecrandus.
1453 5447 1559 5504 Sed
1588 5465 1654 5504 ne
1680 5448 1781 5503 hoc
1804 5448 1870 5503 ad

299 5560 628 5609 momentum
676 5547 795 5605 ﬁeri
838 5547 1135 5610 videretur,
1179 5541 1415 5597 additum
1445 5549 1550 5608 est,
1599 5547 1705 5592 tota
1754 5538 1868 5605 die,

302 5647 441 5716 quod
465 5644 728 5698 universae
756 5639 878 5695 vitae
907 5636 1172 5707 signiticat
1202 5642 1428 5703 tempus;
1458 5639 1518 5687 ut
1552 5631 1668 5686 sine
1690 5630 1869 5701 aliqua

308 5737 696 5799 intermissione
728 5732 924 5786 malum
954 5743 1164 5798 semper
1188 5738 1241 5782 et
1268 5734 1541 5794 operetur,
1575 5733 1629 5778 et
1651 5722 1867 5792 cogitet.

377 5830 529 5887 Vcrs.
558 5830 613 5883 2.
642 5825 962 5899 Injustitium
988 5822 1221 5893 cegitavit
1254 5820 1431 5891 lingua
1461 5826 1590 5872 tua:
1623 5817 1751 5869 sicut
1778 5832 1872 5869 no-

1965 4726 2166 4781 dolosa.
2196 4724 2515 4796 Interposito
2563 4722 2942 4794 diapsalmate,
2972 4722 3115 4779 venit
3141 4722 3207 4775 ad
3245 4717 3534 4775 secundam

1971 4827 2198 4889 partem.
2231 4815 2339 4870 Sed
2368 4815 2608 4886 quamvis
2637 4814 2790 4869 nobis
2816 4811 3283 4869 sceleratissimum
3307 4811 3533 4881 aliquem

1971 4919 2334 4979 proponamus
2359 4946 2374 4972 ,
2406 4904 2525 4976 quis
2554 4904 2655 4959 erit
2683 4902 2834 4974 cujus
2865 4911 3113 4974 tanquam
3147 4901 3212 4956 de
3242 4902 3536 4971 prmcipitio

1972 4998 2171 5053 montis
2198 4995 2381 5052 dolosa
2406 4995 2563 5050 verba
2593 4992 2951 5049 descendant?
2981 4991 3085 5049 Sed
3112 4991 3179 5047 de
3210 4990 3536 5047 Antichristo

1972 5103 2099 5143 vere
2124 5087 2342 5153 dicitur,
2370 5087 2472 5157 ,qui
2503 5084 2897 5156 praeposteratis
2940 5083 3174 5139 moribus
3220 5091 3378 5154 atque
3415 5097 3532 5138 con-

1974 5179 2105 5235 fusis
2153 5178 2324 5249 diligit
2355 5178 2714 5247 iniquitatem;
2744 5175 2907 5231 currit
2936 5173 3002 5230 ad
3031 5175 3201 5238 omnia
3227 5174 3374 5228 verba
3403 5190 3537 5244 pra:-

1974 5269 2311 5339 cipitationis,
2350 5265 2502 5337 jubet
2528 5264 2670 5335 quod
2711 5265 2909 5319 nullum
2933 5264 3114 5334 juvat;
3141 5273 3195 5320 et
3223 5270 3392 5318 totum
3422 5278 3537 5318 cum

1973 5362 2100 5417 dolo
2128 5362 2381 5431 loquitur,
2413 5373 2441 5412 a
2474 5372 2577 5427 quo
2600 5357 3031 5428 nulli‘profutura
3054 5363 3362 5413 censentur.

2050 5451 2204 5506 Vers.
2238 5450 2290 5502 5.
2320 5448 2601 5520 PrOpterea
2618 5449 2835 5503 destruet
2856 5456 2903 5503 te
2942 5447 3079 5503 Deus
3099 5446 3153 5502 in
3173 5446 3347 5516 ﬁnem,
3376 5444 3549 5500 evellet

1975 5555 2042 5609 te,
2074 5558 2120 5599 et
2147 5541 2415 5613 emigrabit
2446 5552 2491 5595 te
2517 5542 2580 5595 de
2606 5541 2927 5596 tabernaculo
2953 5556 3068 5606 suo,
3092 5550 3137 5593 et
3165 5540 3389 5592 radicem
3410 5546 3551 5590 tuam

1977 5637 2039 5690 de
2069 5644 2203 5690 terra
2228 5634 2518 5688 viventium.
2550 5633 2781 5687 Destruet
2802 5630 2941 5685 Deus
2962 5631 3013 5685 in
3041 5631 3139 5684 hac
3165 5630 3272 5684 vita
3300 5640 3547 5698 pr05per-

1976 5729 2111 5783 rime
2176 5740 2308 5797 quos
2363 5726 2550 5781 iterum
2606 5725 2870 5781 aedificare
2923 5723 3252 5786 decreverit;
3296 5721 3349 5774 in
3401 5719 3547 5785 ﬁnem

1977 5828 2150 5872 autem
2194 5816 2284 5887 qui
2330 5814 2637 5883 destruitur,
2670 5816 2885 5871 aeternis
2915 5813 3192 5881 suppliciis
3240 5810 3547 5875 deputatur.
