4036 6342
492 421 597 479 575

1701 414 1774 471 Μ.
1816 412 2097 473 Αυκειιι
2135 410 2541 473 CASSIODORI

3646 413 3755 470 376

493 538 629 595 Nam
663 542 880 608 propter
908 535 996 592 illa
1033 548 1152 607 quae
1195 531 1444 603 superius
1487 530 1628 588 dlcta
1674 538 1829 601 sunt,
1863 531 1917 586 in
1966 529 2267 592 ﬁneAbus
2311 525 2680 598 cupiditatibus
2727 524 2948 598 λεπριὶ
2970 518 3133 598 (Dan.
3169 530 3259 593 ττι,
3303 524 3418 598 45).
3446 519 3565 584 Non
3613 529 3758 586 enim

493 630 679 689 saeculi
708 643 805 685 ore
848 627 1058 683 Domini
1089 635 1343 697 tyrannus
1384 624 1479 680 ille
1524 622 1837 694 plcctendus
1875 630 1987 686 est;
2020 628 2078 676 ut

495 738 606 783 tam
640 727 826 796 ingens
855 722 1087 793 nequitia
1118 719 1575 781 adventu.summi
1602 717 1807 774 Judicis
1835 716 2081 771 destrua-

498 828 607 886 tur,
658 816 811 887 cujus
851 813 1107 885 potentia:
1157 821 1401 882 tempora
1429 809 1620 865 Daniel
1649 822 1863 880 quoque
1890 807 2082 863 deﬁnit

497 911 685 967 dicens
716 926 731 965 :
776 907 1030 973 Quoniam
1078 907 1134 960 in
1173 914 1369 976 tempus
1396 910 1705 971 temporum,
1734 910 1780 955 et
1809 899 2082 953 dimidium

502 999 768 1071 temporis,
796 999 851 1053 in
881 994 1286 1053 consummando
1305 993 1619 1062 dispersione
1640 992 1763 1061 ﬁent
1782 990 1955 1044 omnia
1975 988 2083 1043 han:

504 1088 670 1163 (Dan.
699 1104 811 1157 xu,
843 1087 921 1160 7).
943 1087 1230 1158 Sequitur:
1260 1082 1455 1140 Evellet
1484 1090 1553 1151 te,
1588 1093 1634 1136 et
1663 1080 1927 1152 emigrabit
1952 1089 2000 1133 te
2021 1078 2085 1133 de

502 1179 828 1237 tabernaculo
871 1194 985 1233 suo.
1019 1177 1183 1232 Poena
1226 1175 1445 1245 ingens,
1476 1171 1819 1229 formidolosa
1862 1170 2087 1225 damna-

501 1272 607 1328 tio!
641 1274 704 1327 de
731 1267 1098 1327 ammnissimo
1125 1266 1338 1324 Domini
1368 1264 1699 1322 tabernaculo
1728 1264 1907 1330 evelli,
1939 1272 1993 1319 et
2029 1264 2085 1320 in

501 1362 777 1433 perpetuis
804 1360 1015 1431 ignibus
1038 1357 1334 1429 mancipari
1353 1373 1370 1411 :
1393 1356 1483 1413 ubi
1506 1371 1608 1412 nec
1629 1356 1807 1411 virere
1833 1355 2085 1425 cuiquam

503 1458 687 1515 datum
717 1469 798 1513 est
816 1499 831 1523 ,
858 1469 958 1511 nec
982 1454 1177 1509 ﬂorere
1206 1465 1552 1516 concessum;
1585 1448 1681 1506 sed
1709 1457 1960 1518 tanquam
1998 1462 2087 1503 ar-

502 1547 606 1604 bor
626 1546 911 1617 grandaeva
932 1542 1190 1599 radicitus
1216 1541 1422 1610 evulsa,
1455 1548 1654 1594 aeterna
1674 1537 1956 1594 sterilitate
1982 1538 2088 1593 sic-

506 1637 732 1693 cabitur.
766 1636 952 1691 Potest
977 1633 1140 1691 etiam
1181 1632 1441 1704 quosdam
1464 1645 1723 1699 movere,
1754 1629 1896 1702 quod
1923 1630 2088 1688 verba

505 1729 609 1782 ista
661 1725 993 1782 Antichristo
1048 1732 1317 1795 nequeant
1364 1722 1671 1780 convenire.
1717 1721 1856 1778 Dicit
1904 1723 2084 1791 enim,

509 1819 778 1891 emigrabit
804 1828 850 1873 te
875 1818 936 1873 de
964 1817 1289 1872 tabernaculo
1318 1832 1433 1884 suo,
1464 1829 1583 1873 cum
1607 1814 1770 1870 homo
1790 1813 2087 1885 paganissi-

2183 626 2391 675 tantum
2422 632 2555 675 auro
2581 617 2817 688 locuples
2854 618 2977 688 erit,
3006 617 3102 674 sed
3130 624 3186 674 et
3212 623 3602 678 numerositate
3631 635 3764 693 gen-

2184 712 2317 767 tium
2346 719 2401 768 et
2443 711 2805 768 dominatione
2832 719 3115 779 terrarum,
3143 714 3523 772 miraculorum
3547 731 3766 789 quoque

2184 803 2495 860 ostensione
2517 804 2789 875 gaudebit,
2813 804 3036 861 honoris
3062 807 3222 862 etiam
3260 808 3412 878 pravi
3436 822 3498 865 se
3528 809 3769 867 elatione

2180 894 2443 966 iactabit,
2489 903 2545 952 et
2598 896 2808 953 caeteris
2861 896 3005 954 vitiis
3064 897 3407 970 plenissimus
3451 902 3596 971 erit,
3647 918 3768 973 quae

2184 987 2405 1060 Egypti
2435 989 2654 1046 nomine
2690 989 2938 1047 videntur
2976 989 3221 1062 intelligi.
3262 991 3370 1049 Sed
3420 990 3535 1049 haec
3583 994 3768 1051 omnia

2185 1089 2345 1135 erunt
2388 1095 2555 1149 vana,
2601 1082 2850 1153 quoniam
2898 1097 2930 1139 a
2968 1081 3197 1140 Domino
3235 1085 3533 1155 probantur
3564 1086 3769 1145 aliena.

2186 1169 2397 1227 Vanum
2428 1172 2575 1229 enim
2620 1173 2837 1243 dicitur,
2894 1176 3037 1246 quod
3087 1185 3173 1234 est
3223 1176 3413 1249 inane,
3463 1179 3658 1251 fragile
3685 1182 3772 1238 vel

2186 1263 2471 1329 caducum,
2515 1273 2571 1322 et
2611 1265 2678 1321 ab
2706 1266 2821 1337 ipsa
2850 1267 3154 1325 ﬁrmissima
3187 1270 3414 1328 veritate
3447 1271 3769 1332 discretum.

2186 1349 2322 1407 Nam
2350 1352 2594 1421 quamvis
2619 1353 2941 1425 principatui
2968 1354 3085 1426 eius
3105 1358 3287 1415 omnia
3306 1359 3577 1417 mundana
3600 1362 3772 1419 famu-

2188 1443 2287 1501 lari
2315 1460 2471 1515 posse
2491 1446 2795 1516 videantur,
2823 1448 2877 1505 in
2917 1464 3114 1506 vanum
3142 1458 3324 1509 tamen
3349 1454 3650 1525 prevaiuit,
3682 1459 3773 1524 qui

2187 1536 2290 1592 sibi
2318 1536 2602 1607 profutura
2629 1538 2933 1597 nullatenus
2960 1542 3265 1613 acquisivit;
3297 1544 3437 1600 sicut
3465 1545 3534 1601 de
3564 1545 3696 1616 ipso
3721 1556 3776 1604 et

2189 1626 2387 1685 Doctor
2417 1630 2657 1702 gentium
2686 1629 2816 1689 dicit
2850 1648 2866 1688 :
2896 1630 3168 1692 Extollcns
3195 1650 3251 1690 se
3275 1636 3388 1692 sine
3412 1653 3572 1692 causa
3615 1639 3775 1709 inﬂa-

2189 1731 2272 1780 tus
2304 1725 2530 1805 amentia
2572 1729 2740 1782 carnis
2774 1743 2911 1795 sua,
2944 1738 2992 1784 et
3030 1747 3133 1786 non
3179 1738 3352 1787 tenens
3372 1742 3553 1804 caput,
3586 1750 3653 1789 ea:
3674 1751 3776 1805 quo

2190 1798 2343 1868 omne.
2355 1829 2541 1883 corpus
2567 1831 2656 1883 per
2682 1817 3063 1885 coniunctiones
3084 1819 3381 1891 perductum
3406 1798 3457 1877 et
3481 1798 3776 1893 porrectam

506 1926 629 1967 mus
674 1911 743 1966 ibi
796 1925 904 1966 non
955 1909 1199 1966 videatur
1246 1923 1366 1965 esse
1406 1909 1698 1980 plantatus.
1748 1907 1855 1964 Sed
1906 1906 2011 1963 hoc
2052 1921 2083 1963 a
2113 1912 2163 1974 Β
2189 1904 2367 1959 crescit
2394 1906 2447 1959 in
2475 1915 2786 1962 crementum
2815 1906 2912 1963 Dei
2942 1907 3080 1981 (Col.
3104 1924 3166 1977 tt,
3198 1909 3315 1980 l9).
3722 1923 3775 1973 -‘,

507 2000 765 2059 membris
786 2000 955 2072 ipsius
984 2008 1162 2071 potest
1196 2000 1397 2071 accipi,
1445 2000 1537 2071 qui
1578 1999 1632 2055 in
1681 1997 1919 2055 Ecclesia
1964 2000 2085 2070 qui-

506 2095 629 2152 dem
660 2107 885 2164 corpore
907 2092 1155 2149 videntur
1194 2106 1337 2160 esse,
1384 2107 1491 2148 non
1536 2092 1749 2157 animo;
1795 2091 2089 2163 quia‘sicut

506 2183 692 2240 ﬁdeles
732 2183 971 2240 membra
1016 2191 1141 2240 sunt
1180 2182 1396 2239 Domini
1438 2182 1749 2250 Salvatoris,
1782 2184 1851 2239 ita
1897 2192 1952 2240 et
1998 2184 2088 2242 ille

505 2290 636 2333 suos
664 2275 949 2345 complices
976 2275 1029 2330 in
1060 2289 1222 2329 unam
1247 2274 1446 2346 colligit
1473 2274 1725 2345 nequitiae
1749 2276 2085 2333 societatem.

502 2367 755 2435 Addidit,
796 2376 842 2422 et
870 2368 1096 2422 radicem
1122 2377 1264 2422 tuam
1290 2368 1353 2422 de
1378 2379 1513 2423 terra
1538 2369 1827 2424 viventium.
1860 2369 2088 2427 Radices

504 2469 664 2518 erunt
692 2459 1000 2516 Antichristi
1030 2460 1374 2516 consentanei
1407 2460 1746 2531 ministrique
1768 2459 2002 2528 diaboli;
2032 2470 2090 2519 et

506 2549 631 2607 ideo
655 2552 880 2605 radicem
909 2551 1080 2621 ipsius
1126 2563 1247 2606 cum
1269 2550 1384 2621 ipso
1414 2550 1479 2604 de
1504 2558 1638 2605 terra
1661 2551 1934 2606 viventium
1958 2551 2088 2610 dicit

503 2659 611 2699 esse
632 2642 966 2711 evellendam,
995 2643 1119 2713 quia
1146 2656 1267 2699 cum
1293 2642 1493 2698 sanctis
1520 2641 1728 2697 Domini
1756 2657 1856 2698 nec
1892 2643 2085 2699 diabo-

500 2735 616 2802 lus,
652 2750 749 2792 nec
770 2735 1152 2803 Antichristus,
1183 2750 1282 2792 nec
1311 2749 1569 2807 sequaces
1594 2750 1777 2792 eorum
1816 2735 2087 2794 habebunt

501 2828 733 2900 aliquam
780 2832 1101 2901 portionem.
1142 2827 1412 2899 Respiciat
1441 2827 1558 2899 eius
1598 2842 1834 2898 pmnam,
1865 2828 1953 2899 qui
1984 2844 2085 2900 po-

499 2924 719 2979 tentiam
748 2922 915 2992 ipsius
944 2922 1032 2979 hic
1059 2920 1327 2994 putaverit
1360 2921 1753 2988 admirandam;
1785 2928 1839 2977 et
1863 2936 2085 2979 necesse

499 3023 582 3070 est
608 3024 665 3068 ut
694 3012 888 3069 habeat
921 3014 1261 3081 vilissimum,
1292 3012 1446 3085 cuius
1467 3013 1764 3069 dominium
1790 3027 1900 3069 non
1924 3012 2082 3069 dubi-

497 3112 577 3161 tat
601 3106 1003 3176 amputandum.

501 3214 509 3250 .
549 3197 723 3253 .Vers.
752 3198 805 3255 6.
836 3198 1091 3253 Videbunt
1128 3203 1299 3274 justi,
1334 3207 1380 3256 et
1409 3201 1679 3270 timebunt;
1708 3213 1755 3258 et
1782 3219 1935 3275 super
1965 3219 2083 3259 eum

2263 1989 2416 2047 Vers.
2449 1992 2502 2048 8.
2536 1990 2650 2066 Ego
2690 2001 2893 2065 autem,
2922 1997 3055 2052 sicut
3083 1999 3217 2056 oliva
3245 2001 3512 2075 fructifera
3535 2002 3593 2060 in
3618 2006 3775 2063 domo

2190 2080 2308 2150 Dei,
2337 2084 2532 2155 speravi
2561 2085 2613 2140 in
2635 2085 2983 2144 misericordia
3004 2088 3102 2146 Dei
3120 2091 3175 2147 in
3199 2103 3463 2162 veternum,
3494 2105 3543 2152 et
3571 2097 3628 2153 in
3672 2116 3775 2156 stc-

2190 2173 2365 2265 culum
2402 2178 2597 2265 saeculi.
2624 2178 2782 2236 Venit
2820 2182 3081 2253 propheta
3119 2185 3188 2242 ad
3234 2195 3477 2259 quartam
3520 2201 3775 2265 partem,
3872 2178 3875 2181 1

2189 2262 2243 2318 in
2274 2279 2377 2335 qua
2412 2264 2523 2336 iam
2556 2267 2710 2324 laetus
2750 2271 2998 2339 exsultat,
3032 2271 3086 2328 id
3114 2284 3198 2331 est
3225 2275 3280 2333 in
3312 2277 3542 2337 adventu
3569 2262 3776 2352 longis-

2188 2353 2339 2412 simae
2366 2357 2678 2416 vicinitatis.
2710 2358 2779 2417 Et
2813 2363 3007 2421 merito
3046 2378 3107 2423 se
3134 2366 3280 2424 oliva:
3314 2380 3612 2442 comparat,
3643 2374 3774 2446 quia

2188 2450 2256 2507 de
2281 2450 2397 2522 ejus
2431 2453 2674 2522 germine
2701 2454 2958 2513 Dominus
2982 2458 3227 2525 Christus
3253 2462 3506 2532 efﬂoruit,
3537 2466 3630 2538 qui
3653 2468 3773 2540 spi-

2187 2542 2368 2600 rituali
2397 2544 2518 2601 oleo
2542 2555 2828 2616 perunctus
2871 2558 2954 2607 est
2990 2565 3102 2621 prae
3124 2555 3461 2612 consortibus
3490 2558 3622 2615 suis.
3654 2558 3771 2617 Sed

2187 2634 2306 2692 haec
2328 2637 2461 2692 oliva
2481 2637 2787 2697 beatissima
2813 2641 2972 2698 talem
2997 2644 3225 2701 fructum
3251 2646 3454 2716 intulit,
3486 2648 3576 2719 qui
3602 2664 3772 2711 omne

2185 2741 2355 2801 genus
2397 2729 2689 2787 humanum
2720 2734 2953 2803 peccatis
2982 2735 3213 2804 aridum,
3246 2738 3627 2799 misericordiae
3652 2758 3773 2801 sum

2187 2818 2388 2877 faceret
2407 2820 2648 2893 largitate
2672 2824 3045 2896 pinguescere.
3070 2827 3292 2886 Addidit
3310 2830 3468 2887 etiam
3490 2849 3503 2887 :
3529 2832 3598 2889 In
3613 2835 3771 2893 domo

2185 2909 2287 2967 Dei
2304 2955 2320 2980 ,
2345 2914 2433 2971 ubi
2457 2930 2644 2974 revera
2671 2917 2875 2976 fructus
2900 2919 3074 2978 felicis
3100 2921 3253 2980 istius
3272 2924 3480 2984 arboris
3505 2929 3769 2991 adolevit.

2183 3002 2290 3061 Sed
2320 3005 2442 3063 ideo
2483 3006 2685 3066 fructus
2726 3010 2818 3067 ille
2856 3008 2992 3083 [ed.,
3024 3012 3131 3085 illif]
3173 3012 3433 3073 mirabilis
3480 3023 3768 3092 provenit,

2184 3095 2310 3166 quia
2348 3097 2451 3153 iste
2498 3100 2718 3167 speravit
2758 3101 2813 3155 in
2855 3102 3204 3159 misericordia
3231 3102 3361 3173 Dei;
3399 3106 3768 3170 Antichrist

2184 3186 2328 3244 enim
2369 3190 2591 3261 sperabit
2615 3192 2670 3247 in
2708 3193 3033 3251 multitudine
3056 3197 3352 3253 divitiarum
3385 3216 3619 3258 suarum.
3651 3204 3769 3264 Hoc

495 3290 735 3345 ridebunt
761 3332 777 3360 ,
819 3299 869 3346 et
896 3292 1083 3346 dicent.
1112 3293 1272 3349 Venit
1298 3293 1365 3349 ad
1392 3295 1600 3350 tertiam
1629 3303 1856 3366 partem,
1890 3297 1943 3353 in
1969 3314 2071 3371 qua

2182 3289 2363 3338 autem
2392 3290 2577 3339 contra
2618 3282 2749 3341 illud
2786 3286 3019 3356 ponitur,
3045 3296 3101 3344 ut
3142 3300 3395 3362 appareat
3421 3292 3516 3362 qui
3555 3293 3763 3355 fructus

496 3382 772 3454 prophetae
804 3381 1131 3452 praevidebat
1179 3383 1432 3454 spiritus,
1481 3387 1620 3456 quod
1667 3387 1840 3444 adhuc
1890 3388 2074 3447 datum

496 3482 580 3528 est
603 3480 723 3542 post
742 3472 897 3544 longa
923 3480 1163 3543 tempora
1187 3476 1494 3544 provenire.
1528 3475 1635 3532 Sed
1664 3481 1907 3549 quamvis
1943 3483 2077 3553 justi

492 3564 885 3635 iugiter'Deum
928 3565 1177 3634 timeant,
1216 3574 1271 3623 et
1292 3567 1361 3624 de
1386 3568 1503 3639 ejus
1532 3574 1769 3641 potentia
1798 3588 1907 3630 non
1934 3575 2079 3631 desi-

495 3666 627 3714 nant
655 3672 903 3729 magnum
930 3658 1131 3728 aliquid
1166 3660 1436 3728 arbitrari,
1472 3670 1599 3720 tunc
1631 3672 1809 3721 tamen
1841 3667 1967 3723 talia
1996 3669 2076 3724 vi-

496 3751 716 3819 debunt,
761 3766 878 3820 qua:
905 3766 1066 3821 super
1103 3751 1363 3811 humanas
1406 3757 1758 3827 cogitationes
1785 3760 2075 3818 vehemen-

494 3844 602 3897 tius
626 3853 1002 3912 expavescant.
1030 3842 1300 3902 Timebunt
1323 3862 1474 3920 ergo,
1497 3848 1563 3905 ad
1593 3851 1813 3921 gloriam
1838 3852 2074 3909 divinam

494 3932 743 4001 respicit,
788 3947 896 3989 non
934 3934 1000 3990 ad
1033 3950 1205 4006 pinnae
1246 3939 1614 4010 formidinem;
1646 3943 1883 4016 loquitur
1927 3946 2071 4002 enim

490 4023 559 4079 de
588 4026 775 4084 beatis.
808 4028 1094 4101 Sequitur:
1126 4041 1175 4087 et
1200 4049 1354 4106 super
1379 4053 1491 4092 eum
1511 4039 1765 4109 ridebunt,
1794 4050 1842 4095 et
1880 4043 2070 4099 dicent.

491 4117 550 4173 ln
602 4119 705 4175 isto
750 4122 948 4179 smculo
982 4123 1111 4194 justi
1162 4126 1364 4185 deﬂent
1392 4131 1567 4202 potius
1595 4149 1731 4205 quos
1761 4151 1945 4195 errare
1980 4152 2072 4194 eo-

488 4220 781 4279 gnoscunt;
811 4215 950 4275 sicut
976 4217 1261 4287 Apostolus
1287 4221 1452 4281 dicit:
1480 4223 1549 4279 Ut
1577 4226 1779 4299 lugeam
1800 4230 1987 4285 multos
2007 4246 2071 4286 ea:

489 4302 570 4357 his
590 4306 679 4373 qui
702 4317 1030 4375 peccaverunt
1045 4316 1092 4363 et
1118 4327 1219 4367 non
1246 4325 1453 4384 egerunt
1473 4320 1927 4396 paenitentiam“!
1943 4325 2061 4382 Cor.

489 4408 591 4462 xit,
616 4396 734 4465 21).
766 4396 874 4452 Sed
908 4399 1159 4468 quoniam
1189 4405 1242 4458 in
1273 4405 1449 4462 futuro
1485 4406 1689 4477 judicio
1740 4413 2069 4482 poenitentia:

489 4497 598 4537 non
646 4486 748 4539 erit
799 4484 949 4541 locus
975 4528 990 4553 ,
1031 4489 1223 4545 merito
1276 4508 1433 4563 supra
1486 4511 1603 4550 eum
1622 4499 1756 4568 justi
1790 4501 2067 4560 ridebunt:

487 4574 739 4647 quoniam
786 4586 969 4633 sancta
1009 4578 1220 4637 Domini
1266 4585 1521 4653 patientia
1560 4603 1591 4644 a
1637 4593 1844 4661 perﬁdo
1884 4596 2067 4669 iniqua

2178 3374 2250 3430 sit
2278 3375 2332 3430 in
2361 3375 2647 3434 Divinitate
2687 3392 2939 3449 sperare,
2970 3387 3024 3439 et
3050 3382 3222 3451 qualis
3256 3382 3502 3441 interitus
3523 3399 3680 3457 spem
3709 3390 3764 3446 in

2176 3465 2403 3523 Domino
2441 3483 2548 3525 non
2576 3468 2796 3528 habere.
2825 3469 2977 3539 Quod
3017 3472 3234 3529 schema
3274 3474 3474 3532 dicitur
3509 3478 3765 3550 syndica-

2176 3569 2355 3627 smos,
2381 3559 2436 3614 id
2474 3569 2558 3617 est
2592 3561 2826 3630 collatio,
2856 3564 3070 3636 quando
3097 3581 3185 3624 res
3210 3566 3436 3626 diversa:
3460 3568 3518 3626 iu
3546 3581 3765 3630 contra-

2175 3647 2313 3705 rium
2340 3651 2555 3709 sibimet
2580 3664 2976 3723 comparantur.
3021 3658 3088 3713 Et
3110 3674 3178 3716 ne
3204 3670 3479 3731 putaretur
3502 3666 3606 3723 ista
3631 3681 3763 3725 eon-

2174 3737 2393 3796 ﬁdentia
2439 3741 2505 3797 ad
2554 3750 2762 3815 tempus
2807 3745 2972 3802 fuisse
3016 3758 3300 3821 suscepta,
3352 3754 3664 3829 subiunxit,
3712 3762 3767 3813 in

2175 3841 2441 3901 wternum,
2474 3835 2615 3905 quod
2644 3845 2728 3893 est
2759 3839 2813 3893 in
2840 3841 3079 3897 swculum
3102 3846 3295 3901 seculi.
3327 3848 3458 3917 Quae
3503 3865 3595 3908 res
3643 3852 3764 3910 ideo

2175 3927 2400 3997 repetita
2427 3930 2789 4000 cognoscitur,
2820 3942 2880 3988 ut
2902 3946 3051 4005 spem
3079 3939 3299 3995 omnino
3325 3939 3486 3999 ﬁxam
3509 3942 3763 4004 habuisse

2174 4016 2231 4074 in
2260 4019 2351 4076 illa
2372 4021 2676 4079 teternitate
2697 4022 2985 4094 iudicetur.

2245 4111 2400 4169 νει-ε.
2429 4112 2482 4170 9.
2511 4113 2800 4185 Confitebor
2838 4117 2962 4188 tibi,
2987 4118 3234 4191 Domine,
3262 4123 3317 4179 in
3354 4126 3598 4182 siccatum
3639 4130 3761 4201 quia

2172 4203 2361 4274 fecisti;
2386 4212 2432 4261 et
2458 4209 2758 4279 exspectabo
2784 4225 2963 4266 nomen
2984 4220 3151 4281 tuum,
3170 4217 3411 4285 quoniam
3427 4215 3566 4291 [ed.,
3588 4220 3757 4292 quod]

2172 4293 2360 4352 bonum
2403 4307 2479 4354 est
2522 4306 2640 4355 ante
2680 4310 3031 4373 conspectum,‘
3053 4316 3343 4363 sanctorum
3370 4316 3596 4368 tuorum.
3619 4311 3760 4369 Dum

2172 4383 2312 4441 bona
2334 4401 2448 4443 suae
2476 4388 2831 4447 confessionis
2852 4392 3236 4453 saluberrimus
3256 4398 3576 4467 praedicator
3589 4415 3762 4459 enun-

2170 4473 2289 4542 tiat,
2313 4478 2759 4545 quemadmodum
2807 4497 2906 4540 nos
2953 4483 3130 4543 facere
3177 4488 3470 4547 debeamus
3498 4495 3757 4551 ostendit.

2171 4563 2270 4620 Hic
2295 4567 2439 4623 enim
2468 4569 2652 4627 datum
2694 4583 2779 4630 est
2823 4578 3100 4648 conﬁteri,
3141 4589 3199 4637 ut
3228 4581 3302 4638 ibi
3330 4597 3635 4644 mereamur
3663 4590 3760 4645 ab-

485 4664 759 4724 voluntate
786 4676 1089 4741 contempta
1139 4681 1241 4729 est.
1274 4673 1382 4731 Sed
1432 4692 1498 4734 ne
1544 4657 1712 4738 risum
1759 4657 2067 4755 ipsumxut

2180 4657 2328 4715 solvi.
2355 4661 2586 4732 Adiecit,
2607 4666 2732 4736 quia
2758 4666 2965 4737 fecisti:
2996 4671 3086 4727 ubi
3120 4672 3519 4745 intelligendum
3549 4689 3633 4737 est
3662 4698 3759 4753 per

487 4752 574 4807 hic
626 4756 941 4826 plerumque
995 4762 1268 4830 provenit,
1336 4764 1664 4826 levissimum
1719 4752 2059 4849 putaremus,

485 4849 827 4920 subsequitur
854 4867 973 4921 qua:
995 4853 1158 4909 verba
1179 4854 1374 4913 dicturi
1403 4868 1567 4929 sunt;
1598 4872 1657 4918 ut
1701 4879 1823 4922 cum
1860 4868 2062 4938 judicio

485 4939 701 4997 Domini
744 4942 1021 5001 beatorum
1071 4956 1429 5007 consentanea
1481 4953 1727 5014 voluntas
1768 4962 1941 5030 possit
1974 4978 2063 5022 os.

483 5033 653 5093 tendi.

556 5125 707 5182 Vers.
734 5128 787 5182 7.
816 5127 948 5184 Ecce
973 5131 1121 5189 homo
1141 5134 1229 5205 qui
1257 5151 1356 5191 non
1384 5139 1555 5206 posuit
1579 5138 1745 5195 Deum
1770 5145 2062 5217 adjutorem

476 5217 597 5284 sibi,
628 5220 717 5272 sed
745 5223 964 5289 speravit
992 5224 1045 5278 in
1069 5227 1394 5284 multitudine
1418 5229 1728 5287 divitiarum
1748 5251 1982 5304 suarum,
2012 5250 2062 5296 et

479 5308 747 5376 praevaluit
787 5310 841 5364 in
880 5312 1099 5367 vanitate
1138 5331 1251 5372 sua.
1301 5316 1437 5375 Ecce
1463 5320 1588 5377 dum
1616 5322 1813 5381 dicitur
1840 5336 2061 5385 extensa

452 5414 663 5466 .manu,
692 5404 988 5471 peccatoris
1016 5419 1133 5461 sors
1159 5409 1384 5467 nefanda
1412 5423 1761 5483 monstratur;
1795 5419 1964 5477 claret
1990 5423 2061 5480 ad

453 5493 605 5565 .quid
636 5493 894 5563 producta
921 5506 1043 5554 sunt
1074 5502 1233 5573 178
1253 5516 1435 5573 opera,
1465 5521 1583 5578 quae
1609 5509 1843 5578 gloriosa
1867 5514 2057 5572 crude-

453 5584 713 5653 ,lissimus
739 5586 1056 5643 aestimabat.
1082 5588 1298 5646 Divitias
1325 5609 1453 5650 vero
1486 5598 1570 5655 hic
1594 5602 1868 5661 universas
1896 5619 2053 5674 pom-

473 5690 572 5747 pas
596 5677 777 5733 saeculi
806 5678 1064 5738 debemus
1098 5685 1360 5755 accipere,
1389 5690 1578 5759 quibus
1608 5694 1701 5751 ille
1733 5696 2053 5755 nefandissi-

446 5784 596 5850 .mus
622 5770 940 5839 abundabit;
969 5774 1104 5831 sicut
1133 5776 1317 5835 Daniel
1346 5783 1605 5851 preplteta
1631 5799 2048 5849 commemorat:

468 5857 544 5913 Et
572 5862 917 5920 dominabitur
939 5865 993 5924 in
1018 5869 1224 5925 occultis
1252 5874 1373 5927 auri
1400 5886 1448 5929 et
1473 5879 1701 5949 argenti,
1734 5891 1780 5939 et
1805 5884 1857 5939 in
1885 5885 2047 5940 omni-

2174 4750 2397 4824 ﬁguram
2422 4759 2684 4829 eclipsim,
2726 4763 3174 4839 misericordiam,
3214 4771 3271 4828 in
3296 4786 3401 4843 qua
3425 4789 3485 4832 se
3508 4750 3758 4847 superius

2170 4860 2419 4919 sperasse
2442 4858 2668 4910 testatus
2690 4865 2792 4911 est.
2830 4856 3105 4932 Sequitur,
3144 4875 3195 4920 et
3222 4868 3523 4938 exspectabo
3571 4888 3757 4929 nomen

2171 4949 2335 5009 tuum,
2358 4944 2595 5012 quoniam
2621 4946 2807 5003 bonum
2834 4958 2929 5005 est.
2960 4951 3165 5010 Nomen
3193 4955 3311 5027 eius
3335 4970 3630 5029 exspectat,
3662 4964 3756 5034 qui
3788 5020 3791 5023 η

2167 5045 2229 5090 se
2276 5033 2331 5089 in
2366 5034 2570 5104 judicio
2614 5037 2824 5095 Domini
2860 5040 3153 5101 Salvatoris
3188 5061 3285 5118 per
3326 5033 3751 5109 misericordiam

2163 5124 2283 5194 eius
2311 5124 2483 5182 credit
2520 5141 2642 5185 esse
2674 5129 3011 5203 salvandum,
3042 5136 3168 5192 dum
3207 5139 3523 5197 vocabulum
3565 5143 3671 5200 tale
3699 5145 3753 5201 in

2164 5231 2225 5273 se
2248 5219 2479 5275 aestimat
2497 5233 2617 5278 esse
2646 5225 3045 5293 complendum.
3076 5229 3230 5297 Quod
3270 5231 3391 5300 iure
3432 5234 3627 5290 dicitur
3666 5236 3753 5290 bo-

2164 5326 2315 5377 num,
2344 5311 2434 5367 ubi
2457 5319 2512 5368 et
2537 5327 2663 5383 spes
2689 5316 2906 5384 salutis,
2936 5327 2993 5374 et
3028 5321 3190 5377 totius
3214 5322 3337 5379 vita:
3366 5324 3539 5395 palma
3581 5329 3750 5381 susci-

2162 5399 2328 5471 pitur.
2342 5401 2596 5459 Additum
2612 5415 2694 5461 est
2711 5421 2924 5477 quoque
2939 5449 2955 5475 ,
2979 5420 3098 5467 ante
3118 5425 3440 5483 conspectum
3454 5429 3747 5472 sanctorum

2164 5503 2398 5567 tuorum,
2426 5499 2639 5569 quando
2663 5500 2774 5570 iam
2802 5506 3051 5573 gaudium
3081 5508 3336 5575 generale
3355 5509 3620 5579 iustorum
3641 5523 3739 5579 est,

2160 5596 2215 5642 et
2259 5590 2511 5647 concordi
2556 5593 2909 5651 exsultatione
2942 5597 3058 5655 laus
3089 5600 3300 5657 Domini
3320 5604 3449 5673 jsine
3478 5605 3587 5663 ﬁne
3616 5621 3740 5662 can-

2158 5678 2376 5737 tabitur.

2698 5774 2968 5835 Conclusio
3002 5783 3207 5853 psalmi.

2226 5888 2356 5945 Post
2384 5887 2499 5948 illas
2537 5891 2962 5964 quinquagesimi
2992 5899 3182 5969 psalmi
3226 5899 3411 5959 felices
3442 5902 3733 5975 lacrymas,
