4036 6342
226 466 322 523 377

1167 459 1532 522 EXPOSITIO
1566 459 1634 519 ΙΝ
1672 457 2134 519 PSAL’I‘ERIUM.
2174 460 2369 519 PSAL.
2409 458 2519 517 ιιι.

3371 464 3474 519 ’578

222 590 275 641 et
299 580 650 652 expiationem
679 579 1045 638 beatissimam
1064 591 1429 652 peccatorum,
1453 596 1613 653 quam
1642 580 1793 635 laetus
1819 582 1872 641 Α
1899 578 2200 644 sustinere,
2240 579 2411 635 donec
2445 578 2703 648 judicium
2731 578 3023 650 Maiestatis
3071 579 3337 651 adveniat,
3383 582 3474 638 ubi

227 677 473 748 propheta
514 677 567 733 in
614 677 979 733 adversarium
1033 677 1240 732 Domini
1286 677 1579 732 divinitatis
1613 688 1795 731 amore

225 768 477 840 prorupit,
504 769 853 826 devotissime
894 770 1102 827 hostem
1143 770 1286 840 regis
1324 769 1406 824 sui
1436 767 1794 838 persequitur,

223 862 305 932 qui
354 869 695 931 peccatorum
755 862 928 917 fuerat
979 862 1303 918 adversitate
1362 860 1640 916 liberatus.
1688 856 1795 912 Sed

224 952 451 1021 quamvis
479 951 707 1008 diversis
735 952 865 1008 locis
891 960 945 1008 et
973 953 1089 1008 laus
1118 951 1418 1008 inveniatur
1438 957 1492 1005 et
1517 948 1793 1018 vitupera-

212 1045 321 1110 tio,
366 1059 485 1112 qua:
532 1043 805 1114 pertinent
858 1044 923 1099 ad
968 1043 1446 1100 demonstrativum
1496 1053 1697 1113 genus;
1738 1039 1795 1095 in

225 1135 318 1191 isto
347 1143 524 1189 tamen
556 1136 764 1205 psalmo
791 1135 1150 1207 pulcherrime
1175 1143 1353 1205 partes
1372 1140 1627 1203 utrasque
1649 1144 1796 1187 com-

224 1228 399 1297 plexus
445 1238 550 1283 est.
576 1230 620 1283 A
651 1229 910 1299 principio
936 1229 1196 1299 siquidem
1220 1243 1389 1299 usque
1413 1228 1481 1283 ad
1510 1226 1642 1283 illud
1660 1270 1676 1297 ,
1706 1226 1796 1285 ubi

221 1322 321 1377 ait:
355 1321 642 1378 Prtevaluit
671 1324 723 1377 in
753 1324 979 1379 vanitate
1006 1339 1099 1378 sua
1117 1363 1133 1389 ,
1162 1331 1367 1391 partem
1395 1318 1796 1391 vituperationis

222 1414 541 1485 exsequitur.
569 1415 698 1470 lnde
719 1429 849 1471 vero
875 1430 994 1486 qua:
1015 1423 1312 1483 sequuntur
1332 1426 1501 1483 usque
1523 1411 1589 1467 ad
1610 1411 1793 1479 ﬁnem,

222 1505 490 1563 laudativze
511 1506 787 1576 qualitatis
837 1508 1006 1563 forma
1046 1513 1394 1563 monstratur.
1421 1504 1513 1563 Sic
1540 1503 1797 1577 perfectio

223 1596 619 1654 demonstrativi
648 1599 862 1669 generis
899 1601 1142 1671 utrisque
1180 1599 1436 1655 lateribus
1464 1605 1672 1655 constat
1698 1598 1799 1654 im—

223 1690 373 1761 pleta.
426 1690 741 1748 Meminisse
791 1706 1004 1763 quoque
1040 1698 1154 1748 'nos
1205 1692 1451 1764 congruit
1503 1689 1796 1746 secundum

223 1782 352 1838 hunc
372 1797 492 1840 esse
520 1785 789 1855 psalmum
808 1828 823 1853 ,
863 1785 953 1857 qui
992 1784 1308 1840 Antichristi
1338 1782 1674 1854 prophetavit
1701 1781 1797 1837 ad-

225 1883 427 1930 ventum
447 1916 464 1943 ,
510 1877 745 1932 mirabili
778 1877 879 1932 sibi
908 1876 1262 1949 dispositione
1282 1874 1794 1946 conjunctam.Nam

1902 685 2090 727 omnes
2119 671 2260 725 beati
2290 671 2655 729 indubitanter
2690 675 2830 730 bona
2860 673 3118 745 recipient
3144 689 3263 746 qua:
3294 675 3475 732 Domi-

1900 780 2001 821 nus
2031 764 2333 834 pollicetur.

2429 875 2699 948 Expositio
2738 878 2943 946 psalmi.

1972 969 2128 1045 Vers.
2166 968 2219 1024 1.
2272 966 2417 1024 Dixit
2460 967 2703 1039 insipiens
2750 968 2805 1024 in
2852 968 3005 1025 corde
3047 984 3181 1025 suo:
3232 968 3353 1024 Non
3403 979 3476 1025 est

1897 1061 2058 1118 Deus.

1970 1154 2125 1210 Vers.
2153 1153 2209 1211 2.
2250 1153 2493 1227 Corrupti
2535 1162 2685 1222 sunt,
2726 1163 2774 1209 et
2811 1154 3178 1210 abominabiles
3204 1156 3328 1226 facti
3359 1163 3477 1211 sunt

1898 1248 1951 1303 in
1973 1247 2314 1303 voluntatibus
2341 1250 2450 1303 suis
2473 1263 2493 1304 :
2521 1264 2623 1302 non
2651 1256 2724 1303 est
2748 1247 2837 1318 qui
2864 1249 3018 1317 faciat
3044 1247 3248 1314 bonum,
3278 1265 3376 1302 non
3405 1258 3479 1302 est

1898 1352 2058 1411 usque
2086 1338 2155 1392 ad
2181 1355 2359 1393 unum.
2412 1338 2508 1393 [lic
2537 1340 2727 1394 iterum
2767 1338 2813 1393 si
2841 1338 3093 1394 volumus
3126 1339 3356 1405 intueri,
3405 1341 3478 1395 ita

1898 1433 2056 1489 nobis
2081 1431 2413 1504 categoricus
2451 1431 2791 1503 syllogismus
2820 1433 3111 1488 enascitur.
3163 1432 3478 1501 lnsipientes

1898 1524 2140 1595 corrupti
2167 1532 2320 1585 sunt.
2357 1531 2413 1578 et
2438 1522 2825 1579 abominabiles
2856 1522 2983 1578 facti
3008 1533 3133 1579 sunt
3162 1524 3212 1578 in
3239 1525 3480 1579 volunta-

1900 1614 2042 1671 tibus
2068 1615 2199 1671 suis.
2232 1615 2430 1670 Omnes
2461 1615 2547 1686 qui
2578 1614 2818 1685 corrupti
2845 1622 2969 1669 sunt
3007 1623 3061 1670 et
3094 1613 3481 1671 abominabiles

1900 1704 2026 1762 facti
2058 1713 2184 1762 sunt
2219 1706 2271 1761 in
2302 1705 2665 1761 voluntatibus
2694 1706 2825 1773 suis,
2853 1705 3038 1761 dicunt
3070 1706 3124 1760 in
3152 1705 3315 1760 corde
3341 1721 3437 1761 suo
3464 1723 3478 1759 :

1898 1797 2015 1855 Non
2047 1806 2130 1856 est
2159 1799 2321 1855 Deus.
2354 1800 2670 1870 lnsipientes
2691 1800 2852 1871 igitur
2875 1800 3058 1855 dicunt
3084 1799 3135 1853 in
3159 1800 3323 1855 corde
3344 1815 3477 1855 suo:

1899 1887 2017 1944 Non
2047 1898 2130 1946 est
2159 1890 2321 1945 Deus.
2370 1888 2519 1944 Nune
2544 1889 2610 1944 ad
2639 1904 2700 1945 ea
2731 1905 2849 1959 qua:
2880 1892 3051 1960 posita
3079 1897 3204 1945 sunt
3235 1888 3482 1945 subtilius

224 1965 351 2021 sicut
376 1982 475 2036 per
504 1967 679 2023 Eliam
707 1976 762 2024 et
782 1968 993 2036 Enoch,
1020 1968 1231 2024 duobus
1258 1976 1339 2025 est
1365 1967 1497 2023 viris
1525 1968 1799 2023 sanctissi-
1828 1967 1878 2031 B
1902 1979 2224 2051 exponenda
2249 1980 2548 2039 veniamus.
2587 1979 2823 2036 Verbum
2851 1981 3037 2046 dicere,
3078 1981 3350 2052 proprium
3382 1980 3485 2037 lin-

226 2056 318 2113 mis
340 2059 393 2113 in
415 2059 522 2116 ﬁne
549 2060 731 2116 sceculi
757 2059 1138 2131 destruendus,
1166 2060 1241 2115 ita
1255 2066 1309 2115 et
1331 2074 1424 2130 per
1442 2058 1542 2114 hos
1556 2058 1797 2130 geminos

224 2150 466 2219 psalmos,
500 2168 571 2209 ne
613 2154 856 2211 occultus
888 2162 1086 2210 terreat
1112 2151 1476 2210 Antichristus
1511 2149 1795 2205 indicatur.

228 2239 367 2298 Unde
405 2246 791 2301 convenienter
827 2254 948 2316 post
988 2245 1487 2317 quinquagesimum
1533 2242 1619 2297 hic
1657 2242 1798 2313 psal-

223 2346 334 2389 mus
361 2344 440 2391 cst
471 2338 700 2408 positus,
733 2339 985 2409 quoniam
1036 2337 1178 2394 ﬁlius
1220 2335 1551 2407 iniquitatis,
1579 2334 1649 2390 de
1693 2346 1800 2404 Quo

222 2422 472 2496 loquitur,
522 2430 809 2485 terminum
859 2428 1196 2487 remissionis
1242 2426 1551 2496 excedens,
1597 2425 1798 2482 nullam

221 2516 422 2575 veniam
452 2519 657 2578 habere
683 2523 1045 2594 cognoscitur.

512 2669 872 2730 EXPOSITIO
910 2671 978 2728 IN
1013 2671 1345 2730 PSALMUM
1381 2671 1491 2730 ιιι.

391 2810 468 2867 In
498 2812 689 2882 linem,
718 2829 817 2884 pro
844 2812 1088 2870 Amalech
1118 2813 1405 2871 intellectus
1427 2812 1621 2869 Dauid.

283 2944 418 3002 Cum
465 2946 706 3016 psalmus
754 2950 858 3008 iste
901 2965 1096 3024 magna
1131 2966 1198 3009 ex
1240 2956 1435 3024 parte,‘
1454 2950 1802 3011 similitudine

226 3052 467 3096 versuum
488 3040 700 3099 decimo
717 3044 877 3100 tertio
896 3046 1186 3102 convenire
1208 3055 1483 3114 noscatur,
1500 3045 1803 3104 intellectus

226 3128 454 3200 ipsorum
496 3146 659 3203 quam
707 3134 941 3192 maxime
987 3145 1322 3207 permutatas
1373 3146 1457 3194 est
1500 3138 1803 3196 diversitate

228 3219 510 3278 titulorum.
541 3223 674 3278 Nam
708 3238 830 3280 cum
860 3224 951 3281 ille
980 3226 1176 3283 habeat
1216 3227 1445 3297 psalmus
1474 3226 1659 3295 Dauid,
1702 3226 1803 3285 iste

225 3313 451 3371 continet
492 3317 556 3370 in
583 3316 757 3387 ﬁnem,
786 3335 880 3390 pro
901 3320 1143 3375 Amalech
1185 3320 1468 3377 intellectus
1498 3321 1667 3377 David
1688 3339 1707 3378 :
1728 3323 1799 3379 ita

227 3416 327 3459 non
348 3406 574 3461 mutatis
592 3408 838 3464 versibus
863 3409 1006 3465 aliud
1036 3409 1158 3476 ille,
1190 3410 1333 3466 aliud
1361 3411 1461 3467 iste
1491 3412 1803 3482 pronuntiat

228 3504 341 3552 esse
374 3505 692 3554 venturum.
732 3498 828 3555 llle
872 3499 1017 3555 enim
1064 3508 1248 3556 contra
1275 3500 1493 3557 Iudaeos
1521 3501 1803 3572 promitur,

227 3580 320 3643 iste
352 3596 550 3644 contra
586 3602 777 3646 omnes
818 3599 1131 3659 peceatores
1176 3592 1451 3662 insurgere
1487 3591 1810 3663 generaliter

232 3676 522 3749 indicatur;
555 3682 648 3740 ille
688 3683 755 3740 de
798 3686 1166 3742 incarnatione
1195 3687 1428 3753 Domini,
1456 3687 1560 3743 iste
1600 3687 1670 3743 de
1713 3687 1809 3744 ad-

231 3780 377 3828 veutu
415 3773 613 3844 judieii
655 3774 712 3831 in
754 3776 861 3833 ﬁne
888 3778 1087 3848 psalmi
1128 3777 1366 3835 dicturus
1394 3789 1498 3836 est.
1520 3780 1809 3836 Pulchrum

233 3863 376 3931 plane
417 3868 640 3926 dicendi
686 3884 884 3941 genus,
913 3871 1058 3942 quod
1098 3887 1195 3942 per
1238 3872 1465 3942 ﬁguram
1502 3872 1811 3943 allegoriam

237 3964 512 4029 provenit,
546 3961 689 4018 idem
718 3963 922 4032 dicere,
954 3973 1010 4020 et
1034 3964 1191 4021 aliter
1217 3978 1336 4034 quae
1360 3972 1488 4020 sunt
1516 3964 1655 4021 dicta
1683 3979 1809 4022 sen-

236 4048 351 4105 tire.
374 4052 617 4125 Miroque
643 4055 805 4112 modo
831 4057 1097 4127 reperitur
1132 4056 1417 4113 diversitas
1450 4057 1506 4113 in
1535 4057 1811 4131 sensibus,
1898 4084 1901 4087 ·

236 4139 327 4195 ubi
367 4159 425 4201 se
461 4160 574 4202 non
602 4147 828 4204 mutavit
876 4147 1172 4219 eloquium.
1202 4145 1357 4205 Nunc
1398 4148 1467 4205 de
1493 4149 1632 4204 tituli
1661 4148 1814 4209 istius

240 4237 571 4295 sermonibus
599 4241 929 4298 intimemus.
960 4240 1026 4296 In
1054 4242 1243 4310 finem,
1278 4258 1372 4311 pro
1399 4243 1638 4298 Amalech
1665 4243 1815 4301 intel-

239 4322 392 4383 lectus
420 4329 608 4387 David.
652 4330 720 4387 In
767 4333 927 4403 ﬁnem
951 4332 1082 4405 quid
1119 4331 1384 4404 signiﬁcet
1416 4333 1680 4406 frequenti
1720 4350 1815 4391 ex-

241 4420 493 4487 positione
538 4412 655 4494 jam‘
693 4432 879 4481 notum
926 4434 1030 4481 est.
1064 4426 1306 4481 Amalech
1350 4410 1697 4498 autem'gens
1717 4429 1817 4485 fuit

242 4523 355 4577 quae
378 4521 568 4570 contra
589 4513 686 4571 Dei
714 4515 970 4586 populum
995 4515 1265 4595 acerrima
1291 4516 1450 4572 nimis
1470 4524 1527 4573 et
1550 4517 1815 4589 frequenti

243 4606 635 4663 concertatione
660 4608 942 4677 pugnavit.
974 4605 1138 4677 Hujus
1170 4606 1404 4663 nominis
1446 4608 1817 4678 interpretatio

245 4695 359 4755 talis
383 4710 497 4770 est,
548 4714 648 4770 pro
690 4700 1028 4769 parturiente
1071 4699 1186 4756 sive
1211 4701 1449 4758 dolente.
1493 4700 1647 4769 Quod
1676 4715 1818 4758 nune

246 4787 308 4843 ad
351 4790 646 4848 Ecclesium
697 4790 909 4846 Domini
954 4799 1324 4861 competenter
1359 4799 1643 4861 aptamus,
1695 4807 1816 4863 quae

248 4882 486 4951 tanquam
536 4882 727 4939 dolens
772 4896 837 4939 ac
883 4884 1187 4953 parturiens
1232 4883 1483 4955 populum
1512 4894 1819 4942 commonet

248 4973 602 5044 perﬁdorum,
633 4983 694 5031 ut
734 4991 767 5031 a
793 4976 906 5031 suis
933 4976 1305 5047 iniquitatibus
1338 4976 1704 5048 conquiescat,
1752 4992 1820 5035 ne

250 5063 301 5118 in
323 5067 496 5124 divina
517 5067 910 5137 disceptatione
929 5068 1220 5139 dispereat;
1245 5069 1384 5124 sicut
1406 5068 1694 5138 Apostolus
1714 5069 1815 5123 ait:

251 5156 422 5216 Filioli
440 5162 575 5232 mei,
605 5178 731 5229 quos
764 5164 948 5218 iterum
984 5164 1234 5233 parturio,
1273 5162 1432 5219 donec
1452 5160 1687 5219 Christus
1709 5166 1821 5231 {or-

251 5258 404 5306 ntetur
423 5254 477 5309 in
495 5253 632 5309 vobis
655 5252 799 5324 (Gal.
823 5270 899 5322 tv,
924 5253 1039 5322 19).

727 5368 888 5440 1'79
914 5349 1117 5420 Divisio.
1142 5367 1344 5436 psalmi.

321 5475 373 5533 In
403 5481 572 5550 primo
596 5480 841 5536 membro
869 5478 1059 5550 psalmi
1088 5475 1329 5532 Ecclesia
1361 5477 1616 5547 loquitur,
1646 5478 1822 5537 inere-

259 5585 383 5641 pans
420 5589 510 5631 eos
545 5576 635 5646 qui
676 5574 864 5630 nolunt
910 5573 976 5628 ad
1022 5571 1321 5643 spiritualia
1365 5570 1506 5626 bona
1536 5587 1628 5628 sua
1660 5573 1824 5630 corda

260 5676 591 5733 convertere.
635 5669 731 5724 sed
780 5667 1078 5723 imitatione
1128 5675 1307 5721 mutua
1338 5666 1563 5722 invicem
1594 5665 1826 5721 sordidis

263 5758 457 5815 actibus
478 5761 807 5831 polluuntur.
834 5759 1078 5817 Secundo
1101 5759 1219 5815 loco
1241 5758 1373 5814 dicit
1398 5772 1491 5814 eos
1515 5767 1829 5826 recepturos

264 5851 415 5917 mala,
458 5869 574 5923 quae
621 5854 673 5907 in
724 5838 935 5924 plebem
968 5851 1193 5907 fecerint
1214 5848 1595 5905 Christianam.
1650 5850 1830 5907 Tertio

267 5942 439 6001 ﬁdeles
469 5947 687 6019 populos
723 5954 906 6005 monet
935 5944 1306 6017 aequanimiter
1335 5944 1613 6003 molestias
1650 5945 1832 6001 surculi

1900 2084 2039 2141 gum,
2068 2084 2175 2125 non
2206 2070 2386 2126 cordis
2414 2078 2519 2125 est.
2568 2069 2673 2126 Sed
2713 2070 2841 2140 quia
2883 2069 3235 2141 cogitationes
3273 2081 3485 2128 nostras

1901 2160 2144 2231 potentia
2175 2160 2486 2217 Divinitatis
2514 2162 2784 2232 intelligit,
2820 2171 2967 2218 recte
2992 2162 3194 2218 dictum
3225 2171 3326 2230 est,
3360 2164 3493 2219 ἱηδὶδ

1900 2254 2085 2326 pientis
2124 2270 2216 2309 cor
2242 2255 2428 2321 dicere,
2457 2255 2600 2325 quod
2632 2253 2699 2309 ad
2728 2268 2888 2309 aures
2918 2253 3128 2309 Domini
3160 2256 3332 2323 potuit
3362 2270 3487 2325 per-

1901 2348 2118 2414 venire;
2163 2347 2367 2404 scilicet
2403 2363 2508 2402 non
2544 2347 2611 2402 ad
2653 2346 3061 2418 ignoscendum,
3093 2346 3188 2401 sed
3219 2346 3286 2401 ad
3311 2347 3488 2401 vindia

1900 2438 2128 2494 candum
2157 2437 2289 2509 [ed.,
2313 2435 2721 2508 judicandum];
2752 2439 2890 2493 sicut
2916 2436 3176 2491 Dominus
3207 2437 3258 2491 in
3290 2436 3487 2494 Genesi

1900 2528 2036 2585 dicit
2061 2546 2077 2584 :
2099 2527 2421 2584 Descendunt
2449 2539 2495 2584 et
2525 2529 2703 2584 videbo
2732 2538 2904 2584 utrum
2945 2530 3216 2584 clamorem
3242 2528 3331 2599 qui
3354 2530 3488 2583 venit

1901 2621 1973 2676 ad
2000 2638 2080 2677 me
2111 2638 2261 2691 opere
2288 2621 2578 2691 compleant
2608 2620 2931 2690 (Genavm,
2950 2621 3068 2693 21),
3097 2628 3204 2676 etc.
3236 2619 3372 2675 Nam
3396 2621 3487 2690 qui

1816 2768 1821 2774 .
1902 2717 2257 2786 omnipotenti
2284 2716 2462 2772 Verbo
2511 2717 2689 2787 aliqua
2732 2717 3016 2773 occasione
3060 2715 3327 2784 detrahit,
3384 2730 3486 2772 nec

1904 2807 2183 2863 catholicis
2223 2807 2424 2878 regulis
2463 2807 2793 2877 acquiescit,
2845 2808 3030 2878 utique
3069 2808 3318 2876 insipiens
3358 2816 3485 2874 est;

1904 2903 2029 2973 quia
2056 2915 2199 2957 verte
2234 2900 2510 2969 sapientiae
2547 2899 2686 2955 dona
2722 2900 3067 2970 contempsit.
3117 2900 3223 2955 lste
3260 2913 3390 2971 ergo
3432 2900 3489 2957 in

1904 2994 2067 3050 corde
2096 3007 2196 3049 suo
2226 2998 2386 3063 negat
2413 2992 2610 3058 Deum;
2644 3005 2768 3046 nam
2799 2982 2845 3047 si
2874 3006 3001 3046 vere
3021 2991 3186 3046 Deum
3215 2990 3486 3062 crederet,

1905 3084 2051 3140 nulla
2100 3084 2155 3140 in
2202 3097 2326 3138 cum
2371 3084 2636 3153 pravitate
2679 3092 2945 3153 peccaret.
3002 3082 3067 3138 Et
3096 3090 3154 3138 ut
3183 3083 3324 3137 hunc
3359 3082 3488 3137 insi-

1906 3179 2130 3250 pientem
2157 3191 2253 3248 per
2279 3176 2603 3245 multiplices
2628 3190 2842 3232 errores
2881 3175 3146 3246 potuisses
3184 3175 3487 3241 advertere,

1907 3269 2165 3342 pluralem
2190 3267 2265 3322 illi
2288 3281 2570 3324 numerum
2590 3267 2846 3324 decenter
2865 3267 3138 3339 adjunxit;
3166 3268 3295 3323 dicit
3312 3269 3454 3324 enim
3471 3287 3484 3323 :

1830 3353 1877 3419 C
1908 3362 2151 3434 Corrupti
2171 3369 2287 3416 sunt
2313 3368 2361 3417 et
2390 3360 2755 3416 abominabiles
2780 3355 2904 3432 facti
2927 3369 3045 3415 sunt
3070 3362 3123 3416 in
3148 3362 3491 3417 voluntatibus

1906 3454 2038 3511 suis.
2087 3453 2288 3509 Omnes
2333 3453 2574 3511 haeretici
2612 3469 2719 3510 uno
2753 3454 2920 3511 verbo
2949 3456 3119 3511 notati
3148 3465 3312 3523 sunt;
3363 3470 3490 3511 nam

1910 3544 2022 3601 Deo
2053 3553 2199 3601 recte
2228 3559 2334 3600 non
2365 3544 2656 3601 credidisse
2692 3546 2969 3616 corruptio
2998 3555 3118 3602 est:
3166 3547 3418 3618 quoniam
3458 3563 3491 3604 a

1908 3638 2064 3693 vitali
2094 3651 2257 3693 sensu
2288 3636 2570 3693 discedunt
2596 3638 2688 3709 qui
2727 3638 3015 3695 mortiferis
3052 3639 3492 3710 persuasionibus

1912 3731 2278 3801 implicantur.
2328 3731 2437 3788 Hos
2466 3731 2816 3802 subsequitur
2861 3746 3019 3801 poena
3056 3731 3388 3802 justissima;
3434 3743 3494 3790 ut

1911 3823 2280 3878 abominabiles
2309 3824 2364 3877 in
2395 3822 2740 3878 voluntatibus
2769 3824 2876 3879 suis
2904 3824 3064 3893 ﬁant,
3105 3824 3197 3895 qui
3226 3827 3494 3896 corruptis

1913 3918 2163 3973 sensibus
2190 3916 2577 3972 ohsecundant.
2637 3916 2887 3985 Addidit,
2936 3933 3040 3971 non
3085 3927 3158 3971 est
3203 3917 3287 3986 qui
3337 3918 3495 3989 faciat

1915 4009 2154 4078 bonum],
2174 4025 2279 4064 non
2317 4018 2391 4064 est
2430 4025 2590 4079 usque
2616 4009 2686 4064 ad
2714 4024 2893 4065 unum.
2949 4010 3074 4063 Haec
3103 4011 3271 4080 figura
3302 4010 3495 4067 dicitur

1915 4104 2223 4171 anaphora,
2266 4100 2321 4155 id
2355 4108 2440 4156 est
2466 4100 2677 4169 relatio,
2711 4100 2923 4171 quoties
2948 4115 3110 4155 unum
3140 4102 3358 4157 verbum
3393 4104 3496 4159 fre-

1916 4191 2102 4264 quenti
2128 4191 2413 4247 iteratione
2439 4191 2716 4261 repetitur.
2755 4189 2868 4246 lloc
2896 4198 2982 4247 est
3010 4191 3153 4247 enim
3179 4192 3318 4260 quod
3345 4191 3497 4248 dolo-

1916 4287 2065 4343 ribus
2091 4284 2249 4355 plena
2276 4282 2607 4355 parturiebat
2632 4282 2910 4351 Ecclesia;
2955 4292 3013 4340 ut
3051 4284 3103 4340 in
3134 4292 3279 4340 tanta
3318 4284 3499 4341 multi-

1918 4377 2104 4435 tudine
2134 4378 2466 4450 perditorum
2493 4390 2601 4431 non
2629 4374 2816 4447 sitqui
2843 4376 3044 4432 bonum
3074 4377 3241 4449 possit
3261 4377 3494 4447 operari.

1917 4476 2070 4546 Quod
2100 4476 2168 4532 de
2198 4474 2305 4530 illis
2335 4480 2540 4529 tantum
2584 4473 2746 4529 debet
2790 4472 2971 4547 accipi
3006 4472 3120 4543 qui,
3171 4480 3323 4529 extra
3372 4471 3501 4527 reli-

1918 4570 2135 4640 gionem
2160 4565 2350 4639 positi,
2380 4565 2435 4621 in
2464 4563 2772 4622 detestabili
2797 4563 3156 4621 obstinatione
3185 4564 3496 4633 perdurant.

1921 4658 2093 4725 Nam,
2143 4664 2203 4712 ut
2247 4656 2352 4712 hoc
2397 4653 2466 4710 de
2513 4654 2645 4725 ipsis
2692 4653 2866 4723 possis
2912 4653 3227 4719 advertere,
3277 4650 3503 4707 inferius

1843 4747 1897 4808 D
1920 4750 2159 4806 dicturus
2195 4755 2305 4812 est,
2348 4746 2435 4816 qui
2473 4746 2718 4800 devorant
2756 4743 2950 4815 plebem
2989 4757 3186 4808 meam;
3227 4755 3321 4797 eos
3358 4744 3501 4796 enim

1922 4842 1996 4898 ibi
2034 4839 2279 4910 designat
2323 4838 2412 4908 qui
2456 4836 2670 4892 ﬁdelem
2718 4835 2968 4905 populum
3014 4831 3216 4903 apertis
3260 4830 3504 4889 faucibus

1922 4939 2336 5003 persequuntur.

1997 5022 2150 5077 Vers.
2175 5022 2231 5077 ’5.
2266 5019 2516 5075 Dominus
2545 5020 2607 5074 de
2633 5018 2759 5073 caelo
2788 5017 3046 5086 prospexit
3073 5032 3227 5086 super
3248 5017 3386 5087 ﬁlios
3416 5018 3506 5072 lto-

1929 5116 2145 5179 minum,
2166 5121 2222 5168 ut
2248 5114 2412 5169 videat
2441 5112 2483 5167 si
2510 5121 2586 5167 est
2614 5109 2903 5181 intelligens
2926 5116 3015 5162 aut
3035 5108 3293 5179 requirens
3316 5106 3506 5165 Deum.

1933 5204 2210 5276 Prospexit
2249 5217 2437 5259 revera
2483 5201 2730 5255 Dominus
2770 5198 2835 5254 de
2874 5198 3029 5266 cmlo,
3072 5197 3127 5254 id
3166 5209 3251 5255 est
3291 5199 3358 5255 de
3400 5215 3508 5254 uno

1929 5312 2143 5368 quoque
2184 5296 2535 5366 przedicatore
2575 5306 2704 5357 suo,
2748 5305 2881 5362 quos
2917 5298 3171 5363 tanquam
3201 5291 3394 5347 cmlum
3426 5290 3509 5346 in-

1929 5388 2085 5445 sidet.
2140 5387 2308 5457 Super
2335 5385 2471 5455 ﬁlios
2501 5382 2798 5447 hominum,
2831 5383 3044 5454 quando
3069 5382 3138 5438 ab
3162 5383 3416 5453 apostolis
3455 5391 3511 5439 et

1932 5476 2209 5549 prophetis
2253 5488 2312 5529 se
2359 5472 2485 5527 fecit
2531 5472 2835 5528 salutariter
2882 5471 3200 5543 praedicari;
3248 5481 3307 5527 ut
3350 5486 3506 5543 quem

1934 5571 2201 5644 gentilitas
2244 5569 2409 5623 Deum
2456 5567 2735 5638 ignorabat
2777 5582 2918 5633 esse,
2972 5582 3067 5636 per
3097 5581 3190 5621 eos
3230 5565 3509 5619 manifesta

1933 5663 2154 5719 veritate
2183 5668 2551 5731 cognosceret.
2607 5658 2673 5713 Et
2716 5672 2902 5713 revera
2934 5658 3067 5725 ﬁlios
3105 5655 3372 5709 hominum
3410 5654 3509 5709 sub

1933 5770 2122 5827 magna
2153 5753 2351 5824 pietate
2379 5753 2671 5825 prospexit;
2715 5761 2774 5806 ut
2815 5764 2922 5806 non
2954 5758 3198 5805 errantes
3228 5747 3509 5818 perderet,

1934 5851 2026 5907 sed
2073 5849 2393 5919 pmnitentcs
2436 5848 2521 5917 pia
2564 5844 2903 5900 confessione
2932 5843 3183 5897 salvaret.
3236 5839 3509 5909 Sequitur,

1934 5953 1989 5999 ut
2020 5942 2188 5997 videat
2234 5945 2277 5995 si
2317 5951 2388 5996 est
2434 5940 2717 6011 intelligens
2747 5946 2833 5991 aut
2862 5937 3120 6005 requirens
3148 5933 3328 5990 Deum.
3379 5930 3514 5991 Cum

3990 4598 3993 4791 ψ
