4020 6348
523 425 624 482 579

1704 434 1773 489 Μ.
1815 433 2094 489 AURELII

2214 431 2542 490 tSSIODORI
3660 438 3774 496 εει)

524 546 663 602 Deus
693 546 1020 604 occultorum
1048 547 1116 604 sit
1138 551 1400 620 cognitor,
1428 558 1503 607 σοι
1547 549 1684 606 sciat
1719 550 1900 606 omnia
1931 559 2085 605 ante-
2115 551 2170 612 Α
2193 557 2247 603 et
2272 547 2528 620 quidquid
2559 553 2756 618 praeter
2787 545 2934 602 illum
2959 547 3138 614 fuerit,
3166 547 3310 606 velut
3329 548 3504 608 fumus
3531 550 3586 612 in
3613 565 3780 610 auras

521 652 676 708 quam
709 638 864 703 ﬁant,
913 640 996 695 hic
1026 641 1224 695 dictum
1255 649 1369 704 est,
1410 652 1463 696 ut
1492 643 1687 708 videat,
1721 641 1772 695 id
1801 651 1882 696 est
1906 641 2090 698 videre

523 731 706 796 faciat;
753 733 892 786 sicut
931 741 985 786 et
1024 734 1250 788 Abrahae
1281 734 1482 789 dictum
1513 744 1634 790 est:
1680 733 1837 787 Nunc
1877 735 2091 804 cognovi

521 828 760 898 quoniam
785 829 955 898 diligis
976 829 1254 896 Dominum
1285 833 1446 888 Deum
1476 843 1619 888 tuum
1642 831 1794 902 (Gen.
1819 847 1948 894 xxtt,
1977 829 2088 899 12).

520 921 650 991 Quae
696 919 860 990 ﬁgura
909 921 1102 978 dicitur
1148 925 1464 996 hypallage,
1519 925 1569 980 id
1619 933 1702 981 est
1749 923 2089 994 permutatio,

523 1011 731 1082 quoties
758 1011 939 1068 videre
976 1023 1066 1068 aut
1095 1029 1422 1085 cognoscere
1467 1015 1694 1070 dicimus
1737 1029 1858 1071 eum
1897 1013 1988 1085 qui
2015 1013 2094 1069 vi-

523 1102 649 1159 dere
677 1102 759 1158 vel
786 1117 1111 1175 cognoscere
1138 1121 1236 1162 nos
1266 1107 1410 1163 facit.
1443 1107 1598 1176 Quod
1620 1107 1741 1162 ideo
1764 1106 1962 1162 dictum
1987 1112 2091 1173 est,

523 1207 582 1251 ut
629 1195 922 1251 incredulis
967 1198 1240 1254 excusatio
1287 1197 1604 1264 tolleretur;
1657 1212 1776 1253 cum
1826 1195 2110 1266 universis,

522 1285 768 1356 gentibus
812 1285 1133 1356 praedicatus
1173 1287 1428 1345 Dominus
1467 1288 1715 1345 Christus
1755 1287 1930 1358 longis
1971 1296 2095 1344 ante

527 1375 856 1446 temporibus
879 1387 1213 1434 nosceretur.

591 1467 745 1524 Vers.
776 1467 828 1520 4.
874 1468 1061 1524 Omnes
1087 1468 1488 1535 declinaverunt,
1529 1469 1682 1524 simul
1725 1468 1930 1524 inutiles
1969 1465 2099 1537 [acti

520 1568 680 1614 sunt:
718 1574 821 1612 non
863 1567 937 1614 est
974 1559 1065 1630 qui
1105 1559 1263 1629 faciat
1304 1561 1519 1628 bonum,
1567 1576 1670 1616 non
1716 1569 1790 1616 est
1833 1576 1989 1632 usque
2028 1559 2098 1615 ad

521 1668 698 1707 unum.
750 1651 826 1707 De
870 1651 974 1707 illis
1003 1651 1132 1708 dicit
1173 1653 1262 1725 qui
1305 1653 1468 1711 corde
1508 1654 1699 1711 durato
1738 1655 1792 1710 in
1831 1654 2098 1712 scelerato

522 1757 864 1813 permansere
912 1745 1208 1815 proposito.
1271 1745 1456 1800 Omnes
1502 1746 1644 1801 enim
1693 1753 1748 1800 et
1802 1760 1899 1820 pro
1947 1752 2100 1816 parte

523 1847 808 1904 possumus
847 1833 1054 1900 dicere;
1101 1843 1160 1889 ut
1188 1834 1254 1890 ad
1287 1835 1406 1890 illos
1437 1843 1641 1893 tantum
1671 1835 1964 1906 pertineat,
2007 1835 2102 1906 qui

2194 641 2466 696 evanescit
2491 640 2775 696 tethereas.

2265 731 2420 788 Vers.
2450 729 2504 787 6.
2546 729 2671 785 Illic
2713 731 3093 802 trepidaverunt
3133 731 3344 799 timore,
3388 733 3476 790 ubi
3517 750 3623 790 non
3665 743 3780 790 erat

2197 823 2366 878 timor.
2421 822 2738 880 Peccatores
2780 823 2965 878 mundi
3009 822 3164 880 istius
3191 823 3328 878 bona
3356 826 3689 895 cogitantes,
3723 829 3784 882 in

2195 913 2302 976 isto
2325 913 2523 984 saeculo
2553 913 2724 986 magis
2753 914 2978 982 timent,
3023 929 3091 970 ne
3126 913 3320 984 adepta
3347 914 3600 974 felicitate
3627 918 3780 974 frau-

2195 1007 2409 1072 dentur,
2455 1022 2524 1063 ne
2569 1007 2772 1064 divitiis
2813 1008 2994 1062 minus
3025 1007 3364 1078 perfruantur
3393 1009 3658 1080 inventis,
3710 1026 3784 1066 ne

2195 1100 2472 1171 acquinitis
2497 1099 2778 1170 priventur
2807 1100 3127 1156 honoribus.
3160 1099 3258 1156 Hic
3282 1101 3424 1158 enim
3453 1102 3564 1157 vivi
3593 1102 3786 1159 formi-

2200 1193 2329 1248 dant
2381 1192 2628 1249 amittere
2676 1208 2796 1263 quae
2841 1207 2901 1250 se
2950 1201 3126 1250 tamen
3155 1203 3354 1251 norunt
3382 1195 3614 1256 humana
3645 1212 3782 1252 cou—

2197 1281 2400 1338 ditione
2426 1281 2750 1353 relinquere.
2801 1281 2894 1340 Illa
2938 1285 3082 1342 enim
3120 1300 3227 1341 non
3271 1287 3508 1357 cogitant
3537 1303 3634 1359 per
3659 1304 3785 1358 qua

2109 1445 2112 1448 ἢ
2197 1373 2478 1430 verissimo
2525 1373 2716 1430 timore
2760 1373 3043 1444 torquendi
3085 1384 3243 1442 sunt,
3287 1377 3502 1446 quando
3539 1377 3648 1433 illis
3676 1380 3786 1434 erit

2198 1466 2356 1526 ﬁctus
2384 1473 2437 1520 et
2462 1464 2663 1520 stridor
2683 1463 2946 1542 dentium.
2980 1465 3048 1520 Et
3072 1464 3193 1530 ideo
3219 1466 3645 1525 subaudiendum
3675 1478 3782 1536 est,

2199 1556 2283 1626 ubi
2311 1571 2414 1610 non
2442 1562 2552 1611 erat
2581 1557 2751 1624 timor,
2784 1554 2996 1614 scilicet
3017 1555 3214 1627 justus.

2271 1655 2428 1712 Vers.
2451 1655 2504 1710 7.
2537 1657 2794 1724 Quoniam
2817 1653 2954 1711 Deus
2976 1655 3246 1726 dissipabit
3265 1673 3379 1714 ossa
3399 1657 3667 1720 honustum
3689 1659 3787 1714 sibi

2200 1745 2538 1812 placentium;
2582 1745 2785 1817 confusi
2813 1753 2958 1814 sunt,
2992 1747 3234 1817 quoniam
3271 1747 3413 1804 Deus
3453 1750 3642 1820 sprevit
3671 1766 3785 1808 eos.

2200 1835 2402 1892 Versus
2429 1836 2530 1892 iste
2560 1850 2668 1893 non
2698 1846 2782 1893 est
2809 1837 2983 1893 dictus
3025 1837 3081 1893 in
3119 1839 3279 1894 tertio
3307 1838 3520 1895 decimo
3551 1841 3788 1910 psalmo,

521 1923 740 1982 nefariis
772 1927 1201 1996 persuasionibus
1240 1938 1601 1986 excaacantur.
1659 1929 1888 1985 Pulchro
1917 1937 2093 1984 autem
2126 1931 2176 1994 Β
2197 1932 2292 1990 sed
2322 1933 2531 1990 noviter
2559 1933 2648 1990 hic
2675 1932 2742 1988 ad
2769 1932 3198 1990 conﬁrmandum
3234 1933 3423 2004 judicii
3447 1943 3664 2006 tempus
3694 1950 3792 2006 ap-

522 2007 707 2073 Ordine
736 2018 896 2074 verba
927 2017 1278 2077 descendunt.
1329 2021 1488 2078 Prius
1513 2022 1657 2079 enim
1689 2023 1815 2088 fuit,
1857 2031 1911 2076 ut
1939 2021 2099 2076 decli-
2200 2025 2457 2097 ponitur;
2505 2023 2626 2094 quia
2661 2033 2828 2080 totum
2872 2024 2941 2080 de
2988 2024 3107 2093 ipso
3133 2024 3372 2081 dicturus
3399 2034 3513 2092 est,
3557 2025 3708 2096 quod
3735 2026 3790 2080 in

521 2117 736 2176 parent;
773 2117 1011 2166 secutum
1039 2119 1140 2180 est,
1173 2119 1231 2166 ut
1253 2111 1458 2168 inutiles
1485 2112 1586 2169 sibi
1613 2113 1812 2183 ﬁerent.
1859 2112 2097 2180 Addidit,
2200 2117 2294 2173 illo
2339 2115 2516 2188 (sicut
2559 2115 2762 2172 dictum
2811 2115 2929 2185 est)
2977 2126 3197 2186 propter
3239 2115 3376 2172 tituli
3423 2116 3796 2174 diversitatem

522 2212 624 2253 non
667 2208 739 2254 est
773 2201 862 2272 qui
899 2201 1059 2272 faciat
1096 2203 1309 2271 bonum,
1357 2221 1458 2258 non
1499 2214 1570 2260 est
1610 2221 1770 2277 usque
1809 2207 1876 2260 ad
1918 2222 2096 2260 unum.
2201 2222 2310 2264 non
2337 2208 2549 2264 videtur
2578 2221 2736 2278 posse
2773 2220 3090 2278 congruere.
3145 2204 3283 2262 Deus
3321 2207 3463 2264 enim
3507 2208 3564 2263 in
3609 2206 3793 2264 futura

527 2293 688 2372 Dolor
731 2295 823 2352 ille
867 2298 1248 2368 cogitationum
1296 2309 1545 2370 tanquam
1588 2315 1876 2373 erumpens
1915 2310 2100 2372 partus
2202 2298 2594 2370 disceptatione
2623 2299 2862 2367 ipsorum
2891 2297 3107 2368 dissipat
3135 2313 3282 2364 ossa,
3329 2296 3384 2353 id
3429 2306 3516 2354 est
3549 2297 3794 2354 obstina-

525 2387 724 2448 eﬁ‘usus
745 2401 847 2448 est.
875 2391 1086 2464 Repetit
1105 2393 1308 2462 verba;
1337 2393 1459 2465 quia
1483 2393 1537 2450 in
1557 2394 1836 2452 obstinatis
1856 2393 2102 2450 sensibus
2205 2395 2380 2451 tiones
2406 2392 2745 2459 durissimas,
2773 2405 3001 2462 quorum
3031 2391 3180 2446 novit
3203 2391 3455 2447 atrociter
3477 2389 3794 2450 induruisse

525 2480 850 2538 fructuosum
897 2499 1002 2540 non
1049 2486 1221 2556 potuit
1251 2486 1492 2542 invenire
1539 2486 1857 2543 remedium.
1911 2486 2102 2542 Merito
2203 2486 2554 2558 proterviam.
2605 2483 2825 2539 Addidit
2850 2498 3082 2556 quoque,
3111 2483 3208 2539 sibi
3244 2485 3600 2556 placentium;
3646 2486 3796 2558 quod

525 2585 652 2642 ergo
678 2587 774 2644 pro
803 2573 908 2631 illis
939 2574 1178 2632 Ecclesia
1207 2575 1382 2646 prodit
1408 2575 1648 2633 dolorem
1676 2590 1854 2642 suum,
1883 2575 1950 2632 de
1977 2575 2098 2648 qui-

527 2666 626 2722 bus
657 2666 829 2724 ﬁdelis
859 2668 1084 2738 populus
1129 2683 1238 2725 non
1285 2678 1496 2740 poterat
1536 2669 1737 2726 habere
1779 2669 2102 2740 profectum.

531 2755 698 2828 Usque
724 2758 793 2813 ad
820 2776 977 2815 unum
1001 2760 1126 2816 dum
1153 2760 1366 2828 dicitur,
1416 2775 1604 2817 omnes
1635 2771 1917 2833 negantur.
1969 2759 2104 2816 Nam

525 2850 571 2906 si
609 2851 840 2920 aliquem
881 2851 1081 2908 bonum
1125 2853 1390 2910 voluisset
1435 2852 1695 2925 intelligi,
1744 2868 1852 2907 non
1900 2851 2105 2910 diceret

523 2957 682 3013 usque
711 2943 779 2996 ad
806 2959 992 3010 unum,
1025 2944 1122 3000 sed
1153 2953 1344 3014 praeter
1373 2959 1556 3000 unum.
1609 2943 1676 3000 Et
1715 2944 1934 3000 intende
1961 2942 2106 3014 quod

527 3032 669 3090 tertii
701 3033 891 3090 decimi
930 3034 1119 3104 psalmi
1151 3036 1386 3106 quinque
1409 3051 1627 3104 versus,
1671 3036 1762 3107 qui
1792 3035 1859 3090 ad
1892 3033 2105 3092 Judteos

529 3133 896 3192 competenter
919 3133 1186 3195 aptantur,
1223 3127 1610 3196 subsequentes
1639 3125 1867 3193 ademit;
1918 3134 1976 3181 ut
2021 3136 2104 3182 to-

530 3219 641 3268 tum
669 3213 994 3271 intellectum
1021 3218 1346 3288 generaliter
1371 3217 1435 3280 ad
1463 3233 1654 3274 omnes
1681 3217 1985 3274 incredulos
2010 3233 2107 3290 po-

527 3305 685 3375 pulos
708 3305 953 3362 absolute
983 3315 1378 3377 transponeret.

600 3395 758 3452 Vers.
795 3396 846 3452 5.
891 3397 1080 3455 Nonne
1125 3411 1426 3472 cognoscent
1477 3418 1648 3458 omnes
1695 3403 1785 3472 qui
1835 3413 2110 3473 operantur

527 3485 877 3559 iniquitatem,
924 3491 1010 3561 qui
1048 3491 1292 3546 devorant
1332 3490 1527 3562 plebem
1565 3508 1731 3547 meam
1772 3493 1900 3548 sicut
1943 3491 2111 3546 cibum

534 3580 726 3652 panis?
767 3580 932 3638 Deum
970 3600 1076 3638 non
1105 3585 1483 3639 invocaverunt.
1536 3584 1692 3640 Venit
1720 3584 1786 3639 ad
1821 3582 2110 3660 secundum

535 3681 760 3743 partem,
808 3677 896 3730 ubi
936 3675 1176 3733 Ecclesia
1223 3677 1318 3733 Dei
1367 3675 1639 3749 redarguit
1683 3676 2008 3733 excedontes
2055 3674 2110 3730 in

531 3766 785 3837 populum
835 3767 1226 3824 Christianum.
1269 3768 1504 3824 Dicendo
1551 3765 1732 3825 enim:
1785 3767 1972 3822 Nonne
2021 3782 2110 3820 co-

531 3867 792 3926 gnoscent,
817 3860 1126 3929 cognituros
1151 3873 1269 3915 esse
1295 3860 1577 3915 confirmat
1603 3876 1618 3926 ;
1649 3858 1770 3930 quia
1805 3858 1978 3914 facere
2004 3871 2112 3912 non

534 3947 728 4005 debent
761 3951 903 4021 quod
945 3952 1204 4008 scelerata
1252 3953 1532 4024 iniquitate
1577 3960 1926 4023 praesumunt.
1976 3951 2110 4014 Nam

529 4051 586 4098 et
613 4043 786 4113 ipsum
816 4044 1042 4100 verbum
1079 4045 1475 4116 prteposteratis
1504 4045 1724 4118 syllabis
1756 4053 1929 4114 patet;
1959 4041 2114 4098 intel-

531 4133 798 4205 ligendum
845 4145 928 4192 est
969 4136 1135 4206 enim,
1181 4153 1247 4193 ne
1275 4152 1381 4192 non
1411 4145 1731 4210 cognoscent.
1783 4135 1912 4203 Quae
1941 4133 2113 4203 ﬁgura

531 4225 729 4282 dicitur
754 4228 1108 4299 anastrophe,
1145 4227 1336 4283 Latine
1379 4227 1671 4298 perversio,
1707 4226 1918 4296 quoties
1948 4223 2110 4280 verba

534 4329 798 4370 converso
823 4317 1009 4371 ordine
1042 4316 1405 4390 proferuntur.
1443 4316 1732 4387 Operantur
1761 4331 1889 4372 vero
1915 4317 2111 4388 iniqui-

534 4413 721 4471 tatem,
765 4407 858 4477 qui
887 4405 1074 4462 ﬁdeles
1104 4407 1322 4462 Domini
1362 4406 1565 4462 laniare
1607 4406 1970 4482 contendunt,
2017 4406 2112 4477 qui

513 4493 723 4552 contra
755 4497 1006 4553 mandata
1035 4497 1152 4568 ejus
1181 4498 1369 4554 viduas
1396 4498 1726 4568 opprimunt,
1761 4497 1993 4568 pupillos
2019 4511 2116 4554 ex-

536 4586 786 4656 spoliant.
815 4588 916 4656 Qui
933 4593 1194 4656 devorant,
1212 4588 1363 4656 dixit,
1386 4587 1440 4645 id
1460 4599 1541 4645 est
1560 4587 1876 4660 deglutiunt,
1897 4599 2114 4660 totaque

2206 2578 2590 2634 sceleratorum
2612 2575 2917 2646 Specialiter
2936 2589 3057 2632 esse
3076 2575 3425 2646 dignoscitur.
3443 2577 3629 2634 Justus
3647 2578 3791 2633 enim

2206 2667 2289 2724 vir
2313 2667 2418 2724 sibi
2447 2680 2661 2736 semper
2690 2664 2972 2736 displicet,
3016 2666 3143 2722 dum
3183 2667 3362 2722 carnis
3388 2681 3500 2722 suae
3525 2667 3654 2722 vitia
3681 2681 3794 2724 cte-

2207 2759 2332 2817 lesti
2380 2757 2810 2815 consideratione
2853 2757 3100 2828 castigat.
3157 2757 3406 2828 lntelligit
3446 2758 3590 2814 enim
3639 2759 3788 2814 illam

2209 2858 2413 2920 partem
2439 2848 2720 2906 fovendam
2751 2863 2859 2905 non
2885 2863 3026 2916 esse,
3051 2847 3191 2905 unde
3216 2863 3280 2906 se
3305 2850 3459 2904 novit
3485 2848 3556 2905 ad
3580 2860 3786 2907 aeterna

2209 2941 2472 3012 supplicia
2501 2941 2806 3012 pervenire.
2838 2941 2894 2997 l
2920 2942 3293 3012 peccatoribus
3312 2955 3441 2998 vero
3460 2951 3656 2998 contra
3678 2953 3791 3012 est;

2209 3039 2393 3088 amant
2419 3031 2561 3089 unde
2600 3039 2854 3104 pereant,
2897 3031 3208 3089 desiderant
3242 3031 3386 3088 unde
3421 3031 3790 3098 damnentur;

2208 3134 2266 3182 et
2294 3125 2470 3194 placet
2495 3125 2600 3181 illis
2627 3124 2824 3182 malum
2866 3138 2962 3194 per
2981 3124 3124 3196 quod
3147 3138 3332 3194 poenas
3362 3133 3652 3195 perpetuas
3675 3140 3796 3182 sus-

2210 3216 2484 3284 tinebunt;
2521 3216 2660 3273 sicut
2701 3218 2754 3272 in
2791 3216 3002 3274 decimo
3045 3218 3253 3287 psalmo
3283 3216 3398 3287 jam
3423 3217 3632 3273 dictu
3662 3227 3790 3275 est:

2135 3315 2184 3380 ο
2217 3310 2320 3378 Qui
2367 3318 2537 3365 autem
2582 3308 2752 3380 diligit
2797 3309 3114 3378 iniquitatem
3139 3350 3153 3374 ,
3207 3308 3316 3364 odit
3359 3310 3594 3364 animum
3645 3325 3798 3365 suam

2215 3400 2385 3472 (Psal.
2396 3415 2451 3467 x,
2467 3401 2545 3473 6).
2575 3399 2812 3468 Addidit,
2827 3402 3028 3471 confusi
3039 3409 3177 3469 sunt,
3193 3401 3438 3472 quoniam
3454 3401 3595 3457 Deus
3611 3404 3800 3471 spreuit

2213 3509 2317 3549 eos.
2350 3493 2484 3548 Istos
2506 3493 2657 3560 tales,
2679 3493 2768 3563 qui
2787 3491 2890 3549 sibi
2912 3493 3144 3563 placent,
3166 3505 3389 3549 necesse
3407 3503 3492 3549 est
3512 3494 3800 3560 confundi,

2213 3585 2465 3656 quoniam
2487 3585 2608 3643 illos
2625 3593 2832 3643 certum
2847 3593 2936 3642 est
2953 3601 2985 3640 a
3005 3599 3172 3657 regno
3181 3585 3381 3642 Christi
3406 3586 3803 3659 omnipOtentis

2211 3690 2406 3732 arceri.

2285 3775 2438 3830 Yers.
2469 3775 2523 3832 8.
2565 3775 2694 3840 Quis
2727 3774 2868 3830 dabit
2905 3789 2970 3829 ea:
2999 3773 3132 3831 Sion
3169 3775 3398 3830 salutare
3423 3775 3595 3831 Israel
3615 3775 3644 3830 .’
3681 3777 3801 3831 dum

2213 3869 2512 3924 converterit
2534 3867 2781 3923 Dominus
2815 3867 3158 3938 captivitatem
3193 3868 3351 3939 plebis
3377 3885 3508 3923 sure.
3543 3869 3703 3924 Venit
3734 3870 3802 3925 ad

2215 3961 2426 4016 tertiam
2456 3967 2660 4028 partem
2683 3958 2792 4029 jam
2820 3957 2994 4013 laetior
3011 3967 3184 4014 mater
3203 3957 3466 4026 Ecclesia,
3492 3958 3562 4015 ad
3593 3969 3800 4017 textum

2213 4051 2666 4108 revertens‘tertii
2707 4049 2904 4107 decimi
2937 4050 3162 4120 psalmi;
3209 4059 3268 4106 ut
3301 4052 3443 4108 sicut
3471 4051 3796 4122 principium

2213 4145 2394 4213 posuit
2441 4143 2644 4210 simile,
2699 4143 2774 4199 ita
2822 4142 2985 4199 ﬁnem
3035 4143 3111 4199 illi
3159 4145 3390 4200 termino
3439 4146 3797 4202 concluderet

2213 4243 2621 4292 consonantem.
2655 4234 2784 4300 Quis
2809 4234 2972 4301 dabit,
2997 4235 3299 4292 addendum
3325 4246 3430 4304 est,
3455 4237 3561 4292 nisi
3589 4246 3672 4306 tu,
3699 4237 3799 4292 Do-

2215 4326 2405 4383 mine?
2448 4326 2729 4384 Credentis
2758 4328 2904 4384 enim
2935 4327 3100 4384 verba
3138 4339 3293 4397 sunt,
3337 4345 3448 4386 non
3477 4330 3798 4387 dubitantis.

2213 4416 2300 4474 Ea:
2324 4419 2485 4485 Sion,
2527 4418 2671 4474 illam
2702 4417 2834 4474 dicit
2857 4419 3281 4488 speculationem
3319 4421 3566 4493 felicem,
3609 4421 3669 4478 in
3697 4437 3803 4491 qu

2215 4511 2473 4567 Dominus
2521 4511 2802 4583 aspicitur,
2853 4521 2911 4569 et
2955 4512 3207 4584 Ilajestas
3254 4515 3368 4586 ipsa
3413 4530 3546 4571 vero
3595 4516 3805 4573 lumine

2215 4603 2394 4660 cordis
2423 4603 2684 4660 hauritur.
2723 4603 2851 4662 Haec
2875 4612 2960 4661 est
2983 4606 3228 4661 salutaris
3256 4605 3446 4674 Israel,
3486 4606 3542 4663 id
3569 4617 3655 4664 est
3681 4623 3806 4678 quas

534 4681 794 4771 scelerum
821 4680 1101 4738 velocitate
1129 4693 1472 4738 consumunt.
1509 4682 1618 4737 Nec
1642 4681 1774 4737 illud
1797 4692 1950 4738 vacat
1971 4684 2113 4752 quod
2138 4691 2195 4753 Β
2219 4699 2382 4754 vitam
2423 4706 2643 4769 ρηεειει
2679 4699 2878 4770 populo
2907 4699 3050 4754 ﬁdeli
3078 4699 3244 4755 Deum
3275 4700 3501 4756 νίάεηιί,
3552 4701 3802 4771 Adice“,

535 4769 688 4840 dicit,
719 4773 911 4842 plebem
941 4789 1133 4840 meam;
1182 4781 1242 4828 ut
1286 4772 1594 4830 ostenderet
1621 4776 1798 4829 omnia
1837 4773 2112 4844 superiora

534 4877 594 4919 se
618 4865 818 4922 dixisse
845 4867 912 4923 de
941 4868 1213 4937 pessimis,
1243 4868 1456 4937 quando
1484 4883 1579 4924 eos
1605 4867 1660 4923 in
1685 4877 1973 4938 augmento
1998 4883 2115 4924 sce-

534 4955 663 5012 leris
702 4957 911 5026 plebem
953 4974 1102 5014 suam
1133 4959 1392 5014 devorare
1433 4967 1678 5015 testatur.
1731 4959 1860 5014 Nam
1899 4960 1945 5014 si
1987 4960 2114 5016 illud

534 5047 854 5118 generaliter
898 5049 965 5104 de
1012 5050 1245 5105 humano
1289 5064 1488 5119 genere
1517 5049 1601 5122 (ut
1643 5049 1859 5120 quidam
1905 5049 2112 5120 volunt)

532 5139 668 5194 velis
697 5141 971 5210 accipere,
1015 5141 1102 5197 hic
1131 5143 1500 5212 incompetens
1530 5142 1666 5197 facta
1699 5142 1966 5199 videbitur
1995 5157 2113 5200 esse

533 5233 811 5289 discretio.
846 5235 910 5290 Et
938 5247 993 5290 ut
1014 5238 1322 5294 aviditatem
1349 5238 1750 5295 dilacerationis
1779 5241 2110 5308 ostenderet,

531 5323 765 5391 addidit,
809 5325 937 5379 sicut
967 5325 1130 5380 cibum
1160 5330 1336 5400 panis;
1379 5330 1586 5386 scilicet
1614 5331 1704 5400 qui
1729 5345 1944 5400 semper
1967 5331 2116 5387 desi-

533 5415 790 5472 deranter
814 5416 869 5472 in
896 5431 992 5473 usu
1019 5425 1123 5475 est.
1150 5418 1280 5475 Nam
1305 5423 1548 5490 quamvis
1574 5421 1797 5492 singulis
1817 5423 2117 5494 quibusque

535 5509 870 5579 temporibus
917 5525 1159 5566 escarum
1209 5512 1520 5571 diversitate
1574 5516 1866 5583 satiemur,
1917 5515 2114 5586 iugiter

533 5600 689 5655 nobis
733 5610 909 5657 tamen
951 5603 1102 5672 panis
1143 5603 1380 5660 edulium
1425 5613 1529 5660 est.
1584 5606 1870 5675 Subjunxit
1919 5608 2108 5676 etiam,

535 5691 842 5766 Deum‘non
879 5695 1256 5750 invocaverunt.
1309 5696 1385 5748 Ad
1429 5696 1824 5750 consolationes
1869 5696 2103 5750 ﬁdelium

533 5786 702 5854 redit,
746 5787 994 5857 quoniam
1022 5801 1142 5856 quae
1181 5800 1212 5839 a
1252 5787 1624 5853 peccatoribus
1665 5796 1849 5840 contra
1892 5788 2105 5843 Domini

532 5878 860 5936 voluntatem
889 5877 1050 5950 ﬁunt,
1279 5877 1402 5946 fine,
1427 5877 1708 5934 celerrimo
1742 5877 2100 5951 dissipantur;

2217 4791 2344 4846 dum
2369 4793 2672 4846 converterit
2695 4789 2942 4846 Dominus
2963 4791 3310 4862 captivitatem
3338 4792 3498 4862 plebis
3523 4808 3671 4858 suc;
3702 4792 3805 4848 Ioc

2217 4890 2330 4948 est,
2368 4881 2496 4938 dum
2524 4882 2700 4938 adhuc
2723 4881 2783 4937 in
2814 4881 2916 4937 hoc
2943 4881 3143 4938 saeculo
3171 4883 3322 4951 plebs
3349 4882 3544 4938 devota
3575 4883 3804 4939 tribula-

2219 4973 2424 5028 tionum
2449 4974 2810 5029 anxietatibus
2839 4973 3052 5029 videtur
3077 4987 3199 5028 esse
3225 4974 3460 5043 captiva,
3487 4973 3709 5044 quando
3735 4975 3803 5030 ad

2221 5063 2499 5133 promissa:
2515 5063 2780 5120 libertatis
2799 5065 3026 5120 necdum
3045 5065 3214 5134 poruit
3236 5064 3521 5134 pervenire
3537 5067 3801 5122 remedia.

2220 5155 2352 5210 Nam
2375 5155 2608 5225 quandiu
2631 5155 2818 5212 ﬁdeles
2841 5171 2972 5212 suos
2995 5156 3119 5211 hinc
3142 5156 3358 5222 liberat,
3381 5156 3500 5224 ipse
3521 5157 3690 5212 etiam
3719 5157 3805 5212 hic

2217 5243 2306 5298 dat
2335 5259 2396 5298 ea:
2424 5243 2554 5298 Sion
2581 5245 2809 5300 salutare
2838 5244 3036 5314 Israel,
3079 5259 3204 5301 cum
3240 5245 3460 5302 labores
3489 5254 3804 5302 sanctorum

2215 5335 2326 5388 suis
2353 5333 2628 5389 beneﬁciis
2655 5335 2984 5389 consolatur.

2289 5421 2442 5479 Vers.
2464 5422 2518 5479 9.
2552 5423 2846 5479 Exsultabit
2869 5423 3056 5488 Iacob,
3089 5433 3138 5479 et
3168 5424 3422 5478 («stabitur
3443 5423 3633 5480 Israel.
3672 5424 3814 5480 Ver-

2218 5526 2310 5568 sus
2349 5513 2452 5570 iste
2493 5513 2722 5570 futuram
2770 5523 3159 5570 commemorat
3198 5513 3542 5584 felicitatem,
3587 5517 3811 5586 quando

2222 5605 2411 5662 ﬁdeles
2449 5605 2664 5662 Domini
2712 5607 3024 5678 plenissima
3069 5607 3317 5664 libertate
3359 5609 3687 5679 gaudebunt.
3741 5607 3810 5662 Et

2218 5699 2423 5769 respice
2469 5699 2611 5768 quod
2661 5700 2714 5754 in
2764 5701 3155 5754 resurrectione
3203 5701 3443 5770 generali
3493 5699 3802 5770 frequenter

2215 5789 2515 5858 patriarcha
2565 5789 2728 5845 lacob
2775 5791 3105 5857 nominatur,
3153 5801 3371 5860 propter
3419 5791 3588 5845 illud:
3640 5789 3802 5844 Iacob

2217 5880 2394 5946 dilexi,
2426 5879 2566 5935 Esau
2593 5890 2761 5949 autem
2794 5881 2910 5951 odio
2941 5879 3096 5944 habui
3119 5881 3276 5946 (Mal.
3301 5898 3341 5950 ι,
3365 5883 3420 5942 2.
3446 5880 3524 5943 5).
3553 5882 3802 5954 Congrue
