4020 6348
240 456 342 513 531

1184 452 1545 513 EXPOSITIO
1584 450 1648 509 IN
1686 446 2140 508 PSALTERIUM.
2181 449 2374 508 PSAL.
2418 449 2550 507 LIII.

3391 440 3498 501 582

239 572 505 643 siquidem
528 570 750 627 dilectus
772 569 824 625 in
852 577 995 625 tanta
1022 571 1282 640 temporis
1308 569 1815 624 commemoratiOne
1844 567 1897 627 Α
1922 566 2113 623 talibus
2140 580 2200 622 se
2228 565 2443 622 liberari
2472 567 2808 635 deprecatur,
2856 581 2921 622 ne
2952 564 3287 622 inimicorum
3316 563 3490 620 mani-

242 665 479 735 ponitur,
510 662 597 718 ubi
626 663 743 719 sine
769 663 875 719 line
901 661 1179 732 gaudetur.
1229 660 1439 727 Intulit,
1486 670 1532 715 et
1562 659 1818 715 laetabitur

240 754 433 811 Israel.
476 753 642 809 Israel
668 755 1002 825 interpretari
1030 754 1283 819 diximus,
1318 752 1408 807 Vir
1431 752 1605 807 videns
1633 750 1818 806 Deum.

239 848 401 917 Quod
451 857 576 905 tunc
626 848 879 905 Ecclesiae
933 848 1051 903 sine
1105 846 1432 903 dubitatione
1479 845 1818 911 conceditur,

238 939 481 1010 quando,
522 940 661 995 sicut
689 938 768 995 illi
799 939 1115 1009 promissum
1144 945 1257 1007 est,
1305 939 1362 993 in
1407 945 1607 992 aeterna
1649 935 1821 1007 patria

242 1030 483 1090 feliciter
507 1030 875 1089 collocabitur.

789 1142 1056 1201 Conclusio
1086 1143 1289 1215 psalmi.

322 1256 729 1316 Studiosissime
771 1256 926 1313 nobis
965 1255 1351 1313 consideranda
1394 1263 1477 1312 est
1504 1255 1732 1312 varietas
1771 1262 1826 1312 et

243 1349 491 1422 parilitas
536 1350 641 1405 ista
686 1348 1032 1419 psalmorum,
1081 1347 1293 1418 quando
1340 1349 1395 1404 in
1422 1347 1601 1404 verbis
1630 1360 1819 1402 conso-

242 1443 475 1507 nantia,
524 1450 579 1497 et
625 1440 679 1495 in
728 1439 1003 1501 intellectu
1050 1440 1305 1510 probatur
1350 1454 1470 1496 esse
1515 1438 1823 1495 diversitas.

245 1532 660 1589 Absolutissime
681 1531 943 1603 siquidem
966 1531 1143 1601 prodit
1164 1531 1335 1587 divini
1360 1532 1553 1602 eloquii
1579 1517 1827 1587 corusca-

245 1622 423 1680 bilem
444 1623 785 1695 dignitatem;
815 1632 874 1679 ut
894 1624 949 1680 in
971 1624 1159 1679 iisdem
1191 1624 1525 1680 sermonibus
1551 1622 1696 1678 salva
1725 1622 1830 1678 ﬁde

249 1730 348 1770 res
374 1715 608 1771 diversas
636 1717 933 1786 intelligere
958 1716 1268 1772 debeamus.
1319 1714 1449 1769 Nam
1481 1715 1528 1769 si
1559 1713 1829 1769 coloribus

244 1822 590 1881 gemmarum
620 1808 804 1865 datum
830 1816 915 1865 est
942 1808 1087 1863 varia
1121 1808 1238 1863 luce
1268 1806 1501 1871 radiare;
1553 1806 1600 1861 si
1642 1806 1831 1862 avibus

252 1899 574 1969 quibusdam
601 1914 917 1957 concessum
944 1909 1026 1957 est
1053 1901 1279 1956 diversis
1322 1898 1607 1969 splendere
1633 1899 1829 1955 colori-

255 1996 391 2060 bus;
431 1996 476 2051 si
515 1996 901 2052 cameleontcm
932 1996 985 2051 in
1017 2011 1125 2052 uno
1169 2005 1329 2066 atque
1367 1997 1553 2051 eodem
1584 2008 1827 2065 corpore,

254 2089 422 2145 modo
443 2090 738 2160 prasinum,
761 2090 920 2146 modo
940 2101 1208 2159 venetum,
1232 2089 1393 2146 modo
1415 2103 1651 2153 roseum,
1675 2086 1835 2142 modo

258 2181 519 2250 pallidum
564 2181 785 2237 humani
833 2181 974 2237 oeuli
1003 2187 1359 2248 eontuentur,
1406 2194 1503 2236 cur
1552 2188 1608 2234 et
1654 2177 1833 2233 divina

259 2275 467 2345 eloquia
492 2274 857 2330 diversitatem
892 2274 1253 2345 intelligentiae
1281 2287 1388 2328 non
1414 2271 1693 2337 haberent,
1715 2283 1836 2340 quae

261 2363 567 2434 frequenter
594 2376 648 2420 et
676 2365 882 2435 abyssis
908 2364 1325 2434 comparantur?
1374 2363 1508 2417 Nam
1538 2371 1683 2416 motu
1720 2370 1834 2415 tre-

254 2458 404 2515 mulo
433 2458 578 2514 varia
608 2459 831 2529 pelagus
863 2456 979 2515 luce
1019 2457 1347 2527 reSplendet.
1396 2454 1532 2511 Hinc
1559 2464 1643 2510 est
1670 2455 1834 2510 etiam

253 2550 398 2620 quod
430 2551 713 2607 orthodoxi
743 2552 929 2607 Patres
968 2551 1036 2608 de
1074 2566 1185 2607 uno
1226 2551 1343 2607 loco
1382 2549 1593 2607 diversa
1625 2550 1831 2616 dicunt,

253 2656 310 2700 et
340 2654 519 2699 tamen
550 2658 733 2700 omnes
760 2645 1068 2700 salutariter
1094 2644 1380 2700 audiuntur
1406 2662 1419 2696 :
1468 2643 1611 2698 unde
1639 2651 1693 2697 et
1718 2642 1836 2712 qui-

252 2736 389 2792 dam
443 2747 739 2792 nostrorum
786 2736 902 2791 ait:
954 2736 1233 2806 Margarita
1278 2735 1473 2806 quippe
1520 2743 1602 2790 est
1653 2747 1833 2788 sermo

250 2828 500 2895 divinus,
548 2838 600 2883 et
638 2843 700 2883 ex
732 2828 879 2884 omni
916 2837 1064 2898 parte
1097 2827 1259 2883 forari
1290 2834 1484 2897 potest.
1527 2824 1832 2881 Meminisse

246 2932 474 2988 quoque
520 2932 616 2973 nos
640 2916 886 2973 convenit
909 2917 1202 2974 secundum
1230 2916 1374 2972 hunc
1413 2929 1532 2971 esse
1570 2917 1833 2986 psalmum

249 3007 344 3077 qui
386 3005 455 3063 de
494 3005 796 3063 Judaeorum
837 3008 1199 3077 increpatione
1239 3017 1293 3063 ct
1327 3006 1675 3062 conversione
1707 3022 1831 3077 pro-

253 3099 349 3154 lati
380 3107 531 3166 sunt;
562 3102 653 3171 qui
680 3101 819 3157 sicut
845 3117 985 3158 nunc
1013 3116 1109 3173 per
1136 3110 1360 3172 utraque
1382 3099 1727 3155 Testamenta
1753 3101 1834 3155 in-

254 3201 543 3261 crepantur
566 3192 804 3263 assidue,
834 3192 905 3251 ita
935 3193 1132 3250 residui
1164 3193 1217 3250 in
1249 3193 1432 3249 saeculi
1458 3192 1565 3249 ﬁne
1589 3192 1831 3249 salvaudi

247 3292 403 3339 sunt.

527 3398 901 3491 LEXPOSITIO
945 3401 1016 3458 IN
1054 3401 1382 3460 PSALMUM
1420 3399 1548 3459 LIII.

250 3513 322 3572 In
346 3516 531 3587 ﬁnem,
562 3519 615 3572 in
643 3518 952 3573 carminibus
980 3518 1261 3573 intellectus
1289 3516 1486 3584 David,
1528 3534 1641 3572 cum
1682 3533 1835 3572 vene-

321 3600 451 3644 runt
475 3587 694 3651 Ziphaei.
720 3598 766 3643 et
786 3590 1024 3644 dixerunt
1051 3590 1118 3643 ad
1142 3588 1307 3645 Saul:
1333 3588 1518 3645 Nonne
1536 3605 1646 3645 ecce
1663 3589 1835 3644 David

321 3659 651 3713 absconditus
680 3670 755 3715 est
780 3661 919 3732 apud
948 3659 1085 3715 nos?

321 3773 397 3829 In
435 3775 591 3843 ﬁnem
616 3774 885 3831 Christum
922 3775 1210 3847 signilicari
1248 3775 1587 3831 notissimum
1617 3783 1720 3830 est.
1765 3775 1835 3830 In

241 3867 586 3935 carminibus,
609 3867 660 3924 id
687 3878 769 3923 est
799 3870 849 3923 in
878 3868 1068 3939 psalmi
1099 3870 1380 3938 prresentis
1401 3882 1585 3938 opere.
1618 3866 1835 3922 Carmen

241 3956 455 4027 quippe
483 3966 594 4025 est,
625 3958 765 4028 quod
794 3960 951 4014 metri
980 3958 1209 4029 alicujus
1250 3958 1471 4029 pedibus
1511 3960 1829 4029 procedens,

240 4050 471 4105 statutis
514 4049 711 4118 regulis
738 4050 1073 4115 continetur;
1125 4052 1266 4107 sicut
1310 4065 1469 4107 omne
1516 4049 1834 4106 Psalterium

242 4140 307 4195 in
341 4138 567 4194 Hebraea
599 4139 778 4210 lingua
803 4151 1013 4197 constat
1040 4157 1164 4199 esse
1192 4143 1498 4198 formatum.
1530 4142 1675 4199 Istud
1705 4158 1835 4213 ergo

236 4243 475 4285 carmen
510 4229 707 4287 Christi
743 4231 1007 4303 signiﬁcat
1052 4234 1260 4291 laudes.
1312 4232 1611 4291 Intellectus
1656 4245 1832 4292 autem

239 4318 426 4372 David
457 4320 738 4376 Dominum
772 4322 1045 4380 denuntiat
1086 4326 1446 4393 Salvatorem,
1491 4342 1649 4397 quem
1683 4329 1775 4384 ille
1804 4344 1836 4385 a

241 4410 495 4481 proﬁcue
534 4411 662 4485 [ed.,
694 4414 995 4487 perspicue]
1041 4431 1253 4488 semper
1283 4419 1620 4491 intelligens,
1666 4421 1836 4477 nimio

242 4502 529 4560 desiderio
575 4505 827 4575 cupiebat
876 4508 1183 4564 salutariter
1230 4509 1503 4568 advenire.
1560 4510 1835 4583 Sequitur,

241 4611 371 4649 cum
408 4605 652 4650 venerunt
688 4596 914 4668 Zipbcei,
962 4609 1012 4654 et
1051 4601 1291 4658 dixerunt
1333 4605 1401 4657 ad
1444 4604 1575 4661 Saul
1597 4621 1616 4660 :
1647 4604 1836 4661 Nonne

1922 659 2023 716 bus
2050 674 2234 717 eorum
2264 660 2654 731 proditionibus
2684 660 3047 715 contradatur.

2410 776 2562 847 181
2604 772 2798 830 Divisio
2826 775 3027 846 psalmi.

2002 892 2050 948 A
2088 890 2263 949 Saulis
2298 892 2537 961 periculo
2575 891 2833 961 propheta
2872 891 3160 957 liberatus,
3203 903 3297 959 per
3328 895 3499 945 totum

1931 982 2192 1054 psalmum
2222 981 2450 1039 Domino
2474 983 2673 1053 gratias
2696 984 2835 1052 agit,
2868 983 2988 1053 quia
3013 997 3135 1038 eum
3160 980 3497 1051 Ziphaeorum

1928 1091 2035 1131 non
2066 1076 2235 1147 potuit
2260 1090 2455 1132 nocere
2486 1074 2736 1145 proditio.
2782 1075 2837 1129 lu
2869 1075 3037 1145 prima
3065 1083 3216 1144 parte
3244 1074 3497 1143 depreca-

1928 1176 2015 1221 tur
2040 1181 2108 1221 ue
2135 1180 2259 1222 eum
2301 1166 2506 1222 inimici
2550 1165 2830 1221 fortissimi
2876 1179 3100 1235 gravare
3152 1164 3495 1234 praevaleant.

1930 1256 2179 1314 Secundo
2204 1256 2320 1313 loco
2342 1257 2681 1312 adversarios
2709 1270 2837 1312 suos
2864 1254 3127 1325 spirituali
3156 1255 3353 1324 pietate
3377 1266 3500 1321 sup-

1931 1346 2089 1415 plicat
2115 1345 2313 1401 debere
2351 1347 2625 1412 couverti;
2676 1345 2818 1417 quod
2860 1360 3076 1401 omnem
3119 1342 3367 1400 convenit
3407 1356 3499 1412 pec

1932 1444 2045 1492 tere
2072 1435 2467 1502 Christianum;
2511 1445 2571 1491 ut
2612 1450 2641 1490 a
2676 1436 2988 1492 ﬂorentibus
3027 1434 3183 1504 hujus
3212 1432 3393 1490 mundi
3422 1433 3500 1488 ita

1932 1528 2124 1584 debeat
2148 1528 2383 1596 liberari,
2413 1536 2674 1600 quatenus
2701 1527 3070 1585 conversionis
3095 1527 3175 1584 eis
3200 1527 3370 1599 gratia
3392 1539 3501 1583 non

1932 1627 2173 1691 negetur.

2464 1734 2732 1807 Expositio
2768 1741 2976 1808 psalmi.

2008 1852 2162 1912 Vers.
2193 1854 2246 1909 1.
2291 1850 2451 1921 Deus,
2478 1854 2535 1908 in
2561 1851 2762 1908 nomine
2793 1859 2880 1906 tuo
2907 1850 3105 1906 salvum
3134 1864 3212 1903 me
3242 1851 3345 1919 fac,
3378 1854 3423 1900 et
3451 1845 3506 1901 in

1860 1953 1911 2017 Β
1935 1946 2116 2001 uirtute
2148 1955 2236 2000 tua
2269 1944 2428 2000 libera
2457 1960 2553 1999 nte.
2607 1943 2801 2015 Figura
2841 1942 3073 2007 hirmos,
3119 1939 3171 1996 id
3201 1949 3283 1994 est
3310 1953 3505 1994 conve-

1939 2038 2166 2107 nientia,
2217 2053 2336 2110 quae
2384 2038 2445 2094 lit
2488 2036 2701 2109 quando
2748 2037 2917 2092 series
2961 2033 3219 2091 orationis
3267 2041 3507 2087 tenorem

1937 2146 2089 2188 suum
2122 2146 2289 2201 usque
2326 2129 2392 2185 ad
2432 2130 2674 2185 ultimum
2701 2136 2909 2192 servat,
2958 2134 3121 2182 totam
3154 2124 3291 2179 hanc
3318 2120 3509 2193 psalmi

1937 2233 2139 2293 partem
2168 2222 2503 2294 cognoscitur
2529 2223 2791 2278 obtinere.
2834 2219 2963 2276 Orat
2991 2218 3132 2274 enim
3163 2216 3417 2286 propheta
3450 2221 3509 2269 ut

1935 2315 1989 2369 in
2018 2316 2219 2369 nomine
2247 2314 2452 2369 Domini
2493 2314 2787 2370 Salvatoris
2824 2328 2853 2367 a
2885 2308 3317 2382 persequentium
3349 2307 3506 2361 mali-

1936 2409 2135 2479 gnitate
2164 2408 2437 2463 liberetur.
2494 2407 2643 2464 Multi
2679 2407 2818 2462 enim
2859 2405 2913 2461 in
2956 2404 3057 2459 hoc
3088 2400 3285 2457 mundo
3314 2397 3507 2455 salvari

1936 2501 2037 2557 sibi
2063 2501 2310 2557 videntur
2335 2502 2400 2556 ad
2430 2512 2690 2571 prmsens,
2713 2500 2804 2555 sed
2834 2499 3015 2554 nonin
3042 2496 3242 2551 nomine
3265 2492 3504 2557 Domini;

1936 2602 1996 2650 ut
2022 2596 2066 2651 si
2094 2595 2212 2664 quis
2237 2593 2561 2665 philacteriis
2587 2594 2669 2650 vel
2698 2594 3056 2648 iucantatione
3086 2588 3343 2659 sacrilega
3373 2601 3512 2656 prae-

1936 2685 2178 2740 sentibus
2198 2684 2597 2755 aagritudiuibus
2616 2684 2885 2740 nonnullis
2904 2690 3158 2754 appareat
3173 2681 3502 2744 sublevatus;

1934 2785 1991 2832 et
2026 2787 2083 2830 ut
2122 2777 2167 2831 si
2197 2775 2313 2846 quis
2339 2786 2590 2846 corrupto
2614 2776 2795 2848 judice
2824 2776 3171 2846 pecuniarum
3205 2770 3433 2827 molibus
3470 2785 3502 2826 a

1937 2868 2173 2924 facinore
2217 2869 2505 2924 commisso
2536 2868 2812 2923 liberetur.
2865 2866 2969 2921 lste
3006 2880 3135 2921 vero
3180 2864 3327 2918 illam
3370 2863 3505 2932 petit

1937 2959 2039 3016 sibi
2071 2959 2229 3015 tribui
2258 2960 2596 3029 sospitatem,
2641 2976 2759 3031 quae
2786 2960 2932 3015 venit
2958 2974 2989 3015 a
3017 2958 3273 3022 Domino;
3320 2966 3377 3009 ut
3398 2956 3503 3010 hic

1937 3054 2126 3123 utique
2153 3054 2257 3109 lide
2286 3054 2645 3109 sincerissima
2694 3066 3080 3124 perseverans,
3129 3064 3159 3105 a
3207 3046 3508 3120 pestilentia

1938 3148 2122 3203 mundi
2164 3150 2315 3205 istius
2342 3161 2595 3205 concessa
2625 3149 2817 3203 mentis
2849 3146 3211 3201 incolumitate
3250 3141 3506 3197 salvetur.

1938 3238 2209 3309 Sequitur,
2238 3249 2288 3294 et
2315 3241 2367 3294 in
2395 3240 2576 3294 virtute
2601 3250 2690 3294 tua
2716 3239 2874 3294 libera
2910 3254 3010 3292 me.
3060 3236 3317 3307 Superius
3358 3233 3511 3304 petiit

1818 3317 1823 3323 ’
1857 3333 1905 3395 C
1938 3343 1994 3387 ut
2022 3333 2073 3387 in
2104 3332 2205 3388 hoc
2233 3333 2430 3388 smculo
2477 3332 2528 3386 iu
2575 3331 2789 3386 nomine
2834 3329 3042 3386 Domini
3070 3335 3305 3385 sumeret
3335 3324 3506 3381 medi-

1938 3425 2146 3492 cinam;
2190 3440 2330 3481 nunc
2358 3432 2531 3480 autem
2562 3432 2712 3495 rogat
2750 3432 2807 3478 ut
2854 3421 2906 3478 in
2948 3420 3151 3493 judicio
3182 3420 3360 3475 futuro
3389 3417 3506 3487 ejus

1937 3519 2115 3572 virtute
2142 3517 2399 3571 liberetur.
2430 3516 2561 3570 Nam
2592 3515 2728 3569 sicut
2756 3513 2843 3569 hic
2870 3514 2969 3569 sub
2998 3511 3357 3567 imbecillitate
3382 3522 3505 3562 cor-

1938 3608 2084 3679 poris
2110 3609 2283 3675 venit,
2330 3608 2402 3662 ita
2433 3607 2502 3662 ibi
2543 3606 2597 3661 in
2629 3606 2924 3677 majestatis
2952 3619 3063 3660 suae
3090 3603 3377 3658 virtutibus
3406 3616 3501 3669 apo

1937 3700 2160 3768 parebit.
2194 3699 2282 3755 Sic
2313 3700 2363 3754 in
2396 3714 2500 3753 uno
2528 3714 2682 3755 versu
2716 3697 2832 3752 haec
2860 3697 2986 3765 duo,
3018 3712 3137 3767 qua:
3167 3704 3290 3750 sunt
3319 3709 3346 3745 a
3378 3692 3512 3747 τριλ-

1937 3792 2099 3863 giosis
2141 3792 2501 3862 principaliter
2528 3791 2843 3863 expetenda,
2881 3792 3147 3861 completa
3184 3799 3327 3845 sunt.
3357 3788 3509 3857 Quod

1937 3885 2125 3939 merito
2174 3886 2534 3955 unusquisque
2589 3884 2791 3953 ﬁdelis,
2851 3882 3046 3938 merito
3097 3881 3226 3936 dicit
3282 3882 3508 3950 populus

1937 3976 2293 4034 Christianus.

2008 4068 2161 4123 Vers.
2190 4069 2245 4121 2.
2288 4065 2456 4130 Deus,
2506 4066 2693 4120 exaudi
2734 4064 3015 4120 orationem
3063 4079 3258 4129 meam;
3305 4062 3513 4116 auribus

1935 4161 2135 4233 percipe
2163 4159 2307 4214 verba
2341 4158 2441 4213 oris
2470 4161 2590 4213 mei.
2622 4158 2832 4229 Repetit
2872 4159 3062 4214 iterum
3099 4172 3292 4212 nomen
3329 4156 3508 4211 Omni-

1936 4252 2196 4324 potentis;
2245 4261 2303 4306 ut
2349 4265 2469 4307 cum
2501 4250 2806 4319 frequenter
2839 4248 2977 4304 Deus
3024 4248 3354 4317 imploratur,
3404 4264 3511 4301 nou

1936 4343 2175 4399 tardetur
2202 4341 2476 4398 auxilium.
2512 4340 2616 4399 Sed
2640 4342 2761 4411 quia
2795 4349 3006 4412 poterat
3037 4339 3291 4397 exaudire
3315 4341 3515 4396 oratio-

1938 4450 2061 4491 nem
2090 4444 2144 4491 et
2172 4434 2417 4502 tacitam,
2468 4433 2707 4507 addidit,
2752 4433 2961 4490 auribus
3005 4435 3203 4508 percipe
3232 4436 3379 4488 verba
3409 4437 3513 4486 oris

1937 4529 2067 4594 mei;
2096 4539 2151 4583 ut
2175 4525 2285 4597 jam
2317 4541 2423 4581 non
2455 4529 2626 4583 solum
2659 4528 2835 4584 cordis
2865 4527 3200 4590 instinctum,
3224 4526 3316 4579 sed
3349 4525 3508 4578 etiam

1938 4620 2085 4675 vocis
2104 4620 2383 4675 exaudiret
2402 4617 2615 4673 aﬂ‘atum
2641 4617 2768 4691 [ed.,
2793 4616 3081 4688 allectum].
3116 4615 3398 4687 lnsigniter
3421 4630 3514 4667 au-

239 4705 366 4745 ecce
411 4689 586 4745 David
631 4691 953 4749 absconditus
999 4705 1076 4749 est
1121 4698 1259 4767 apud
1305 4699 1438 4753 nos?
1492 4699 1588 4754 Hic
1638 4699 1831 4755 iterum

1937 4722 2046 4769 tem
2068 4712 2299 4782 positum
2323 4721 2424 4779 est,
2450 4689 2695 4782 percipe:
2725 4712 2848 4778 quia
2878 4709 2965 4762 illa
2994 4707 3207 4777 proprie
3239 4706 3512 4776 percipere

240 4784 474 4838 historia
505 4784 707 4855 Regum
735 4787 1089 4844 introducitur
1119 4789 1175 4860 (I
1203 4789 1335 4862 Reg.
1368 4807 1526 4857 χχιιι,
1554 4791 1675 4862 l9);
1709 4806 1833 4848 nam

235 4873 438 4946 Ziphei
463 4891 498 4930 a
521 4876 639 4931 vico
658 4877 852 4949 Syriae,
874 4878 927 4933 in
949 4896 1056 4951 quo
1083 4880 1351 4937 habitabat
1376 4883 1529 4952 Ziph,
1555 4883 1682 4939 dicti
1708 4891 1836 4941 sunt

236 4969 477 5039 Ziphzei.
532 4969 633 5038 Qui
660 4972 935 5030 venientes
979 4974 1045 5029 ad
1091 4975 1238 5044 Saul,
1286 4976 1633 5044 prodiderunt
1666 4976 1831 5032 David

239 5062 393 5131 apud
411 5078 472 5117 se
491 5076 616 5118 esse
634 5063 886 5120 celatum.
916 5065 1022 5121 Sed
1040 5076 1319 5122 exerentes
1340 5068 1443 5141 [ed.
1457 5109 1471 5133 ,
1494 5066 1833 5141 exercentes]

240 5152 516 5208 malitiam
538 5168 710 5223 suam,
731 5165 914 5212 sancto
930 5158 1048 5213 viro
1068 5158 1288 5214 minime
1309 5174 1504 5216 nocere
1526 5168 1832 5229 potuerunt.

237 5246 406 5301 Nunc
436 5246 715 5304 videamus
734 5262 868 5320 quos
895 5252 1123 5321 populos
1142 5253 1357 5307 nomina
1381 5254 1481 5308 ista
1506 5254 1831 5324 signiﬁcent,

238 5350 307 5396 ut
346 5352 686 5399 sacramenta
728 5342 885 5414 hujus
926 5345 1113 5414 psalmi
1141 5343 1441 5401 evidentius
1471 5346 1832 5404 innotescant.

239 5433 455 5505 Ziphaei
480 5434 783 5505 signiﬁcant
810 5435 1083 5503 ﬂorentes,
1107 5435 1246 5503 quod
1271 5437 1325 5491 in
1349 5436 1454 5491 isto
1480 5438 1681 5493 mundo
1706 5453 1832 5509 pec-

231 5526 529 5603 catoribus
568 5527 748 5582 datum
787 5535 889 5583 est.
934 5527 1101 5582 David
1139 5534 1315 5583 autem
1354 5526 1573 5597 ﬁguram
1612 5530 1835 5597 gerebat

240 5623 472 5679 Domini
525 5622 854 5691 Salvatoris,
911 5638 1006 5692 per
1047 5637 1203 5694 quem
1257 5621 1559 5677 declaratur
1602 5622 1833 5691 populus

239 5714 616 5772 Christianus.
651 5714 706 5769 In
734 5715 834 5771 hac
858 5730 987 5787 ergo
1011 5713 1357 5770 similitudine
1378 5712 1630 5768 decenter
1656 5714 1836 5781 expri-

236 5815 441 5879 mitur,
468 5810 557 5864 hic
579 5808 808 5879 perﬁdos
836 5823 953 5865 esse
974 5807 1225 5863 ﬂorentes
1246 5822 1308 5862 ac
1332 5807 1547 5871 liberos,
1570 5816 1623 5862 et
1652 5806 1835 5864 ﬁdeles

238 5902 601 5959 absconditos
630 5910 788 5974 atque
813 5903 1113 5960 conclusos.
1160 5901 1311 5959 Unde
1338 5916 1479 5959 nunc
1504 5902 1764 5974 pr0pheta
1796 5917 1828 5957 a

1941 4805 2187 4870 dicimur,
2215 4818 2335 4873 quae
2366 4802 2560 4858 mentis
2587 4815 2783 4856 arcano
2815 4798 3173 4854 recondimus.

2010 4893 2164 4948 Vers.
2184 4893 2236 4947 5.
2265 4893 2516 4958 Quoniam
2537 4892 2691 4945 alieni
2719 4892 3099 4945 insurrexerunt
3125 4886 3390 4942 adversum
3414 4904 3511 4952 me,

1938 4994 1987 5042 et
2017 4988 2169 5057 fortes
2197 4986 2503 5053 quwsierunt
2532 4984 2755 5036 animam
2779 4996 2973 5046 meam;
3005 4995 3106 5033 non
3134 4986 3512 5050 proposuerunt

1944 5076 2110 5131 Deum
2136 5084 2252 5130 ante
2279 5084 2601 5147 conspectum
2637 5088 2802 5126 suum.
2852 5068 3027 5125 Causa
3069 5084 3211 5124 nunc
3249 5065 3516 5138 praedicta:

1942 5168 2198 5225 orationis
2226 5166 2527 5236 exponitur.
2581 5162 2684 5217 Sed
2716 5175 2835 5215 cum
2866 5158 3069 5230 Ziphzei
3108 5160 3175 5214 de
3210 5157 3350 5213 tribu
3377 5157 3517 5213 Juda

1941 5258 2107 5314 fuisse
2135 5264 2423 5312 noscantur
2444 5252 2606 5325 (unde
2637 5260 2691 5307 et
2720 5251 2980 5321 pI‘Oplteta
3011 5249 3172 5305 traxit
3201 5249 3509 5319 originem‘,

1940 5364 2108 5421 quare
2133 5348 2327 5402 alienos
2357 5345 2487 5400 dixit
2514 5342 2772 5399 adversus
2798 5355 2856 5397 se
2885 5341 3266 5396 insurrexisse?
3313 5340 3512 5395 Verum

1941 5442 2027 5498 hic
2051 5443 2242 5497 alienos
2275 5455 2379 5494 non
2406 5437 2517 5491 vult
2546 5436 2809 5506 peregrini
2850 5437 3059 5506 generis
3087 5436 3230 5489 viros
3263 5433 3509 5503 intelligi,

1938 5534 2033 5590 sed
2072 5531 2323 5602 operibus
2371 5544 2400 5583 a
2448 5527 2675 5583 Domino
2722 5526 2888 5583 factos
2931 5536 3234 5582 extraneos.
3293 5525 3503 5587 Merito,

1937 5627 2057 5697 quia
2087 5626 2210 5680 dum
2251 5623 2319 5678 ab
2358 5622 2464 5676 illis
2506 5620 2760 5675 auxilium
2803 5619 3128 5674 defensionis
3175 5618 3504 5688 quaesiverit,

1935 5719 2072 5790 apud
2104 5719 2246 5786 ipsos
2273 5716 2440 5787 magis
2471 5713 2692 5769 insidias
2722 5713 3037 5784 proditionis
3066 5713 3286 5766 invenit.
3324 5709 3504 5762 Fortes

1938 5812 2081 5866 enim
2112 5810 2323 5866 Saulem
2351 5808 2464 5862 vult
2511 5808 2734 5877 intelligi
2784 5822 2904 5862 cum
2950 5805 3229 5869 ministris,
3265 5802 3423 5871 onem
3455 5813 3507 5857 ct

1937 5900 2170 5975 potentia
2200 5897 2392 5975 regalis
2421 5897 2694 5968 erigebat,
2738 5904 2792 5950 ct
2821 5896 2953 5967 livor
2979 5895 3177 5972 insana:
3204 5892 3396 5967 mentis
3426 5908 3513 5963 ar-
