4036 6342
498 426 607 488 385

1711 429 1782 484 Μ.
1825 427 2109 486 Αυηειιι
2148 427 2547 487 CASSIODORI

3653 427 3762 486 584

499 546 702 602 mabat.
749 544 1022 616 Sequitur,
1062 559 1165 600 non
1204 549 1572 615 proposuerunt
1601 543 1769 602 Deum
1799 553 1917 597 ante
1954 560 2076 598 con-
2101 550 2153 607 Α
2180 547 2422 608 quoniam
2450 545 2636 600 bonum
2656 553 2764 612 est;
2796 544 2943 602 illum
2971 543 3114 600 enim
3133 541 3271 600 velle
3295 541 3534 608 laudare,
3561 542 3766 601 insisti-

499 645 724 708 spcctum
749 653 920 691 suum.
970 635 1064 690 llle
1111 636 1348 707 proponit
1379 633 1547 690 Deum
1591 643 1709 689 ante
1756 644 2079 705 conspectum

501 744 672 793 suum,
700 728 790 798 qui
818 726 988 783 credit
1013 740 1134 781 eum
1168 725 1364 796 ubique
1387 740 1508 782 esse
1541 733 1885 794 przesentem,
1917 735 1971 780 et
2004 727 2080 780 ia-

502 819 604 876 cile
621 833 910 889 agnoscere
925 833 1044 888 quae
1059 817 1306 873 voluntas
1322 818 1509 874 nititur
1529 819 1758 873 humana
1783 819 2074 889 complere.

503 909 704 966 Perditi
732 918 910 964 autem
937 907 1058 964 ideo
1083 924 1190 963 non
1219 917 1512 977 proponunt
1544 907 1707 962 Deum
1746 915 1869 964 ante
1895 910 2081 966 oculos

502 1015 664 1067 suos,
709 1000 834 1072 quia
865 1001 1133 1070 ignorare
1180 999 1330 1054 illum
1379 1000 1606 1057 credunt
1651 1015 1771 1071 quae.
1818 1000 2078 1057 scelerata

502 1104 682 1150 mente
709 1092 1036 1164 concipiunt.
1088 1092 1212 1148 Hmc
1239 1100 1324 1148 est
1355 1093 1438 1162 pia
1466 1093 1639 1149 oratio
1666 1108 1825 1163 quam
1863 1094 2082 1150 deside-

501 1189 653 1243 rabat
679 1188 850 1244 audiri
876 1227 892 1255 ,
935 1203 1002 1244 ne
1043 1187 1120 1244 illi
1159 1185 1600 1257 permitterentur
1627 1201 1753 1242 suas
1779 1189 2082 1246 voluntates

503 1281 734 1346 etﬁcere,
765 1294 898 1350 quos
927 1278 1209 1336 constabat
1235 1278 1409 1336 Deum
1438 1286 1564 1335 ante
1590 1278 1778 1335 oculos
1819 1293 1947 1334 suos
1973 1294 2081 1336 non

505 1373 725 1430 habere.
769 1407 771 1410 ‹

575 1465 730 1522 Vcrs.
761 1467 816 1521 4.
857 1464 989 1521 Ecce
1016 1467 1151 1521 enim
1179 1463 1318 1520 Deus
1355 1465 1573 1536 adjuvat
1601 1481 1712 1532 me,
1756 1473 1803 1518 et
1832 1464 2082 1520 Dominus

503 1566 766 1628 susceptor
788 1567 862 1613 est
885 1559 1070 1613 anima:
1092 1573 1236 1612 metu.
1270 1557 1422 1612 Venit
1445 1557 1511 1612 ad
1536 1557 1821 1612 secundam
1846 1565 2083 1628 partem,

503 1649 592 1704 ubi
624 1657 743 1718 post
769 1649 1025 1704 orationis
1072 1649 1475 1705 devotissimam
1522 1650 1884 1718 sanctitatem,
1933 1649 2085 1705 auxi-

503 1743 632 1798 lium
663 1743 763 1798 sibi
801 1743 1011 1798 Domini
1048 1742 1310 1812 spirituali
1341 1741 1761 1813 praesumptione
1792 1741 2079 1812 promittit.

509 1833 768 1903 Adjuvat,
816 1832 993 1900 dixit,
1049 1834 1230 1904 utique
1278 1833 1654 1899 laborantem;
1713 1843 1773 1889 ut
1825 1837 2086 1904 petuisset

2183 635 2377 690 mabilc
2404 635 2601 710 bonum
2629 644 2733 706 est,
2781 635 2922 690 unde
2954 642 3008 690 et
3035 648 3188 692 mens
3213 640 3397 695 sancta
3421 633 3684 705 reﬁcitur,
3708 643 3766 692 ct

2182 726 2367 782 mundi
2399 727 2551 782 istius
2577 725 2875 782 adversitas
2901 725 3187 796 elfugatur.

2254 818 2408 877 Vers.
2430 819 2482 872 7.
2521 817 2776 886 Quoniam
2800 833 2864 873 ea:
2885 817 3024 873 omni
3047 815 3375 872 tribulatione
3404 815 3643 883 eripuisti
3663 830 3762 884 me,

2181 919 2226 964 et
2256 925 2409 979 super
2439 909 2670 964 inimicos
2709 925 2846 964 meos
2872 911 3094 979 respexit
3138 909 3314 963 oculus
3359 916 3477 962 tuus
3512 908 3636 982 [ms.
3670 907 3766 975 Α..

2181 999 2376 1071 meus].
2427 999 2573 1056 Sicut
2611 1000 2665 1055 in
2707 999 2878 1071 prima
2911 1007 3061 1070 parte
3089 999 3142 1054 in
3170 999 3278 1055 ﬁne
3306 997 3538 1055 reddidit
3567 1011 3769 1054 causas

2181 1091 2458 1159 orationis,
2480 1093 2549 1146 ita
2575 1106 2715 1147 nunc
2735 1091 2950 1162 subjicit
2971 1091 3234 1146 rationem
3251 1090 3605 1146 confessionis
3625 1103 3766 1155 suae;

2182 1195 2241 1242 ut
2273 1187 2428 1258 182
2452 1185 2695 1257 quamvis
2721 1185 2812 1241 ille
2838 1184 3139 1240 voluntarie
3166 1184 3501 1240 sacriﬁcasse
3531 1181 3770 1263 Domino

2181 1277 2474 1344 videretur,
2528 1277 2665 1334 Deus
2708 1284 2892 1333 tamen
2937 1285 3278 1333 concesserat
3319 1290 3438 1346 qua:
3479 1274 3770 1346 profutura

2181 1369 2446 1440 cognovit.
2502 1367 2584 1423 Ea:
2613 1369 2845 1424 omnibus
2880 1369 3079 1439 quippe
3120 1367 3532 1424 tribulationibus
3562 1367 3770 1425 virtute

2184 1459 2397 1516 Domini
2429 1461 2689 1532 propheta
2717 1475 2776 1517 se
2799 1467 3025 1516 testatur
3042 1469 3307 1532 ereptum;
3335 1451 3476 1533 quod
3501 1460 3695 1532 utique
3715 1459 3771 1517 in

2185 1555 2385 1612 mundo
2410 1557 2514 1610 isto
2539 1554 2783 1634 accidere
2812 1569 2919 1610 non
2945 1562 3155 1625 potest,
3185 1555 3288 1610 nisi
3315 1553 3394 1611 eis
3421 1553 3512 1625 qui
3552 1553 3612 1610 in
3655 1553 3772 1610 Do-

2184 1646 2315 1703 mini
2345 1646 2628 1701 dilectione
2653 1645 2964 1715 persistunt.
2993 1645 3161 1718 Super
3180 1645 3412 1698 inimicos
3438 1653 3620 1700 autem
3649 1643 3773 1712 ejus

2184 1737 2431 1807 Ziphaeos
2458 1738 2678 1808 respexit
2707 1738 2884 1792 oculus
2915 1737 3155 1805 Domini,
3187 1735 3402 1808 quando
3429 1749 3525 1794 eos
3556 1735 3772 1804 cogita-

2188 1830 2363 1887 tiones
2388 1832 2618 1886 netarias
2645 1830 2865 1886 minime
2890 1830 3163 1902 complere
3187 1829 3449 1902 permisit.
3484 1829 3771 1899 Frequen-

502 1920 648 1978 t‘erre
688 1936 807 1993 qua:
845 1936 1008 1992 supra
1039 1937 1162 1978 eum
1206 1923 1515 1980 nitebantur
1544 1923 1694 1994 impii
1733 1938 2080 1995 congregare.
2112 1919 2162 1980 B
2189 1929 2272 1978 ter
2306 1924 2447 1978 enim
2489 1921 2749 1992 pr0pitius
2797 1923 2936 1978 Deus
2977 1923 3162 1994 iniqua
3205 1935 3304 1978 nos
3349 1936 3456 1978 non
3506 1921 3775 1991 permittit

505 2013 756 2083 Sequitur
787 2013 947 2069 etiam
982 2014 1124 2085 quod
1155 2014 1226 2069 sit
1252 2014 1397 2070 istud
1426 2014 1787 2085 adiutorium;
1819 2013 1872 2070 id
1903 2025 2006 2084 est,
2037 2026 2085 2071 et

504 2102 757 2160 Dominus
797 2113 1059 2172 susceptor
1087 2112 1172 2184 est.
1187 2105 1375 2159 anima:
1402 2119 1547 2160 mete.
1597 2104 1765 2172 Quem
1798 2105 1891 2160 ille
1918 2107 2085 2161 susci-

506 2197 614 2266 pit,
662 2211 769 2250 non
809 2198 981 2252 solum
1022 2196 1077 2252 in
1118 2196 1393 2252 laboribus
1431 2196 1678 2267 adjuvat,
1720 2198 1815 2252 sed
1855 2198 2014 2253 etiam
2055 2213 2088 2254 a

509 2289 742 2360 peccatis
793 2291 1044 2346 omnibus
1099 2289 1384 2346 miseratus
1436 2291 1685 2347 absolvit.
1751 2290 1822 2347 Et
1877 2292 2087 2350 intuere

503 2383 630 2452 quia
659 2381 821 2451 dicit,
852 2383 1038 2438 anima:
1062 2399 1226 2450 meae;
1255 2392 1334 2451 ut,
1365 2383 1463 2438 etsi
1493 2398 1690 2453 corpus
1716 2383 1967 2454 periculis
1994 2399 2088 2440 es-

507 2473 746 2544 ponitur,
793 2477 985 2530 anima:
1015 2481 1194 2530 tamen
1230 2473 1375 2530 salus
1404 2474 1572 2530 illmsa‘
1599 2483 1863 2530 servetur.
1914 2475 2087 2547 Ipsam

509 2565 710 2636 quippe
753 2566 901 2622 novit
941 2566 996 2621 in
1044 2566 1244 2621 sanctis
1287 2567 1400 2623 suis
1444 2565 1749 2636 specialiter
1783 2568 2088 2638 custodire,

509 2671 606 2727 per
633 2672 792 2728 quam
825 2657 878 2713 in
916 2656 1120 2729 judicio
1149 2657 1387 2714 creditur
1411 2655 1687 2714 hominem
1716 2658 1861 2729 larga
1891 2659 2090 2730 pietate

509 2762 792 2806 coronare.

578 2841 736 2898 Vcrs.
765 2841 1040 2922 5.‘Averte
1063 2842 1200 2898 mala
1227 2842 1451 2899 inimicis
1479 2843 1604 2898 meis
1625 2858 1648 2899 :
1679 2845 1733 2898 in
1765 2844 1973 2900 ueritate
2000 2853 2090 2901 tua

509 2931 747 3003 disperde
770 2921 909 2987 illos.
946 2931 1080 2990 Cum
1107 2948 1170 2990 se
1196 2921 1542 2992 miseratione
1571 2935 1782 2992 Domini
1811 2937 1880 2992 ab
1906 2937 2089 2994 inimi-

507 3037 697 3080 corum
727 3027 1099 3095 persecutione
1127 3026 1384 3097 propheta
1406 3036 1754 3098 cognosceret
1777 3028 1940 3084 fuisse
1962 3029 2092 3086 libe-

509 3129 706 3185 ratum,
723 3117 860 3174 hanc
877 3118 1103 3174 hostiam
1121 3119 1275 3174 bona:
1292 3119 1580 3176 voluntatis
1596 3121 1851 3190 probatur
1866 3121 2086 3189 offerre;

509 3217 570 3266 ut
615 3224 711 3279 pro
755 3209 986 3266 inimicis
1031 3211 1145 3265 suis
1191 3210 1393 3265 nitatur
1417 3207 1738 3268 omnimodis
1765 3212 2085 3283 supplicare,

2186 2014 2435 2079 efﬁcere;
2487 2023 2542 2069 ut
2585 2013 2892 2084 compuncti
2919 2013 3213 2070 debeamus
3257 2012 3326 2068 de
3371 2013 3572 2068 nostris
3610 2028 3774 2069 erro-

2185 2106 2334 2163 ribus
2361 2105 2702 2177 supplicare;
2752 2105 2893 2161 sicut
2927 2113 3012 2161 est
3038 2105 3234 2162 Saulus
3262 2104 3599 2176 prohibitus,
3645 2119 3773 2160 cum

2187 2213 2217 2252 ιι
2247 2196 2613 2253 sacerdotibus
2659 2196 2726 2252 ad
2775 2195 3090 2252 Damascum
3131 2196 3440 2252 mitteretur
3480 2204 3540 2252 ut
3585 2196 3774 2252 Eccle-

2186 2290 2320 2346 siam
2362 2289 2560 2346 Christi
2610 2289 2905 2345 saevissima
2951 2272 3325 2360 persecutidne
3363 2297 3598 2346 vastaret
3628 2289 3774 2359 (Act.

2185 2394 2271 2448 ιι,
2299 2379 2375 2451 i).
2430 2381 2618 2452 Magna
2659 2379 2920 2451 siquidem
2966 2380 3317 2451 prosperitate
3362 2393 3471 2436 non
3512 2386 3599 2435 est
3644 2393 3773 2448 per-

2189 2470 2388 2526 missus
2427 2485 2588 2542 agere
2609 2511 2626 2539 ,
2674 2471 2816 2528 unde
2857 2470 3118 2543 potuisset
3155 2471 3224 2528 ad
3263 2480 3466 2529 mterna
3505 2472 3772 2544 supplicia

2190 2575 2492 2633 pervenire.

2723 2654 2996 2711 Conclusio
3028 2655 3231 2728 psalmi.

2193 2748 2211 2767 ’
2261 2765 2588 2838 Supplicatio
2616 2766 2718 2823 ista
2745 2766 3086 2837 prophetica,
3126 2773 3184 2823 et
3207 2771 3404 2822 saneta:
3429 2763 3776 2836 deprecatio-

2191 2859 2276 2917 nis
2303 2862 2501 2918 devota
2539 2861 2852 2932 simplicitas
2889 2861 3174 2916 utillimum
3200 2858 3325 2915 vitae
3364 2867 3563 2914 nostra:
3610 2858 3777 2914 tradit

2192 2955 2534 3025 exemplum;
2584 2963 2643 3011 ut
2683 2954 2896 3026 quando
2923 2968 2954 3009 a
2983 2953 3248 3023 Ziphteis,
3294 2952 3346 3008 id
3387 2960 3470 3009 est
3509 2967 3540 3007 a
3584 2953 3775 3008 mundi

2190 3045 2344 3105 istius
2374 3047 2687 3105 ﬂorentibus
2713 3049 3075 3120 ingravamur,
3126 3063 3234 3103 non
3279 3046 3348 3102 ad
3396 3045 3776 3102 contentiones

2192 3139 2493 3198 levissimas
2521 3141 2826 3208 incitemur,
2855 3143 2950 3200 sed
2975 3143 3277 3200 voluntarie
3305 3141 3534 3198 Domino
3559 3141 3776 3197 sacriﬁ-

2195 3244 2409 3304 cantes,
2454 3236 2570 3306 ejus
2602 3236 2874 3293 beneﬁciis
2915 3236 2984 3291 ab
3025 3236 3172 3292 omni
3201 3235 3545 3291 tribulatione
3574 3234 3773 3289 libere-

510 3299 653 3371 (ιυοά
680 3299 867 3394 dm"?
887 3300 1060 3394 Ρίθῑέε
1088 3302 1367 3357 conﬁnem
1393 3302 1622 3359 Ιίδθηιεΐ
1649 3304 1916 3374 πείρετε·
1961 3306 2092 3362 θταῑ
2117 3296 2166 3362 c
2195 3341 2334 3382 mur.
2382 3296 2778 3383 Contendamus
2804 3327 2883 3383 illi
2911 3327 3194 3384 verissime
3222 3326 3492 3394 conﬁteri,
3522 3333 3583 3381 ut
3607 3327 3776 3383 etiam

511 3407 642 3464 ergo
669 3400 728 3448 ut
763 3392 906 3448 mala
933 3393 1183 3450 voluntas
1225 3402 1568 3450 removeatur
1595 3396 1662 3451 ab
1692 3395 1920 3452 inimicis
1949 3397 2087 3466 ejus,

512 3485 656 3540 unde
681 3498 776 3541 eos
805 3491 1030 3540 noverat
1054 3485 1429 3556 ingravandos.
1462 3485 1712 3557 Sequitur
1739 3488 1904 3554 enim,
1932 3489 1984 3542 in
2007 3505 2092 3545 ve-

513 3588 616 3634 tate
640 3588 729 3634 tua
753 3579 990 3648 disperde
1008 3579 1146 3634 illos.
1178 3577 1442 3636 Melicum
1462 3581 1530 3637 ad
1550 3581 1828 3639 veritatem
1848 3583 2088 3651 veniunt,

515 3685 546 3726 a
587 3671 810 3741 pristina
851 3672 1145 3728 intentione
1187 3672 1530 3744 dispereunt;
1559 3681 1636 3750 vet
1681 3673 1785 3730 nisi
1827 3675 2017 3744 aliquis
2058 3689 2091 3732 a

515 3762 789 3830 proposito
835 3761 1126 3834 iniquitatis
1177 3762 1530 3832 discesserit,
1597 3763 1772 3820 locum
1825 3765 1878 3820 in
1935 3764 2091 3822 bonis

513 3853 717 3909 actibus
755 3869 861 3910 non
905 3854 1142 3911 habebit.
1206 3855 1521 3927 Dispeream
1560 3870 1691 3927 ergo
1736 3856 1972 3926 Ziphmi,
2021 3872 2091 3914 ne

515 3944 740 4013 prodant
776 3945 1048 4002 celatum:
1097 3945 1366 4018 dispereat
1403 3946 1583 4015 Saul,‘
1611 3939 1691 4004 ne
1741 3958 2090 4020 persequatur

514 4035 814 4095 innoxium.

589 4128 737 4186 Vers.
767 4129 822 4186 6.
872 4130 1178 4188 Voluntaria
1215 4131 1516 4204 sacriﬁcabo
1559 4133 1682 4202 tibi,
1727 4141 1774 4189 et
1815 4135 2091 4206 conﬁtebor

513 4222 704 4276 nomini
743 4231 862 4289 tuo,
891 4222 1140 4292 Domine,
1171 4228 1411 4296 quoniam
1439 4227 1625 4282 bonum
1654 4237 1746 4283 est.
1791 4227 2090 4285 Voluntaria

513 4313 766 4382 sacriﬁcat
793 4314 1035 4382 Domino,
1061 4318 1150 4388 qui
1174 4332 1269 4387 pro
1289 4319 1520 4375 inimicis
1544 4319 1660 4376 suis
1679 4321 1852 4376 studio
1876 4322 2088 4391 pietatis

512 4411 718 4460 exorat.
761 4403 891 4458 Nam
920 4405 1010 4476 qui
1041 4407 1172 4476 petit
1201 4408 1539 4464 inimicorum
1569 4410 1876 4477 vindictam,
1911 4413 1999 4481 qui
2027 4426 2088 4468 se

512 4493 696 4550 ulcisci
719 4494 987 4551 desiderat
1009 4497 1402 4554 calamitatibus
1421 4499 1631 4566 alienis,
1656 4501 1740 4557 vel
1761 4503 1850 4570 qui
1874 4512 2088 4572 propter

509 4586 614 4643 alia
643 4588 827 4644 mundi
853 4588 1116 4646 desideria
1145 4591 1439 4661 supplicat,
1468 4593 1752 4648 uoluntarie
1790 4608 1898 4650 non
1922 4596 2086 4651 sacri-

2191 3417 2359 3489 ignari
2381 3433 2410 3473 a
2429 3420 2626 3475 nostris
2646 3418 2994 3491 compedibus
3015 3434 3316 3476 mereamur
3333 3417 3556 3474 absolvi.
3581 3417 3776 3489 Magna

2191 3523 2411 3580 prorsus
2437 3508 2606 3567 forma
2635 3510 2904 3581 petitionis
2931 3525 3185 3582 expressa
3211 3517 3296 3566 est
3321 3526 3336 3575 ;
3369 3517 3448 3577 ut,
3479 3506 3776 3563 imminen-

2193 3601 2336 3658 tibus
2383 3601 2708 3672 quibuslibet
2737 3600 3010 3673 perieulis,
3046 3600 3333 3671 tranquillo
3381 3609 3436 3655 et
3480 3597 3776 3660 conﬁdenti

2193 3693 2308 3766 [ms.
2337 3694 2400 3762 A,
2437 3693 2506 3759 F,
2540 3692 2836 3765 conﬁtenti]
2882 3694 3061 3749 animo
3088 3692 3486 3763 supplicemus:
3516 3692 3772 3762 quoniam

2191 3789 2341 3842 novit
2382 3787 2475 3844 ille
2515 3802 2613 3844 nos
2654 3803 2722 3844 ex
2766 3788 3014 3843 omnibus
3058 3775 3490 3843 tribulationibus
3533 3786 3772 3856 eripere,

2189 3880 2236 3936 si
2262 3888 2436 3937 tamen
2467 3881 2551 3936 hic
2579 3880 2733 3936 nobis
2759 3878 3006 3950 intelligit
3037 3877 3308 3950 expedire.
3353 3878 3464 3933 Nos
3490 3878 3622 3934 enim
3648 3879 3776 3949 quid

2190 3988 2412 4040 oremus,
2444 3973 2573 4027 sicut
2601 3981 2828 4043 oportet,
2860 3972 3112 4028 nescimus
3137 3970 3314 4045 (Rom.
3337 3987 3449 4038 vm,
3489 3970 3605 4043 26),
3636 3987 3774 4041 qttos

2189 4072 2244 4120 et
2271 4063 2585 4134 ignorantiae
2611 4063 2892 4120 tenebrosa
2920 4062 3273 4131 circumdant,
3295 4072 3351 4120 et
3371 4063 3528 4119 noxia
3553 4072 3774 4134 peccata

2187 4153 2539 4210 confundunt.

2479 4267 2844 4327 EXPOSITIO
2883 4267 2971 4323 ΙΝ·
2989 4265 3316 4325 PSALMUM
3351 4266 3488 4322 LIV.

2350 4384 2416 4439 In
2445 4385 2620 4454 ﬁnem,
2653 4387 2706 4440 in
2735 4383 3066 4450 carminibus,
3099 4383 3383 4438 intellectus
3416 4383 3602 4438 David.

2259 4493 2325 4550 In
2355 4496 2508 4565 ﬁnem
2537 4494 2749 4566 quidem
2776 4493 3086 4565 frequenter
3112 4493 3312 4550 dictum
3338 4502 3454 4560 est;
3498 4494 3644 4565 quod
3685 4504 3768 4551 ta-

2189 4603 2309 4646 men
2337 4603 2442 4644 non
2471 4589 2671 4660 pigebit
2698 4596 2971 4658 repetere,
3023 4590 3068 4643 si
3112 4587 3215 4644 hoc
3253 4596 3309 4644 et
3349 4587 3507 4644 aliter
3536 4591 3771 4659 potuerit

511 4681 633 4748 ﬁcat
657 4678 922 4748 Domino;
954 4683 1074 4752 quia
1103 4697 1210 4738 non
1235 4682 1352 4753 ejus
1377 4697 1562 4739 amore
1584 4693 1756 4755 rogat,
1779 4687 1874 4742 sed
1896 4697 2085 4755 poten-
2111 4672 2168 4735 D
2189 4683 2482 4754 explanari.
2516 4682 2660 4738 Bene
2684 4681 2800 4752 ﬁnis
2830 4681 3025 4738 dicitur
3043 4680 3308 4749 Christus,
3333 4680 3584 4751 quoniam
3612 4681 3770 4751 quid-

510 4773 636 4829 tiam
666 4773 831 4843 ipsius
862 4788 1039 4829 rerum
1064 4774 1362 4846 aliquarum
1389 4775 1714 4833 necessitate
1743 4777 2080 4846 deprecatur.

510 4861 818 4934 Sacri/icere
855 4876 1036 4922 autem
1074 4867 1358 4921 voluntarie
1389 4866 1614 4924 Domino
1641 4877 1750 4935 est,
1797 4870 2082 4940 puritatem

505 4955 663 5010 bona:
686 4956 971 5013 voluntatis
992 4958 1220 5024 oll'erre;
1249 4966 1301 5014 et
1326 4965 1545 5030 propter
1569 4957 1672 5014 hoc
1697 4967 1899 5015 tantum
1930 4962 2082 5019 illum

507 5047 710 5114 colere,
741 5047 951 5117 timere,
978 5050 1062 5106 vel
1091 5064 1273 5106 amare
1301 5049 1444 5120 quod
1476 5049 1616 5105 Deus
1644 5059 1748 5120 est,
1770 5051 1912 5122 quod
1933 5066 2080 5110 crea-

504 5147 611 5209 tor,
626 5141 771 5213 quod
789 5156 968 5198 rerum
985 5144 1218 5200 omnium
1234 5145 1351 5214 pius
1369 5143 1622 5215 probatur
1637 5157 1756 5200 esse
1771 5143 2081 5214 dispositor.

507 5233 817 5304 Sacriﬁcant
844 5235 1008 5290 etiam
1045 5238 1328 5293 uoluntarie
1366 5239 1475 5294 Deo
1512 5238 1601 5310 qui
1645 5237 1784 5294 inter
1811 5241 2084 5309 angustias

508 5323 813 5394 passionum
833 5323 1032 5395 jugiter
1048 5327 1247 5395 gratias
1265 5336 1460 5397 agunt;
1488 5329 1626 5384 sicut
1645 5328 1726 5383 vir
1745 5337 1960 5384 sanctus
1981 5329 2008 5384 J
2015 5329 2084 5385 ob

506 5415 699 5471 fecisse
722 5424 1066 5472 memoratur.
1099 5415 1368 5486 Sequitur,
1395 5427 1443 5474 et
1463 5419 1737 5489 conﬁtebor
1759 5418 1952 5472 nomini
1973 5425 2079 5487 tuo,

504 5506 745 5574 Domine,
772 5508 1013 5578 quoniam
1039 5507 1226 5562 bonum
1249 5520 1339 5563 est.
1371 5509 1619 5580 Congrue
1643 5510 1804 5565 nimis
1830 5509 1895 5564 ad
1923 5523 2081 5580 supe-

505 5600 648 5655 riora
695 5599 996 5668 respondit;
1045 5608 1104 5654 ut
1149 5599 1203 5654 in
1252 5599 1402 5670 cujus
1441 5602 1636 5658 virtute
1679 5602 1858 5657 salvus
1904 5599 2077 5656 fuerat

505 5691 698 5758 factus,
747 5691 864 5762 ejus
914 5690 1116 5746 nomini
1165 5690 1392 5746 hostiam
1442 5693 1793 5749 confessionis
1838 5692 2074 5748 oﬂ‘erret.

506 5785 748 5849 Conﬁteri
775 5785 916 5840 enim
947 5785 1063 5851 hic,
1107 5784 1326 5839 laudare
1367 5785 1668 5857 signiﬁcat;
1710 5785 1830 5856 quia
1857 5785 2079 5841 verbum

505 5875 643 5932 istud
670 5877 828 5947 (sicut
853 5893 997 5948 saepe
1017 5877 1273 5946 diximus)
1297 5877 1676 5949 homonymum
1706 5886 1810 5935 est.
1839 5877 2080 5945 Addidit,

2192 4777 2317 4848 quid
2343 4785 2487 4833 recte
2513 4790 2576 4832 ac
2599 4775 2832 4832 ﬁdeliter
2857 4775 3084 4846 agimus,
3113 4773 3181 4830 ad
3211 4776 3381 4845 ipsum
3408 4783 3621 4830 constat
3650 4775 3768 4830 sine

2191 4871 2516 4927 dubitatione
2539 4869 2912 4935 referendum;
2941 4869 3055 4926 sive
3075 4868 3196 4940 quia
3221 4868 3370 4925 venit
3389 4869 3441 4923 in
3463 4875 3766 4936 temporum

2192 4962 2315 5028 ﬁne,
2343 4963 2480 5019 sicut
2499 4962 2787 5032 Apostolus
2813 4961 2979 5018 dicit:
3007 4960 3292 5016 Nouissime
3312 4963 3513 5017 locutus
3530 4970 3606 5014 est
3629 4958 3769 5015 nobis

2185 5057 2243 5111 in
2270 5053 2407 5110 Filio
2437 5054 2623 5126 (Hebr.
2656 5055 2700 5120 ι’,
2741 5051 2821 5122 2).
2877 5054 2988 5111 lloc
3038 5053 3200 5110 etiam
3247 5050 3581 5124 signiﬁcabat
3625 5051 3767 5114 quod

2190 5147 2398 5217 Moyses
2423 5145 2594 5202 dixit:
2629 5144 2881 5201 Occidetis
2924 5161 3117 5216 agnum
3163 5144 3231 5198 ad
3275 5135 3764 5216 uesperamlExéd.

2190 5252 2297 5304 xu,
2327 5237 2408 5305 6).
2456 5234 2525 5290 In
2561 5236 2895 5305 carminibus,
2926 5236 2982 5291 in
3021 5234 3268 5292 laudibus
3295 5236 3448 5292 dicit.
3500 5235 3767 5292 Admonet

2187 5329 2328 5384 enim
2360 5343 2457 5384 nos
2486 5330 2602 5385 sive
2641 5329 2694 5385 in
2727 5329 2971 5398 tristitia,
3013 5331 3127 5387 sive
3168 5331 3222 5385 in
3261 5330 3456 5401 gaudio
3497 5331 3766 5398 przeconia

2185 5421 2396 5476 Domini
2416 5421 2612 5493 jugiter
2636 5437 2924 5492 personare
2947 5423 3111 5494 (unde
3134 5423 3373 5492 psalmus
3396 5423 3498 5478 iste
3521 5423 3763 5479 dicturus

2183 5513 2286 5580 est)
2340 5527 2436 5568 nec
2481 5513 2546 5568 ah
2594 5513 2711 5584 ejus
2758 5513 3040 5581 aliquando
3084 5513 3242 5569 laude
3283 5514 3580 5570 discedere.
3631 5513 3762 5568 Nam

2191 5613 2409 5673 paterno
2450 5605 2665 5674 aﬁeetu,
2700 5605 2910 5675 quando
2949 5605 3200 5675 castigat,
3242 5607 3496 5676 corrigit;
3547 5606 3762 5676 quando

2189 5697 2518 5764 consolatur,
2547 5697 2770 5752 refovet.
2809 5697 3100 5768 Utrumque
3124 5713 3252 5768 ergo
3281 5699 3431 5754 nobis
3463 5700 3695 5768 prolicit,
3718 5701 3760 5754 si

2188 5787 2255 5843 de
2277 5801 2372 5858 ore
2396 5796 2580 5843 nostro
2605 5789 2894 5857 gratiarum
2922 5790 3059 5844 actio
3088 5804 3191 5844 non
3223 5790 3440 5846 recedit.
3475 5792 3756 5861 Sequitur:

2193 5877 2486 5936 Intellectus
2519 5877 2706 5934 Dauid.
2759 5879 2862 5936 iste
2891 5890 3067 5938 certus
3110 5882 3393 5937 intellectus
3440 5891 3523 5939 est
3570 5881 3755 5947 David,
