4036 6342
305 475 398 534 38:3

1225 468 1583 527 EXPOSITIO
1623 465 1686 524 ΙΝ
1729 465 2187 525 PSALTERIUM.
2230 467 2425 525 PSAL.
2468 468 2596 523 LIV.

3433 468 3534 526 586

304 599 359 646 ut
381 583 662 644 secundum
691 597 905 641 carnem
953 597 1074 638 eum
1126 584 1333 640 Patrem
1369 585 1609 640 dicamus
1641 582 1857 639 Domini
1893 585 1945 645 Α
1970 583 2269 652 peccatoris,
2304 582 2720 637 subaudiendum
2750 588 2859 646 εει,
2907 580 3075 638 libera
3103 594 3226 650 me;
3277 591 3332 638 ut
3371 585 3537 653 possit

304 677 516 743 Christi;
567 677 705 731 sicut
751 675 805 729 in
849 675 1137 746 Evangelio
1176 689 1353 730 caecus
1397 677 1696 731 exclamat:
1748 671 1857 727 Fili

307 770 479 833 David,
510 768 744 822 miserere
770 768 867 822 mei
895 767 1046 836 (Luc.
1075 783 1221 835 xvut,
1247 768 1361 836 40).
1400 767 1701 823 Secundum
1731 766 1866 820 divi‘

308 860 512 912 nitatem
542 871 669 912 vero
712 872 924 912 servum
971 873 1088 913 esse
1128 858 1426 922 fateamur;
1474 859 1610 912 sicut
1649 856 1765 924 ipse
1808 855 1862 909 in

307 948 583 1004 centesimo
615 961 755 1001 nono
786 948 991 1016 psalmo
1013 949 1139 1002 dicit
1162 965 1175 1002 :
1203 947 1344 1000 Dixit
1366 945 1618 1000 Dominus
1639 944 1864 999 Domino

307 1056 442 1095 meo:
472 1039 608 1096 Sede
635 1056 666 1094 a
691 1041 881 1094 dextris
910 1041 1031 1094 meis
1060 1039 1230 1110 (Psal.
1259 1055 1372 1107 (ιιι,
1401 1039 1478 1107 1).

863 1153 1053 1208 Divisio
1091 1154 1298 1224 psalmi.

371 1264 467 1318 Per
499 1273 665 1319 totum
692 1266 953 1335 psalmum
984 1265 1188 1322 duobus
1221 1265 1688 1336 diapsalmatibus,
1713 1264 1865 1336 quasi

305 1356 515 1425 geminis
539 1357 711 1412 oculis
737 1356 989 1412 decenter
1011 1358 1291 1427 appositis,
1316 1359 1478 1414 verba
1504 1369 1628 1414 sunt
1656 1358 1867 1413 Domini

305 1447 584 1503 Salvatoris
613 1463 681 1502 ex
707 1448 877 1503 forma
901 1449 1078 1518 servi,
1114 1465 1272 1520 quam
1301 1451 1508 1521 integra
1540 1452 1868 1520 proprietate

305 1536 611 1606 declarans,
666 1537 978 1592 humilitatis
1029 1537 1184 1592 nobis
1233 1538 1601 1593 saluberrimae
1650 1538 1870 1594 donavit

301 1629 617 1696 exemplum.
673 1629 729 1682 ln
759 1629 930 1700 prima
963 1639 1112 1700 parte
1141 1633 1272 1700 petit
1309 1644 1378 1686 ne
1421 1629 1475 1685 in
1518 1629 1868 1688 tribulatione

301 1721 446 1791 positi
478 1714 808 1792 deSpiciatur
835 1721 1041 1777 oratio:
1087 1721 1381 1792 deprecans
1422 1720 1754 1778 liberationis
1783 1737 1871 1778 εε-

303 1810 593 1879 leritatem,
641 1827 800 1882 qttam
849 1826 913 1867 ex
963 1811 1138 1867 carnis
1189 1813 1498 1867 inﬁrmitate
1542 1812 1871 1882 probabatur

301 1910 560 1968 expetere.
619 1901 864 1957 Secundo
893 1902 1011 1957 loco
1039 1901 1344 1957 Judmorunt
1371 1902 1574 1958 destrui
1609 1905 1872 1972 supplicat

303 1991 622 2060 iniquitates,
649 1993 901 2062 quoniam
946 1994 1000 2048 in
1048 1995 1264 2049 civitate
1295 1994 1532 2063 ipsorum
1576 2005 1691 2050 erat
1734 2012 1868 2051 con-

304 2080 538 2135 tradictio
565 2083 825 2136 veritatis.
869 2081 1052 2137 Tertio
1082 2082 1201 2137 loco
1238 2081 1367 2137 dicit
1415 2098 1534 2152 qua:
1589 2083 1872 2140 obstinatis

302 2172 489 2228 Judaeis
516 2188 612 2244 pro
632 2176 744 2230 suis
770 2174 1064 2230 sceleribus
1091 2186 1311 2230 noverat
1337 2175 1571 2230 evenire.
1624 2174 1870 2232 Postltmc

303 2263 650 2320 introducitur
679 2266 760 2334 pia
789 2266 1119 2333 consolatio,
1167 2281 1234 2322 ne
1262 2265 1383 2337 quis
1411 2264 1652 2321 ﬁdelium
1681 2265 1863 2322 audita

301 2354 582 2410 severitate
603 2355 807 2412 Judicis
834 2363 1147 2411 terreretur.

831 2470 1098 2541 Expositio
1133 2469 1340 2541 psalmi.

367 2583 521 2639 Vcrs.
551 2585 605 2641 ι.
647 2583 886 2650 Exaudi,
932 2584 1106 2651 Dctts,
1153 2585 1434 2639 orationem
1478 2600 1671 2652 meam,
1720 2593 1767 2639 et
1811 2599 1874 2638 ne

295 2675 584 2744 despexeris
624 2675 1020 2744 deprecationem
1063 2692 1246 2728 nteant.
1297 2676 1546 2731 Christus
1593 2677 1871 2744 Dominus,
1948 2689 1959 2698 ‘

294 2767 384 2836 qui
429 2767 497 2820 ad
546 2780 642 2821 nos
683 2767 828 2821 venit
873 2767 955 2836 pia
988 2765 1334 2821 miseratione
1377 2767 1698 2832 salvandos,
1747 2767 1872 2822 vitae

299 2859 451 2913 nobis
481 2859 707 2914 formam
741 2860 980 2916 tribuens
1010 2868 1063 2915 et
1090 2860 1315 2915 salutem
1335 2900 1350 2926 ,
1379 2876 1444 2915 ex
1473 2861 1874 2930 dispensatione

303 2964 400 3020 qua
426 2965 615 3019 passus
637 2959 741 3019 est,
771 2950 826 3006 in
851 2951 1032 3006 mundi
1062 2951 1548 3021 perturbationibus
1572 2952 1873 3008 voluntarie

304 3043 637 3108 constitutus,
679 3043 850 3112 primo
879 3053 1143 3099 commate
1172 3044 1401 3098 exaudiri
1430 3046 1559 3112 petit
1588 3045 1872 3099 orationent

305 3146 470 3188 suam.
499 3133 705 3189 Deinde
732 3135 957 3205 postulat
989 3149 1056 3191 ne
1083 3134 1199 3204 eius
1221 3135 1507 3206 deprecatio
1537 3136 1870 3204 despiciatur.

304 3225 405 3281 Sed
437 3227 539 3283 hoc
569 3235 738 3283 totum
779 3243 875 3298 per
904 3227 1034 3283 illud
1065 3227 1280 3295 dicitur,
1330 3227 1473 3298 quod
1522 3228 1698 3294 homo,
1732 3228 1874 3283 Deus

1969 675 2123 730 nobis
2143 675 2432 730 secundum
2455 675 2819 730 auctoritatem
2840 673 3117 730 Hebrasam
3134 690 3384 730 versuum
3406 689 3534 729 con-

1967 776 2111 822 stare
2137 766 2346 823 divisio.
2396 771 2439 820 A
2469 784 2584 822 voce
2609 769 2801 821 inimici
2828 767 2959 838 petit
2987 782 3046 824 se
3072 768 3296 836 liberari,
3326 770 3535 838 quando

1968 859 2031 912 de
2059 860 2167 927 ipso
2191 858 2386 912 diccbat
2412 859 2639 928 populus
2660 859 2998 914 Judmorum:
3027 859 3090 914 Si
3112 859 3223 915 Rex
3244 858 3410 914 Israel
3439 869 3534 926 est,

1962 929 2238 1005 descendat
2267 951 2331 1004 de
2359 966 2526 1017 cruce,
2559 959 2606 1002 ct
2632 951 2881 1006 credimus
2907 952 2952 1006 ei
2983 949 3196 1020 (Matth.
3223 966 3390 1018 xxv",
3425 949 3538 1019 42).

1970 1039 2106 1096 Petit
2146 1057 2274 1112 ergo
2316 1051 2372 1096 ut
2410 1041 2525 1096 haec
2551 1056 2653 1096 vox
2685 1042 3007 1111 perlidorum
3036 1052 3321 1113 conspecta
3363 1058 3541 1100 resur-

1969 1134 2206 1189 rectione
2239 1135 2502 1190 vincatur.
2557 1135 2842 1190 Tribulatio
2891 1150 3018 1190 vero
3065 1138 3344 1206 peccatoris
3390 1146 3541 1206 erat,

1969 1225 2183 1294 quando
2219 1241 2340 1280 eum
2383 1242 2477 1284 ore
2514 1227 2773 1298 sacrilego
2816 1228 3216 1297 conspuebant,
3258 1228 3541 1284 caedebant

1971 1317 2137 1385 alapis
2167 1330 2228 1372 ac
2254 1316 2500 1387 ﬁagellis,
2535 1327 2587 1372 et
2620 1320 2773 1389 183
2800 1320 3240 1389 exprobrationes
3269 1319 3342 1375 illi
3373 1336 3537 1391 supra

1969 1408 2193 1464 verbera
2237 1409 2596 1478 geminabant.
2646 1410 2921 1479 Sequitur,
2968 1412 3206 1482 quoniam
3249 1413 3542 1466 declinatio.

1971 1510 2088 1552 runt
2118 1501 2170 1554 in
2197 1517 2274 1554 nte
2303 1501 2650 1572 iniquitatem,
2697 1511 2743 1556 et
2783 1503 2836 1555 in
2875 1504 2956 1556 ira
2993 1503 3192 1558 molesti
3221 1515 3366 1558 erant
3396 1505 3539 1558 nti/ti.

1973 1592 2014 1648 F
2023 1594 2221 1649 urentis
2243 1595 2421 1664 populi
2452 1595 2698 1664 impetus,
2723 1595 2873 1664 quasi
2903 1594 3136 1651 (luminis
3163 1609 3349 1651 cursus
3378 1610 3543 1666 expo—

1975 1683 2135 1738 nitur.
2184 1683 2578 1740 Declinat'erunt
2607 1687 2749 1742 enim
2777 1686 2832 1741 in
2865 1685 3148 1741 Dominum
3198 1687 3537 1758 iniquitatem,

1975 1774 2099 1842 quia
2134 1773 2333 1828 nullam
2361 1763 2602 1830 volentes
2635 1775 2879 1844 recipere
2918 1776 3204 1843 rationem,
3232 1776 3544 1833 eﬁ‘usioncm

1977 1865 2250 1933 sanguinis
2278 1865 2577 1922 innocentis
2604 1867 2945 1936 expetebant.
2992 1867 3059 1922 Et
3088 1875 3210 1922 nota
3240 1882 3396 1936 quam
3435 1883 3546 1921 ma-

1899 1965 1948 2027 B
1974 1969 2092 2024 gnat
2119 1969 2294 2011 causa:
2321 1957 2499 2013 verbis
2527 1957 2749 2028 singulis
2783 1958 3137 2027 explicantur.
3176 1956 3390 2013 Judaeos
3416 1957 3549 2014 dicit

1975 2046 2320 2102 vehementer
2350 2063 2632 2120 accensos,
2669 2065 2804 2120 quos
2834 2050 2913 2105 ira
2941 2051 3147 2106 fervida
3177 2050 3550 2122 praecipitabat

1973 2137 2040 2192 ad
2068 2137 2297 2194 facinus.
2345 2139 2475 2194 Nam
2508 2140 2648 2210 quod
2681 2141 2746 2195 ad
2780 2156 2839 2198 se
2875 2143 3103 2211 pertinet
3137 2143 3302 2210 dixit,
3345 2141 3549 2197 molesti

1975 2237 2117 2282 erant
2142 2229 2301 2293 mihi;
2329 2230 2469 2299 quod
2496 2231 2632 2286 solet
2654 2231 2808 2287 nobis
2830 2233 3159 2302 contingere,
3181 2234 3393 2303 quando
3418 2249 3548 2303 pro-

1973 2321 2198 2377 cacitate
2229 2324 2494 2391 superﬂua
2533 2324 2806 2380 reddimur
2835 2325 3096 2397 inquieti-
3131 2327 3365 2382 Audiant
3409 2327 3542 2384 insi-

1974 2413 2180 2482 pientes
2206 2413 2377 2469 Judaei
2412 2415 2638 2471 Domino
2667 2431 2726 2472 se
2756 2425 2957 2472 tantum
2987 2417 3180 2474 fecisse
3220 2418 3540 2488 molestiam,

1974 2505 2075 2560 sibi
2106 2515 2280 2560 autem
2314 2517 2623 2577 perpetuam
2651 2508 2882 2564 ruinam.

2042 2597 2197 2652 Vcrs.
2227 2598 2279 2652 4.
2313 2598 2412 2652 Cor
2441 2617 2608 2654 meum
2641 2602 2995 2657 conturbatum
3020 2613 3092 2658 est
3124 2605 3178 2660 in
3203 2620 3314 2673 me,
3353 2613 3401 2659 et
3425 2606 3538 2676 for-

1974 2691 2113 2744 mido
2157 2693 2330 2744 mortis
2374 2694 2553 2747 cecidit
2595 2711 2744 2762 super
2773 2711 2867 2749 me.
2913 2695 3008 2751 Hic
3049 2697 3242 2754 iterum
3278 2698 3547 2754 humilitas

1979 2783 2327 2837 humanitatis
2371 2784 2711 2853 exprimitur;
2756 2800 2878 2840 nam
2925 2788 3166 2854 quamvis
3209 2788 3327 2859 lege
3368 2789 3547 2844 carnis

1979 2876 2092 2944 ejus
2121 2875 2330 2930 animus
2360 2877 2679 2943 turbaretur,
2713 2877 3004 2933 divinitatis
3044 2889 3218 2936 tamen
3259 2897 3369 2936 sua:
3405 2897 3546 2951 pra:-

1975 2967 2114 3023 sidio
2140 2954 2352 3024 dolores
2380 2970 2640 3038 corporis,
2665 2976 3032 3040 tormentaque
3053 2972 3316 3028 vincebat.
3340 2972 3470 3028 Nam
3498 2975 3545 3029 si

1978 3062 2155 3118 hocin
2184 3064 2508 3134 martyribus
2539 3064 2630 3119 Dei
2656 3064 2823 3119 virtus
2852 3074 3122 3134 operatur,
3153 3075 3350 3135 quanto
3378 3067 3546 3138 magis

1975 3151 2032 3206 in
2058 3152 2148 3206 illa
2176 3151 2574 3222 dispensatione
2601 3153 2779 3208 carnis
2805 3167 2915 3208 sua:
2944 3161 3325 3210 tormentorum
3356 3170 3546 3212 sensus

1975 3243 2263 3300 vehemens
2291 3259 2398 3298 non
2429 3252 2639 3314 poterat
2680 3245 2987 3314 praevalere.
3025 3243 3269 3314 Implevit
3297 3246 3546 3315 patiendo

305 3333 417 3375 csse
443 3320 691 3391 dignatus
718 3331 821 3377 est.
855 3321 1070 3377 Poterat
1098 3322 1242 3377 enim
1271 3329 1326 3379 et
1353 3322 1589 3375 exaudiri
1620 3321 1790 3391 prius,
1817 3331 1872 3378 et
1898 3336 1945 3402 ο
1973 3349 2158 3391 verum
2189 3333 2485 3400 hominem;
2518 3335 2611 3391 sed
2645 3343 2699 3392 ει
2738 3351 2831 3405 per
2854 3351 2913 3392 se
2941 3335 3202 3392 vincendo
3237 3338 3378 3404 talia,
3403 3337 3545 3393 idem

309 3420 480 3478 postea
502 3410 720 3480 despici.
750 3411 901 3479 Quod
921 3411 1101 3467 evenit
1129 3412 1208 3467 eis
1233 3411 1322 3481 qui
1350 3410 1535 3466 mundi
1561 3411 1712 3466 istius
1735 3411 1872 3467 bona

306 3500 707 3571 desiderantes,
759 3502 1025 3574 accipiunt
1073 3517 1192 3574 quae
1246 3511 1550 3572 precantur,
1596 3512 1652 3558 et
1701 3512 1877 3559 tamen

306 3603 479 3662 postea
500 3594 871 3664 despiciuntur
892 3610 907 3652 :
935 3595 1060 3665 quia
1081 3608 1416 3665 nequaquam
1437 3602 1636 3650 interna
1660 3595 1876 3664 praemia

307 3690 650 3758 quaesierunt.

374 3780 518 3837 γεγε.
552 3782 612 3835 ‘2.
661 3779 880 3837 Intende
903 3781 955 3836 in
980 3798 1059 3837 nte
1096 3790 1142 3836 et
1167 3782 1356 3836 exaudi
1383 3796 1506 3836 me:
1551 3781 1879 3836 contristatae

309 3888 412 3926 sum
440 3874 489 3927 itt
519 3875 884 3930 exercitatione
920 3891 1053 3942 mea,
1095 3885 1143 3929 et
1183 3874 1513 3928 conturbatus
1538 3891 1672 3928 sum.
1723 3873 1879 3928 Prius

311 3972 389 4018 est
436 3966 697 4020 intendere
725 4005 740 4032 ,
792 3965 987 4022 deinde
1032 3980 1218 4021 vocem
1268 3965 1615 4034 supplicantis
1665 3964 1877 4020 audire.

313 4051 469 4112 Nemo
495 4058 645 4114 enim
679 4071 899 4114 aversus
935 4057 1183 4124 exaudit;
1216 4059 1313 4114 sed
1344 4059 1428 4114 cui
1459 4067 1706 4127 aspectus
1736 4067 1881 4109 tran-

319 4149 503 4216 quillus
533 4150 866 4218 conceditur,
899 4151 999 4220 ipsi
1035 4159 1090 4207 et
1130 4164 1285 4205 aures
1317 4149 1694 4218 placidissima:
1724 4161 1879 4201 com-

317 4240 625 4309 modantur;
670 4243 808 4300 sicut
847 4243 900 4297 in
929 4242 1032 4298 alio
1061 4241 1268 4312 psalmo
1295 4240 1531 4295 dicitur:
1582 4239 1791 4308 Respice
1834 4245 1882 4292 et

315 4339 492 4391 exaudi
523 4354 627 4405 nte,
656 4337 873 4393 Domine
901 4317 1039 4392 Deus
1067 4352 1205 4390 meus
1237 4334 1408 4407 (Psal.
1439 4349 1536 4401 xu,
1561 4331 1638 4402 4).
1684 4331 1883 4387 Deinde

315 4427 548 4486 redditur
575 4443 735 4484 causa
779 4427 1032 4500 perfecta:
1061 4426 1351 4483 orationis:
1385 4414 1727 4482 Contristatus
1767 4439 1880 4478 sum

313 4521 364 4575 in
389 4524 747 4579 exercitatione
776 4533 904 4590 ntea‘,
931 4532 977 4576 ct
998 4522 1324 4576 conturbatus
1353 4536 1483 4575 sum.
1517 4515 1883 4584 Pulcherrima

316 4613 518 4672 Domini
548 4615 838 4672 Salvatoris
863 4629 968 4670 uno
1010 4628 1258 4670 sermone
1286 4613 1410 4669 vitae
1435 4627 1624 4669 cursus
1661 4611 1882 4682 exponi-

1981 3428 2096 3497 ipsc
2138 3427 2301 3482 Deum
2340 3442 2399 3483 se
2438 3441 2558 3482 esse
2607 3427 2916 3482 declaravit.
2959 3427 3205 3495 Addidit,
3247 3439 3293 3482 et
3330 3428 3548 3498 formido

1979 3520 2157 3574 mortis
2199 3519 2378 3573 cecidit
2417 3535 2568 3588 super
2611 3535 2708 3574 me.
2760 3518 2865 3574 Sua
2903 3519 3016 3575 suis
3061 3529 3183 3587 apte
3229 3519 3544 3577 redduntur.

1980 3613 2328 3682 Consequens
2357 3613 2500 3668 enim
2536 3621 2651 3667 erat
2679 3621 2736 3666 ut
2765 3612 2916 3681 cujus
2945 3627 3030 3666 cor
3059 3612 3410 3668 conturbatum
3432 3615 3549 3670 fue-

1981 3713 2093 3771 rat,
2137 3719 2258 3759 cum
2300 3713 2353 3759 et
2389 3703 2609 3774 formido
2650 3705 2825 3756 mortis
2864 3703 3156 3759 invaderet.
3201 3704 3549 3774 InSpiciamus

1982 3797 2124 3867 quod
2161 3796 2290 3852 dicit
2327 3797 2547 3865 formido
2585 3796 2762 3849 mortis
2797 3796 2976 3848 cecidit
3015 3812 3166 3866 super
3205 3812 3302 3849 nte.
3346 3796 3550 3850 Revera

1983 3889 2190 3955 cecidit,
2221 3888 2431 3958 quando
2460 3901 2620 3957 supra
2648 3900 2768 3942 eum
2800 3888 2967 3954 venit,
3009 3887 3236 3941 ulterius
3272 3901 3378 3940 non
3415 3884 3550 3940 vali-

1983 3988 2098 4034 tura
2138 3979 2276 4048 quod
2315 3980 2502 4047 potuit.
2551 3978 2717 4032 Morte
2758 3977 3019 4046 siquidem
3059 3977 3270 4031 Domini
3307 3991 3550 4032 momen-

1984 4080 2159 4138 tanea,
2192 4084 2334 4124 mors
2365 4078 2618 4137 perpetua
2648 4068 2784 4121 victa
2815 4076 2918 4132 cst,
2949 4083 3068 4137 quae
3095 4067 3194 4122 sibi
3222 4067 3548 4124 dominatum

1985 4163 2037 4216 in
2068 4162 2300 4215 humano
2328 4173 2524 4230 genere
2550 4158 2877 4224 vindicabat;
2907 4157 3044 4214 sicut
3071 4159 3356 4228 Apostolus
3382 4160 3546 4216 dicit.

1985 4253 2235 4322 Absorpta
2267 4261 2340 4305 est
2367 4266 2502 4305 mors
2531 4252 2584 4304 in
2614 4249 2825 4305 victoria
2854 4258 2959 4303 tua.
2998 4249 3096 4306 Ubi
3125 4258 3218 4317 est,
3253 4267 3407 4318 mors,
3430 4267 3554 4306 con-

1985 4345 2138 4399 tentio
2175 4344 2299 4398 tua?
2334 4341 2418 4398 ubi
2458 4352 2553 4412 est,
2592 4357 2763 4409 mors,
2801 4343 3008 4399 aculeus
3043 4350 3160 4398 tuus
3188 4341 3250 4414 (Ι
3290 4340 3409 4400 Cor.
3451 4358 3556 4412 xv,

1987 4438 2074 4506 st,
2106 4437 2239 4507 55)?

2058 4529 2211 4585 νει-ε.
2253 4530 2306 4583 5.
2350 4527 2524 4583 Timor
2565 4537 2614 4584 et
2659 4536 2845 4584 tremor
2877 4536 3117 4583 venerunt
3163 4543 3315 4598 super
3353 4543 3431 4581 nte
3465 4535 3557 4581 :et

1986 4630 2312 4678 contexerunt
2341 4637 2418 4676 nte
2452 4621 2687 4676 tenebrat.
2721 4621 2906 4674 Exitus
2937 4618 3109 4673 nostri
3139 4632 3343 4672 morem
3373 4618 3556 4672 certis-

317 4715 416 4762 lur.
465 4709 898 4764 Exercitationem
923 4709 1120 4779 quippe
1147 4708 1392 4776 dicimus,
1452 4723 1568 4778 quae
1615 4707 1760 4762 nulla
1792 4722 1877 4761 re-

1988 4715 2121 4772 sima
2147 4714 2470 4784 proprietate
2507 4710 2780 4768 describit.
2823 4710 3046 4764 Mortem
3073 4708 3211 4762 enim
3238 4707 3382 4775 prius
3409 4707 3556 4762 time-

318 4800 596 4869 missione,
643 4801 790 4858 nullo
817 4802 929 4857 otio
967 4800 1320 4872 conquiescit,
1375 4799 1472 4855 sed
1521 4800 1721 4856 intenta
1767 4799 1882 4870 jugi

318 4893 493 4952 labore
541 4894 597 4950 in
639 4894 851 4950 virtutis
891 4894 1056 4965 gloria
1099 4902 1423 4964 perseverat.
1477 4893 1880 4949 Exercitabatur

319 4999 541 5056 namque
564 4986 854 5055 miraculis,
877 4985 1265 5042 exercitabatur
1285 4985 1563 5041 sanctitate
1589 4985 1879 5040 doctrinas:

319 5078 409 5130 sed
435 5077 827 5132 contristabatur
856 5091 920 5132 co
950 5076 1216 5142 maxime,
1253 5076 1376 5146 quia
1403 5075 1635 5131 fructum
1662 5073 1884 5144 justititc

321 5167 503 5235 perﬁdi
550 5183 657 5223 non
708 5167 1066 5237 probabantur
1109 5167 1330 5234 afferre;
1379 5167 1516 5223 sicut
1561 5166 1885 5236 evangelista

322 5257 482 5314 dicit:
524 5258 589 5315 Et
617 5260 959 5316 contristatus
984 5268 1066 5314 est
1094 5272 1254 5328 super
1282 5257 1612 5326 Jerusalem,
1658 5268 1712 5316 et
1735 5259 1885 5316 ﬁevit

323 5348 467 5419 (Luc.
518 5367 644 5420 XIX,
691 5351 803 5422 41).
860 5351 905 5406 0
950 5349 1243 5406 bonitatem
1296 5350 1519 5419 piissimi
1567 5349 1886 5407 Creatoris!

326 5451 382 5496 ut
408 5458 466 5499 se
494 5447 842 5500 contristatum
871 5453 916 5499 et
947 5441 1299 5498 conturbatum
1327 5443 1488 5512 dicat,
1521 5447 1662 5514 quod
1694 5447 1886 5515 pracdi-

325 5537 613 5594 cationibus
652 5536 1018 5594 saluberrimis
1046 5535 1297 5592 obstinati
1327 5535 1504 5605 populi
1530 5535 1747 5592 vesania
1778 5551 1885 5594 non

327 5628 592 5685 credebat.

400 5717 545 5775 Vers.
564 5722 614 5776 5.
649 5721 694 5773 Λ
719 5735 836 5774 voce
862 5719 1056 5775 inimici
1083 5726 1128 5774 et
1155 5735 1188 5773 a
1216 5718 1540 5773 tribulatione
1565 5719 1842 5789 peccatoris
1858 5735 1880 5774 :

329 5813 558 5879 quoniam
601 5821 975 5879 declinaverunt
1015 5826 1070 5879 in
1112 5839 1190 5878 me
1230 5818 1575 5889 iniquitatem,
1622 5824 1668 5868 et
1710 5816 1762 5868 in
1807 5815 1885 5870 ira

329 5910 521 5971 molesti
555 5926 697 5974 erant
735 5918 879 5977 mihi.
930 5918 976 5979 Δ
999 5934 1115 5978 voce
1141 5918 1365 5990 inimici,
1410 5926 1456 5975 et
1494 5933 1527 5974 α
1566 5914 1891 5981 tribulatione

1991 4820 2138 4873 mus,
2187 4803 2380 4859 deinde
2433 4799 2926 4864 contremiscimus;
2993 4799 3114 4868 quia
3153 4799 3418 4866 separatio
3461 4801 3558 4853 ista

1994 4899 2233 4968 corporis
2267 4897 2563 4966 animaeque
2590 4895 2706 4951 sine
2738 4889 3141 4949 conturbatione
3178 4889 3415 4945 maxima
3451 4905 3558 4946 non

1992 4997 2169 5060 potest
2201 4989 2440 5045 evenire.
2470 4987 2749 5057 Sequitur,
2777 4992 2824 5036 et
2855 4991 3178 5035 contexerant
3207 4998 3283 5035 me
3322 4981 3559 5036 tenebrw.

1993 5081 2198 5138 Vicinia
2243 5081 2430 5136 mortis
2474 5077 2810 5134 tenebrarum
2858 5073 3217 5143 praemittebat
3259 5081 3557 5142 aspectum,

1990 5176 2113 5245 quia
2153 5175 2460 5244 frequenter
2496 5171 2586 5225 illa
2630 5165 2986 5237 conspicimus
3023 5166 3232 5233 animo,
3273 5165 3340 5220 de
3367 5165 3559 5234 quibus

1990 5281 2088 5322 nos
2117 5275 2335 5321 ventura
2365 5264 2505 5320 solet
2528 5258 2844 5317 conturbare
2871 5258 3118 5315 formido.

2065 5362 2217 5416 Vers.
2250 5362 2304 5416 6.
2338 5358 2406 5412 Et
2430 5358 2540 5411 dixi
2570 5373 2589 5411 :
2623 5355 2747 5422 Quis
2785 5356 2925 5410 dabit
2952 5355 3078 5408 mihi
3101 5369 3291 5424 pennas
3318 5354 3447 5407 sicut
3475 5366 3557 5405 co-

1992 5454 2192 5519 lumbte,
2221 5462 2266 5506 et
2307 5449 2486 5504 volabo
2523 5458 2570 5502 et
2596 5448 2935 5516 requiescam?
2963 5445 3090 5504 Post
3125 5444 3559 5501 conturbationes

1992 5545 2327 5608 mortiferas,
2367 5552 2424 5598 et
2461 5541 2753 5598 verissima:
2799 5539 3141 5597 humanitatis
3180 5536 3548 5606 indigentiam,

1992 5652 2214 5696 necesse
2241 5636 2339 5690 fuit
2364 5634 2733 5691 liberationem
2763 5643 3037 5703 expetere,
3069 5645 3227 5701 quam
3259 5629 3366 5684 sibi
3392 5640 3558 5682 nove-

1993 5740 2076 5786 rat
2103 5727 2497 5784 conferendam.
2524 5728 2614 5783 Ait
2638 5726 2780 5782 enim
2812 5742 2825 5780 :
2859 5724 2988 5791 Quis
3014 5722 3153 5776 dabit
3183 5721 3330 5785 mihi,
3358 5719 3559 5773 scilicet

1994 5827 2095 5883 nisi
2121 5833 2198 5890 tu,
2229 5825 2405 5890 Pater,
2437 5824 2527 5894 qui
2568 5827 2854 5877 humanam
2885 5828 3127 5874 naturam
3155 5828 3325 5882 usque
3351 5812 3415 5867 ad
3447 5825 3558 5866 cm-

1995 5920 2166 5980 lorum
2195 5931 2355 5989 regna
2386 5916 2712 5991 perducens,
2745 5914 2811 5970 ad
2850 5921 2995 5970 tuam
3021 5913 3296 5970 dexteram
3332 5905 3558 5966 collocas
