4020 6348
429 582 453 628 ι

524 424 632 484 587

1742 421 1811 482 Μ.
1847 425 2120 488 Αυιιειιι
2159 421 2561 490 CASSIODORI

3662 432 3764 492 388

516 541 636 598 bis?
663 539 850 596 Pennis
871 555 899 595 a
929 539 1204 610 pandendo
1225 537 1380 596 dictae
1399 544 1543 603 sunt,
1565 552 1683 608 qua:
1700 553 1893 608 corpus
1915 535 2093 596 avium
2121 543 2174 604 Α
2197 541 2367 595 contis
2409 541 2595 596 diluvii
2625 540 2679 597 in
2716 540 2882 597 altum
2913 541 3160 599 homines
3195 542 3485 600 extendere
3523 550 3762 603 tentare-

516 632 573 688 in
600 647 757 686 auras
783 632 1040 687 atthereas
1077 629 1295 686 sublimi
1331 629 1543 685 levitate
1587 629 1938 700 suspendunt.
1983 630 2091 688 Sed

518 725 724 795 inspice
751 724 894 796 quod
925 740 1124 794 pennas
1151 737 1256 779 non
1284 723 1497 793 aquilae,
1527 737 1634 777 non
1665 723 1957 793 accipitris,
1986 738 2091 778 non

519 817 844 881 hirundinis,
889 832 1008 886 qua:
1056 816 1138 872 bis
1181 816 1427 871 omnibus
1460 815 1688 870 celerius
1732 814 1948 880 volant,
1989 815 2092 870 sibi

515 909 628 962 dari
663 909 911 978 postulat,
953 907 1046 964 sed
1087 908 1351 963 columbis.
1385 905 1631 961 Columba
1658 907 1799 962 enim
1840 905 1978 960 dicta
2009 913 2104 962 est

515 997 664 1065 tpiasi
697 997 846 1052 cellas
874 997 1110 1064 alumna,
1151 1011 1269 1068 qua:
1307 997 1469 1051 vitam
1499 997 1614 1052 sine
1643 995 1864 1051 alterius
1894 1009 2089 1065 grava-

516 1090 657 1148 miuc
685 1089 905 1159 peragit.
937 1090 1064 1144 Avis
1095 1091 1372 1155 innocens,
1400 1097 1700 1154 mansueta,
1733 1102 1852 1157 qua:
1881 1087 1933 1141 in
1972 1087 2090 1142 nul-

515 1180 624 1236 lum
657 1183 855 1238 animal
888 1183 1048 1238 lellita
1076 1184 1343 1238 voluntate
1366 1183 1657 1253 consurgit,
1684 1198 1784 1238 nec
1811 1184 1948 1238 escis
1971 1197 2091 1239 sor-

513 1273 651 1329 didis
679 1273 941 1328 ullatenus
966 1274 1273 1344 acquiescit.
1310 1273 1499 1329 Merito
1538 1287 1668 1344 ergo
1691 1273 1936 1326 columba:
1965 1289 2086 1342 pen-

513 1381 602 1420 nas
628 1364 886 1420 Dominus
905 1363 1147 1420 Christus
1177 1365 1396 1435 expetiit
1424 1381 1438 1418 :
1467 1366 1517 1419 in
1547 1366 1695 1434 cujus
1727 1363 1905 1434 specie
1928 1378 2088 1433 supra

511 1473 634 1515 eum
681 1457 1003 1527 baptizatum
1055 1459 1284 1527 Spiritus
1330 1473 1541 1530 quoque
1587 1467 1802 1512 sanctus
1843 1456 2090 1526 apparuit

512 1549 728 1620 (Matth.
759 1566 837 1614 ιιι,
869 1549 978 1617 lli).
1013 1549 1268 1619 Sequitur
1298 1567 1312 1604 :
1345 1548 1412 1602 Et
1448 1548 1648 1615 volabo,
1679 1557 1726 1602 et
1756 1549 2082 1618 requiescam.

522 1636 750 1704 Volabo,
780 1638 831 1692 id
861 1649 943 1694 est
968 1639 1247 1694 celerrima
1277 1652 1363 1694 me
1401 1637 1684 1694 velocitate
1722 1645 2086 1708 transponam.

513 1726 788 1798 Signiﬁcat
823 1729 964 1784 enim
993 1729 1206 1798 quando
1233 1729 1509 1784 molestias
1535 1728 1846 1785 Judaeorum
1875 1728 2085 1799 vitavit,

512 1827 570 1873 ut
591 1818 658 1873 ab
682 1833 866 1874 eorum
891 1820 1168 1890 iniquitate
1194 1821 1523 1891 quiesceret;
1550 1821 1691 1892 quod
1717 1821 1878 1878 etiam
1899 1835 2087 1878 versus

505 1922 738 1980 Sequens
763 1913 1014 1968 ostendit.

579 2003 737 2060 Vers.
768 2006 819 2058 7.
843 2005 977 2060 Ecce
1009 2006 1243 2076 elongavi
1271 2005 1491 2078 fugiens,
1536 2014 1584 2060 et
1609 2006 1774 2061 mansi
1808 2006 1860 2060 in
1901 2006 2086 2061 solitu-

504 2093 644 2149 dine.
675 2094 768 2150 Illa
799 2095 912 2150 loca
955 2095 1226 2166 Evangelii
1269 2105 1686 2163 commemorat,
1717 2096 1930 2166 quando
1967 2110 2088 2152 cre-

507 2186 621 2240 bris
655 2187 927 2242 miraculis
964 2187 1254 2242 seditiones
1299 2187 1400 2264 sibi
1442 2189 1725 2243 concitavit
1766 2187 2086 2245 omnimodis

506 2277 852 2347 perﬁdorum.
884 2279 974 2334 Ait
999 2278 1143 2353 enim
1173 2279 1384 2335 Marcus
1413 2296 1426 2332 :
1457 2279 1523 2332 Et
1554 2279 1778 2333 diluculo
1798 2280 1946 2333 valde
1969 2296 2087 2334 sur-

504 2384 630 2438 gens
649 2407 665 2433 ,
703 2385 935 2440 egressus
963 2370 1089 2424 abiit
1126 2372 1179 2426 in
1205 2371 1460 2439 desertum
1491 2373 1676 2441 locum,
1707 2372 1876 2443 ibique
1908 2372 2086 2428 orabat

509 2457 702 2528 (Marc.
721 2475 758 2527 ι,
777 2460 868 2527 35,
882 2461 999 2531 45');
1017 2470 1071 2517 et
1095 2463 1253 2532 paulo
1269 2472 1389 2534 post
1413 2465 1670 2534 sequitur,
1686 2465 1760 2519 ita
1781 2475 1835 2520 ut
1855 2467 1968 2537 jam
1982 2483 2083 2521 non

501 2557 672 2618 posset
703 2550 965 2618 manifeste
993 2553 1046 2606 in
1071 2553 1324 2607 civitatem
1362 2553 1595 2620 introire,
1633 2555 1724 2610 sed
1751 2555 1880 2626 foris
1909 2557 1961 2609 in
1991 2557 2085 2610 de-

497 2641 651 2696 sertis
676 2642 800 2697 locis
827 2654 970 2701 esset.
995 2643 1267 2719 Elongavit
1296 2648 1436 2703 enim
1468 2663 1499 2702 a
1529 2651 1994 2720 persequentibus,
2027 2659 2084 2706 ut

499 2735 836 2790 occasionem
879 2737 1166 2794 iracundiae
1201 2738 1404 2797 insanis
1448 2742 1718 2798 mentibus
1763 2743 2078 2816 abrogaret;

497 2826 688 2880 mansit
717 2829 772 2881 in
801 2829 1095 2898 solitudine,
1126 2839 1186 2888 ut
1225 2834 1597 2904 impcrturbati
1624 2837 1823 2894 secreti
1849 2838 2080 2909 puritate

499 2912 768 2971 frueretur
797 2935 810 2970 :
844 2919 934 2974 tali
961 2919 1101 2977 facto
1124 2937 1220 2978 nos
1248 2939 1617 2994 commoneas,
1653 2937 1707 2982 ut
1735 2930 1948 3000 quando
1977 2931 2079 2986 ini-

499 3007 715 3078 quitatis
745 3010 968 3082 alicujus
1003 3014 1148 3071 fasce
1189 3017 1559 3087 deprimimur,
1599 3021 1653 3074 in
1695 3030 1907 3078 secreto
1951 3037 2080 3079 con-

505 3098 746 3154 scientiae
771 3103 1044 3171 quiescere
1066 3107 1375 3166 debeamus.
1401 3111 1529 3168 Sive
1563 3112 1692 3168 illttd
1721 3124 1897 3184 potest
1924 3117 2079 3173 intel-

499 3187 591 3259 ligi
615 3206 630 3243 :
659 3196 908 3262 quoniam
937 3212 967 3252 ιι
1002 3199 1206 3255 ιιιιάαῆε
1236 3202 1452 3272 perlidis
1479 3205 1738 3264 recedens
1756 3247 1771 3272 ,
1816 3209 1869 3262 in
1893 3209 2077 3264 solitu-

2197 638 2340 696 runt,
2367 629 2454 685 ubi
2486 631 2658 702 primo
2693 632 2990 704 linguarum
3019 631 3160 688 facta
3191 645 3274 690 est
3316 635 3536 691 confusa
3575 636 3765 695 divisio

2195 719 2360 793 (Gen.
2396 737 2474 790 ιι,
2501 721 2586 795 4).
2627 724 2764 780 Ante
2795 725 2938 779 enim
2980 725 3209 781 mundus
3255 726 3490 782 Hebraeis
3530 738 3766 799 tantum,

2195 813 2332 869 sicut
2358 822 2628 885 putamus,
2655 817 2994 873 sermonibus
3025 819 3290 873 utebatur.
3320 818 3430 876 Sed
3463 821 3766 890 specialiter

2195 913 2374 962 mente
2402 906 2740 966 condendam
2770 918 2882 976 est,
2926 911 3047 981 quia
3087 911 3254 967 iratus
3296 911 3504 982 linguas
3553 913 3763 985 divisit,

2193 999 2458 1068 propitius
2497 1011 2674 1056 autem
2723 1001 2776 1056 in
2818 1003 2928 1058 suis
2967 1004 3225 1074 apostolis
3267 1005 3520 1061 adunavit
3549 1023 3566 1062 :
3598 1008 3671 1063 ibi
3704 1025 3768 1066 ne

2191 1090 2462 1159 superﬂua
2505 1101 2624 1148 vota
2665 1095 3023 1163 complerent,
3069 1094 3152 1149 hic
3194 1106 3251 1151 ut
3289 1097 3554 1154 universas
3582 1109 3766 1170 gentes

2191 1194 2288 1250 per
2312 1182 2574 1251 propriam
2608 1183 2836 1253 linguam
2875 1185 3307 1255 praedicationem
3331 1189 3575 1245 veritatis
3603 1206 3766 1262 agno-

2191 1281 2423 1326 scerent.
2449 1271 2725 1344 Pracipita
2741 1275 2896 1344 dixit,
2921 1291 2988 1332 ne
3008 1278 3248 1334 muniant
3267 1280 3621 1350 cogitationes
3643 1298 3765 1338 suas

2191 1365 2588 1421 machinatione
2637 1381 2909 1436 perversa.
2952 1368 3154 1439 Dioide,
3199 1386 3268 1428 ne
3304 1372 3357 1427 iit
3407 1375 3760 1443 perniciosam

2189 1453 2462 1510 conﬂuant
2489 1457 2766 1514 unitatem.
2795 1458 3068 1530 Sequitur,
3099 1463 3340 1531 quoniam
3374 1465 3479 1518 uidi
3513 1466 3756 1536 iniquita-

2189 1551 2291 1600 tem
2317 1556 2364 1601 et
2398 1548 2849 1605 contradictionem
2887 1551 2943 1606 in
2983 1552 3206 1611 ciuitate.
3247 1553 3414 1626 Digne
3448 1555 3568 1612 illos
3606 1558 3760 1612 dividi

2189 1638 2512 1709 postulabat,
2541 1655 2676 1711 quos
2705 1641 2916 1712 iniquos
2946 1643 3064 1699 fore
3088 1644 3142 1700 in
3171 1646 3446 1716 sacrilegis
3467 1661 3762 1720 congrega-

2187 1729 2423 1787 tionibus
2469 1733 2804 1802 prresciebat.
2849 1734 2916 1790 Et
2977 1735 3170 1794 merito
3229 1737 3545 1796 solitudines
3601 1755 3756 1812 expe-

2193 1821 2294 1889 tiit,
2321 1821 2572 1894 quoniam
2610 1823 2927 1894 iniquitatem
2954 1827 3006 1881 in
3032 1827 3230 1883 civitate
3256 1843 3442 1886 eorum
3489 1844 3612 1886 esse
3664 1847 3755 1889 co-

2115 1925 2165 1988 Β
2185 1915 2389 1985 gnovit.

2261 2007 2412 2064 Vera.
2445 2009 2533 2065 10.
2563 2009 2660 2065 Die
2690 2026 2750 2065 ac
2781 2017 2926 2066 nocte
2955 2011 3291 2068 circumdabit
3327 2031 3440 2070 eam
3467 2031 3625 2087 super
3649 2033 3756 2072 tnu-

2184 2112 2270 2154 ros
2303 2099 2415 2167 ejus
2434 2101 2704 2172 iniquitas;
2733 2111 2778 2156 et
2808 2102 2948 2157 labor
2975 2103 3029 2157 in
3055 2103 3220 2159 medio
3248 2108 3378 2177 ejus,
3411 2116 3458 2162 et
3485 2108 3753 2178 injustitia.

2261 2193 2418 2266 184.
2459 2194 2620 2252 Vers.
2671 2197 2762 2252 Η.
2810 2197 2880 2252 Et
2924 2215 3028 2254 non
3069 2201 3250 2271 defecit
3293 2205 3356 2257 de
3390 2205 3578 2275 plateis
3649 2207 3755 2276 ejus

2183 2300 2339 2340 usura
2380 2296 2428 2342 et
2474 2289 2641 2344 dolus.
2689 2290 2746 2346 In
2787 2290 2995 2348 duobus
3021 2293 3142 2348 istis
3183 2293 3428 2352 versibus
3457 2295 3752 2352 Jerusalem

2185 2377 2457 2448 pristinae,
2497 2380 2698 2451 triplici
2725 2383 2885 2440 modo
2911 2399 3089 2441 mores
3123 2385 3336 2456 pessimi
3371 2387 3754 2444 rationabiliter

2183 2481 2523 2526 accusantur.
2569 2472 2708 2529 Dicit
2735 2476 2882 2532 enim
2919 2493 2935 2532 :
2977 2475 3072 2532 Die
3111 2495 3174 2535 ac
3211 2489 3376 2548 nocte,
3420 2480 3473 2536 id
3501 2493 3582 2537 est
3613 2484 3752 2538 omni

2183 2569 2422 2634 tempore
2446 2565 2776 2624 circumdabit
2797 2586 2911 2625 eam
2945 2587 3098 2642 super
3127 2589 3300 2629 muros
3327 2576 3440 2645 ejus
3477 2575 3751 2646 iniquitas;

2185 2663 2245 2712 ut
2265 2667 2520 2727 quantum
2549 2673 2826 2716 murorum
2857 2663 3104 2719 machina
3143 2665 3197 2722 in
3226 2666 3392 2722 altum
3440 2667 3614 2737 potuit
3642 2683 3749 2723 cre-

2181 2763 2357 2819 scere,
2381 2751 2730 2823 multomagis
2747 2753 2942 2811 ibidem
2967 2755 3170 2812 malitia
3189 2771 3249 2814 se
3273 2768 3521 2830 proterva
3551 2759 3747 2816 disteno

2179 2841 2352 2898 deret.
2383 2841 2637 2914 Sequitur
2666 2859 2680 2897 :
2715 2844 2784 2901 Et
2805 2847 2946 2902 labor
2971 2848 3025 2904 in
3047 2850 3213 2906 medio
3233 2852 3364 2921 ejus,
3396 2859 3442 2908 et
3472 2852 3740 2924 injustitia.

2179 2931 2334 2989 Prius
2355 2948 2535 2991 muros
2559 2935 2712 3004 dixit,
2743 2946 2800 2992 ut
2822 2946 3043 2996 cunctos
3065 2939 3392 3000 habitatores
3415 2943 3743 3008 includeret;

2177 3042 2321 3084 nunc
2347 3029 2496 3096 dicit,
2528 3038 2583 3087 et
2609 3030 2845 3088 medium
2875 3032 3135 3100 civitatis,
3173 3035 3458 3107 designans
3485 3037 3751 3094 nobilissi-

2178 3135 2294 3176 mos
2319 3130 2376 3178 et
2405 3123 2692 3193 primates,
2721 3124 2810 3195 qui
2851 3124 3166 3184 honorabili
3195 3128 3324 3184 sede
3365 3129 3538 3186 videri
3568 3131 3750 3186 volunt

2177 3227 2390 3283 semper
2417 3214 2470 3270 in
2499 3215 2676 3273 medio
2700 3218 2995 3275 constituti.
3027 3221 3136 3278 llos
3173 3236 3278 3278 non
3314 3221 3422 3294 lex,
3454 3238 3564 3280 non
3595 3227 3748 3292 ratio,

644 3286 879 3358 gentium
919 3292 1124 3346 mansit.
1151 3291 1492 3350 Solitudinem
1525 3312 1650 3352 vero
1679 3309 1866 3371 gentes
1892 3303 2074 3374 appel-
2099 3299 2150 3364 Ο
2177 3305 2273 3360 sed
2297 3279 2444 3360 labor
2470 3317 2518 3362 et
2556 3307 2808 3378 injustitia
2837 3311 3166 3382 possidebat.
3202 3313 3371 3370 Labor
3406 3279 3750 3387 ,ηερ

503 3371 604 3428 lari
652 3377 910 3448 propheta
956 3388 1180 3438 testatur
1231 3385 1417 3442 dicens
1467 3405 1481 3443 :
1536 3387 1765 3460 Laetare,
1817 3371 2070 3449 desertum

497 3469 710 3539 sitiens,
739 3479 788 3525 et
825 3471 1042 3528 exsultet
1071 3473 1354 3543 desrrtum,
1401 3488 1448 3533 et
1491 3483 1671 3550 ﬂoreat
1725 3492 1965 3555 tanquam
2007 3488 2074 3542 li-

497 3561 644 3628 lium,
669 3571 724 3615 et
759 3563 977 3632 ﬂoreant
1014 3573 1061 3619 et
1105 3569 1355 3622 exsultent
1396 3570 1598 3626 deserta
1643 3571 1887 3630 Jortlanis
1915 3575 2072 3648 (Isai.

417 3693 422 3696 -
499 3668 662 3722 xxxv,
696 3654 772 3724 l).

571 3745 727 3801 Vers.
765 3746 818 3804 8.
853 3744 1228 3817 Exspectabam
1257 3767 1370 3806 eum
1411 3754 1499 3823 qui
1540 3755 1736 3811 soluunt
1777 3775 1858 3815 me
1894 3761 2013 3831 fecit
2041 3779 2074 3816 a

494 3836 923 3903 pusillanimitate
945 3840 1154 3911 spiritus
1193 3851 1240 3896 et
1267 3850 1578 3914 tempestate.
1604 3845 1765 3903 Venit
1783 3848 1850 3903 ad
1881 3865 2073 3906 secun-

493 3927 619 3986 dum
649 3939 874 4001 partem.
907 3932 1273 3993 intercedente
1302 3936 1444 3994 enim
1474 3938 1821 4010 diapsalmate
1849 3944 2074 3999 mutavit

493 4026 548 4074 et
575 4032 812 4076 causam.
860 4022 1072 4080 Dixerat
1108 4026 1306 4097 quippe
1346 4028 1675 4100 requievisse
1703 4047 1764 4088 se
1792 4032 1845 4086 in
1875 4033 2069 4089 solitu-

492 4107 618 4164 dine
657 4128 670 4163 :
714 4125 856 4168 nunc
891 4125 1072 4172 autem
1115 4119 1423 4187 pronuntiat
1466 4121 1640 4178 Patris
1669 4137 1727 4179 se
1758 4135 2068 4196 exspectare

498 4201 837 4273 praasidium,
879 4208 968 4276 qui
999 4223 1119 4264 eum
1163 4219 1370 4279 poterat
1399 4227 1430 4268 a
1457 4228 1714 4284 corporea
1760 4219 2069 4276 inﬁrmitate

489 4290 700 4346 salvare
738 4291 866 4362 [ms.
893 4295 987 4364 A.,
1017 4301 1264 4372 sanare].
1309 4301 1424 4358 Non
1449 4305 1590 4359 enim
1619 4321 1679 4362 se
1707 4321 1952 4366 securum
1983 4312 2066 4367 fa-

491 4389 636 4436 etum
671 4383 956 4440 solitudine
987 4391 1218 4457 putavit,
1249 4393 1340 4460 qni
1369 4393 1541 4450 adhuc
1569 4399 1814 4464 prmsidia
1849 4411 2066 4470 paterna

489 4472 784 4540 sustinuit;
835 4476 1076 4545 praebens
1121 4479 1276 4535 nobis
1308 4483 1671 4550 saluberrimae
1718 4489 2065 4551 institutionis

487 4565 824 4634 exemplum,
858 4574 915 4622 ut
939 4581 1048 4623 non
1087 4570 1140 4624 in
1181 4570 1446 4642 adjutorio
1477 4575 1790 4648 cujusquam
1819 4584 2058 4654 alterius,

483 4656 580 4713 sed
623 4657 674 4713 in
725 4659 894 4730 ipsius
932 4668 1137 4719 tantum
1176 4663 1490 4725 liberatione
1537 4686 1946 4741 prazsumamus.
1995 4680 2062 4735 Et
2089 4690 2140 4750 ι)
2234 4683 2370 4741 Vers
2397 4686 2482 4740 12.
2524 4656 2780 4755 Quoniam

481 4750 605 4820 quia
633 4750 842 4810 dixerat
864 4768 923 4810 se
951 4757 1197 4826 superius
1225 4762 1611 4837 perturbatum,
1635 4766 1756 4825 ideo
1783 4788 1923 4828 nunc
1944 4790 2058 4830 mo-

481 4843 589 4900 dici
619 4847 781 4903 animi
810 4862 872 4904 se
899 4849 1064 4906 luisse
1093 4859 1340 4910 testatur.
1371 4854 1496 4912 llatc
1519 4859 1660 4915 enim
1683 4871 1738 4918 ει
1759 4863 1842 4920 his
1863 4866 2058 4922 similia

480 4937 548 4994 ad
596 4938 943 5000 humanitatis
987 4953 1112 5002 sunt
1159 4947 1440 5007 referenda
1490 4962 1752 5012 naturam.
1798 4957 2056 5016 Pusillum

477 5030 619 5086 enim
645 5046 676 5086 a
702 5035 904 5103 pugillo
923 5035 1123 5094 dictum
1147 5047 1252 5107 est,
1280 5057 1501 5112 parvum
1528 5046 1725 5118 aliquid
1747 5057 1906 5122 atque
1934 5053 2056 5110 bre-

475 5123 776 5194 vissimum,
799 5136 1058 5197 quantum
1086 5132 1245 5190 unius
1265 5149 1454 5192 manus
1470 5141 1735 5210 capacitas
1765 5145 2052 5202 constricta

475 5217 649 5286 possit
685 5217 978 5278 includere.
1022 5222 1393 5296 Tempestatem
1438 5245 1568 5287 vero
1611 5232 1741 5289 dicit
1785 5238 2054 5305 procellas

470 5308 818 5379 seditionum,
838 5327 972 5386 quas
1001 5314 1175 5372 Judaei
1213 5322 1531 5392 praccipites,
1559 5325 1760 5382 similes
1797 5326 2050 5386 ﬂuctibus

469 5401 897 5459 commovebant.

546 5491 695 5549 νει-ε.
729 5493 784 5550 9.
817 5495 1124 5568 Ρνωοὲρὶια,
1161 5499 1409 5572 Domine,
1443 5514 1490 5559 et
1519 5497 1694 5561 divide
1721 5506 1925 5578 linguas
1953 5525 2046 5563 eo-

465 5599 609 5654 rum,
649 5587 888 5657 quoniam
921 5591 1026 5646 uidi
1062 5593 1384 5665 iniquitatem
1424 5607 1473 5649 et
1514 5597 1966 5652 contradictionem
1993 5601 2045 5654 in

465 5679 681 5738 ciuitate.
714 5682 810 5740 Hic
835 5683 1024 5744 Judaio
1051 5688 1249 5758 populo
1275 5689 1587 5744 salutariter
1617 5689 1960 5760 imprecatur,
1991 5690 2061 5747 ut'

463 5770 723 5834 divisione
752 5778 1049 5852 linguarum
1081 5781 1301 5840 malitia:
1341 5795 1455 5836 sum
1484 5796 1589 5834 non
1629 5780 1876 5849 impleret
1912 5782 2045 5840 επε-

2179 3397 2506 3454 exercendas
2547 3402 2945 3472 oppressiones,
3005 3405 3257 3478 injustitia
3286 3409 3523 3478 pertinet
3562 3409 3632 3466 ad
3665 3426 3754 3466 ne-

2177 3487 2338 3545 fanda
2373 3489 2597 3560 judicia.
2641 3492 2922 3566 Subiungit
2971 3497 3186 3554 tertium
3235 3498 3501 3558 modum:
3538 3501 3609 3556 Et
3654 3519 3751 3556 non

2175 3582 2362 3653 defecit
2398 3583 2463 3637 de
2493 3585 2674 3652 plateis
2713 3586 2824 3657 ejus
2869 3603 3046 3655 usura,
3092 3600 3140 3646 et
3190 3591 3361 3648 dolus.
3404 3593 3751 3650 lntendamus

2174 3675 2320 3746 quod
2350 3689 2454 3730 non
2485 3677 2639 3745 dixit,
2670 3681 2902 3748 occulte,
2929 3681 3025 3738 sed
3076 3683 3130 3738 in
3176 3685 3358 3754 plateis
3405 3685 3534 3742 talia
3583 3687 3753 3744 fuisse

2173 3766 2480 3834 commissa,
2503 3785 2622 3840 qua:
2644 3771 2728 3827 lex
2749 3788 2981 3844 superna
3003 3775 3296 3834 damnavit.
3317 3777 3395 3834 De
3423 3796 3588 3835 usura
3607 3782 3749 3838 enim

2173 3859 2374 3915 dictum
2403 3869 2484 3916 est
2508 3878 2520 3914 :
2553 3861 2653 3929 Qui
2677 3865 2941 3932 pecuniam
2969 3883 3114 3926 suam
3143 3885 3246 3930 non
3273 3870 3412 3924 dedit
3439 3875 3510 3927 ad
3537 3890 3751 3929 usuram

2175 3949 2344 4022 (Psal.
2381 3967 2487 4020 xiv,
2515 3951 2592 4022 5).
2628 3952 2702 4010 De
2725 3954 2847 4010 dolo
2886 3967 3104 4014 autem:
3137 3957 3206 4014 Et
3243 3959 3380 4018 labia
3411 3972 3522 4031 tua,
3568 3982 3634 4020 ne
3677 3967 3752 4022 lo-

2171 4048 2393 4110 quantur
2414 4041 2588 4096 dolum
2613 4041 2781 4114 (Psal.
2818 4062 3002 4114 χχχιιι,
3033 4049 3149 4121 lli).
3203 4049 3334 4109 Haec
3377 4068 3484 4111 non
3539 4059 3748 4113 occulte

2169 4133 2354 4204 gessit,
2378 4134 2470 4190 sed
2497 4137 2890 4207 quodammodo
2913 4140 3078 4196 libera
3123 4141 3404 4214 iniquitate
3451 4150 3745 4208 commisit.

2169 4222 2338 4278 Omne
2386 4225 2526 4280 enim
2575 4226 2770 4282 malum
2825 4232 3208 4289 exsecrabilius
3236 4236 3502 4306 redditur,
3531 4243 3748 4310 quando

2170 4312 2376 4383 publica
2411 4319 2824 4388 praesumptione
2855 4329 3129 4379 tractatur.
3181 4325 3447 4384 Memento
3473 4340 3656 4388 autem
3687 4333 3750 4388 il-

2169 4405 2271 4461 lius
2297 4407 2586 4464 schematis
2611 4411 2751 4481 quod
2779 4426 2810 4468 a
2841 4423 2992 4484 parte
3045 4416 3311 4488 signiﬁcat
3363 4430 3553 4498 totum.
3599 4425 3744 4483 Multi

2169 4499 2310 4554 enim
2337 4498 2445 4554 illic
2473 4501 2672 4558 inventi
2699 4515 2821 4560 sunt
2847 4509 2938 4576 qui
2980 4523 3162 4567 sacras
3195 4514 3606 4584 prmdicationes
3652 4521 3746 4578 de-

2169 4590 2304 4646 votis
2325 4593 2592 4650 mentibus
2618 4608 2959 4668 acceperunt.

2830 4691 2873 4745 si
2917 4693 3152 4759 inimicus
3203 4714 3342 4755 meus
3393 4701 3743 4763 maledixisset

2165 4775 2313 4845 mihi,
2335 4786 2714 4850 supportassem
2735 4783 2942 4853 utique;
2961 4796 3008 4840 et
3034 4787 3079 4842 si
3099 4788 3142 4844 is
3165 4791 3252 4861 qui
3274 4794 3449 4850 oderat
3471 4813 3569 4864 me,
3591 4815 3741 4870 super

2164 4882 2245 4922 me
2276 4883 2462 4938 magna
2497 4871 2691 4926 locutus
2716 4874 2926 4944 fuisset,
2967 4876 3325 4937 absconderem
3364 4902 3440 4940 me
3479 4889 3650 4960 utique
3679 4893 3742 4946 ab

2159 4973 2239 5012 eo.
2267 4957 2324 5012 lu
2347 4959 2450 5013 isto
2464 4975 2619 5016 versu
2651 4971 2706 5016 et
2735 4963 2943 5022 duobus
2969 4969 3091 5023 aliis
3117 4972 3204 5040 qui
3227 4985 3546 5050 sequuntur,
3567 4957 3740 5037 'Judas

2161 5050 2390 5120 perﬁdus
2437 5055 2808 5126 exprobratur,
2843 5060 2966 5130 quia
3009 5065 3186 5120 caveri
3237 5070 3527 5142 potuisset,
3559 5074 3606 5128 si
3641 5092 3740 5146 pu-

2156 5142 2328 5198 blicus
2365 5144 2550 5200 luisset
2589 5146 2857 5204 inimicus.
2898 5151 3027 5208 Nam
3065 5159 3333 5226 quomodo
3361 5176 3486 5218 eum
3515 5142 3741 5223 haberet

2154 5245 2478 5304 suspectum,
2501 5237 2589 5308 qui
2610 5239 2890 5298 videbatur
2909 5258 3029 5300 esse
3045 5247 3372 5319 discipulus?
3397 5253 3537 5312 Dicit
3555 5260 3699 5314 enim
3718 5283 3731 5313 ;

2156 5324 2408 5390 Quoniam
2433 5329 2480 5381 si
2515 5330 2752 5388 inimicus
2779 5349 2917 5390 meus
2952 5338 3294 5398 maledixisset
3321 5344 3480 5416 mihi,
3515 5365 3738 5422 suppor-

2151 5426 2335 5471 tassem
2358 5420 2528 5489 utique
2558 5437 2579 5476 :
2605 5425 2726 5494 quia
2751 5441 2942 5482 revera
2968 5431 3207 5490 venisset
3233 5437 3492 5498 adversus
3517 5444 3584 5498 ad
3617 5420 3737 5515 iuro

2151 5509 2237 5578 gia
2265 5509 2579 5580 jaculanda;
2611 5527 2663 5572 et
2692 5517 2852 5575 debet
2877 5523 3142 5592 patienter
3169 5531 3336 5602 accipi
3368 5535 3513 5604 quod
3559 5509 3736 5608 inopi-

2152 5609 2330 5658 natum
2361 5621 2465 5661 non
2494 5609 2748 5676 probatur
2773 5617 2990 5671 assumi.
3024 5619 3089 5674 Et
3109 5620 3348 5695 intellige
3365 5643 3524 5698 quam
3545 5631 3733 5690 humili

2152 5697 2314 5752 verbo
2339 5715 2465 5756 usus
2489 5711 2593 5768 est.
2626 5713 2682 5758 ut
2711 5705 2933 5778 diceret,
2969 5697 3393 5786 supportassem;
3429 5725 3570 5794 quod
3602 5740 3734 5780 con-

2147 5789 2370 5844 suetudo
2400 5791 2644 5850 humanis
2673 5797 3051 5857 calceamentis
3082 5821 3275 5863 nomen
3303 5789 3580 5879 imposuit.
3611 5818 3728 5876 Non

425 5857 633 5964 /‘.ctuto:
661 5872 801 5930 sicut
839 5872 900 5930 in
941 5873 1074 5932 turri
1117 5874 1205 5929 illa
1233 5871 1432 5926 factum
1465 5879 1546 5926 est
1580 5886 1740 5941 quam
1769 5880 1914 5928 metu
1948 5889 2036 5930 re-
2149 5887 2228 5933 est
2259 5893 2385 5950 ergo
2427 5883 2716 5956 insolitum,
2748 5899 2797 5946 ut
2832 5891 2920 5948 ille
2944 5893 3162 5970 diceret,
3189 5857 3596 5980 suppoi'iassem,
3631 5914 3722 5982 qui
