4036 6342
236 473 332 525 589

1144 452 1506 519 EXPOSI'I‘IO
1542 457 1611 515 IN
1648 454 2110 515 PSALTEBIUM.
2154 452 2355 515 PSAL.
2393 448 2526 513 LIV.

3379 454 3481 515 55:0

235 602 285 646 se
323 584 475 639 etiam
523 574 805 635 scarabaei:
859 583 916 632 et
958 576 1231 631 vermibus
1278 573 1630 643 comparavit.
1661 573 1792 638 Quae
1823 576 1952 636 Aet
2002 575 2089 642 qui
2143 579 2198 626 In
2257 576 2530 628 meliorem
2579 578 2782 642 partem
2830 573 3183 638 convertitur,
3229 587 3475 632 occasum

234 683 407 747 ﬁgura,
449 674 586 729 sicut
621 685 767 739 saepe
794 677 1148 725 memoratum
1187 675 1292 734 est,
1332 667 1530 721 dicitur
1556 664 1801 720 metrias—

235 782 363 831 tuos,
394 763 445 818 id
465 770 551 818 est
575 760 933 827 mediocritas.
969 758 1244 830 Sequitur,
1283 765 1330 811 et
1359 757 1405 810 si
1439 757 1484 809 is
1514 754 1601 824 qui
1625 755 1803 809 oderat

232 875 331 920 me,
357 871 508 923 super
536 869 616 908 me
650 868 836 922 magna
875 852 1072 904 loculus
1102 851 1299 921 fuisset,
1325 846 1688 902 absconderem
1722 862 1803 899 me

235 950 395 1015 utique
421 944 482 997 ab
509 960 589 998 eo.
639 943 773 997 llinc
809 955 1023 1011 quoque
1061 940 1324 995 mirabilis
1361 939 1627 1009 patientiae
1659 952 1802 993 mon-

234 1047 423 1093 stratur
452 1035 791 1104 exemplum;
831 1042 891 1088 ut
936 1033 1167 1089 inimicis
1218 1047 1436 1102 magna,
1486 1031 1542 1086 id
1589 1038 1673 1086 est
1714 1045 1804 1087 su-

236 1127 388 1198 perba
429 1126 771 1195 loquentibus
811 1138 915 1179 non
965 1126 1019 1180 in
1059 1124 1431 1179 contentiones
1475 1132 1802 1192 erumperet,

232 1229 319 1275 aut
345 1219 519 1289 aliqua
561 1218 908 1275 altercatione
954 1218 1260 1288 resiSIeret,
1299 1217 1391 1273 sed
1421 1218 1594 1273 locum
1625 1216 1805 1272 verbis

236 1311 377 1364 daret
402 1309 623 1363 insanis.
661 1309 723 1363 Et
752 1324 819 1364 ne
844 1309 1019 1363 adhuc
1038 1318 1277 1364 sanctam
1306 1318 1539 1364 mentem
1570 1308 1806 1364 malevo-

236 1402 395 1457 lorum
418 1416 601 1456 sermo
621 1409 953 1472 sequeretur,
985 1416 1043 1456 se
1076 1400 1207 1457 dixit
1233 1400 1569 1464 abscondere;
1599 1408 1657 1453 ut
1683 1413 1807 1469 pro-

235 1492 419 1547 cacitas
466 1492 774 1548 necessario
817 1492 1118 1561 desineret,
1160 1507 1278 1546 eum
1305 1491 1670 1546 adversarium
1697 1505 1804 1545 non

236 1584 449 1638 videret.
1378 1640 1379 1643 η

309 1675 451 1730 Vers.
482 1674 572 1730 15.
608 1673 682 1728 Tu
724 1690 839 1728 vero
885 1674 1036 1729 homo
1079 1672 1334 1727 unanimis
1373 1688 1391 1726 :
1431 1677 1540 1728 dua-
1568 1690 1728 1744 meus,
1758 1683 1808 1728 et

235 1777 375 1822 notus
405 1784 571 1821 meus.
606 1767 704 1822 llic
741 1776 797 1822 et
831 1780 1061 1838 sequens
1098 1780 1284 1821 versus
1326 1767 1652 1836 increpative
1692 1768 1809 1837 qui-

234 1860 344 1914 dem
376 1858 587 1929 legendi
618 1866 762 1914 sunt.
798 1858 902 1916 Sed
932 1858 1334 1914 consideremus
1356 1859 1454 1915 sub
1468 1873 1571 1929 qua
1596 1860 1804 1929 patien-

1904 660 2095 731 prioris
2120 662 2541 716 conversationis
2570 662 2761 717 merito
2796 662 3061 731 reperisse
3084 663 3376 733 judicatur.
3407 665 3474 722 In

1904 754 2156 825 infernum
2184 763 2361 810 autem
2406 756 2716 810 descendunt
2756 757 3008 823 viventes,
3053 758 3192 813 sicut
3232 763 3475 830 parvitati

1903 855 2104 900 nostrae
2131 845 2358 913 videtur,
2392 846 2482 916 qui
2506 847 2854 917 cogitationes
2882 864 3005 905 suas
3030 851 3287 919 pessimas
3316 868 3470 921 expa-

1904 945 2147 1004 vescunt,
2179 946 2234 993 et
2260 937 2328 992 ad
2356 938 2594 994 melioris
2626 939 2973 997 institutionis
2997 943 3263 999 tramitem
3296 946 3472 1005 divine

1902 1027 2069 1096 gratia
2109 1027 2525 1084 transferuntur.
2558 1026 2648 1085 Sic
2671 1030 2813 1086 enim
2856 1031 3007 1102 quasi
3034 1034 3091 1087 in
3120 1034 3378 1105 infernum
3409 1038 3457 1091 vi

1907 1128 2071 1173 rentes
2100 1120 2490 1190 descendimus,
2520 1120 2734 1191 quando
2763 1122 3022 1178 malorum
3060 1134 3361 1183 nostrorum
3397 1142 3459 1184 re

1903 1212 2211 1268 cordatione
2234 1224 2515 1269 terremur.
2540 1214 2652 1269 Tali
2674 1213 2932 1285 siquidem
2963 1216 3234 1274 intelleCtu
3283 1220 3447 1289 prredi

1910 1310 2050 1358 ctam
2081 1303 2358 1358 evadimus
2379 1305 2748 1374 quaestionem.
2779 1304 2930 1362 Juste
2964 1321 3175 1377 quoque
3204 1308 3322 1364 illos
3347 1310 3477 1378 petit

1903 1394 2165 1459 converti,
2195 1394 2281 1463 qui
2314 1394 2366 1449 in
2397 1409 2494 1450 suo
2524 1404 2742 1464 pectore
2771 1399 2923 1467 quasi
2954 1398 3007 1453 in
3040 1399 3269 1469 quodam
3298 1400 3481 1471 hospi-

1905 1484 1980 1539 tio
2010 1484 2303 1554 nequitiam
2333 1494 2701 1553 susceperunt.
2745 1487 2813 1541 Et
2849 1487 2987 1544 bene
3031 1488 3196 1556 dixit,
3225 1491 3481 1561 hospitio;

1906 1585 1966 1631 ut
1992 1577 2300 1633 ostenderet
2325 1577 2584 1634 malitiam
2618 1593 2722 1634 non
2757 1594 2877 1636 esse
2907 1583 3224 1649 naturalem,
3254 1586 3349 1640 sed
3376 1586 3475 1641 ad-

1905 1668 2126 1725 ventitia
2148 1669 2375 1737 quadam
2399 1668 2756 1739 hospitalitate
2786 1679 3107 1740 susceptam.
3128 1673 3284 1739 Quod
3305 1685 3480 1731 autem

1907 1759 2063 1826 dixit,
2089 1761 2143 1815 in
2172 1762 2359 1828 medio,
2383 1760 2625 1831 designat
2652 1763 2938 1832 praecordia
2964 1778 3181 1831 eorum;
3222 1775 3279 1821 ut
3302 1768 3484 1837 perni-

1907 1850 2201 1905 ciosissima
2232 1851 2482 1922 cogitatio
2520 1861 2926 1923 monstraretur,
2954 1870 3075 1926 quae
3117 1871 3213 1912 cor
3252 1857 3483 1914 hominis

238 1954 297 2007 tia
326 1970 340 2006 :
367 1953 542 2008 adhuc
566 1952 843 2020 unanimis,
868 1952 1039 2008 adhuc
1062 1952 1189 2018 dux,
1219 1951 1392 2007 adhuc
1415 1963 1564 2008 notus
1589 1953 1803 2021 dicitur,
1834 1952 1882 2013 Β
1908 1944 2203 2000 οδῑίηθῧει·

235 2044 316 2114 qui
340 2044 545 2099 iuturus
570 2044 757 2111 hostis,
777 2054 832 2100 et
849 2043 1247 2099 crudelissimus
1272 2045 1495 2099 traditur
1508 2061 1601 2115 per
1621 2047 1798 2100 omnia

234 2135 572 2189 nascebatur.
607 2132 876 2189 Unanimis
916 2134 982 2189 ad
1030 2133 1157 2189 illud
1197 2135 1447 2205 pertinet,
1505 2138 1625 2206 quia
1664 2137 1802 2193 inter

234 2225 497 2289 apostolos
538 2224 664 2289 fuit;
714 2224 846 2290 dux,
895 2223 1143 2292 quoniam
1185 2224 1249 2277 ad
1302 2227 1447 2280 vicos
1489 2234 1544 2281 et
1580 2227 1801 2282 castella

233 2315 537 2385 praemissus
566 2322 668 2380 est,
704 2322 762 2368 ut
791 2313 1170 2384 praedicatione
1213 2314 1361 2370 verbi
1404 2316 1564 2372 rudes
1592 2318 1801 2373 animos

232 2405 527 2462 lmbuisset.
561 2404 755 2460 Ducem
799 2420 927 2461 vero
976 2406 1110 2462 bene
1157 2406 1383 2463 dicimus
1430 2408 1634 2463 itineris
1675 2424 1804 2479 pra:-

234 2511 524 2553 eursnrem.
558 2496 731 2552 Notus
760 2505 935 2552 autem
965 2497 1031 2551 ad
1074 2498 1202 2553 illud
1236 2500 1487 2570 pertinet,
1518 2500 1660 2571 quod
1686 2501 1802 2569 ejus

234 2587 457 2657 proditio
523 2586 687 2642 fuisse
734 2602 838 2642 non
895 2588 1145 2657 probatur
1198 2589 1538 2657 abscondita,
1590 2592 1803 2661 quando

232 2677 472 2733 Christus
503 2678 761 2733 Dominus
792 2677 1103 2734 traditorem
1146 2695 1267 2734 eum
1311 2680 1364 2735 in
1394 2683 1620 2736 convivii
1652 2681 1801 2752 [ed.,

231 2766 531 2840 communi]
561 2770 862 2840 epulatione
903 2771 1174 2840 praedixit;
1220 2780 1272 2826 et
1315 2772 1421 2827 alio
1466 2773 1582 2827 loco
1623 2772 1750 2828 dicit
1789 2791 1801 2826 :

233 2863 418 2918 Nonne
447 2880 540 2935 ego
572 2879 656 2918 vos
686 2863 953 2918 duodecim
978 2864 1148 2936 elegi?
1174 2865 1265 2919 sed
1293 2882 1422 2921 unus
1447 2883 1509 2921 ea:
1536 2868 1673 2923 vobis
1696 2868 1807 2922 dia-

234 2960 368 3014 bolus
394 2970 470 3013 est
509 2956 684 3032 (Joan.
718 2976 787 3027 v1,
820 2958 947 3029 71).

301 3050 453 3104 Vers.
490 3049 576 3104 id.
611 3050 711 3116 Qui
749 3050 906 3103 simul
935 3066 1127 3104 mecum
1158 3051 1331 3106 dulces
1358 3052 1597 3121 cupiebas
1620 3052 1757 3107 cibos
1788 3067 1809 3107 :

236 3139 285 3193 in
316 3140 462 3194 domo
493 3139 592 3193 Dei
632 3139 997 3194 ambulavimus
1038 3157 1153 3195 cum
1192 3157 1462 3196 consensu.
1492 3142 1811 3199 Grandescit

234 3232 412 3301 culpa,
457 3231 547 3286 cui
579 3230 723 3303 led,
751 3229 911 3302 cum]
942 3233 1197 3288 beneﬁcia
1241 3241 1555 3302 reputantur
1588 3235 1805 3293 eximia.

1980 2044 2131 2100 Vers.
2162 2044 2247 2100 16.
2278 2044 2388 2117 Ego
2408 2054 2574 2101 autem
2593 2046 2661 2100 ad
2689 2044 2853 2101 Deum
2878 2047 3094 2102 clamaui
3124 2064 3144 2102 :
3163 2057 3212 2102 et
3232 2047 3486 2105 Dominus

1902 2136 2163 2191 exaudiuit
2194 2152 2290 2190 me.
2324 2135 2579 2192 Malorum
2611 2137 3091 2207 increpationibus,
3133 2147 3192 2193 ut
3237 2140 3482 2208 decebat,

1904 2228 2228 2297 praemissis,
2268 2227 2336 2282 ad
2376 2243 2471 2283 sua
2511 2228 2778 2284 desideria
2822 2238 3053 2299 votaque
3097 2233 3386 2299 remeavit,
3417 2247 3485 2288 ex

1903 2320 2072 2376 forma
2101 2321 2240 2376 servi
2271 2321 2433 2377 verba
2462 2321 2802 2391 depromens.
2834 2322 3083 2377 Clamavit
3110 2324 3254 2378 enim
3283 2324 3481 2394 iugiter

1900 2415 1971 2468 ad
2004 2413 2187 2478 Deum,
2225 2414 2314 2483 qui
2347 2429 2407 2470 se
2434 2414 2612 2469 divina
2647 2417 3057 2471 conversatione
3097 2417 3377 2483 tractavit;
3431 2425 3483 2474 et

1901 2519 2237 2575 consequens
2264 2514 2381 2560 erat
2425 2505 2575 2560 illum
2603 2504 2871 2574 exaudiri,
2902 2507 2992 2576 qui
3020 2521 3050 2561 a
3084 2508 3360 2576 majestate
3386 2522 3483 2562 sua

1903 2613 2008 2653 non
2053 2606 2261 2667 poterat
2300 2599 2587 2669 segregari.
2629 2597 2781 2666 Quod
2828 2598 3045 2654 schema
3085 2598 3279 2655 dicitur
3321 2614 3477 2670 pros-

1905 2690 2156 2759 phonesis
2176 2729 2191 2755 ,
2223 2688 2410 2744 Latine
2447 2688 2766 2745 exclamatio
2793 2706 2813 2746 ε
2840 2689 3048 2759 quoties
3074 2691 3212 2747 inter
3233 2690 3336 2746 alia
3359 2706 3479 2762 qua:

1905 2780 2190 2851 loquimur,
2230 2781 2298 2835 ad
2331 2782 2495 2836 Deum
2518 2781 2695 2837 subito
2716 2782 2875 2837 verba
2897 2783 3280 2840 convertimus.

1976 2886 2129 2942 Vers.
2166 2886 2251 2941 17.
2297 2884 2526 2957 Vespere,
2556 2895 2604 2940 et
2633 2902 2811 2954 mane,
2842 2894 2891 2942 et
2929 2888 3142 2944 meridie
3180 2888 3401 2942 narrabo
3431 2896 3481 2944 et

1912 2983 2069 3054 185
2084 2981 2416 3046 annuntiabo,
2441 2991 2487 3036 et
2509 2980 2740 3034 exaudiet
2760 2996 2930 3035 vocem
2952 2996 3136 3035 meum.
3151 2979 3485 3038 lntendamus

1906 3074 2109 3137 animo,
2140 3073 2264 3143 quia
2296 3072 2411 3127 haec
2432 3071 2593 3127 verba
2624 3082 2813 3142 magna
2840 3080 3176 3128 sacramenta
3212 3071 3365 3127 nobis
3389 3072 3486 3128 de-

1906 3167 2171 3220 nuntiant.
2200 3162 2415 3232 Vespere
2428 3164 2692 3234 signiﬁcat
2708 3172 2916 3235 tempus
2934 3162 3255 3230 traditionis,
3276 3163 3489 3234 quando

1911 3271 2033 3312 cum
2064 3256 2228 3311 ludas
2258 3255 2569 3311 cohortibus
2597 3255 2835 3311 noscitur
2866 3255 3164 3325 prodidisse
3201 3256 3489 3327 quaerenti-

234 3323 376 3391 Quod
420 3323 643 3378 schema
674 3324 869 3378 dicitur
909 3323 1199 3394 emphasis.
1243 3323 1374 3380 Nam
1414 3326 1617 3396 quaevis
1646 3328 1806 3389 mali-

1914 3347 2037 3404 bus.
2064 3346 2242 3414 Mane,
2284 3361 2405 3402 cum
2436 3347 2501 3401 ad
2543 3347 2791 3402 Pontium
2832 3323 3061 3403 Pilatum
3089 3323 3379 3417 perductus
3406 3354 3491 3403 est

236 3414 396 3485 gnitas
422 3416 671 3470 ciborum
698 3430 911 3485 semper
932 3417 1262 3472 comestione
1287 3418 1551 3485 mitescit;
1587 3434 1686 3474 nec
1712 3434 1804 3475 so-

236 3504 301 3560 let
328 3520 443 3561 esse
472 3520 678 3574 smvus,
707 3506 795 3575 qui
826 3505 994 3560 dulcis
1019 3520 1219 3562 mensae
1252 3506 1638 3577 gratiﬁcatione
1669 3509 1808 3565 deli-

237 3598 389 3654 nitur.
428 3596 685 3669 Congrue
712 3598 972 3669 siquidem
1007 3600 1312 3669 corporales
1340 3602 1488 3657 cibos
1515 3602 1678 3657 stulto
1707 3604 1806 3658 ho-

237 3690 354 3744 mini
389 3689 769 3761 cognoscimus
795 3689 1102 3761 imputatos,
1127 3706 1261 3762 quos
1284 3692 1372 3748 ille
1395 3701 1596 3749 tantum
1622 3694 1804 3752 dulces

239 3795 437 3853 poterat
495 3786 786 3842 metimare.
833 3787 963 3841 Nam
1007 3789 1052 3843 si
1104 3790 1430 3861 dogmaticos
1458 3793 1637 3863 cibos,
1677 3810 1809 3866 quos

240 3888 353 3934 ante
379 3890 715 3950 perceperat,
748 3885 983 3941 retinere
1009 3888 1288 3953 voluisset,
1314 3889 1380 3944 ad
1404 3898 1605 3946 tantum
1634 3893 1807 3947 sacri-

241 3967 423 4040 legium
456 3990 567 4030 non
596 3977 801 4031 veniret
834 3994 846 4029 :
872 3977 938 4032 de
968 3979 1159 4047 quibus
1180 3980 1311 4036 cibis
1343 3981 1586 4038 ﬁdelibus
1607 3982 1805 4038 dictum

241 4073 320 4116 est
351 4079 365 4117 :
393 4061 609 4119 Gustata
653 4077 700 4121 et
744 4068 905 4121 videte
952 4071 1189 4139 quoniam
1230 4072 1398 4126 suavis
1441 4083 1515 4127 est
1565 4072 1809 4129 Dominus

246 4150 423 4224 (Psal.
480 4175 667 4226 xxxnt,
694 4162 788 4235 9).
842 4166 1114 4234 Sequitur,
1156 4168 1208 4219 in
1247 4167 1396 4220 domo
1439 4164 1535 4220 Dei
1578 4168 1811 4222 ambula-

245 4248 397 4301 vimus
424 4267 539 4304 cum
569 4270 837 4325 consensu,
864 4258 911 4312 id
938 4268 1021 4313 est
1048 4260 1097 4313 in
1122 4259 1321 4328 templo
1342 4258 1807 4330 Jerosolymitauo,

244 4339 329 4393 ubi
361 4342 498 4398 inter
528 4347 642 4415 ejus
687 4347 973 4404 videbatur
1017 4366 1138 4405 esse
1187 4350 1504 4419 discipulos;
1549 4359 1609 4406 ut
1652 4350 1809 4406 simul

244 4445 452 4489 Vt‘CalllS
496 4436 798 4508 incederet,
849 4440 1004 4495 simul
1044 4443 1159 4510 ejus
1204 4441 1423 4512 collegia
1471 4450 1806 4512 sequeretur.

243 4518 523 4581 Consensus
547 4529 689 4584 enim
720 4530 910 4599 perﬁdi
942 4534 1171 4588 hominis
1193 4534 1256 4589 ad
1278 4534 1646 4589 conventicula
1688 4549 1811 4604 pro-

244 4618 535 4673 ccssionum
581 4623 836 4690 pertinet,
891 4638 996 4677 non
1040 4623 1104 4679 ad
1156 4627 1407 4695 propositi
1448 4624 1806 4681 firmissimam

1907 3438 2223 3494 audiendus.
2252 3437 2495 3505 Meridie,
2526 3440 2652 3509 quia
2695 3437 2828 3494 hora
2853 3446 3040 3506 sexta,
3069 3446 3130 3494 ut
3157 3439 3490 3511 evangelista

1910 3531 2066 3599 dicit,
2097 3531 2151 3586 in
2181 3544 2341 3587 cruce
2369 3543 2663 3600 suspensus
2686 3538 2789 3585 est.
2818 3530 3065 3586 Meridies
3094 3530 3293 3601 quippe
3316 3531 3489 3589 dictus

1908 3631 2012 3689 est,
2044 3623 2199 3693 quasi
2232 3623 2443 3678 medius
2472 3622 2607 3678 dies.
2640 3621 2735 3677 His
2764 3622 3144 3693 consequentia
3174 3624 3339 3680 verba
3368 3626 3491 3681 red-

1906 3714 2127 3772 duntur.
2160 3714 2408 3769 Narrabo
2437 3714 2669 3785 pertinet
2696 3714 2764 3771 ad
2793 3729 3074 3785 vesperam
3105 3730 3122 3771 :
3153 3715 3280 3787 quia
3308 3718 3487 3774 omnia

1909 3803 2145 3861 locutum
2172 3813 2403 3871 constat,
2432 3820 2550 3876 quas
2573 3805 2739 3862 ludas
2768 3806 3128 3877 nequissimus
3160 3806 3342 3865 facere
3370 3809 3484 3864 dis-

1908 3896 2164 3965 ponebat.
2193 3897 2543 3963 Annuntiabo,
2566 3897 2635 3952 ad
2656 3912 2813 3953 mane
2840 3898 3152 3967 respondet,
3174 3900 3388 3969 quando
3411 3899 3491 3955 di-

1900 3995 2064 4043 cente
2088 3987 2256 4043 Pilato
2289 4005 2302 4041 :
2339 3986 2416 4041 Tu
2439 4003 2492 4042 es
2518 4004 2609 4043 rea:
2632 3986 2667 4041 .1
2673 3988 2937 4043 udaorum
2963 3987 3142 4060 (Joan.
3170 4004 3327 4059 xvm,
3359 3989 3481 4061 55);

1904 4075 2245 4132 Annuntiaoit
2274 4094 2295 4133 :
2324 4076 2389 4131 In
2419 4076 2514 4133 hoc
2549 4086 2701 4133 natus
2730 4094 2875 4144 sum,
2924 4086 2981 4135 et
3019 4085 3213 4135 extera
3256 4096 3375 4151 quas
3418 4082 3490 4138 ibi

1910 4168 2162 4223 dicuntur
2202 4184 2232 4223 a
2275 4170 2523 4225 Domino.
2549 4169 2736 4225 Juuxit
2763 4170 2950 4236 etiam,
2981 4178 3032 4225 et
3054 4171 3294 4227 exaudiet
3321 4188 3491 4227 vocem

1910 4274 2107 4324 meam;
2129 4258 2196 4314 ad
2224 4259 2485 4315 meridiem
2514 4261 2769 4331 pertinet,
2798 4260 3013 4331 quando
3037 4260 3094 4317 in
3115 4274 3275 4318 cruce
3302 4262 3489 4319 dixit:

1912 4349 2326 4406 Consummatunt
2345 4360 2416 4406 est
2427 4368 2447 4419 ;
2475 4360 2522 4407 et
2551 4352 2715 4407 emisit
2742 4352 2977 4425 spiritum
3003 4352 3188 4426 (Joan.
3232 4371 3344 4424 χιχ,
3377 4355 3490 4427 50).

1910 4445 1954 4501 0
1986 4446 2115 4501 mira
2146 4446 2412 4502 brevitas!
2452 4445 2511 4501 lu
2556 4445 2657 4501 hoc
2701 4462 2806 4503 uno
2839 4448 3106 4505 versiculo
3133 4457 3241 4504 tam
3272 4430 3490 4521 magnus

1913 4548 2069 4594 actus
2097 4538 2187 4595 ille
2216 4548 2459 4595 narratus
2480 4548 2583 4608 est,
2610 4548 2669 4595 ut
2694 4541 2834 4610 quod
2861 4540 2917 4595 in
2942 4541 3032 4597 illa
3083 4542 3363 4597 latitudine
3399 4555 3474 4596 co

1919 4632 2195 4703 gnoscitur
2218 4631 2542 4702 expositum,
2567 4632 2622 4687 in
2643 4632 2743 4687 bac
2756 4632 3019 4688 brevitate
3037 4630 3352 4701 probaretur
3374 4644 3490 4688 esse

245 4712 594 4768 sanctitatem.
631 4716 694 4769 Et
725 4727 782 4771 ut
824 4718 977 4773 nobis
1024 4719 1265 4775 absoluta
1310 4722 1591 4777 verborum
1647 4726 1814 4792 possit
1841 4724 2223 4794 Dcollectum.

246 4808 380 4858 stare
409 4808 715 4872 cnntcxtio,
759 4809 846 4863 isti
887 4820 940 4865 et
979 4812 1238 4882 superiori
1282 4814 1459 4868 versui
1485 4813 1815 4884 jungendum

247 4906 340 4961 esu
372 4913 464 4953 cur
493 4914 579 4954 me
610 4900 889 4956 tradebas?

319 4989 466 5047 Vers.
503 4993 590 5047 15.
628 4992 811 5049 Veniat
848 5012 981 5050 mors
1010 5013 1163 5068 super
1189 5016 1301 5065 eos,
1343 5009 1390 5053 et
1424 5000 1732 5055 descendant
1762 5000 1816 5053 in

250 5078 499 5149 infernum
518 5084 732 5139 viventes
752 5100 771 5140 :
790 5087 1029 5157 quoniam
1051 5090 1270 5158 nequitia
1290 5090 1342 5143 in
1363 5088 1597 5158 hospitiis
1616 5104 1813 5157 eorum,

251 5179 297 5232 in
331 5184 491 5237 medio
519 5185 764 5254 ipsorum.
799 5186 931 5243 Cum
962 5187 1029 5244 de
1055 5189 1189 5244 Jutla
1216 5189 1459 5259 superius
1482 5190 1821 5259 singulariter

252 5272 316 5323 sit
337 5273 705 5342 Iocutus,nunc
729 5292 822 5347 per
837 5278 1156 5334 sententiam
1180 5282 1478 5335 communis
1505 5294 1676 5349 ptume
1695 5294 1819 5335 con-

253 5365 469 5420 vertitur
490 5367 554 5421 ad
576 5366 807 5423 Judaaos.
832 5368 936 5424 Sed
964 5384 1182 5424 movere
1204 5379 1379 5439 potest
1396 5385 1563 5439 quare
1586 5370 1779 5426 dixerit
1803 5389 1820 5425 :

261 5448 436 5510 Veniet
462 5474 597 5513 mors
626 5476 775 5530 super
797 5461 934 5527 illos,
966 5469 1021 5517 et
1044 5460 1337 5532 subjunxit,
1360 5472 1408 5516 et
1430 5462 1737 5517 descendant
1766 5463 1820 5516 in

255 5541 501 5615 infernum
541 5553 777 5621 uiuentes,
819 5554 958 5625 quod
1001 5554 1182 5625 utique
1214 5554 1326 5609 ﬁeri
1371 5570 1477 5611 non
1521 5564 1726 5624 potest,
1760 5564 1819 5611 ut

256 5646 309 5691 et
336 5642 587 5698 moriatur
617 5646 831 5716 aliquis,
867 5657 920 5701 et
963 5649 1112 5702 vivus
1154 5646 1446 5702 descendat
1483 5646 1548 5701 ad
1589 5647 1812 5702 inferos.

257 5724 358 5783 Sed
402 5733 499 5788 hoc
536 5737 703 5806 magis
745 5738 1094 5807 spiritualiter
1122 5739 1490 5810 accipiendum
1536 5747 1651 5804 est;
1699 5739 1821 5807 quia

258 5833 401 5878 more
430 5840 525 5881 suo
541 5830 963 5885 emendationem
993 5834 1159 5903 magis
1182 5848 1337 5902 quam
1360 5834 1819 5901 consumptionem

246 5915 433 6003 ‘venire
458 5921 682 5988 postulat
702 5920 947 5977 inimicis.
974 5921 1113 5977 Mors
1140 5923 1281 5977 cnim
1304 5923 1495 5978 dicitur
1520 5923 1638 5976 vitae
1664 5922 1818 5987 linis;

1993 4814 2144 4870 Vers.
2180 4814 2266 4869 18.
2292 4813 2547 4868 Liberavit
2593 4813 2647 4867 in
2693 4828 2816 4883 pace
2844 4812 3070 4867 animum
3108 4818 3275 4866 meum
3319 4812 3385 4866 ab
3412 4813 3490 4869 Itis

1921 4904 2011 4977 qui
2034 4905 2447 4976 appropinquant
2490 4904 2638 4973 mihi,
2668 4905 2910 4975 quoniam
2948 4902 3082 4956 inter
3117 4903 3306 4959 multos
3349 4920 3490 4960 erant

1920 5014 2136 5054 mecum.
2157 4998 2265 5055 Hoc
2288 5008 2371 5053 est
2397 4999 2539 5069 quod
2562 4998 2809 5068 superius
2832 4994 3133 5051 exauditam
3161 4995 3290 5052 dicit
3307 5006 3489 5054 vocem

1922 5104 2096 5156 suam,
2131 5098 2188 5145 ut
2210 5090 2613 5147 resurrectionis
2636 5087 2894 5143 beneﬁcio
2925 5087 3038 5157 ejus
3065 5089 3236 5144 animo
3254 5090 3488 5145 liberare-

1921 5189 2007 5235 tur
2034 5182 2087 5235 in
2108 5199 2251 5251 pace.
2287 5183 2352 5237 Et
2373 5197 2403 5237 a
2427 5182 2620 5252 quibus
2648 5180 2947 5234 liberaretur
2985 5192 3377 5252 consequenter
3398 5198 3490 5239 ex-

1921 5273 2103 5344 ponit:
2133 5274 2196 5328 ab
2224 5273 2305 5328 his
2329 5273 2534 5328 scilicet
2562 5272 2651 5339 qui
2672 5271 3091 5343 appropinquant
3112 5273 3258 5329 mihi.
3288 5274 3366 5329 De
3392 5273 3491 5330 illis

1921 5364 2047 5421 dicit
2091 5367 2182 5437 qui
2231 5365 2475 5421 laudibus
2522 5363 2658 5419 lictis
2703 5364 2930 5421 reddere
2975 5366 3293 5423 videbantur
3339 5366 3484 5424 obso-

1920 5459 2125 5530 quium,
2171 5466 2227 5515 et
2271 5456 2433 5514 corde
2483 5455 2728 5511 lavebant
2772 5456 3120 5514 nihilominus
3162 5456 3418 5525 inimicis,
3458 5471 3491 5512 es

1916 5550 2112 5616 quibus
2155 5550 2345 5604 merito
2390 5548 2621 5602 animam
2669 5563 2821 5603 suam
2866 5547 2994 5603 dicit
3038 5561 3162 5604 esse
3189 5547 3496 5604 liberatam.

1921 5643 2049 5698 Erat
2085 5643 2224 5697 enim
2252 5641 2625 5713 gravissimum
2658 5642 2948 5697 inimicitiae
2974 5655 3144 5713 genus
3171 5655 3296 5698 esse
3329 5649 3496 5697 corde

1922 5735 2279 5799 adversarios,
2312 5745 2365 5789 et
2396 5736 2574 5803 lingua
2606 5735 2859 5789 simulare
2889 5734 3144 5790 devotos.

2000 5826 2151 5884 Vers.
2183 5829 2267 5883 19.
2302 5826 2555 5882 Exaudiet
2595 5826 2752 5892 Dens,
2784 5834 2832 5880 et
2863 5824 3149 5878 humiliabit
3174 5835 3281 5893 eos,
3306 5819 3503 5885 quiest

1927 5929 2043 5976 ante
2081 5924 2288 5977 sarcula.
2352 5923 2599 5978 Exaudiet
2648 5924 2829 5992 utique
2870 5920 3142 5988 superiora
3187 5926 3309 5986 quc
3360 5914 3502 5970 dicta
