4020 6348
558 432 658 493 591

1708 444 1709 447 “
1768 440 1840 498 Μ.
1879 436 2161 497 AURELl-I
2198 436 2609 498 CASSIODORI

3716 447 3834 502 392

555 560 704 610 sunt.
734 550 1042 608 Humiliabit
1085 566 1191 620 eos,
1218 551 1421 609 scilicet
1455 551 1523 608 ad
1551 552 1911 621 credendum;
1956 562 2015 610 ut
2042 552 2135 625 qui
2159 554 2213 615 Α
2236 567 2270 604 a
2290 550 2612 618 Deouenisti,
2628 559 2675 606 et
2695 551 2829 605 viam
2854 550 2949 607 Dei
2970 551 3024 607 in
3044 551 3252 609 veritate
3278 552 3655 626 doces(Hattlt.
3673 573 3827 628 χιιι,

554 659 653 715 per
680 644 981 715 superbiam
1009 642 1167 700 ﬁdem
1188 644 1592 701 declinaverant
1616 644 2000 714 Christianam,
2032 659 2131 715 per

555 736 907 791 humilitatem
937 736 1131 792 iterum
1162 737 1347 793 lumen
1376 736 1617 793 veritatis
1645 746 1957 808 agnoscant.
1994 735 2125 794 Nam

553 827 695 898 quod
724 827 961 882 additum
991 837 1091 895 est,
1114 828 1202 898 qui
1228 838 1301 882 est
1333 838 1453 883 ante
1480 829 1689 899 stccula,
1712 830 1945 886 Verbum
1964 828 2124 899 signi-

552 921 741 976 ﬁcatur
767 931 1091 977 comternum
1135 921 1280 977 Patri
1308 940 1321 976 :
1357 938 1427 979 ne
1451 939 1517 981 ex
1547 932 1790 994 tempore
1818 924 2001 996 aliquo
2025 938 2126 979 ex-

551 1013 751 1073 stitisse
784 1012 1054 1069 videretur
1078 1014 1169 1084 qui
1207 1014 1402 1071 saecula
1434 1017 1637 1071 creavit
1657 1016 1929 1072 universa.
1963 1015 2128 1071 Tem-

553 1118 653 1173 pus
683 1105 825 1159 enim
857 1112 980 1160 tunc
1006 1104 1191 1177 cmpit,
1220 1108 1433 1177 quando
1480 1108 1713 1165 mundus
1752 1109 1980 1179 sumpsit
2027 1108 2128 1164 ini-

550 1194 703 1252 tium.
751 1195 973 1252 Desinat
1019 1211 1145 1268 ergo
1189 1197 1509 1255 Arianorum
1564 1200 1751 1256 insana
1807 1199 2124 1269 temeritas,

548 1287 856 1344 Creatorem
884 1298 1187 1359 temporum
1221 1290 1514 1361 praedicare
1556 1291 1656 1348 sub
1701 1301 1970 1363 tempore;
1998 1292 2126 1348 dum

547 1389 845 1436 coaeternus
869 1380 1036 1448 Patri,
1055 1391 1109 1436 et
1138 1383 1626 1449 consubstantialis,
1648 1398 1770 1439 cum
1796 1391 1983 1440 sancto
2005 1382 2124 1453 Spi-
2208 1410 2215 1413 -

550 1472 655 1526 ritu
687 1471 1187 1528 incommutabiliter
1234 1474 1536 1544 unigenitus
1583 1474 1748 1532 Filius
1796 1481 2120 1547 perseverat.

590 1561 779 1634 _Vers.
806 1562 899 1617 20.
931 1562 1055 1617 Non
1075 1573 1149 1617 est
1191 1565 1327 1618 enim
1351 1564 1455 1619 illis
1480 1566 1824 1634 commutatio,
1856 1574 1904 1620 et
1930 1582 2033 1621 non
2058 1564 2125 1620 ti—

545 1661 779 1707 muerunt
808 1651 992 1707 Deum.
1026 1653 1310 1725 lnterjecto
1351 1655 1709 1726 diapsalmate
1741 1658 1888 1713 venit
1920 1657 1991 1714 ad
2017 1666 2124 1716 ter-

547 1749 674 1802 tiam
700 1755 923 1818 partem.
955 1746 1108 1803 Prius
1136 1747 1277 1803 enim
1310 1748 1464 1804 solita
1500 1750 1696 1819 pietate
1735 1751 1977 1807 converti
2017 1765 2121 1822 op-

547 1839 677 1893 tavit
720 1848 1000 1896 errantes:
1030 1855 1172 1896 nunc
1212 1840 1405 1897 virtute
1453 1840 1749 1899 divinitatis
1796 1857 1910 1900 sua:
1940 1842 2122 1901 futura

2241 638 2355 712 16).
2402 640 2461 697 In
2508 643 2710 699 mundo
2738 643 2880 698 enim
2908 642 3036 715 quid
3077 644 3248 700 lenius
3278 645 3432 702 oleo?
3457 646 3567 703 Sed
3596 664 3829 721 exagge-

2235 730 2501 789 rationem
2529 733 2750 789 nimiam
2771 749 2937 805 supra
2978 736 3155 792 oleum
3179 736 3507 806 perﬁdorum
3539 754 3828 800 sermones

2231 826 2361 884 dicit
2398 843 2521 886 esse
2561 830 2833 898 mellitos,
2872 846 2943 888 ne
2993 840 3143 888 tanto
3182 834 3373 889 sceleri
3420 850 3515 903 par
3561 837 3830 905 potuisset

2232 918 2438 989 aliquid
2480 921 2736 977 inveniri.
2770 920 2882 993 Ipsi
2922 924 3088 979 etiam
3129 924 3341 994 fuerunt
3376 926 3579 996 jacula,
3607 929 3827 997 quando

2230 1010 2527 1070 dixerunt:
2560 1014 2697 1069 Reus
2747 1024 2820 1071 est
2863 1018 3042 1072 mortis
3094 1016 3311 1090 (Matth.
3359 1034 3509 1089 XXVI,
3560 1020 3687 1092 66);
3724 1023 3828 1079 hoc

2232 1104 2379 1159 enim
2409 1119 2689 1163 sermones
2717 1107 2793 1163 illi
2824 1108 3119 1179 probantur
3147 1110 3409 1182 eﬁecisse,
3440 1111 3586 1184 quod
3605 1117 3821 1185 jacula.

2228 1197 2274 1254 0
2304 1200 2635 1256 exsecranda
2677 1201 2961 1260 diversitas
2988 1204 3228 1273 potuisse
3255 1205 3501 1263 homines
3530 1208 3719 1264 mollia
3746 1210 3822 1265 lo-

2227 1292 2340 1362 qui,
2362 1306 2493 1371 cum
2519 1304 2705 1350 essent
2729 1304 2838 1351 tam
2863 1295 2996 1352 dura
3024 1297 3243 1353 facturi!

2302 1380 2453 1451 Vers.
2481 1396 2571 1454 24.
2596 1396 2749 1454 Jacta
2774 1400 2830 1453 in
2855 1399 3019 1455 Deum
3043 1401 3323 1472 cogitatum
3348 1410 3509 1471 tuum,
3541 1414 3591 1459 et
3614 1407 3729 1477 ipse
3775 1416 3821 1462 te

2228 1487 2482 1555 enutriet;
2524 1504 2627 1543 non
2670 1489 2811 1544 dabit
2849 1490 2904 1544 in
2943 1499 3187 1546 aeternum
3225 1494 3613 1563 ﬂuctuationem
3648 1500 3819 1568 justo.

2233 1576 2369 1634 Cum
2397 1579 2464 1634 de
2493 1579 2712 1650 perﬁdis
2740 1580 2941 1638 ludatis
2982 1583 3219 1640 caelestis
3250 1584 3457 1654 justitia
3483 1587 3817 1658 loqueretur,

2228 1669 2639 1728 saluberrimum
2670 1673 2953 1730 consilium
2994 1674 3194 1731 nostris
3221 1673 3622 1732 inﬁrmitatibus
3652 1679 3817 1734 dedit.

2226 1760 2491 1831 Cogitatio
2511 1764 2653 1819 enim
2671 1764 2855 1820 saeculi
2882 1780 2982 1822 nos
3007 1779 3221 1837 semper
3246 1766 3455 1836 afﬂigit,
3472 1785 3626 1839 quam
3647 1770 3698 1826 si
3718 1787 3817 1828 non

2226 1851 2565 1923 abjiciamus,
2621 1853 2929 1923 atterimur;
2987 1855 3126 1913 sicut
3174 1856 3426 1914 Salomon
3476 1858 3599 1913 ait:
3632 1860 3818 1928 Quem-

544 1946 890 2003 cognoscens,
921 1948 1136 1990 sensum
1164 1948 1282 1990 esse
1312 1935 1441 1991 dicit
1470 1936 1967 1995 incommutabilem
1994 1954 2119 2011 per-
2153 1940 2202 2005 B
2227 1945 2505 2000 admodum
2541 1947 2725 2009 vermis
2771 1947 2949 2022 ligno,
2975 1959 3023 2005 et
3066 1952 3203 2005 tinea
3243 1952 3575 2020 vestimento;
3610 1955 3688 2008 ita
3734 1956 3819 2009 tri-

544 2020 793 2092 ﬁdorum,
821 2023 944 2093 quia
966 2024 1162 2080 duritia
1183 2026 1379 2081 mentis
1405 2042 1515 2082 non
1538 2036 1748 2098 poterat
1764 2029 2008 2100 recipere
2031 2046 2123 2089 ve-

542 2115 774 2172 ritatem.
807 2116 1266 2174 Commutationem
1292 2133 1425 2175 vero
1448 2120 1649 2191 duplici
1675 2122 1833 2179 modo
1861 2122 2121 2182 debemus

539 2205 805 2277 accipere,
865 2208 979 2263 sive
1012 2206 1167 2265 istam
1199 2225 1318 2280 quae
1349 2211 1435 2267 hic
1464 2210 1544 2280 ﬁt,
1576 2214 1791 2284 quando
1820 2215 1887 2271 ad
1914 2216 2121 2273 confes-

540 2295 746 2354 sionem
790 2299 932 2370 piam
964 2299 1030 2356 ab
1058 2301 1325 2358 obstinata
1367 2302 1640 2361 voluntate
1675 2309 1956 2378 transitur,
2005 2311 2121 2368 sive

537 2389 684 2445 illam
716 2407 874 2461 quam
899 2391 1030 2449 dicit
1055 2393 1343 2465 Apostolus
1372 2413 1386 2451 :
1423 2397 1611 2453 Omnes
1653 2416 1994 2473 resurgemus,
2030 2404 2119 2458 sed

541 2500 644 2540 non
676 2504 847 2542 omnes
870 2488 1248 2544 immutabimur
1277 2489 1330 2564 (1
1356 2490 1473 2547 Cor.
1502 2508 1594 2563 xv,
1626 2493 1741 2565 51).
1779 2495 2118 2567 Quapropter

539 2581 630 2652 qui
655 2583 740 2640 hic
768 2593 1125 2641 commutatus
1154 2602 1258 2643 non
1284 2585 1468 2656 fuerit,
1499 2588 1570 2645 ibi
1594 2604 1700 2645 non
1722 2599 1902 2661 potest
1924 2592 2118 2648 immu-

538 2673 661 2730 tari.
688 2674 792 2731 Sed
822 2674 891 2733 de
926 2675 1044 2733 istis
1074 2678 1267 2736 talibus
1299 2696 1465 2751 quare
1492 2696 1598 2738 non
1624 2684 2117 2753 commutabuntur,

534 2779 692 2823 causa
720 2769 1060 2841 subsequitur
1090 2789 1105 2826 :
1134 2766 1259 2845 quia
1297 2790 1399 2829 non
1449 2775 1726 2831 timuerunt
1760 2775 1943 2832 Deum.
1978 2778 2115 2836 Nam

533 2860 624 2931 qui
655 2862 803 2919 timet
828 2862 1017 2936 Deum,
1037 2879 1067 2920 a
1094 2880 1189 2921 sua
1217 2866 1438 2938 perﬁdia
1462 2877 1847 2938 commutatur,
1877 2870 2003 2928 dum
2027 2872 2117 2941 ju-

533 2952 659 3009 dicii
690 2970 885 3024 pavore
912 2967 966 3015 et
988 2958 1261 3016 charitatis
1284 2960 1462 3017 studio
1493 2961 1643 3032 eligit
1684 2961 1970 3020 dominicis
1994 2963 2115 3035 jus-

533 3044 771 3103 sionibus
800 3048 1035 3106 obedire.
1058 3051 1123 3106 Et
1150 3060 1277 3106 nota
1304 3051 1447 3124 quod
1486 3053 1538 3107 in
1578 3053 1680 3109 hoc
1721 3063 1776 3109 et
1814 3055 1869 3110 in
1907 3055 2117 3113 duobus

534 3136 653 3193 aliis
695 3139 933 3197 versibus
959 3142 1049 3212 qui
1080 3153 1393 3214 sequuntur,
1418 3144 1619 3214 pariter
1660 3161 1849 3203 eorum
1876 3157 1930 3206 et
1960 3148 2117 3207 ultio-

534 3241 631 3284 nes
655 3228 785 3284 dicit
807 3236 863 3285 et
883 3230 1089 3301 culpas.

2222 2040 2361 2095 stitia
2398 2039 2497 2095 viri
2541 2050 2687 2096 uocet
2727 2042 2873 2096 cordi
2919 2040 3103 2114 (Prov.
3130 2059 3265 2111 xxv,
3296 2042 3410 2115 20).
3444 2043 3553 2100 Sed
3602 2047 3817 2116 quando

2218 2130 2457 2202 jactatur
2488 2132 2543 2188 in
2574 2133 2881 2201 Dominum,
2914 2149 3022 2191 non
3052 2137 3226 2192 solum
3252 2152 3360 2192 non
3387 2151 3486 2194 nos
3524 2141 3814 2208 consumit,

2222 2223 2318 2279 sed
2347 2223 2511 2279 etiam
2537 2225 2738 2289 nutrit;
2764 2233 2825 2281 ut
2854 2240 2974 2297 quae
3003 2226 3148 2297 solet
3170 2226 3516 2297 imminuere,
3557 2243 3820 2299 augmen-

2221 2322 2332 2370 tum
2363 2316 2520 2373 nobis
2565 2316 2811 2373 videatur
2854 2316 3067 2375 aﬁ'errc.
3101 2318 3376 2391 Sequitur,
3425 2336 3527 2376 non
3573 2321 3727 2376 dabit
3769 2324 3816 2377 in

2220 2417 2463 2463 aternum
2487 2410 2874 2479 ﬂuctuationem
2889 2412 3059 2483 justo.
3090 2411 3229 2471 Vera
3267 2423 3348 2472 est
3379 2414 3593 2472 Domini
3621 2416 3816 2471 immn-

2220 2499 2506 2571 tabilisque
2546 2502 2837 2569 sententia,
2868 2504 2965 2561 sed
3003 2505 3048 2561 si
3079 2520 3197 2563 eam
3227 2522 3333 2578 qua
3360 2507 3504 2564 dicta
3541 2515 3631 2565 est
3674 2509 3816 2564 inte-

2219 2589 2415 2661 gritate
2443 2605 2748 2649 noscamus.
2774 2593 2940 2651 Justis
2967 2595 3019 2652 in
3046 2596 3153 2652 isto
3179 2598 3317 2667 solo,
3346 2600 3535 2656 steculi
3568 2617 3678 2657 non
3716 2600 3817 2657 adio

2223 2680 2321 2736 mit
2349 2681 2735 2752 ﬂuctuationes,
2792 2686 2913 2756 quia
2944 2685 3031 2743 hic
3069 2702 3163 2745 eos
3198 2692 3568 2761 temporaliter
3596 2695 3811 2765 probat,

2220 2778 2279 2825 ut
2302 2769 2373 2827 ibi
2397 2785 2535 2843 quos
2560 2783 2789 2831 coronet
2815 2775 3073 2834 inveniat.
3090 2776 3157 2833 In
3179 2788 3429 2836 aeternum
3446 2792 3651 2852 autem,
3670 2785 3816 2841 sicut

2220 2857 2306 2915 hic
2339 2859 2491 2930 dicit,
2523 2865 2795 2921 neminem
2825 2868 3092 2937 permittit
3132 2869 3491 2941 iustissimum
3521 2874 3810 2946 ﬂuctuare,

2220 2949 2434 3021 quando
2460 2950 2571 3023 jam
2612 2968 2871 3027 perpetua
2901 2973 3035 3029 pace
3071 2975 3194 3018 cum
3221 2964 3353 3034 ipsis
3383 2969 3742 3038 cognoscitur
3764 2970 3814 3026 in

2218 3043 2521 3101 aeternitate
2551 3061 2795 3117 regnare.
2831 3049 2907 3106 lbi
2935 3050 3079 3108 enim
3108 3068 3443 3125 nequaquam
3489 3057 3814 3116 excitabitur

2220 3132 2437 3208 ﬂuctus,
2468 3138 2561 3195 ubi
2588 3149 2671 3197 est
2696 3155 2913 3215 semper
2940 3146 3415 3216 tranquillissimus
3453 3160 3664 3221 portus.

2288 3235 2444 3295 Vers.
2475 3239 2567 3297 ‘25.
2593 3239 2675 3296 Tu
2705 3259 2840 3313 vero,
2866 3244 3029 3317 Deus,
3059 3249 3276 3305 deducas
3304 3267 3387 3307 eos
3416 3252 3468 3306 in
3495 3262 3721 3325 puteum
3739 3257 3815 3311 in-

605 3321 759 3379 Vers.
788 3322 881 3379 ‘21.
929 3324 1171 3381 Extendit
1214 3344 1423 3399 manum
1472 3347 1619 3387 suam
1647 3334 1702 3386 in
1744 3317 2107 3393 retribuendo:

2218 3330 2413 3388 teritus.
2439 3330 2572 3400 Quia
2595 3334 2729 3391 dixit
2758 3335 2825 3392 de
2845 3337 3028 3408 justis,
3055 3356 3198 3399 nunc
3226 3342 3356 3399 dicit
3383 3344 3454 3402 de
3483 3317 3697 3418 impiis,
3729 3349 3811 3420 qui

533 3415 1001 3472 contaminaverunt
1029 3426 1381 3476 testamentum
1416 3425 1549 3496 ejus.
1578 3423 1697 3496 Ipsa
1728 3440 1872 3482 nunc
1897 3426 2109 3499 allego-

532 3506 645 3562 rice
670 3506 937 3578 dicuntur,
953 3525 1071 3581 quae
1092 3508 1146 3566 in
1169 3511 1346 3569 futuro
1368 3514 1572 3582 judicio
1605 3526 1729 3573 sunt
1759 3518 1963 3590 agenda
1988 3536 2109 3578 cum

534 3597 774 3668 perﬁdis.
805 3598 1020 3657 Manum
1049 3602 1135 3659 hic
1161 3604 1407 3663 virtutem
1439 3609 1912 3681 operationcmque
1937 3613 2107 3683 signi-

530 3689 673 3755 ﬁcat.
717 3707 838 3763 qua:
882 3700 1007 3750 tunc
1033 3694 1113 3765 ﬁt,
1160 3698 1372 3768 quando
1415 3698 1505 3755 illa
1550 3700 1807 3759 discretio
1838 3702 2105 3761 bonorum

531 3784 900 3856 malorumque
928 3789 1252 3857 provenerit.
1269 3790 1556 3864 Subjungit
1576 3793 1739 3851 etiam
1767 3808 1865 3850 cur
1890 3794 2108 3854 Iudaeos

530 3890 687 3946 poma
708 3877 1002 3948 justissima
1030 3891 1389 3953 consequatur
1416 3902 1431 3951 ;
1463 3884 1586 3956 quia
1618 3886 1865 3943 mandata
1893 3887 2109 3945 Domini

528 3969 707 4039 pravis
747 3970 969 4027 aetibus.
998 3972 1333 4043 polluerunt,
1366 3990 1467 4031 nec
1517 3977 1661 4046 passi
1708 3987 1834 4033 sunt
1884 3979 2107 4036 credere

527 4062 669 4131 quod
708 4062 787 4119 eis
832 4067 1175 4137 cognoscitur
1218 4066 1615 4138 Scripturarum
1662 4070 1859 4127 veritas
1906 4070 2106 4142 praedi-

526 4163 698 4207 casse.
723 4150 820 4209 llle
843 4154 986 4210 enim
1014 4163 1369 4213 testamentum
1391 4158 1504 4224 Dei,
1541 4168 1798 4231 quantum
1826 4160 1894 4217 ad
1920 4175 1980 4218 se
2003 4172 2104 4229 est,

526 4247 856 4314 contaminat,
878 4248 968 4319 qui
1006 4250 1225 4308 minime
1270 4253 1437 4323 ipsius
1481 4254 1724 4326 imperiis
1750 4257 2103 4316 obseeundat.

603 4335 756 4392 Vers.
784 4337 876 4393 22.
907 4338 1074 4395 Divisi
1108 4351 1227 4397 sunt
1252 4344 1316 4423 ab
1345 4346 1429 4400 ira
1464 4346 1633 4402 vultus
1674 4351 1811 4419 ejus;
1835 4359 1883 4405 et
1918 4366 2106 4423 appro-

525 4426 789 4498 pinquavit
812 4444 899 4484 cor
925 4431 1058 4501 ejus.
1085 4432 1195 4489 Hoc
1223 4422 1353 4491 dicit
1392 4437 1536 4507 quod
1568 4440 1620 4494 in
1659 4439 1750 4496 illa
1772 4422 2105 4512 judicatione

524 4520 757 4577 futurum
787 4531 891 4578 est.
917 4521 1230 4580 Dividuntur
1250 4527 1391 4584 enim
1423 4530 1617 4600 perﬁdi
1648 4547 1677 4586 a
1707 4535 1903 4604 populo
1932 4535 2100 4605 ﬁdeli,

525 4621 581 4669 et
622 4620 872 4685 tanquam
917 4628 1122 4672 arsuras
1150 4617 1320 4688 patere
1360 4631 1708 4692 segregantur
1736 4639 1764 4678 a
1796 4629 1993 4697 granis.
2027 4628 2101 4683 Ab

2215 3420 2269 3477 in
2315 3420 2578 3493 gehennae
2626 3426 3041 3497 profunditatem
3095 3436 3374 3506 mergendi
3423 3448 3572 3494 sunt.
3608 3438 3813 3497 Putas

2213 3515 2427 3587 quidem
2459 3518 2655 3576 dicitur
2690 3521 2863 3578 hiatus
2887 3532 3096 3595 patens,
3127 3527 3183 3584 in
3213 3537 3373 3586 terrae
3402 3531 3610 3588 sinibus
3642 3549 3810 3593 exca-

2212 3614 2385 3675 vatus,
2413 3623 2580 3680 aquas
2605 3612 2885 3671 continens
2909 3614 3157 3674 humanis
3181 3620 3366 3676 usibus
3391 3624 3550 3695 ιθε
3575 3628 3810 3683 attribu-

2210 3706 2314 3755 tas.
2343 3700 2451 3758 Sed
2482 3718 2548 3759 ne
2588 3704 2728 3761 hunc
2756 3716 2963 3779 puteum
2994 3711 3213 3768 vitalem
3253 3712 3562 3787 intelligere
3593 3723 3805 3790 potuis-

2209 3804 2317 3863 ses,
2346 3792 2572 3861 addidit,
2603 3795 2884 3854 interitus:
2914 3799 2985 3857 de
3010 3816 3118 3872 quo
3164 3804 3270 3861 alio
3313 3806 3367 3862 in
3399 3806 3520 3863 loco
3560 3809 3764 3881 legitur
3790 3830 3806 3870 :

2211 3881 2393 3954 Neque
2435 3887 2634 3955 aperiat
2668 3905 2823 3957 super
2851 3906 2931 3945 me
2957 3904 3138 3962 puteus
3160 3912 3216 3950 os
3240 3912 3391 3952 suum
3416 3895 3590 3970 (Psal.
3620 3917 3803 3970 uvm,

2211 3974 2326 4047 16).
2351 3976 2529 4035 Fovea
2554 3981 2820 4050 mortalis,
2845 3998 3089 4041 mersura
3107 3988 3404 4065 terribilis,
3437 3991 3526 4047 ubi
3558 4008 3666 4050 nec
3688 4010 3804 4065 spa-

2209 4066 2340 4122 tium
2364 4067 2529 4127 ullum
2558 4073 2892 4144 conceditur,
2914 4091 3015 4133 nec
3036 4076 3148 4148 ipsa
3169 4062 3381 4137 miseris
3402 4062 3805 4152 respiramenta

2208 4168 2563 4232 praestantur;
2609 4166 2705 4223 sed
2752 4167 3052 4226 obscuritas
3100 4171 3383 4230 tenebrosa
3425 4175 3800 4248 circumdans,

2206 4255 2405 4312 amoeni
2434 4256 2650 4318 luminis
2696 4262 2835 4318 tollit
2882 4273 3179 4336 aspectum.
3213 4266 3295 4322 Ex
3343 4269 3489 4337 putei
3522 4272 3799 4342 siquidem

2205 4349 2580 4422 similitudine,
2603 4356 2865 4426 gehennae
2893 4367 3160 4416 tormenta
3193 4376 3293 4417 nos
3320 4362 3583 4422 admonet
3613 4365 3803 4424 formi-

2204 4439 2352 4497 dare.
2382 4443 2426 4497 Ο
2457 4442 2629 4513 pietas
2664 4446 2901 4505 inaudita
2929 4450 3252 4520 iudicantis!
3287 4462 3455 4510 totum
3484 4453 3803 4515 hominibus

2204 4534 2534 4617 praedicitur,
2564 4548 2624 4593 ut
2645 4540 2801 4611 culpa
2830 4542 3121 4612 plectibilis
3145 4547 3398 4606 evitetur.
3502 4558 3515 4571 ‘

2281 4635 2431 4700 Vers,
2463 4637 2554 4695 26.
2591 4637 2704 4695 Viri
2730 4644 3036 4714 sanguinum
3056 4655 3102 4701 et
3126 4646 3292 4703 dolosi
3320 4666 3421 4704 non
3449 4623 3803 4711 dimidiabuut

523 4704 603 4759 ira
641 4704 810 4760 vultus
839 4707 972 4777 ejus,
999 4704 1183 4776 iudicii
1214 4717 1424 4783 tempus
1465 4716 1803 4785 exprimitur.
1834 4718 1927 4774 Ira
1954 4720 2099 4777 enim
2129 4709 2184 4771 D
2205 4726 2314 4781 dies
2354 4743 2494 4783 suos.
2538 4704 2847 4788 Numerumv
2875 4734 3132 4804 pluralem
3199 4740 3414 4812 sanguis
3456 4740 3653 4799 Latina
3700 4746 3800 4801 lin-

524 4795 612 4853 hic
638 4813 738 4869 pro
762 4798 998 4856 vindicta
1026 4803 1260 4871 ponitur,
1292 4819 1450 4876 quam
1480 4822 1578 4879 pro
1616 4810 1727 4867 suis
1756 4813 1963 4871 actibus
2000 4816 2098 4873 im-

521 4889 595 4958 pii
631 4892 988 4949 sustinebunt.
1024 4891 1287 4954 Caeterum
1329 4899 1419 4956 ille
1456 4902 1960 4965 incommutabiliter
1983 4924 2099 4967 om-

520 4981 607 5036 nia
658 4981 972 5057 placideque
998 4986 1240 5046 decernit
1280 4990 1407 5064 [ed.,
1446 4992 1745 5072 discernit].
1778 4999 2015 5069 Addidit,
2049 5012 2098 5058 et

518 5077 941 5147 appropinquavit
970 5095 1060 5134 cor
1083 5082 1216 5153 ejus.
1245 5082 1423 5155 ipsum
1468 5087 1643 5145 adhuc
1686 5099 1897 5162 tempus
1924 5107 2094 5163 expo-

520 5167 619 5235 nit,
642 5169 854 5239 quando
876 5186 963 5239 cor
991 5172 1224 5245 Domini,
1242 5176 1295 5232 id
1321 5185 1407 5234 est
1425 5179 1672 5237 voluntas
1698 5181 1817 5253 ejus
1846 5184 2097 5242 omnibus

518 5257 823 5316 innotescit.
844 5259 945 5319 Illo
963 5263 1107 5319 enim
1131 5273 1372 5336 tempore
1396 5271 1819 5342 appr-apinquavit
1847 5288 1935 5328 cor
1960 5277 2093 5347 ejus,

518 5352 734 5420 quando
761 5351 892 5408 illud
921 5353 1062 5424 quod
1092 5354 1179 5411 hic
1207 5371 1305 5428 per
1327 5359 1616 5430 prophetas
1637 5373 1765 5418 suos
1790 5363 2090 5434 przecinuit,

515 5446 573 5495 et
601 5454 695 5510 per
724 5441 1013 5512 Apostolos
1041 5445 1371 5516 praedicavit,
1404 5450 1725 5520 generalitas
1766 5452 2095 5511 manifestis-

512 5531 652 5588 sime
676 5540 803 5589 tunc
828 5535 1046 5594 videbit.
1064 5538 1172 5596 Sed
1193 5554 1290 5598 cur
1317 5540 1411 5599 illa
1442 5543 1601 5600 faciat
1627 5559 1747 5614 quae
1774 5543 1915 5603 dicta
1942 5557 2091 5618 sunt,

514 5623 903 5697 subsequenter
929 5631 1173 5702 exponit.

583 5715 737 5775 Vers.
767 5717 856 5776 23.
888 5719 1193 5778 Mollierunt
1218 5740 1473 5780 sermones
1500 5741 1622 5781 suos
1646 5742 1799 5798 super
1829 5729 2017 5799 oleum,
2040 5741 2090 5788 et

509 5809 612 5881 ipsi
636 5821 755 5868 sunt
768 5815 971 5885 jacula.
995 5814 1295 5873 Mollierunt
1324 5821 1465 5873 enim
1491 5819 1676 5888 perﬁdi
1697 5820 1868 5877 Judaei
1893 5838 2088 5879 sermo-

508 5913 601 5961 nes
621 5916 766 5975 suos,
789 5904 1003 5980 quando
1022 5905 1267 5964 dicebant
1290 5926 1304 5964 :
1332 5907 1597 5983 Magister,
1617 5912 1804 5983 scimus
1842 5916 2084 5992 quoniam

2205 4831 2305 4889 gua
2345 4833 2452 4875 non
2492 4820 2710 4891 recipit;
2742 4822 2838 4879 sed
2888 4824 2991 4880 hoc
3038 4827 3209 4898 magis
3254 4830 3548 4902 Scriptura:
3597 4833 3801 4892 divina.-

2206 4910 2477 4980 proprium
2500 4927 2623 4968 esse
2651 4914 2898 4973 dicimus.
2920 4916 3033 4973 Viri
3047 4920 3309 4990 siquidem
3334 4926 3647 4996 sanguinum
3674 4944 3798 5000 pro-

2205 5000 2323 5070 prie
2351 5015 2460 5057 non
2488 5001 2739 5060 dicuntur
2767 5007 2855 5076 qui
2896 5009 3211 5068 innocenter
3239 5013 3528 5072 humanum
3560 5017 3797 5077 fundunt

2203 5105 2475 5162 cruorem,
2505 5094 2757 5164 quoniam
2788 5106 2843 5153 et
2868 5098 2999 5170 justi
3036 5101 3245 5172 judiees
3270 5104 3570 5176 disciplina:
3597 5125 3797 5168 neces-

2199 5183 2358 5240 sitate
2384 5188 2685 5258 constricti,
2713 5204 2834 5260 qua:
2876 5193 3087 5262 quietos
3130 5196 3362 5267 populos
3386 5198 3587 5269 reddit,
3619 5203 3796 5260 inter-

2200 5273 2326 5330 dum
2351 5276 2579 5346 puniunt
2602 5290 2890 5348 nocentes;
2915 5292 2969 5339 et
2989 5283 3082 5341 ille
3106 5286 3197 5356 qui
3224 5287 3516 5345 violentum
3542 5295 3793 5362 repellit,

2198 5380 2448 5423 cruorem
2476 5369 2759 5427 sevissimi
2790 5371 2959 5430 hostis
2987 5376 3213 5433 eﬁundit
3239 5395 3252 5433 :
3284 5381 3517 5437 maxime
3546 5398 3676 5439 cum
3709 5385 3792 5441 le-

2198 5472 2383 5530 gamus
2398 5459 2544 5532 justa
2571 5462 2711 5520 bella
2742 5466 2872 5522 viris
2900 5471 3100 5526 sanctis
3129 5485 3159 5526 a
3189 5471 3419 5530 Domino
3454 5475 3619 5533 fuisse
3648 5493 3788 5548 prte-

2196 5561 2369 5621 cepta.
2403 5555 2741 5628 Quapropter
2767 5558 2992 5628 addidit,
3024 5573 3070 5617 et
3100 5563 3301 5630 dolosi;
3321 5575 3377 5621 ut
3396 5567 3545 5623 illum
3574 5578 3784 5624 tantum

2197 5644 2520 5717 intelligeres
2562 5663 2735 5718 reum,
2768 5651 2857 5721 qui
2897 5668 3008 5724 per,
3033 5654 3257 5714 insidias
3291 5668 3346 5714 et
3375 5657 3782 5730 iniquissimum

2195 5736 2397 5808 dolum,
2428 5739 2659 5795 alienum
2706 5744 2898 5811 quznrit
2937 5746 3180 5803 exitium.
3214 5748 3323 5805 llos
3369 5751 3502 5808 tales
3546 5753 3781 5825 implere

2194 5843 2300 5885 non
2329 5829 2460 5885 dicit
2484 5830 2602 5888 dies
2645 5847 2794 5904 suos,
2827 5837 3041 5907 quando
3083 5854 3206 5897 cum
3231 5841 3334 5897 sibi
3363 5841 3576 5915 longam
3609 5848 3775 5903 vitam

2193 5922 2546 6003 promittunt,
2600 5926 2803 5989 exitum
2859 5930 3158 5994 celerrimae
3222 5936 3413 5997 mortis
3462 5936 3784 6027 inveniunt.
