4036 6342
241 291 349 368 ωδ»

1192 308 1548 363 E‘JPOSlTiO
1587 311 1648 363 lN
1690 312 2147 367 PSALTERIUM.
2190 314 2382 371 PSAL.
2424 316 2531 372 LV.

3379 317 3478 385 sat

247 424 366 478 Nam
388 423 619 475 omnium
644 420 757 476 dies
785 423 1327 492 iupprzeilustinatione
1357 437 1651 481 noscuntur
1677 444 1797 483 esse
1831 451 1870 500 Α
1904 433 2106 495 ptionc;
2136 433 2236 486 alia
2267 434 2473 488 Veteris
2503 435 2824 491 Testamenti
2870 452 3034 506 usque
3074 440 3138 492 ad
3190 444 3475 500 terminum
3505 474 3511 480 -

246 515 437 568 deliniti
469 530 481 564 :
516 514 606 565 sed
635 514 734 565 illis
762 515 1164 569 (limit/iubentur
1190 518 1293 569 dies
1319 520 1421 582 sui,
1450 521 1642 587 quibus
1673 534 1801 574 con-

246 617 318 658 tra
342 606 655 672 diSpositum
682 607 951 674 proprium
982 610 1263 681 provenire
1295 621 1623 665 monstratur
1645 627 1802 667 occa-

244 712 347 751 sus.
389 697 509 750 ldeo
539 700 678 751 enim
709 699 945 752 additum
973 710 1059 754 εει
1100 717 1240 767 suos,
1275 711 1332 757 ut
1363 705 1691 760 voluntarios
1718 706 1801 759 in-

244 790 521 857 telligeres,
552 804 653 866 nan
684 806 711 843 a
743 791 968 845 Domino
995 792 1347 847 constitutos.

310 880 417 951 Ego
446 890 613 934 autem
643 882 693 933 in
718 890 763 934 te
786 882 1019 947 sperabo,
1044 882 1276 936 Domine.
1307 882 1427 937 Illos
1456 883 1587 938 tales
1612 884 1805 952 quibus

242 970 543 1023 celerrimus
574 972 753 1025 evenit
783 970 922 1034 ﬁnis,
957 972 1008 1025 in
1046 987 1106 1026 se
1143 986 1388 1039 sperasse
1435 988 1539 1025 non
1586 973 1802 1029 dubium

241 1068 333 1111 est.
365 1044 645 1113 Dominum
673 1068 851 1113 autem
884 1059 1237 1127 Salvatorem,
1284 1061 1437 1129 cujus
1480 1062 1595 1116 haec
1642 1062 1804 1117 verba

241 1160 377 1210 sunt,
401 1164 466 1202 ex
498 1149 667 1203 forma
698 1152 837 1203 servi
864 1151 915 1203 in
948 1149 1155 1205 Patrem
1188 1166 1433 1218 sperasse
1466 1152 1802 1206 manifcsmm

238 1250 349 1293 est:
377 1240 649 1294 Passionis
693 1242 951 1307 psalmum
981 1241 1139 1295 solito
1186 1255 1337 1297 more
1366 1242 1714 1323 concludens.
1747 1258 1805 1297 se

239 1322 359 1383 dicit
385 1346 616 1400 sperasse
639 1332 691 1383 in
718 1330 983 1383 Dominum
1002 1371 1016 1396 ,
1052 1341 1109 1385 ut
1134 1319 1645 1413 signiﬁcaretcorda
1672 1320 1805 1388 ﬁde-

239 1427 359 1480 lium
399 1427 451 1480 in
491 1440 588 1494 Spe
618 1424 822 1480 Domini
856 1441 1067 1493 semper
1094 1440 1215 1481 esse
1246 1410 1441 1481 deﬁxa.
1472 1410 1805 1496 Frequenter

240 1517 370 1569 enim
389 1524 553 1584 caput
584 1512 991 1585 quuitur,‘quod
1017 1517 1270 1570 membris
1291 1525 1475 1585 aptare
1496 1517 1800 1572 debeamus.

238 1608 569 1677 Quapropter
594 1616 651 1662 et
680 1607 835 1677 hujus
868 1596 1050 1677 hymni
1083 1608 1320 1679 modum,
1366 1608 1502 1663 sicut
1550 1609 1601 1663 in
1644 1610 1804 1679 trige-

239 1702 366 1755 simo
416 1709 611 1769 quarto
662 1701 867 1767 psalmo
913 1700 1021 1766 jam
1052 1697 1251 1754 dictum
1300 1710 1400 1763 est,
1431 1700 1688 1755 debemus
1712 1717 1804 1756 ex-

1909 524 2069 576 tilnli.
2093 524 2265 577 Pritnu
2291 527 2411 579 dicit
2443 527 2503 580 In
2527 528 2849 596 ﬁnrm,quotl
2878 530 3143 584 Christum
3174 532 3288 601 sign
3316 533 3475 590 licere

1908 615 2210 683 frequenter
2252 622 2550 686 expositum
2591 629 2689 674 e~t.
2725 621 2925 674 Deinde
2958 638 3049 689 pro
3079 626 3288 691 populo,
3322 616 3409 695 qui
3449 645 3496 698 α,

1904 710 2091 761 sanctis
2121 709 2267 780 longe
2309 715 2475 779 [nctus
2518 722 2611 776 est,
2649 712 2811 765 David
2856 713 2906 765 in
2950 715 3085 766 tituli
3131 710 3499 787 inscriptione-

1906 796 2061 850 Tituli
2089 798 2463 867 inscriptionem
2491 801 2720 857 diximus
2754 805 2803 857 in
2838 804 3092 859 Passione
3122 794 3325 862 Domini
3356 809 3476 866 ideo

1907 905 2011 943 non
2042 892 2483 956 luisseuefetam,
2508 895 2632 961 quia
2665 896 2817 963 longe
2840 906 2961 949 ante
2996 897 3162 951 luerat
3194 900 3476 967 praphetao

1907 989 2015 1033 tum
2049 998 2061 1033 :
2099 980 2179 1033 Ne
2204 998 2505 1055 corrumpas
2536 986 2671 1036 tituli
2710 986 3107 1054 inscript’oncm.
3150 974 3254 1043 Sed
3289 991 3475 1046 Pontio

1906 1068 2079 1125 Pilato
2120 1071 2369 1125 Judaicus
2400 1072 2624 1140 populus
2651 1074 2997 1141 imminebat,
3030 1080 3087 1131 tit
3121 1091 3305 1133 centra
3342 1083 3477 1136 vati-

1904 1161 2038 1213 cinia
2064 1161 2437 1230 prophetarum
2464 1162 2620 1233 hujus
2640 1163 3164 1241 tituliemendaretur
3186 1171 3477 1237 inscriptio:

1908 1252 2095 1305 nolens
2139 1266 2293 1305 suum
2346 1254 2541 1323 Regem
2587 1255 2713 1321 dici,
2758 1270 2914 1325 quem
2968 1244 3167 1313 insanis
3212 1246 3501 1317 mentibus

1906 1343 2206 1413 respuebat.
2258 1347 2387 1413 Qui:
2434 1349 2678 1404 voluntas
2719 1366 2811 1405 eos
2859 1356 3007 1427 lOltjC
3049 1357 3167 1427 fecit
3196 1340 3234 1409 ia
3265 1365 3475 1420 sanctis,

1906 1437 2115 1505 quando
2140 1438 2323 1493 ﬁdeles
2351 1439 2617 1497 Christum
2646 1457 2797 1497 suum
2826 1445 3026 1515 Regem
3053 1448 3156 1501 diei
3194 1458 3299 1503 tota
3332 1457 3476 1505 meh-

1906 1529 1973 1582 tis
2004 1529 2298 1583 intentione
2330 1533 2597 1589 festinant.
2625 1533 2753 1588 Cum
2779 1547 3043 1611 tenuerunt
3069 1556 3183 1591 eum
3228 1522 3475 1611 allopltylt

1906 1619 1959 1672 in
1982 1618 2141 1684 Gelli;
2174 1621 2273 1674 hoc
2297 1632 2378 1675 est
2405 1625 2544 1689 quod
2574 1624 2774 1696 Regum
2809 1635 2984 1682 textus
3003 1610 3228 1683 enarrat
3269 1630 3318 1700 (Ι
3347 1610 3475 1702 Reg.

1908 1726 2074 1776 xxvn,
2103 1711 2157 1778 2,
2192 1712 2246 1781 5)
2278 1729 2291 1764 :
2325 1729 2391 1783 qu
2417 1730 2446 1767 a
2476 1716 2636 1769 David
2667 1716 2843 1772 Saulis
2868 1719 3199 1777 insecutiune
3227 1726 3474 1791 perterri-

235 1795 439 1861 quirere
475 1774 820 1862 praeﬁnitum.
872 1782 1128 1858 Primum,
1181 1793 1430 1860 quoniam
1480 1807 1549 1847 ex
1593 1793 1799 1847 Domini
1837 1807 1882 1864 Β
1910 1809 2013 1865 tus,
2049 1774 2099 1855 in
2130 1774 2354 1857 civitate
2380 1803 2509 1858 Gezh
2547 1808 2683 1876 apud
2712 1808 3013 1882 allophylos
3042 1826 3099 1867 se
3136 1774 3361 1869 credidit
3390 1832 3475 1871 oc-

235 1883 425 1937 Christi
477 1898 705 1950 persona
756 1883 996 1952 prolatus
1032 1893 1132 1937 est.
1166 1883 1384 1948 Deinde,
1420 1885 1690 1938 inchoavit
1737 1884 1804 1937 ab

235 1977 487 2030 oratione.
521 1976 701 2029 Tertio
732 1976 1012 2030 dominicae
1042 1977 1306 2044 passionis
1347 1986 1495 2045 gesta
1526 1992 1795 2031 memora-

234 2068 320 2120 vit.
349 2068 572 2134 Quarto,
608 2067 780 2121 verbis
810 2068 1128 2135 evangelicis
1167 2082 1356 2122 assoua
1399 2069 1624 2124 veritate
1666 2052 1798 2125 con:

233 2159 414 2210 sensit.
448 2158 663 2225 Quinto,
699 2159 748 2211 in
791 2173 884 2226 spe
933 2158 1165 2212 ﬁdelium
1218 2174 1407 2228 magna
1459 2160 1637 2213 ﬁnitus
1685 2171 1795 2219 est;

236 2260 285 2301 ut
312 2248 532 2302 dubium
579 2265 682 2302 non
728 2249 800 2302 sit
828 2258 1145 2317 prmseutem
1178 2250 1435 2319 psalmum
1476 2253 1801 2320 praescriptis

234 2339 426 2407 regulis
454 2340 796 2393 convenisse.

766 2419 1035 2485 Conclusio
1067 2433 1270 2499 psalmi.

305 2543 620 2597 Audivimus
636 2543 1013 2597 viviﬁcatorem
1028 2551 1390 2598 creaturarum
1404 2544 1634 2597 animam
1652 2546 1802 2599 suam

233 2636 473 2700 PthUiSSB
500 2634 600 2702 pro
632 2622 803 2687 salute
844 2635 1171 2688 mortalium.
1205 2635 1518 2690 Audivimns
1559 2637 1806 2703 itnpassi-

234 2725 388 2777 bilem
438 2725 602 2776 Deum
631 2737 792 2775 carne
821 2726 1121 2791 suscepisse
1160 2740 1253 2792 pro
1282 2725 1647 2791 peccatoribus
1677 2740 1803 2793 pas-

230 2817 456 2869 sionem.
493 2815 801 2868 Audivimus
829 2814 970 2868 Patri
1013 2823 1340 2870 coaeternum
1372 2819 1556 2871 mortis
1578 2818 1805 2873 subiisse

230 2906 566 2975 supplicium.
595 2907 639 2960 υ
676 2905 1045 2959 iumstimabile
1092 2908 1350 2976 pretium,
1396 2908 1536 2975 quod
1580 2909 1805 2964 redemit

233 3012 394 3065 genus
437 2996 759 3049 humanum!
794 2999 837 3049 υ
868 2996 1259 3062 holocaustum,
1290 2997 1428 3067 quod
1480 2994 1629 3052 nobis
1669 3014 1802 3068 prte-

235 3089 364 3141 stitit
405 3097 635 3143 internas
677 3088 919 3140 ﬂammas
956 3089 1218 3144 evadere!
1255 3091 1521 3155 interitus,
1553 3093 1639 3159 qui
1684 3091 1801 3145 tulit

235 3181 486 3245 exitium;
522 3180 661 3244 ﬁnis,
694 3180 780 3248 qni
805 3179 1168 3234 deditbonum
1194 3182 1308 3236 sine
1336 3171 1441 3234 ﬁne
1467 3194 1795 3238 mansurum.
1829 3178 1873 3240 C

234 3270 353 3325 Nam
383 3287 510 3326 cum
557 3271 797 3341 provenit
842 3272 895 3325 in
944 3272 1280 3326 innocentem
1325 3273 1512 3328 mortis
1557 3264 1791 3340 aculeus,

234 3361 418 3415 factum
461 3369 552 3417 est
584 3371 641 3416 ut
662 3364 780 3430 jure
812 3361 1056 3432 perderet
1085 3379 1218 3433 quos
1260 3366 1474 3419 tenebat
1517 3366 1796 3421 obnoxios.

237 3440 513 3523 Deglutivit
532 3454 672 3508 enim
697 3454 932 3507 infernus
955 3471 1101 3509 more
1124 3456 1344 3524 piscium
1367 3457 1585 3512 exitium
1613 3474 1797 3524 suum;

234 3554 283 3595 et
307 3546 391 3613 qui
416 3560 479 3600 se
503 3559 693 3613 capere
733 3546 962 3613 prietiam
992 3536 1235 3612 credidit,
1268 3549 1618 3617 praedatorem
1646 3568 1799 3607 suum

236 3634 394 3698 potius
433 3633 693 3702 deceptus
731 3637 956 3703 excepit.
1004 3628 1152 3692 Unde
1189 3654 1318 3706 papa
1358 3629 1464 3694 Leo
1506 3632 1646 3696 sedis
1688 3658 1799 3699 sute

235 3736 461 3789 compar,
515 3717 731 3791 pufchre
773 3725 980 3780 locutus
1015 3740 1096 3781 est
1140 3728 1320 3785 dicens
1366 3731 1557 3803 (Epist.
1603 3724 1692 3799 97,
1730 3735 1799 3787 ad

236 3805 379 3872 Leon.
412 3817 573 3885 Auy.,
606 3833 719 3884 cap.
751 3808 848 3887 9):
883 3820 1130 3886 Quamvis
1170 3826 1453 3878 multorum
1506 3835 1797 3897 martyrum

235 3904 280 3956 in
328 3917 618 3981 conspectu
667 3909 877 3963 Domini
923 3900 1152 3978 pretiosa
1204 3928 1348 3968 mors
1396 3904 1570 3981 fuerit,
1606 3917 1798 3972 nullius

234 4007 399 4051 tamen
437 4000 668 4054 insontis
708 4002 904 4055 occisio
946 4003 1043 4057 fuit
1086 4005 1381 4073 redemptio
1428 4012 1793 4076 peccatorum.

238 4084 563 4156 Acceperunt
591 4092 729 4144 enim
754 4091 907 4160 justi,
942 4110 974 4146 ιι
1000 4111 1046 4147 ›ιι
1081 4095 1342 4150 dederunt
1368 4113 1622 4165 coronas;
1647 4110 1701 4155 et
1728 4102 1795 4155 de

240 4175 537 4234 fortitudine
564 4181 796 4237 ﬁdelium
824 4185 1065 4251 exempla
1090 4195 1211 4239 nata
1232 4184 1356 4243 sunt
1379 4178 1669 4259 patientia),
1690 4208 1792 4247 non

235 4268 363 4321 dona
388 4268 626 4338 justitiam.
657 4273 962 4344 Singulares
1005 4279 1198 4349 quippe
1232 4280 1281 4332 in
1328 4282 1551 4352 singulis
1596 4294 1794 4339 mortes

215 4354 463 4425 'l‘uerunt,
492 4376 589 4418 nec
613 4364 829 4417 alterius
851 4369 1125 4435 quiSquam
1149 4369 1384 4425 debitum
1415 4386 1512 4426 suo
1543 4372 1646 4427 line
1674 4388 1796 4442 per-

233 4448 399 4503 solvit.
428 4448 574 4506 lnter
605 4453 740 4509 ﬁlios
771 4466 954 4515 autem,
976 4457 1247 4513 hominum
1271 4478 1405 4517 unus
1421 4464 1566 4518 solus
1592 4468 1794 4521 exstitit

1905 1895 2210 1950 culeudum.
2259 1897 2363 1951 Sed
2413 1900 2534 1967 quia
2583 1900 2815 1957 diximus
2866 1903 2980 1958 hazc
3009 1906 3185 1973 omnia
3241 1894 3475 1977 mysticit

1904 1983 2342 2043 similitudinibus
2375 1991 2712 2061 exponenda,
2766 1990 2896 2046 Gelli
2926 1980 3190 2063 signiﬁcat
3222 1986 3475 2063 torcular,

1905 2078 1955 2132 id
1982 2088 2063 2132 est
2109 2095 2437 2147 prcssnram,
2475 2098 2630 2150 quam
2672 2087 2848 2139 omnis
2888 2088 3082 2156 patitor
3112 2076 3473 2143 Christianus.

1904 2171 2006 2225 Sed
2040 2180 2166 2227 tunc
2214 2174 2438 2227 fructum
2492 2177 2665 2230 reddit
2696 2179 3048 2247 uberrmutu,
3084 2198 3202 2235 cum
3250 2168 3473 2238 tribula-

1907 2262 2107 2314 tionum
2139 2246 2296 2318 luerit
2328 2266 2468 2320 fasce
2497 2252 2804 2334 depresSus.
2836 2252 2904 2323 Et
2934 2271 3053 2325 ideo
3082 2273 3133 2325 in
3169 2274 3255 2327 tali
3290 2290 3472 2344 super-

1904 2352 2192 2417 scriptione
2223 2355 2366 2425 loqui
2410 2359 2796 2414 rationabiliter
2830 2370 3040 2431 aptatur
3072 2364 3332 2430 Ecclesia,
3360 2375 3471 2436 qui!

1905 2440 2319 2510 ailophylorutn,
2350 2445 2405 2500 id
2440 2454 2523 2501 est
2560 2448 2977 2519 alienigenarum
3011 2467 3043 2521 p
3065 2454 3467 2509 'rsecut'onihus

1906 2532 2197 2601 ingravata,
2233 2547 2479 2605 tanquam
2531 2547 2806 2597 nectareos
2842 2542 3074 2610 liquores
3119 2547 3305 2601 merita
3349 2560 3472 2603 san-

1906 2633 2113 2679 ctorum
2141 2626 2359 2696 cepiosa
2389 2628 2634 2686 libertate
2662 2622 2952 2701 profundit.

2483 2740 2675 2796 Divisio
2707 2744 2910 2812 psalmi.

1976 2846 2212 2902 Diversis
2241 2848 2621 2906 aﬂlictionibus
2659 2864 2901 2920 onerata,
2935 2857 2985 2909 in
3023 2859 3190 2927 prima
3239 2864 3469 2921 section!

1907 2938 2096 3005 psalmi
2146 2950 2314 2993 mater
2362 2951 2477 2996 orat
2529 2941 2788 3012 Ecclesia,
2821 2947 3095 3003 conﬁdens
3136 2963 3196 3004 se
3242 2961 3416 3008 tamen
3444 2970 3479 3009 s-

1905 3030 2249 3083 sazvientibus
2278 3030 2509 3087 inimicis
2554 3048 2677 3089 esse
2725 3036 3073 3093 liberandam.
3102 3040 3345 3099 Secunda
3390 3061 3471 3101 se-

1904 3121 2080 3175 ctione
2121 3124 2359 3190 proprias
2401 3137 2677 3181 enumerat
2736 3114 3052 3197 passiones
3081 3137 3277 3202 gratias
3314 3152 3469 3208 agens

1906 3216 2025 3282 quia
2053 3215 2119 3269 de
2141 3218 2343 3270 crebris
2375 3220 2622 3285 periculis
2649 3220 2721 3274 sit
2748 3230 2958 3290 erepta;
2989 3240 3086 3280 nec
3114 3241 3174 3282 se
3203 3229 3330 3283 dicit
3369 3230 3469 3286 for-

1906 3302 2110 3358 midare
2137 3305 2293 3370 mala,
2310 3322 2426 3374 qua:
2447 3311 2715 3377 cognoscat
2740 3326 2860 3366 esse
2887 3316 3137 3369 celeriter
3162 3321 3468 3375 transitura.

1900 3384 2092 3449 Tertio
2126 3398 2278 3466 187
2313 3399 2430 3453 loco
2460 3399 2717 3455 infntura
2738 3402 2825 3457 illa
2855 3404 3183 3464 beatitudine
3206 3410 3385 3466 laudes
3414 3428 3467 3468 se

1905 3484 2035 3539 dit-it
2066 3486 2293 3541 Domino
2321 3488 2520 3558 jngitcr
2560 3503 2915 3563 cantaturam,
2942 3501 3028 3568 qui
3076 3515 3192 3556 eam
3223 3502 3290 3558 de
3320 3504 3409 3575 huj
3434 3520 3467 3561 τε

1903 3578 2082 3631 srecuﬁ
2111 3578 2432 3637 adversitate
2457 3582 2725 3640 liberavit.

2432 3696 2701 3769 Expositio
2741 3705 2923 3772 psalmi

1974 3792 2126 3860 V'ers.
2164 3808 2212 3861 Ι.
2243 3808 2484 3865 Miserere
2515 3813 2630 3878 mei,
2666 3813 2898 3884 Domine,
2923 3812 3165 3887 quoniam
3204 3828 3465 3881 conculca.

1899 3899 1965 3952 vit
1993 3916 2070 3953 me
2100 3902 2280 3966 homo;
2304 3911 2410 3957 tota
2430 3905 2513 3958 die
2540 3906 2731 3961 bellum
2762 3908 3017 3965 tribulavit
3042 3931 3137 3968 me.
3172 3914 3335 3987 Virgo
3360 3926 3406 3973 ni
3418 3937 3464 3974 a-

1900 3999 1981 4044 ter
2027 3991 2282 4055 Ecclesia,
2314 4011 2430 4063 qua:
2480 3996 2663 4050 ﬁdeles
2707 4001 2929 4067 populos
2980 4008 3135 4072 parit,
3184 4023 3281 4063 nec
3310 4027 3336 4062 a
3367 4028 3464 4067 sua

1898 4078 2200 4147 integritate
2228 4082 2475 4147 discedit,
2501 4086 2771 4140 ctelestem
2800 4088 3065 4157 Sponsam
3096 4095 3195 4163 piis
3219 4097 3466 4169 lacrymil

1898 4179 2047 4237 rogat
2073 4184 2137 4223 ne
2166 4186 2225 4225 se
2253 4174 2482 4240 patiatur
2511 4178 2576 4228 ab
2609 4177 2837 4233 inimicis
2866 4184 3120 4251 opprimi,
3146 4202 3264 4255 quze
3294 4190 3466 4249 adhuc

1900 4262 1949 4316 in
1985 4263 2165 4317 nmndi
2190 4267 2345 4317 istius
2368 4268 2712 4337 cognoscitur
2749 4273 3050 4331 calamitate
3078 4266 3302 4342 versari.
3334 4284 3465 4340 Con-

1894 4353 2128 4416 culcarit,
2178 4355 2358 4410 retulit
2404 4359 2548 4427 quod
2598 4360 2648 4414 in
2698 4364 2849 4418 titqu
2900 4368 3032 4423 dixit
3078 4371 3144 4426 ad
3197 4379 3464 4447 torcular,

1895 4445 2016 4511 quia
2048 4453 2252 4501 tantum
2280 4450 2458 4504 vinum
2488 4455 2821 4521 exprimitur,
2846 4472 3098 4527 quantum
3124 4466 3335 4539 enixius
3366 4445 3465 4525 uva

233 4535 490 4607 Christus,
520 4544 610 4612 qui
658 4561 781 4600 νει-ε
809 4557 925 4601 erat
962 4549 1141 4619 Agnus
1173 4553 1561 4623 immaculams’
1595 4557 1663 4631 in.
1685 4574 1789 4627 quo
1818 4553 1870 4612 D
1893 4538 2142 4592 calcatur.
2181 4539 2450 4597 Hominem
2491 4544 2576 4599 hic
2601 4547 2861 4616 signiﬁcat
2889 4552 3130 4607 absolute
3160 4540 3464 4628 diabolum,

232 4643 409 4688 omnes
449 4636 707 4702 cruciﬁxi,
742 4652 926 4692 omnes
964 4642 1179 4708 mortui,
1215 4657 1403 4700 omnes
1441 4648 1654 4716 sepulti,
1680 4664 1796 4703 om-

234 4736 323 4776 nes
360 4736 483 4780 suut
522 4729 683 4782 etiam
732 4731 992 4785 suscitati.
1026 4732 1246 4795 Praesta,
1282 4735 1515 4804 piissime
1547 4739 1704 4809 Deus,
1738 4753 1793 4797 ut

231 4814 313 4881 qui
340 4816 389 4868 in
433 4826 703 4886 assumpta
747 4832 905 4874 carne
950 4835 1045 4889 pro
1083 4824 1235 4877 nobis
1265 4824 1512 4893 dignatus
1555 4844 1614 4882 es
1658 4831 1786 4898 pati,

232 4909 368 4973 regni
400 4911 473 4963 tui
512 4913 775 4965 consortia
816 4912 968 4967 nobis
996 4914 1257 4985 largiaris.
1296 4918 1546 4973 Memoria
1575 4936 1786 4989 quoque

231 5000 507 5054 tenendum
530 5010 614 5057 est
635 5004 772 5071 quod
802 5003 888 5058 hic
912 5005 1145 5072 psalmus
1176 5008 1360 5062 tertius
1386 5020 1465 5063 est
1484 5023 1667 5065 eorum
1695 5015 1782 5083 qui

232 5087 293 5141 de
333 5091 580 5157 passione
617 5102 672 5146 et
714 5095 1105 5149 resurrectione
1134 5096 1345 5152 Domini
1372 5098 1527 5154 latius
1555 5110 1679 5156 sunt
1708 5104 1758 5158 lo

231 5177 348 5230 cuti.

517 5266 872 5336 EXPOSITIO
910 5274 976 5329 IN
1015 5275 1337 5332 PSALMUM
1378 5278 1487 5334 LV.

232 5352 353 5439 In
390 5377 623 5439 em,_pro_
652 5365 858 5439 populo,
890 5368 1030 5439 quia
1062 5369 1251 5420 sanctis
1292 5370 1438 5438 longe
1483 5375 1645 5439 [nitus
1687 5380 1779 5436 e'st,

297 5429 453 5507 David
571 5429 726 5507 tituli
763 5429 1106 5507 inscriptione,
1143 5442 1345 5505 quando
1376 5429 1639 5495 {cauerunt
1669 5429 1781 5497 cuni

292 5498 535 5570 allophyli
564 5504 615 5555 in
646 5500 797 5559 Gelli.
918 5498 928 5507 ’
1095 5498 1104 5501 ’
1154 5498 1164 5505 ’
1444 5512 1459 5520 ”

293 5613 490 5671 Titulus
518 5618 604 5673 hic
625 5620 852 5689 duplicia
882 5624 1117 5678 continet
1146 5634 1496 5681 sacramenta.
1517 5625 1628 5681 Una
1654 5634 1777 5696 pars

226 5714 299 5758 est
327 5708 591 5779 Evangelii
620 5727 785 5780 usque
838 5713 901 5767 ad
931 5715 1057 5771 illud
1085 5718 1222 5787 quod
1246 5718 1337 5787 ait,
1362 5719 1413 5772 in
1445 5720 1577 5772 tituli
1596 5720 1776 5772 ἔπηειὶ-

489 5807 757 5869 Ριτιιοι..
797 5808 994 5871 LXX.

1895 4631 2032 4685 sicut
2062 4632 2113 4686 in
2146 4635 2434 4704 Evangelio
2464 4637 2530 4692 de
2556 4638 2672 4707 ipso
2704 4640 2957 4697 Dominus
3004 4645 3135 4699 dicit
3167 4649 3465 4707 :'lnimicUs

1894 4731 2069 4776 autem
2118 4723 2279 4780 homo
2306 4728 2395 4797 qui
2435 4732 2878 4796 superseminavit
2908 4735 3131 4803 ziZania,
3162 4750 3243 4792 est
3273 4740 3463 4796 diabo-

1889 4810 1971 4866 lus
2014 4811 2227 4884 (Mattlt.
2254 4830 2363 4881 xm,
2390 4817 2506 4887 28).
2539 4818 2789 4888 Sequitur
2818 4838 2831 4876 :
2859 4821 2988 4875 Tota
3026 4826 3109 4877 die
3139 4827 3331 4884 bellan:
3365 4835 3461 4887 tri-

1888 4892 2217 4957 bu’lavit‘me.
2254 4905 2513 4962 Describit
2542 4910 2667 4977 quid
2696 4910 2749 4964 in
2790 4911 2890 4965 hoc
2927 4916 3125 4968 mundo
3152 4930 3335 4976 sancta
3371 4936 3462 4989 pa-

1888 4992 2048 5045 tiatur
2077 4992 2312 5049 Ecclesia
2338 5012 2351 5048 :
2381 5000 2501 5065 quia
2532 4998 2649 5054 sine
2679 5000 2855 5070 aliqua
2903 5003 3297 5067 intermissione
3344 5016 3460 5070 dia-

1889 5084 1993 5139 boli
2042 5090 2379 5154 cognoscitur
2423 5093 2714 5144 certamina
2773 5094 3078 5161 sustinere,
3138 5102 3274 5158 sicut
3327 5090 3459 5163 dicit
3546 5162 3549 5165 λ

1886 5179 2202 5244 Apostolus:
2238 5179 2359 5234 Non
2387 5174 2462 5235 est
2489 5182 2633 5235 nobis
2670 5183 2961 5239 colluctatio
2987 5190 3227 5249 adversus
3252 5206 3455 5253 Carnem

1886 5274 1934 5319 et
1948 5253 2269 5336 sanguinem,
2291 5270 2380 5323 sed
2407 5271 2648 5325 adversus
2677 5274 2935 5345 principes
2954 5287 2999 5331 et
3027 5290 3291 5345 potestates
3320 5297 3457 5344 tene-

1889 5356 2090 5409 brarum
2129 5359 2309 5410 harum
2362 5358 2573 5427 (Epltes.
2610 5377 2679 5426 vr,
2714 5362 2820 5430 12).
2863 5365 3067 5422 Bellum
3117 5380 3296 5441 grave,
3330 5382 3451 5448 quia

1888 5450 2181 5515 oecultum;
2217 5467 2388 5520 pugna
2433 5452 2688 5521 difﬁcilis,
2718 5458 2839 5526 quia
2871 5474 2991 5515 cum
3043 5463 3268 5524 fortiore
3296 5473 3453 5529 dimi-

1886 5549 2057 5596 catur.
2089 5542 2252 5607 Quale
2280 5551 2359 5595 est
2395 5544 2683 5599 enimcum
2717 5547 2870 5605 hoste
2913 5552 3221 5622 conﬂigere,
3252 5571 3305 5614 et
3335 5567 3451 5633 ejus

1885 5630 2103 5685 insidias
2126 5648 2228 5685 non
2258 5633 2472 5688 videre?
2499 5635 2848 5694 Adversarius
2878 5657 3088 5712 quoque
3122 5657 3305 5703 noster
3352 5630 3450 5711 nec

1886 5722 2065 5776 Ιεώειτο
2110 5723 2306 5789 ιΙρξίσλίν,
2357 5742 2453 5781 nec
2493 5728 2661 5783 victus
2713 5732 2999 5802 aliquando
3051 5737 3305 5803 discedit;
3350 5756 3441 5803 set;

2983 5825 3051 5881 13
