4036 6342
489 322 592 386 393

1712 321 1757 377 Μ
1768 363 1778 376 .
1834 319 2107 379 Αυῐιειιι
2143 317 2540 379 οΑεειοῡοιιι

3661 326 3763 385 396

490 454 642 501 tanto
679 444 912 499 atrocior
956 441 1117 509 retiit,
1148 446 1345 510 quanto
1376 451 1495 494 eum
1530 452 1624 505 per
1661 438 1894 494 divinam
1941 452 2064 508 gra-
2096 438 2143 495 Ᾱ
2171 434 2336 489 tiettla
2390 446 2656 501 metuens,
2697 439 3119 495 misericordiam
3173 440 3381 497 Domini
3433 442 3757 516 pustularet,

491 538 618 591 tiam
639 535 897 592 debellari
926 547 1084 604 posse
1109 531 1413 601 contigerit.
1442 530 1645 585 Bellum
1675 545 1803 585 vero
1829 529 2071 585 schema-

495 631 595 684 tiee
625 643 719 698 per
762 626 1112 697 antiphrasim
1160 623 1410 692 dicimus,
1454 623 1592 681 sicut
1638 624 1816 680 lucum
1844 623 1932 694 qui
1962 638 2068 677 non

492 721 653 785 lucet,
677 729 730 775 et
757 718 1015 789 piscinam
1045 730 1164 788 qum
1191 730 1296 770 non
1323 715 1484 772 habet
1516 717 1709 785 pisces.
1736 715 2072 785 Quapropter

493 816 669 872 nullus
697 827 757 872 se
804 822 1057 886 queratur
1102 812 1336 867 ﬁdelium
1385 811 1821 882 frequentissima
1870 809 2069 866 diaboli

493 905 889 964 machinatione
918 904 1123 974 vexari,
1153 904 1274 973 quia
1321 903 1366 960 si
1401 902 1600 959 Christi
1635 917 1757 958 esse
1800 902 2065 969 volumus,

488 1006 578 1061 hic
605 1004 889 1060 adversum
914 1015 1133 1072 semper
1158 999 1429 1056 diabolum
1458 1000 1809 1055 sustinemus.

561 1098 710 1153 Vers.
740 1096 795 1152 2.
822 1092 1262 1152 Conculcaaerunt
1284 1108 1363 1147 me
1389 1092 1583 1147 inimici
1610 1093 1709 1146 mei
1738 1100 1842 1146 tota
1872 1091 1977 1155 die,
2005 1088 2068 1142 ab

483 1188 757 1246 altitudine
776 1188 900 1258 diei,
932 1187 1180 1257 quoniam
1209 1185 1359 1239 mulli
1385 1186 1473 1255 qui
1503 1185 1757 1239 debellant
1800 1200 1899 1251 me,
1925 1184 2071 1236 time-

488 1289 629 1341 bunt.
654 1282 1041 1341 Gravissimum
1082 1277 1300 1348 quidem
1332 1292 1501 1349 genus
1531 1277 1739 1347 injuria:
1765 1285 1867 1341 est,
1902 1287 2070 1345 usque

487 1379 554 1434 ad
582 1376 774 1448 pedum
805 1372 1184 1430 contumeliam
1218 1371 1529 1441 pervenire;
1554 1369 1649 1423 sed
1675 1367 1800 1422 inde
1829 1365 2070 1436 procedit

483 1470 625 1543 quod
672 1468 872 1524 sanctis
917 1463 1177 1519 altaribus
1223 1462 1503 1517 offeratur.
1533 1459 1726 1515 Vinum
1765 1458 1909 1513 enim
1961 1470 2068 1511 non

483 1564 722 1636 proﬂuit,
753 1560 855 1616 nisi
885 1557 1112 1628 pedibus
1151 1569 1250 1609 uva
1290 1553 1542 1607 tundatur
1570 1568 1583 1603 :
1611 1552 1689 1605 sic
1727 1549 1781 1604 in
1814 1546 2069 1604 membris

476 1657 594 1716 suis
622 1653 917 1710 Ecelesiam
947 1648 1213 1703 concaleat
1240 1644 1497 1708 inimicus,
1532 1652 1588 1696 ut
1613 1652 1921 1697 sanctorum
1945 1639 2070 1695 inde

487 1747 672 1805 merita
696 1743 929 1816 gloriosa
957 1746 1264 1795 nascantur.
1282 1736 1742 1805 Repetitquoque,
1759 1742 1862 1787 tota
1886 1732 1991 1796 die,
2011 1738 2071 1786 ut

2175 528 2260 582 hic
2293 530 2484 583 iterum
2518 532 2713 586 asserit
2741 547 2800 587 se
2841 533 3111 589 hominem
3151 550 3258 590 non
3289 535 3500 590 timere.
3548 535 3766 592 Utrum.

2171 636 2276 691 que
2300 628 2506 687 verum,
2540 623 2792 693 quoniam
2823 625 2974 695 prius
3003 625 3130 680 dum
3165 635 3456 695 praesentes
3485 626 3733 682 calamita

2174 721 2273 775 tes,
2304 712 2355 766 id
2386 721 2469 767 est
2512 712 2695 768 szeculi
2736 714 2889 771 istius
2934 717 3225 786 aspiceret,
3259 716 3596 782 formidavit;
3628 734 3770 775 nunc

2172 803 2443 870 timorem,
2475 820 2598 860 cum
2643 805 2818 862 futura
2849 816 3162 877 contuetur,
3200 809 3419 880 ahjccit.
3450 809 3590 877 Quid
3623 811 3769 865 enim

2172 906 2381 965 poterat
2408 902 2475 953 ab
2506 898 2725 954 homine
2754 900 2885 969 pati,
2918 902 3009 969 qui
3054 915 3206 970 spem
3236 916 3390 955 suam
3422 910 3688 969 posuerat
3716 902 3771 956 in

2173 988 2261 1043 illa
2294 990 2645 1047 retributione
2662 990 2889 1062 iudicii?
2918 991 3117 1048 vaiat
3142 992 3267 1047 liert
3308 991 3629 1047 carniﬁcum
3658 1008 3773 1046 nta-

2171 1098 2294 1150 nus,
2329 1095 2699 1154 praeparentur
2739 1085 2989 1141 incendia
3036 1085 3393 1148 caminorum,
3427 1085 3613 1140 omnia
3654 1094 3773 1139 tor-

2172 1184 2350 1231 menta
2389 1175 2620 1247 despicit
2651 1177 2891 1233 Ecclesia
2938 1178 2991 1231 in
3031 1177 3287 1233 membris
3332 1176 3463 1247 suis,
3499 1190 3625 1247 qua
3671 1192 3770 1230 cx-

2169 1276 2372 1337 spectat
2397 1266 2609 1322 Domini
2641 1283 2864 1323 munera
2895 1267 3214 1324 Salvatoris.

2246 1356 2399 1413 Vers.
2429 1357 2484 1411 4.
2517 1357 2648 1412 Tota
2678 1359 2759 1412 die
2789 1358 2940 1413 verba
2986 1374 3099 1414 mea
3128 1360 3551 1423 exsecrabantur;
3584 1358 3767 1411 adver-

2170 1468 2284 1507 sum
2331 1468 2411 1505 me
2456 1452 2630 1505 omnia
2678 1452 2894 1505 consilia
2921 1450 3045 1524 [ms.
3076 1453 3168 1517 A.,
3198 1466 3370 1505 omnes
3399 1450 3771 1521 cogitotioms]

2172 1563 2349 1601 eorum
2374 1547 2427 1601 in
2456 1546 2671 1601 malum.
2694 1546 2848 1601 Venit
2877 1546 2942 1600 ad
2972 1545 3265 1601 secundam
3299 1556 3526 1616 partem,
3546 1545 3640 1599 ubi
3670 1546 3771 1598 sub

2172 1636 2359 1692 dolore
2378 1636 2727 1707 conqueritur
2749 1636 2909 1692 verba
2934 1636 3337 1706 prmdicationis
3364 1650 3475 1691 sua:
3502 1638 3772 1691 continue

2173 1743 2202 1783 a
2230 1728 2448 1797 perlidis
2477 1738 2758 1785 exsecrata
2789 1745 2804 1783 :
2837 1729 2960 1799 quia
2990 1743 3112 1784 cum
3149 1744 3277 1784 Vera
3316 1729 3541 1793 diceret,
3579 1729 3764 1784 detra-

485 1854 670 1897 reVera
702 1835 968 1905 intelligas
1000 1836 1050 1886 in
1084 1831 1187 1885 hoc
1228 1831 1429 1884 saaculo
1471 1825 1677 1880 nullum
1710 1832 1922 1893 tempus
1945 1835 2064 1877 om-
2099 1818 2146 1879 B
2172 1821 2379 1876 cliones
2415 1820 2804 1876 abominabiles
2844 1820 3150 1887 incidisset;
3178 1822 3321 1892 quod
3351 1821 3417 1875 ad
3458 1822 3768 1881 ltmreticos.

485 1932 765 1989 nimorlisa
798 1928 992 1984 talibus
1023 1921 1406 1979 tentationibus
1452 1918 1711 1973 alienum.
1745 1913 1875 1970 Nam
1922 1912 2064 1984 quod

482 2024 656 2081 dicit:
689 2022 763 2076 Ab
804 2016 1075 2076 altitudine
1117 2014 1240 2079 diei,
1273 2010 1531 2068 mundum
1571 2009 1733 2065 istum
1775 2005 2064 2077 significat,

483 2114 575 2173 ubi
610 2121 780 2170 tumet
816 2107 1044 2166 altitudo
1073 2103 1365 2175 superbiat.
1394 2101 1527 2157 Nam
1559 2100 1701 2155 sicut
1744 2097 1946 2153 ChriSti
1974 2112 2064 2153 re-

482 2207 603 2279 gula
646 2202 994 2261 humilitatem
1042 2196 1308 2270 praecipit,
1362 2194 1432 2249 ita
1482 2191 1680 2247 diaboli
1730 2189 2066 2245 consuetudo

483 2298 717 2354 ruinosz
748 2291 1043 2350 altitudinis
1072 2287 1314 2345 culmina
1346 2284 1653 2357 persuadet.
1690 2285 1753 2338 l-.t
1780 2291 1839 2335 ut
1862 2280 2065 2352 grande

484 2392 691 2463 pondus
717 2408 829 2449 sua:
860 2387 1278 2459 compressionis
1304 2384 1655 2456 exprimeret,
1687 2382 1755 2436 ab
1780 2380 2065 2436 altitudine

482 2484 748 2552 superbia:
772 2497 831 2538 se
869 2480 998 2537 dicit
1033 2477 1200 2535 fuisse
1238 2478 1530 2543 calcatum,
1558 2482 1619 2530 ut
1660 2489 1760 2529 nec
1789 2473 1904 2528 leve
1935 2488 2067 2541 pon-

484 2580 582 2631 dus
612 2574 882 2641 crederes,
914 2571 1054 2644 quod
1103 2581 1250 2626 tanta
1300 2570 1440 2624 mole
1472 2578 1827 2638 premeretur.
1871 2565 2066 2636 Sequi-

483 2682 589 2733 tur,
620 2668 860 2739 quoniam
889 2663 1038 2719 multi
1063 2663 1154 2734 qui
1190 2662 1443 2719 debellaut
1484 2677 1583 2729 nte,
1630 2660 1897 2713 timebunt.
1947 2658 2065 2713 Non

484 2770 633 2815 vacat
662 2756 803 2829 quod
842 2756 1029 2810 multos
1057 2754 1209 2819 dicit,
1241 2761 1295 2810 et
1325 2766 1431 2807 non
1459 2766 1648 2806 omnes
1679 2752 1886 2813 timere;
1916 2748 2067 2804 scili-

482 2861 568 2906 cet
596 2848 847 2920 quoniam
882 2862 947 2902 ex
994 2845 1126 2916 ipsis
1164 2844 1254 2914 qui
1294 2841 1587 2899 Ecclesiam
1618 2841 1911 2907 debellant,
1946 2841 2065 2911 plu-

483 2942 601 2994 rimi
623 2946 1012 2995 convertuntur
1047 2934 1113 2990 ad
1154 2934 1460 3000 Dominum,
1490 2940 1545 2989 et
1574 2930 1834 3000 incipiunt
1864 2939 2065 2986 :eterna

482 3031 640 3087 exitia
673 3045 781 3085 non
812 3029 1026 3093 timere,
1050 3041 1172 3082 cum
1202 3025 1480 3082 beatorum
1509 3023 1755 3094 partibus
1783 3037 2070 3095 aggregan-

483 3132 593 3179 tur.
618 3123 699 3177 Illi
728 3130 907 3177 autem
930 3120 1020 3191 qui
1049 3119 1102 3174 in
1128 3132 1223 3173 sua
1252 3115 1614 3174 obstinatione
1644 3114 2064 3185 permanserint,

2173 1910 2258 1967 vel
2279 1913 2419 1969 male
2443 1911 2672 1968 latentes
2698 1912 2930 1982 pertinet
2957 1910 3316 1979 Christianos,
3337 1913 3428 1982 qui
3451 1912 3579 1966 dum
3605 1914 3770 1967 verba

2175 2004 2389 2061 Domini
2420 2004 2664 2074 audiunt,
2698 2005 2954 2061 salutaria
2978 2004 3122 2062 dicta
3164 2016 3538 2062 contenmunt.
3573 2006 3772 2075 Sequi-

2171 2104 2277 2166 tur,
2325 2097 2591 2151 adversum
2639 2112 2717 2151 me
2764 2098 2935 2151 omnia
2980 2097 3197 2153 coasilia
3232 2113 3409 2153 eorum
3449 2099 3505 2152 in
3545 2101 3767 2153 malum.

2169 2187 2401 2243 Consilia
2431 2189 2606 2243 solent
2648 2188 2935 2259 providere
2961 2204 3080 2259 qua:
3105 2189 3337 2259 prosint,
3369 2205 3396 2241 a
3428 2190 3771 2244 consulendo

2170 2283 2316 2335 enim
2340 2281 2478 2336 dicta
2508 2291 2653 2337 sunt.
2686 2280 2794 2337 Sed
2839 2293 2895 2337 ut
2935 2281 3262 2353 intelligeres
3296 2291 3552 2338 tractatus
3578 2298 3772 2339 eorum

2172 2372 2318 2427 nulla
2349 2372 2587 2427 bonitate
2612 2373 2931 2439 subsistere,
2955 2372 3179 2439 addidit,
3209 2374 3263 2427 in
3282 2376 3475 2427 malum
3498 2389 3517 2427 :
3545 2389 3614 2430 ne
3641 2376 3774 2443 quid

2168 2476 2263 2517 eos
2294 2462 2415 2517 boni
2445 2460 2499 2517 in
2529 2463 2616 2517 illa
2644 2462 2897 2518 crederes
2924 2462 3310 2518 deliberatione
3338 2473 3619 2520 tractasse.

2242 2572 2397 2628 Vers.
2423 2573 2474 2627 5.
2511 2572 2880 2627 Inltabitobuut
2901 2582 2949 2628 et
2974 2574 3287 2627 abscondent
3308 2590 3325 2627 :
3344 2574 3443 2644 ipsi
3468 2575 3769 2628 calcaaeum

2172 2679 2335 2717 meum
2384 2662 2753 2728 observabant,
2796 2665 2927 2718 sicut
2958 2666 3258 2733 exspectavit
3300 2666 3473 2718 anima
3503 2681 3637 2719 mea.
3673 2667 3770 2722 Isti

2170 2770 2301 2826 ergo
2331 2755 2538 2812 subdoli
2568 2755 2857 2811 Christiani
2887 2756 3125 2811 habitare
3156 2756 3366 2826 publice
3396 2756 3643 2812 vidrnlur
3670 2757 3770 2812 Ec-

2172 2848 2415 2915 elesiam,
2446 2855 2501 2902 et
2537 2847 2982 2919 congregationes
3012 2834 3201 2918 sequi,
3234 2858 3643 2919 conventusque
3676 2865 3769 2919 po-

2171 2940 2451 3010 pulorum;
2486 2940 2577 2995 sed
2630 2940 2774 2994 virus
2818 2953 2931 2994 sum
2976 2939 3339 3007 perversitatis
3386 2940 3765 3005 abscondunt;

2172 3048 2270 3089 nec
2302 3032 2482 3103 palam
2513 3030 2632 3087 ausi
2675 3038 2801 3087 sunt
2851 3031 3099 3102 prodere,
3126 3031 3267 3101 quod
3295 3030 3469 3086 sciunt
3500 3034 3771 3099 apostoli-

2171 3139 2266 3179 cas
2297 3124 2509 3196 regulas
2539 3139 2644 3179 non
2694 3122 2917 3180 habere.
2964 3124 3159 3179 Malum
3202 3122 3539 3186 intestinum,
3572 3124 3773 3180 vulnus

478 3230 669 3271 omnes
699 3213 960 3268 timebunt
1006 3208 1218 3281 pmnale
1247 3208 1351 3263 sibi
1391 3207 1672 3278 judicium,
1704 3206 1920 3277 quando
1966 3206 2066 3261 Do-

2175 3195 2498 3280 insanabile,
2528 3214 2667 3285 quod
2700 3222 2899 3285 quanto
2930 3213 3049 3284 plus
3094 3215 3307 3286 tegitur,
3348 3222 3497 3270 tanto
3533 3216 3774 3286 amplius

485 3308 614 3363 tnini
643 3305 949 3362 declaratur
990 3301 1269 3357 adventus.
1302 3299 1453 3356 Felix
1484 3297 1858 3362 commutatio,
1883 3306 1942 3353 ιιι
1983 3296 2072 3353 hic

468 3416 647 3473 parvo
693 3410 935 3469 tempore
979 3402 1128 3451 caste
1174 3393 1397 3449 timeant
1444 3390 1662 3456 ﬁdeles,
1682 3397 1738 3444 et
1769 3388 1822 3444 in
1856 3389 1947 3443 illa
1979 3402 2073 3459 pe-

460 3491 639 3551 renni
668 3488 1028 3547 exsultatione
1073 3486 1247 3542 securi
1288 3483 1419 3539 sint.
1452 3485 1524 3538 At
1558 3492 1748 3538 contra
1775 3480 2070 3537 infelicium

458 3598 604 3642 vsors
630 3582 851 3639 omnino
898 3578 1189 3634 durissima
1234 3587 1336 3643 εει,
1369 3576 1455 3630 hic
1496 3574 1598 3629 sub
1641 3574 1899 3629 brevitate
1937 3588 2073 3645 gau-

458 3678 635 3744 dere,
666 3685 721 3731 et
747 3674 801 3730 in
829 3672 922 3729 illa
948 3672 1309 3743 perpetuitate
1338 3670 1592 3725 cruciari.

555 3771 669 3846 Ego
694 3785 812 3827 vero
836 3768 891 3823 in
916 3775 963 3823 te
980 3764 1212 3836 sperabo,
1230 3761 1465 3818 Domine.
1492 3762 1631 3818 Dicit
1658 3776 1872 3817 causam
1902 3776 2070 3832 quare

472 3873 560 3928 sic
599 3883 709 3926 non
760 3866 950 3922 timere
996 3860 1224 3926 debeat,
1276 3858 1417 3913 sicut
1462 3857 1611 3927 impii
1655 3855 2065 3912 formidabunt:

482 3960 730 4033 quoniam
760 3962 941 4028 sperat
974 3953 1027 4007 in
1056 3950 1305 4012 Domino,
1338 3942 1441 4017 qui
1480 3962 1751 4017 nunquam
1792 3949 1846 4001 in
1883 3960 1945 4002 se
1975 3945 2071 4001 de-

482 4055 611 4127 cipit
648 4052 768 4127 [ωε.
797 4050 889 4119 A.,
934 4040 1184 4117 despicit]
1229 4039 1594 4105 conﬁdentes;
1628 4040 1764 4095 sicut
1812 4037 2069 4096 Salomon

481 4150 585 4205 ait:
616 4146 742 4216 Quis
768 4143 987 4216 sperabit
1008 4143 1064 4197 in
1096 4139 1339 4205 Domino,
1362 4147 1410 4192 et
1435 4135 1679 4206 confusus
1708 4133 1935 4190 est?Aut
1954 4135 2069 4207 quis

481 4238 757 4312 permansit
787 4238 842 4292 in
882 4235 1063 4290 timore
1089 4231 1251 4300 illius,
1281 4240 1328 4286 et
1359 4228 1632 4285 derelictus
1670 4236 1746 4282 est
1789 4224 1979 4299 (Eccli.
2006 4241 2066 4292 ll,

482 4334 574 4401 ιι,
603 4330 721 4404 12)?

558 4421 711 4478 Vers.
742 4420 800 4475 5.
830 4417 897 4471 In
929 4416 1034 4472 Deo
1066 4414 1287 4470 laudabo
1315 4426 1565 4467 sermones
1591 4425 1725 4464 meos
1749 4416 1857 4463 tota
1880 4408 1983 4473 die,
2012 4407 2067 4463 in

485 4513 593 4570 Deo
624 4510 768 4587 [ed.,
809 4507 1069 4579 Domino]
1097 4505 1346 4576 sperabo;
1388 4518 1487 4556 non
1532 4501 1711 4555 timebo
1755 4499 1881 4570 quid
1906 4500 2065 4570 faciat

2177 3310 2460 3365 inrurabili
2493 3308 2777 3378 putredine
2815 3308 3104 3364 sauciatur.
3146 3307 3419 3377 Sequitur,
3453 3308 3555 3379 ipsi
3595 3310 3774 3363 calca-

2174 3417 2325 3455 neum
2362 3415 2529 3454 meum
2557 3399 2915 3454 observabant.
2946 3399 3059 3453 llos
3080 3398 3183 3454 iste
3221 3398 3515 3453 diabolicus
3544 3410 3653 3465 est,
3690 3402 3773 3457 vel

2174 3507 2359 3548 eorum
2398 3491 2488 3562 qui
2519 3491 2747 3545 ministri
2782 3490 2947 3562 ipsius
2979 3504 3099 3546 esse
3132 3500 3464 3555 noscuntur;
3495 3498 3553 3544 ut
3593 3495 3774 3548 calca-

2175 3601 2344 3649 neum,
2370 3583 2419 3638 id
2448 3590 2530 3637 ιὲδι
2553 3583 2735 3637 ultima
2768 3590 2946 3636 nostra
2979 3582 3232 3638 insidiosa
3271 3584 3564 3639 calliditate
3595 3590 3773 3653 respi-

2172 3677 2354 3741 ciant,
2379 3677 2516 3730 sicut
2544 3674 2780 3744 serpenti
2810 3688 2840 3727 a
2864 3673 3087 3727 Domino
3113 3675 3313 3729 dictum
3345 3683 3426 3730 est
3451 3693 3463 3728 :
3494 3675 3600 3729 Illa
3622 3689 3773 3731 tuum

2172 3768 2450 3823 observabit
2512 3776 2707 3834 caput,
2762 3776 2808 3820 et
2866 3776 2918 3820 tu
2973 3766 3295 3821 iasidiaberis
3353 3769 3598 3822 calcaueo
3653 3772 3773 3839 ejus

2174 3857 2326 3933 (Gen.
2364 3875 2445 3923 ιιι,
2478 3858 2588 3930 15).
2619 3859 2729 3914 Scit
2758 3859 2902 3914 enim
2930 3858 3175 3913 diabolus
3202 3859 3426 3915 ﬁnitima
3466 3871 3652 3915 nostra
3681 3865 3774 3930 ju-

2171 3951 2361 4018 dicari,
2393 3958 2449 4006 et
2474 3952 2585 4019 ipsa
2630 3951 2744 4005 vult
2779 3958 3026 4006 evertere
3048 3991 3063 4018 ,
3110 3958 3168 4004 ut
3197 3951 3462 4021 possimus
3492 3952 3557 4008 ad
3590 3964 3775 4009 reatus

2170 4040 2481 4097 discrimina
2510 4042 2808 4110 pervenire.
2839 4038 3079 4104 Addidit,
3102 4040 3232 4094 sicut
3252 4045 3567 4111 exspectavit
3592 4047 3772 4099 anima

2171 4153 2304 4203 mea,
2332 4135 2385 4191 id
2413 4144 2516 4202 est,
2552 4136 2695 4191 sicut
2722 4146 2846 4191 ante
2873 4137 3031 4208 188
3054 4136 3295 4206 praevidi,
3329 4138 3469 4193 sicut
3501 4142 3770 4196 instructa

2176 4228 2273 4296 fui,
2306 4228 2445 4285 sicut
2474 4243 2504 4284 a
2552 4228 2779 4284 Domino
2824 4229 3058 4299 regulam
3114 4230 3512 4299 praedicationis
3560 4238 3768 4307 accepi.

2245 4322 2395 4376 Vers.
2426 4321 2480 4378 ϐ.
2514 4320 2616 4376 Pro
2638 4322 2806 4375 nihilo
2837 4321 3005 4377 salvos
3044 4323 3202 4393 facies
3231 4337 3350 4387 eos;
3374 4325 3426 4378 ia
3448 4325 3527 4378 ira
3551 4329 3773 4397 populos

2172 4416 2482 4487 confringes,
2510 4413 2668 4468 Deus.
2703 4414 2823 4469 Illos
2860 4428 2995 4485 quos
3025 4416 3273 4483 superius
3300 4415 3437 4470 dixit
3474 4418 3766 4474 insidiatu-

2170 4521 2280 4574 res,
2326 4516 2379 4561 et
2418 4520 2688 4561 venenosa
2738 4521 2797 4561 se
2842 4506 3182 4561 simulatione
3228 4507 3486 4574 celantes,
3533 4510 3621 4564 bic
3666 4527 3766 4581 per

484 4606 608 4662 mihi
626 4579 808 4658 immo.
842 4599 908 4655 1η
939 4599 1046 4655 Deo
1075 4598 1253 4655 Ιαιιάαῑ
1295 4610 1553 4651 unum!“
1591 4608 1743 4659 8005.
1775 4594 1867 4664 (illi
1908 4607 2068 4649 omne
2092 4579 2149 4640 D
2173 4602 2396 4675 gratiam
2431 4601 2640 4657 Domini
2690 4599 2848 4657 facile
2900 4600 3161 4670 promittit
3190 4615 3310 4656 esse
3359 4579 3683 4670 salvandos;
3714 4617 3773 4659 ut

483 4695 624 4769 quod
653 4695 789 4753 bene
817 4692 1051 4764 loquitur
1080 4704 1189 4746 non
1216 4688 1341 4754 sibi,
1369 4686 1465 4741 sed
1497 4685 1691 4741 divinis
1721 4686 2067 4756 cognoscitur

484 4787 793 4845 muneribus
831 4784 1123 4855 applicare.
1158 4782 1298 4837 Suos
1344 4779 1487 4834 enim
1538 4778 1606 4831 ita
1652 4776 2063 4846 intelligendum

482 4888 585 4950 est,
618 4894 722 4934 non
749 4877 842 4949 qui
871 4876 1087 4948 proprio
1126 4872 1466 4943 proferuntur
1507 4868 1751 4935 arbitrio,
1793 4870 2051 4939 quoniam

481 4986 695 5037 semper
721 4969 847 5025 mali
870 4979 1025 5035 sunt;
1055 4966 1153 5024 sed
1183 4966 1272 5035 qui
1302 4963 1511 5019 Domini
1540 4962 1786 5033 largitate
1815 4965 2066 5020 concessi

483 5075 626 5122 sunt.
642 5063 832 5119 Nostra
856 5062 996 5118 enim
1027 5073 1143 5129 qua:
1173 5056 1326 5112 nobis
1344 5055 1464 5111 data
1490 5062 1616 5109 sunt
1646 5061 1791 5110 recte
1815 5054 2063 5123 dicimus,

476 5162 526 5215 si
560 5170 738 5213 tamen
761 5155 948 5210 eadem
976 5166 1231 5209 concessa
1262 5148 1415 5204 nobis
1448 5148 1654 5202 Domini
1686 5163 1909 5203 munere
1939 5163 2064 5204 sen-

480 5256 698 5309 tiamus.
736 5248 841 5305 Sed
872 5245 975 5301 hoc
1012 5254 1117 5300 tota
1146 5245 1251 5309 die,
1281 5242 1332 5298 id
1364 5250 1447 5297 est
1483 5242 1738 5296 universo
1767 5242 1895 5311 vita:
1926 5250 2064 5296 tem-

479 5362 614 5418 pore
634 5348 855 5402 constat
880 5352 1002 5396 esse
1027 5335 1349 5401 iaciendum,
1377 5344 1433 5391 et
1457 5350 1581 5391 cum
1609 5334 1851 5389 adversis
1879 5334 2061 5404 depri-

489 5434 703 5496 mimur,
731 5440 786 5487 et
832 5447 953 5487 cum
983 5428 1253 5500 prosperis
1281 5428 1642 5483 sublevamur.
1673 5423 1958 5495 Sequitur,
1990 5424 2060 5478 In

495 5524 601 5580 Deo
627 5525 878 5597 sperabo;
908 5540 1012 5579 non
1040 5521 1227 5577 timebo
1250 5521 1373 5591 quid
1386 5520 1546 5591 faciat
1568 5520 1699 5574 mihi
1726 5520 1899 5572 homo.
1926 5513 2061 5571 Sen-

495 5614 661 5668 tentia
712 5613 851 5678 ista,
902 5612 1005 5669 nisi
1055 5611 1323 5667 subtiliter
1353 5619 1655 5680 quaeratur,
1696 5606 2062 5677 superioribus

496 5706 708 5760 videtur
749 5718 868 5759 esse
913 5702 1200 5758 contraria.
1241 5700 1378 5755 Nam
1430 5714 1553 5754 eum
1602 5710 1659 5753 se
1693 5696 2063 5751 conculcatam

499 5796 722 5863 diceret,
748 5803 803 5851 et
822 5794 1141 5850 debellatum
1177 5792 1244 5849 ab
1270 5792 1507 5857 homine,
1532 5797 1585 5847 et
1608 5788 1941 5844 imminentia
1973 5803 2067 5859 pe-

2174 4695 2241 4751 de
2264 4694 2413 4751 nullo
2441 4693 2734 4749 errantium
2762 4693 3050 4764 desperare
3073 4692 3286 4762 debeat,
3310 4695 3556 4764 quamvis
3584 4697 3770 4766 ευιρειο

2173 4787 2337 4844 bilem
2372 4801 2493 4843 esse
2540 4794 2852 4857 cognoscat.
2904 4785 3034 4840 Nam
3084 4786 3223 4858 quod
3272 4786 3423 4854 dicit,
3456 4785 3561 4842 Pro
3604 4790 3771 4843 nihilo

2173 4880 2343 4934 salvos
2391 4879 2547 4949 facies
2600 4893 2706 4944 eos,
2762 4875 3023 4948 signiﬁcat
3070 4876 3192 4947 quia
3239 4879 3405 4947 gratis
3455 4879 3632 4934 omnia
3664 4883 3770 4933 sub

2174 4969 2303 5042 [ed.,
2334 4967 2451 5041 sua]
2485 4968 2682 5038 pietate
2720 4968 2995 5036 concedit;
3029 4983 3126 5024 nec
3158 4968 3474 5039 cujusquam
3507 4971 3763 5025 meritum

2172 5059 2356 5130 exigit,
2381 5070 2438 5113 ttt
2484 5057 2653 5126 possit
2698 5058 2915 5128 proprio
2958 5058 3139 5114 labore
3187 5059 3404 5114 salvari.
3445 5059 3585 5128 Quid
3616 5062 3760 5117 enim

2172 5150 2367 5205 meruit
2396 5149 2572 5212 Latro,
2605 5157 2662 5203 ut
2704 5148 2782 5203 sic
2832 5150 3137 5217 paradisum
3187 5150 3445 5205 velociter
3475 5153 3767 5207 introiret?

2170 5242 2309 5310 Quid
2354 5242 2695 5305 Publicanus,
2746 5241 2837 5313 qui
2884 5248 3104 5312 repente
3149 5241 3216 5296 de
3248 5243 3451 5313 templo
3479 5244 3764 5299 absolutus

2168 5337 2367 5393 exivit?
2400 5336 2515 5407 Ipse
2562 5337 2713 5392 dedit
2753 5336 3108 5391 confessionis
3156 5337 3394 5391 subitum
3428 5347 3632 5403 votum,
3663 5337 3761 5407 qui

2167 5429 2386 5486 donavit
2414 5439 2468 5484 et
2495 5429 2795 5498 praemium.
2825 5427 3047 5481 Constat
3076 5441 3204 5495 ergo
3249 5443 3343 5496 pro
3374 5427 3538 5481 nihilo
3569 5441 3763 5497 pecca-

2168 5528 2313 5575 tores
2341 5519 2508 5573 salvos
2550 5518 2687 5587 fieri,
2738 5515 2953 5587 quando
2996 5524 3202 5570 certum
3238 5526 3320 5569 est
3347 5517 3757 5572 conversionem

2167 5612 2394 5685 gratuita
2447 5610 2693 5679 largitate
2740 5607 2986 5663 concedi.
3022 5605 3297 5677 Sequitur,
3334 5606 3400 5662 In
3429 5608 3508 5662 ira
3536 5608 3757 5680 populos

2167 5704 2482 5776 confringes,
2500 5699 2657 5755 Deus.
2680 5699 2835 5754 Prius
2855 5699 3063 5754 dixerat
3088 5697 3372 5776 malignam
3402 5697 3607 5751 turbam
3636 5710 3762 5751 esse

2169 5774 2524 5862 liberandam,
2571 5805 2712 5849 nunc
2746 5788 3192 5861 quemadmodum
3220 5774 3417 5845 salvari
3446 5789 3613 5857 possit
3655 5801 3757 5842 ex-
