4020 6348
264 329 368 387 597

1231 318 1588 378 EXPOSITIO
1624 317 1691 373 IN
1729 312 2188 373 PSHII'ERIUM.
2233 311 2423 367 PSAL.
2468 311 2574 369 LV.

3452 311 3577 367 398

266 443 443 511 ponit.
477 440 689 497 iustitia
742 438 975 503 Domini.
1010 452 1127 507 qua:
1169 445 1381 507 putatur
1427 436 1530 500 ira,
1578 432 1855 504 confringit
1888 436 1933 492 Α
1964 430 2085 485 liter
2114 428 2371 483 Dominus
2401 426 2641 480 omnium
2681 432 2944 491 nostrum,
2982 431 3159 477 tamen
3207 421 3543 483 conﬁdent.“

263 533 494 603 populos
524 541 891 586 contumaces.
909 530 1039 582 Nam
1064 543 1185 584 cum
1216 526 1646 581 tribulationibus
1666 539 1849 576 eorum

260 626 431 681 corda
459 622 880 694 quassaverit,et
906 622 1240 676 diversarum
1272 618 1637 690 angustiarum
1666 632 1853 671 nume-

260 720 490 771 rositate
517 714 885 783 compleverit,
919 714 987 767 ab
1016 713 1296 781 iniquitate
1321 710 1577 776 revocati,
1612 709 1855 777 compel-

264 809 458 861 luntur
502 805 729 860 Domino
770 803 1050 869 confiteri;
1084 812 1138 856 et
1183 818 1277 871 per
1320 803 1454 855 iram
1500 800 1618 868 ejus
1647 798 1857 853 videtur

261 901 409 967 fieri,
451 912 574 953 cum
627 897 718 952 ille
764 896 1006 966 placidus
1049 907 1212 964 atque
1264 891 1614 947 immutabilis
1668 889 1857 945 salutis

264 1002 474 1045 nostra:
501 1003 694 1044 causas
717 994 975 1042 noscatur
1005 986 1240 1055 operari.

346 1081 500 1135 Vers.
534 1080 589 1134 7.
628 1078 799 1132 Vitam
825 1094 987 1131 meum
1026 1076 1321 1129 annuntiavi
1352 1074 1475 1137 tibi;
1512 1074 1659 1142 posui
1690 1073 1860 1142 lacry-

264 1188 382 1226 tnas
407 1186 547 1224 meas
576 1170 631 1223 in
672 1177 944 1233 conspectu
972 1178 1079 1233 tuo,
1111 1167 1242 1220 sicut
1287 1166 1341 1219 in
1386 1164 1720 1232 promissione
1745 1171 1858 1215 tua.

273 1261 457 1315 Vitam
486 1276 636 1315 suam
659 1259 932 1313 minutatim
953 1257 1084 1328 Deo,
1110 1258 1200 1326 qui
1242 1265 1456 1324 peccata
1486 1253 1699 1324 propria
1728 1267 1861 1309 con-

265 1355 493 1419 titetur,
520 1354 664 1408 sicut
693 1351 820 1407 fecit
842 1351 1128 1419 Aposmlus
1155 1348 1417 1404 dicendo:
1444 1346 1599 1401 Prius
1622 1346 1700 1417 [ui
1731 1347 1866 1398 blas-

266 1447 511 1517 phemus,
566 1452 613 1497 et
658 1450 967 1510 persecutor,
1007 1448 1055 1494 et
1100 1440 1383 1509 injuriosus
1414 1435 1464 1505 (ι
1504 1435 1639 1490 Tim.
1677 1451 1717 1498 ι.
1756 1436 1860 1504 15).

272 1539 394 1594 Hoc
418 1546 504 1593 est
527 1537 669 1591 enim
691 1534 915 1604 gloriam
949 1534 1060 1588 Deo
1087 1532 1237 1598 dare,
1264 1542 1320 1584 tit
1353 1530 1560 1598 publice
1585 1528 1866 1583 denuntie-

274 1647 405 1687 mus
434 1630 615 1700 quales
644 1643 742 1683 nos
771 1629 1020 1698 dignatus
1046 1626 1206 1682 fuerit
1233 1626 1519 1689 sustinere,
1542 1634 1596 1679 et
1625 1623 1691 1677 ad
1738 1635 1871 1676 con-

270 1725 578 1780 versionem
600 1722 885 1785 adducere,
916 1723 1003 1791 qui
1030 1721 1369 1775 merebantur
1400 1718 1636 1787 peccatis
1668 1717 1866 1772 facien-

1956 522 2178 575 dicimus
2206 536 2220 572 :
2246 518 2383 575 Deus
2409 532 2573 583 meus,
2605 514 2819 587 quando
2849 515 2915 568 ab
2945 529 3008 569 eo
3039 530 3137 570 nos
3166 516 3363 586 respici
3386 533 3454 589 po
3484 538 3536 571 25>

1956 611 2278 682 gaudemus.

2032 703 2181 758 Vers.
2216 704 2268 758 9.
2302 700 2366 755 In
2396 700 2500 755 Deo
2527 699 2751 754 laudabo
2774 701 3057 764 uerbum,et
3088 702 3140 753 in
3167 698 3385 757 Domino
3411 720 3545 775 pra:-

1958 793 2137 848 dirabo
2155 809 2459 849 sermonem.
2478 792 2680 848 Revera
2705 794 3019 847 orthodoxa:
3040 792 3181 848 dicta
3208 807 3545 864 cognoscun-

1962 892 2045 937 tur
2071 883 2347 939 Eeclesite.
2365 883 2420 937 In
2438 882 2596 938 Patre
2614 897 2674 937 se
2696 883 2958 951 promittit
2972 881 3163 939 Filium
3185 885 3540 951 laudaturam,

1963 988 2017 1031 ut
2037 977 2292 1048 quidquid
2320 976 2389 1032 de
2421 977 2513 1031 illo
2534 976 2746 1042 dicitur,
2766 977 2831 1030 de
2859 978 2962 1032 isto
2993 978 3231 1043 pariliter
3258 964 3539 1035 sentiatur.

1962 1070 2093 1124 Nam
2123 1085 2241 1124 cum
2276 1069 2626 1137 praedicamus
2648 1076 2903 1121 mternum
2929 1078 3085 1138 atque
3113 1070 3543 1138 omnipotentem

1967 1160 2196 1224 Patrem,
2231 1169 2487 1212 aeternum
2520 1169 2679 1227 atque
2723 1158 3145 1227 omnipotentem
3192 1158 3384 1213 Filium
3428 1162 3547 1215 sine

1964 1249 2128 1303 dubio
2155 1249 2493 1303 confitemur.
2526 1246 2701 1303 Unum
2741 1255 2825 1302 est
2872 1248 3014 1302 enim
3049 1248 3099 1300 in
3141 1257 3369 1318 utroque
3400 1264 3544 1319 prie-

1967 1344 2204 1407 conium,
2251 1341 2504 1411 quoniam
2557 1355 2664 1395 una
2713 1341 2882 1396 virtus
2937 1340 3240 1405 amborum,
3273 1342 3546 1397 individua

1965 1436 2157 1506 gloria,
2189 1434 2401 1503 quando
2444 1432 2784 1489 indivisibilis
2825 1443 2907 1487 est
2956 1447 3164 1490 natura.
3205 1435 3442 1506 Denique
3468 1436 3547 1491 sic

1969 1526 2083 1594 ipse
2114 1528 2165 1580 in
2197 1524 2481 1595 Evangelio
2510 1532 2733 1579 testatur
2762 1542 2777 1578 :
2812 1524 2922 1594 Ego
2951 1526 3005 1579 in
3039 1525 3215 1592 Patre,
3236 1536 3285 1579 et
3321 1527 3474 1581 Pater
3496 1529 3548 1582 in

1970 1629 2047 1667 me
2076 1624 2149 1668 est
2186 1612 2363 1683 (Joan.
2396 1629 2502 1678 XIV,
2552 1613 2636 1682 li),
2676 1613 2783 1681 Η).
2820 1614 2975 1681 Quid,
3020 1631 3168 1685 rogo,
3211 1631 3314 1671 non
3355 1618 3550 1673 habeat

1974 1705 2224 1775 Filii,qui
2256 1716 2497 1761 naturam
2521 1706 2902 1775 omnipotentis
2935 1706 3051 1761 Filii
3081 1707 3270 1764 habet?
3293 1709 3396 1764 Aut
3421 1711 3552 1780 quid

270 1815 423 1869 tibus
443 1813 678 1867 interire.
705 1811 769 1864 Et
798 1810 1003 1879 inspice
1029 1809 1170 1879 quod
1198 1809 1347 1873 dicit,
1366 1810 1515 1862 vitam
1542 1821 1864 1876 meam,qu:e
1898 1807 1943 1867 Β
1973 1813 2076 1852 non
2105 1796 2298 1853 habeat
2328 1797 2520 1864 Patris.
2564 1798 2652 1867 qui
2678 1810 2921 1854 naturam
2966 1803 3349 1871 omnipotentis
3379 1802 3552 1858 Patris

269 1920 493 1975 setnper
534 1904 789 1973 probatur
814 1916 938 1957 esse
978 1902 1279 1972 culpabilis.
1309 1902 1541 1969 Quando
1570 1900 1710 1955 cnim
1756 1914 1862 1955 non

266 2004 370 2049 aut
413 1992 698 2063 cogitando
742 1991 1125 2062 delinquimus,
1159 2000 1250 2044 aut
1299 1991 1474 2046 verbis
1520 1989 1863 2059 oﬂendimus,

269 2096 368 2141 aut
396 2086 538 2140 labili
565 2087 774 2142 actione
802 2084 1122 2152 peccamus?
1161 2083 1333 2139 Vitam
1360 2098 1489 2154 ergo
1514 2098 1693 2148 snam,
1724 2082 1867 2138 sicut

270 2179 470 2250 perﬁdi
499 2177 856 2245 abscondunt,
882 2178 954 2232 ita
980 2177 1164 2233 ﬁdeles
1187 2178 1492 2231 annuntiant
1507 2192 1529 2243 ;
1544 2190 1648 2231 non
1671 2184 1728 2230 ut
1745 2189 1866 2231 eam

278 2268 395 2323 Deo
445 2277 627 2322 notam
682 2264 903 2331 faciant,
955 2267 1044 2335 qui
1098 2266 1405 2321 nullatenus
1452 2274 1625 2336 potest
1667 2263 1869 2334 aliquid

282 2359 565 2427 ignorare,
597 2358 691 2413 sed
726 2366 783 2411 ut
816 2371 877 2412 se
902 2357 1072 2428 magis
1119 2358 1539 2413 condenmantes
1565 2365 1874 2413 mereantur

280 2452 486 2506 absolvi
502 2495 519 2514 ,
546 2451 686 2505 sicut
707 2451 966 2520 propheta
987 2450 1147 2506 dicit:
1175 2449 1269 2504 Dic
1292 2468 1344 2504 ιιι
1372 2468 1420 2519 pi
1433 2450 1512 2504 ius
1532 2460 1735 2519 peccata
1758 2460 1870 2517 tua,

281 2554 338 2599 ut
357 2544 669 2615 justiﬁceris
700 2542 871 2613 (Psal.
903 2558 1059 2611 xxxi,
1092 2543 1169 2612 ὅ).
1206 2544 1477 2614 Sequitur,
1511 2542 1671 2597 Posui
1700 2542 1871 2613 larry-

289 2653 404 2691 mas
428 2654 565 2691 meas
581 2637 631 2690 in
654 2646 924 2707 conspectu
945 2645 1053 2693 tuo.
1077 2634 1342 2708 Lact-gmw
1358 2652 1477 2705 qua:
1508 2636 1558 2690 in
1582 2648 1873 2704 conspectu

290 2726 387 2784 Dei
416 2740 680 2799 ponuntur
704 2729 949 2799 jucunda:
989 2736 1147 2791 sunt,
1204 2730 1327 2799 quia
1360 2743 1464 2783 non
1494 2729 1749 2792 cruciant,
1777 2728 1872 2782 sed

287 2834 319 2871 a
352 2818 671 2874 cruciatibus
708 2818 948 2883 liberant.
979 2818 1101 2874 Pias
1127 2833 1257 2891 ergo
1294 2819 1557 2889 lacrytnas
1588 2816 1869 2884 fundebat,

282 2909 383 2978 qui
428 2925 525 2978 pro
556 2909 777 2966 inimicis
818 2910 1074 2982 rogabat,
1102 2917 1161 2966 et
1202 2910 1326 2965 ideo
1370 2909 1567 2965 meruit
1610 2909 1870 2972 obtinere,

278 3001 415 3072 quia
445 3013 769 3073 praeceptum
800 3003 1010 3059 Domini
1036 3004 1298 3075 probatur
1326 3003 1603 3075 implesse.
1639 3002 1872 3066 Addidit,

242 3174 245 3175 ν
287 3096 421 3150 sicut
452 3098 505 3150 in
536 3098 869 3166 promissione
913 3109 1020 3153 tua.
1060 3096 1387 3154 Pollicitatio
1432 3096 1634 3168 quippe
1663 3096 1876 3151 Domini

1974 1888 2169 1945 habet?
2191 1889 2301 1944 Una
2322 1900 2403 1944 est
2434 1905 2616 1945 revera
2639 1892 2954 1957 sub~tantia,
2972 1895 3091 1962 quia
3117 1896 3247 1949 nihil
3280 1897 3332 1949 in
3364 1912 3551 1953 eorum

1969 1985 2203 2041 essentia
2233 1983 2496 2040 dissimile
2531 1993 2624 2040 aut
2656 1986 2969 2056 discrepans
3002 1990 3288 2058 reperitur.
3319 1990 3431 2045 Non
3465 1993 3552 2046 hic

1971 2079 2200 2148 amplius
2252 2078 2497 2133 minusve
2545 2081 2772 2148 reperis,
2828 2080 2928 2136 nisi
2980 2084 3121 2151 quod
3174 2084 3273 2138 sibi
3329 2084 3553 2140 haeresis

1972 2170 2169 2227 Ariana
2213 2171 2494 2242 contingit.
2528 2171 2654 2227 Rrec
2689 2185 2869 2228 autem
2920 2176 3105 2246 regula
3144 2178 3361 2234 unitatis
3392 2187 3554 2248 atque

1973 2261 2291 2330 mqualitatis
2328 2262 2586 2331 Spiritum
2616 2278 2829 2334 quoque
2877 2276 3118 2321 sanctum
3168 2269 3287 2325 sine
3332 2269 3549 2327 dubita-

1975 2354 2121 2408 tione
2143 2352 2653 2409 cunsnhstantialcm
2686 2354 2825 2408 Patri
2860 2355 3103 2426 Filioque
3138 2359 3550 2429 complectitur:

1974 2446 2226 2514 quoniam
2272 2457 2456 2500 sancta
2481 2445 2716 2501 Trinitas
2756 2464 2893 2504 unus
2928 2459 3011 2504 est
3034 2448 3172 2505 Deus
3193 2493 3207 2516 ,
3238 2466 3340 2508 nec
3379 2463 3553 2518 petes:

1975 2536 2068 2590 uni
2094 2536 2316 2606 gloriam
2349 2536 2502 2603 dire,
2535 2538 2624 2606 qui
2660 2552 2718 2592 se
2760 2554 2865 2592 non
2899 2540 3225 2596 intellexerit
3268 2543 3370 2598 hoc
3405 2560 3555 2600 com-

1978 2629 2208 2682 muniter
2234 2627 2514 2683 obtulisse.
2538 2627 2826 2685 Sciendum
2853 2633 3010 2699 plane
3040 2635 3181 2703 quod
3211 2634 3556 2695 doctissimus

1977 2724 2305 2794 Augustinus
2338 2725 2391 2778 in
2423 2724 2560 2781 libro
2594 2718 3031 2796 decimo'quinto
3085 2730 3365 2786 Trinitatis
3398 2732 3554 2803 (Cap.

1980 2816 2068 2888 17)
2111 2817 2183 2871 ita
2231 2817 2400 2872 dicit:
2433 2817 2665 2887 Spiritus
2687 2830 2904 2874 sanctus
2930 2823 3224 2878 secundum
3254 2824 3557 2896 Scriptura:

1978 2908 2187 2965 divinas
2234 2924 2335 2965 nec
2382 2910 2554 2965 Patris
2596 2922 2679 2966 est
2722 2912 2907 2976 solius,
2944 2929 3042 2969 nec
3081 2914 3195 2970 Filii
3234 2918 3426 2986 solius,
3461 2921 3556 2974 sed

1979 3016 2099 3058 esse
2138 3012 2352 3058 constat
2398 3002 2705 3060 amborum.
2730 3004 3068 3075 Quapropter
3116 3007 3289 3062 Patris
3334 3019 3391 3064 et
3437 3011 3557 3067 Filii

1982 3098 2216 3152 charitas
2245 3106 2327 3152 est
2369 3097 2537 3162 unita,
2569 3111 2691 3151 cum
2733 3106 2913 3153 tamen
2943 3108 2996 3153 et
3042 3100 3157 3166 ipse
3205 3101 3437 3170 perfecta
3488 3107 3559 3161 sit

290 3198 475 3256 est,ut
501 3190 615 3259 pias
637 3190 900 3259 lacryntas
926 3206 1031 3244 non
1056 3188 1272 3256 refutet,
1295 3190 1434 3245 sicut
1462 3190 1513 3244 in
1543 3191 1646 3243 alio
1669 3189 1874 3258 psainto
1905 3188 1950 3252 C
1983 3189 2242 3245 charitas.
2269 3188 2380 3242 Hoc
2410 3187 2571 3242 etiam
2608 3187 2975 3256 mulzipliciter
3018 3191 3206 3258 probat
3247 3192 3301 3247 in
3348 3198 3558 3261 exposi-

289 3280 455 3335 dicit:
475 3280 667 3336 Inuoco
696 3299 773 3359 me
797 3283 851 3336 in
893 3283 975 3337 die
1002 3282 1341 3337 tribulationis
1360 3290 1482 3349 tute,
1506 3291 1551 3337 et
1572 3283 1783 3354 eripiam
1809 3292 1874 3347 tr,

288 3383 339 3428 et
361 3373 714 3443 magniﬁcabis
740 3391 817 3428 me
846 3373 1020 3446 (Psat.
1054 3390 1207 3443 xux,
1238 3373 1349 3445 l5).

369 3465 519 3521 Vers.
536 3465 591 3521 8.
611 3464 975 3521 Convertentur
998 3466 1192 3520 inimici
1216 3467 1316 3521 mei
1336 3476 1648 3531 retrorsum;
1669 3465 1723 3518 in
1752 3481 1878 3535 qua-

284 3570 494 3625 cunque
520 3554 603 3608 die
636 3556 927 3609 invocavero
971 3563 1040 3623 te,
1083 3570 1196 3609 ecce
1222 3554 1430 3626 cognovi
1458 3554 1700 3623 quoniam
1744 3553 1880 3607 Deus

289 3663 435 3701 meus
463 3663 517 3701 es
554 3656 627 3701 tu.
657 3644 1027 3701 Convertendos
1056 3656 1336 3700 retrorsum
1365 3630 1495 3700 dicit
1528 3645 1779 3712 inimicos,
1814 3661 1881 3699 ne

291 3737 348 3793 in
388 3753 488 3792 suo
527 3738 719 3794 itinere
740 3746 1175 3809 perseverantes,
1206 3739 1470 3807 pessimos
1517 3735 1746 3806 implere
1787 3737 1883 3791 do-

292 3844 522 3889 ceantur
549 3848 780 3889 errores.
816 3836 857 3888 Α
887 3833 1029 3888 malo
1050 3833 1194 3888 enim
1222 3832 1313 3902 qui
1347 3843 1488 3886 retro
1534 3832 1692 3899 redit,
1726 3834 1884 3901 perli-

284 3924 402 3980 dia!
437 3940 547 3980 sure
574 3926 834 3995 culpanda
866 3926 1209 3997 derelinquit.
1242 3926 1329 3981 Sic
1368 3927 1510 3980 enim
1561 3926 1718 3981 Petro
1750 3942 1880 3996 apo-

290 4019 439 4072 stolo
471 4018 728 4072 Dominus
774 4015 898 4073 dicit
930 4018 1225 4087 propitius,
1257 4031 1362 4072 non
1402 4018 1564 4071 iratus
1599 4035 1612 4073 :
1650 4017 1776 4071 Redi
1806 4034 1884 4071 re-

292 4116 401 4173 tro,
432 4107 653 4161 Satanas
685 4104 878 4175 (Marc.
904 4122 1019 4171 vm,
1051 4106 1163 4175 5⁸5).
1200 4103 1341 4158 Istud
1371 4106 1512 4159 enim
1543 4106 1754 4175 quando
1799 4121 1883 4159 er-

294 4198 544 4253 ran'ibus
571 4198 1017 4268 contingit,crror
1050 4197 1287 4267 pristinae
1320 4196 1594 4266 pravitatis
1616 4197 1881 4252 abscedit.

292 4287 575 4355 Sequitur,
607 4288 659 4341 in
688 4304 987 4359 quacunque
1006 4288 1087 4341 die
1108 4288 1407 4341 invocavero
1435 4295 1501 4340 te.
1528 4285 1621 4341 ilic
1651 4286 1885 4342 clemen-

296 4382 431 4435 tiam
462 4379 671 4433 Doniini
705 4379 1009 4448 pronuntiat
1053 4378 1462 4448 min-bilemque
1514 4378 1798 4447 pietatem,
1829 4389 1887 4435 ut

296 4476 353 4528 in
376 4490 673 4544 quacunque
701 4476 783 4528 die
811 4475 1070 4528 invocatus
1111 4474 1287 4545 fuerit,
1321 4489 1536 4543 semper
1567 4490 1625 4529 se
1666 4477 1886 4530 mis‘i-ra-

1983 3284 2128 3338 tione
2168 3282 2421 3350 Epistola:
2468 3281 2641 3337 sancti
2664 3281 2908 3349 Joannis,
2940 3286 3175 3351 apertius
3223 3285 3440 3343 homilia
3470 3304 3560 3344 se-

1984 3375 2147 3445 ptima
2173 3374 2360 3429 dicens
2393 3391 2405 3427 :
2438 3374 2569 3442 Quia
2602 3373 2693 3444 qui
2741 3374 3057 3430 charitatem
3108 3392 3213 3431 non
3262 3378 3420 3434 habet
3449 3379 3559 3434 fra-

1982 3472 2103 3536 tris,
2139 3468 2323 3539 utique
2351 3484 2454 3523 non
2489 3468 2651 3523 habet
2694 3467 2949 3537 Spiritum
2984 3478 3247 3524 sanctum.
3283 3470 3554 3540 Sequitur,

1981 3561 2104 3614 etin
2129 3560 2347 3613 Domino
2393 3558 2683 3628 praedicabo
2727 3575 3028 3613 sermonem.
3056 3560 3150 3615 llic.
3174 3561 3285 3629 jam
3317 3565 3460 3617 venit
3490 3567 3555 3618 al

1986 3652 2265 3706 Dominum
2305 3651 2599 3713 Christum.
2630 3651 2717 3721 qui
2757 3667 2892 3707 unus
2937 3666 3002 3708 ex
3031 3653 3291 3709 Trinitate
3344 3653 3558 3709 Verbum

1983 3760 2102 3799 cura
2139 3745 2327 3816 factum
2358 3753 2454 3808 est,
2502 3754 2559 3798 et-
2598 3745 2839 3799 habitauit
2886 3747 2940 3799 in
2972 3747 3115 3801 nobis
3164 3746 3340 3817 (Joan.
3374 3765 3408 3812 t.
3448 3751 3559 3815 1-4).

1984 3835 2150 3905 Cujus
2180 3849 2478 3902 sermones,
2512 3836 2565 3889 id
2594 3845 2676 3890 est
2703 3835 3110 3903 przedicationes
3146 3838 3336 3893 nterito
3358 3856 3417 3894 se
3440 3842 3555 3891 Ian.

1985 3926 2224 3981 daturam
2252 3927 2513 3997 promittit
2551 3927 2784 3983 Ecclesia
2813 3971 2826 3994 ,
2858 3928 2977 3998 quia
3008 3928 3241 3983 humano
3265 3933 3445 3999 generi
3478 3934 3555 3984 vi-

1985 4018 2145 4073 vendi
2186 4018 2422 4088 regulam
2459 4019 2702 4087 praestitit
2742 4028 2795 4074 et
2824 4019 3075 4074 salutem.
3112 4020 3313 4075 Revera
3344 4037 3559 4077 sermo-

1988 4124 2082 4163 nes
2103 4109 2302 4177 ubique
2324 4109 2673 4178 prmdicandi,
2702 4125 2798 4178 per
2825 4125 2959 4178 quos
2988 4113 3166 4165 mundi
3192 4113 3336 4169 salus
3358 4117 3565 4172 cmlesti

1992 4201 2161 4269 putuit
2207 4200 2552 4255 miseratione
2596 4203 2854 4269 reparari.
2897 4202 3021 4256 lizec
3064 4206 3204 4258 enim
3235 4205 3340 4258 duo
3384 4221 3565 4263 sancta

1991 4307 2159 4347 mater
2194 4287 2262 4347 se
2291 4293 2698 4361 przedicaturam
2744 4294 3031 4361 promittit,
3066 4312 3185 4364 qme
3218 4308 3414 4354 nostra:
3444 4301 3566 4356 tidei

1991 4393 2247 4440 :ctcrnam
2311 4385 2553 4440 tribuunt
2610 4387 2965 4454 sospitatem;
3015 4389 3221 4444 scilicet
3276 4393 3568 4460 potentiam

1995 4476 2179 4542 Verbi,
2213 4486 2266 4531 et
2293 4476 2677 4532 humanitatem
2705 4479 2947 4547 ejusdem
2980 4481 3188 4535 Domini
3212 4480 3433 4537 Christi.
3465 4482 3571 4539 Sed

297 4576 386 4621 tus
430 4567 722 4639 indulgeat.
756 4568 1073 4637 Quacunqne
1102 4568 1201 4634 die,
1234 4568 1495 4638 significat
1525 4570 1718 4637 diversi
1755 4581 1887 4623 tem-
1917 4564 1968 4625 D
1994 4585 2061 4625 ne
2107 4569 2299 4639 aliquis
2343 4572 2697 4639 pessimorum
2747 4573 2846 4626 ista
2895 4574 3107 4626 nomina
3145 4573 3233 4626 Dei
3266 4580 3321 4628 et
3352 4571 3573 4628 Domini

299 4662 451 4730 poris
493 4659 901 4713 satisfactioncs.
934 4660 1083 4713 Alter
1115 4662 1257 4714 enim
1304 4671 1411 4715 tma
1448 4677 1581 4730 pene
1628 4662 1730 4716 viti
1785 4662 1885 4715 Do-

294 4752 509 4808 minum
551 4752 844 4822 supplicat,
878 4753 1015 4805 alter
1048 4753 1099 4805 in
1136 4754 1305 4808 media
1354 4762 1509 4807 nitate
1536 4754 1883 4821 convertitur,

297 4845 437 4899 alius
463 4846 513 4897 in
537 4845 657 4899 vitae
686 4844 788 4899 line
814 4845 1070 4898 salvator.
1104 4844 1278 4913 Ipsum
1308 4854 1389 4898 est
1417 4844 1557 4899 enim
1583 4846 1636 4899 in
1657 4862 1889 4914 quarun-

298 4954 398 5008 ηπ
423 4937 506 4991 die
528 4977 543 5004 ,
579 4936 697 5006 quia
729 4935 987 4990 Dominus
1031 4936 1279 4991 clementi
1315 4937 1565 5003 pitietttia
1611 4937 1891 5003 quodlibet

300 5040 516 5099 tempus
541 5039 737 5084 nostrae
764 5028 1130 5084 conversionis
1152 5037 1427 5098 exspectat
1446 5046 1458 5085 :
1480 5037 1535 5082 ct
1564 5028 1683 5082 idco
1706 5030 1890 5096 culpa-

306 5122 444 5176 hilcs
472 5122 722 5185 sustinet,
751 5128 1026 5187 exspectat
1048 5127 1309 5186 errantes,
1336 5118 1520 5172 dicens
1549 5134 1562 5171 :
1592 5116 1730 5171 Noto
1756 5134 1892 5170 mor-

303 5221 401 5266 tem
424 5214 724 5281 percatoris,
740 5212 828 5266 sed
850 5221 902 5265 ut
917 5218 1240 5264 convertatur
1260 5218 1306 5261 et
1330 5208 1693 5277 t'ivat_,(Ea:clt.
1726 5225 1848 5262 xvttt
1875 5250 1889 5272 ,

305 5304 424 5370 9.5).
450 5302 637 5358 Solmn
661 5310 745 5357 est
770 5302 939 5365 enim,
970 5310 1027 5355 ut
1069 5302 1120 5353 in
1152 5300 1251 5353 hac
1280 5298 1387 5351 vita
1418 5307 1690 5365 peccatum
1731 5314 1891 5354 omne

307 5395 586 5458 fateamur,
614 5394 702 5447 ubi
724 5404 779 5447 et
811 5392 1040 5446 humana
1072 5390 1355 5458 fragilitate
1378 5389 1760 5459 delinquimus.
1783 5391 1890 5444 Ad-

307 5484 461 5549 didit,
494 5500 608 5539 ecce
635 5484 817 5556 agnovi
857 5484 1100 5551 quoniam
1140 5481 1277 5535 Deus
1321 5494 1463 5534 meus
1508 5494 1562 5535 es
1609 5488 1686 5534 tu.
1713 5480 1891 5536 Dulcis

308 5576 594 5645 professio,
623 5585 677 5630 et
702 5590 824 5631 vera
855 5574 1100 5644 probatio
1120 5618 1134 5639 ,
1170 5583 1227 5627 ut
1260 5572 1375 5641 ipse
1416 5583 1766 5642 cognosceret
1797 5574 1894 5625 im-

313 5672 509 5737 pletum
542 5667 684 5738 quod
723 5684 915 5735 magno
962 5666 1234 5721 desiderio
1277 5672 1501 5718 noverat
1542 5662 1891 5731 exquisitum.

315 5758 585 5828 Sequitur,
618 5759 856 5827 quoniam
902 5757 1033 5810 Deus
1065 5774 1201 5809 meus
1231 5771 1281 5809 es
1309 5765 1391 5818 tu;
1426 5755 1548 5809 licet
1579 5755 1643 5806 sit
1672 5771 1894 5823 genera-

1992 4662 2089 4715 sub
2116 4662 2438 4717 discretione
2468 4662 2642 4733 aliqua
2685 4663 3022 4729 suscipienda
3062 4662 3344 4729 iudicaret,
3373 4673 3431 4718 ut
3472 4665 3601 4719 l’a-l

1993 4753 2059 4805 tri
2091 4763 2142 4807 et
2172 4752 2303 4807 Filio
2333 4755 2648 4808 vocabulum
2684 4753 2825 4807 istud
2867 4752 3075 4806 Domini
3108 4768 3212 4807 non
3242 4755 3572 4811 omnimodis

1993 4844 2197 4897 diceret
2237 4844 2549 4910 convenire,
2595 4845 2649 4898 in
2685 4844 2981 4899 centesimo
3028 4857 3169 4896 nono
3202 4844 3411 4910 psalmo
3440 4862 3575 4914 pro-

1998 4938 2155 5005 pheta
2187 4945 2413 4992 testatur
2441 4937 2629 4992 dicens
2662 4954 2674 4989 :
2718 4936 2857 4990 Dixit
2891 4935 3137 4989 Dominus
3173 4932 3389 4991 Domino
3421 4954 3575 4995 meo:

1998 5027 2131 5081 Sede
2152 5044 2184 5079 α
2208 5027 2397 5080 dextris
2428 5027 2548 5081 meis
2579 5025 2751 5097 (Psal.
2777 5040 2881 5087 Civ,
2919 5022 2994 5093 1).

2070 5119 2228 5189 189
2267 5118 2419 5173 Vcrs.
2456 5120 2539 5172 ill.
2587 5115 2654 5170 In
2686 5118 2789 5169 Deo
2813 5120 3057 5181 sperabo,
3094 5134 3191 5170 non
3243 5117 3425 5171 timebo
3456 5119 3600 5188 quid.

1994 5212 2149 5279 faciat
2178 5212 2302 5265 mihi
2324 5213 2492 5265 homo.
2531 5212 2733 5265 Revera
2758 5226 2861 5263 non
2892 5218 3063 5276 potest
3087 5210 3351 5266 hominem
3380 5211 3576 5271 timere,

1993 5303 2163 5371 quise
2202 5302 2467 5357 mundana
2496 5315 2600 5355 non
2650 5300 2901 5355 formidat
2941 5300 3203 5357 amittere.
3256 5300 3393 5370 Quid
3432 5304 3574 5357 enim

1997 5401 2172 5461 potest
2200 5393 2445 5447 inimicus
2476 5391 2706 5457 auferre,
2738 5391 2838 5446 ni~i
2861 5392 2991 5447 illud
3023 5392 3165 5462 quod
3193 5401 3380 5447 saneta
3408 5403 3582 5446 mater

1996 5499 2026 5537 a
2057 5497 2151 5537 sua
2180 5493 2357 5537 mente
2382 5482 2635 5551 probatur
2664 5483 2939 5553 abjicere?
2981 5486 3076 5538 llic
3108 5476 3379 5540 hominem
3420 5485 3581 5556 (sicut

1997 5574 2239 5641 superius
2264 5572 2461 5626 dictum
2486 5573 2589 5641 est)
2614 5573 2881 5630 diabolum
2916 5576 3173 5631 debemus
3201 5577 3463 5644 accipere.
3489 5578 3580 5644 qui

1998 5672 2235 5717 sanctam
2262 5663 2550 5717 ECrlesiam
2580 5664 2754 5735 iniqua
2775 5681 2989 5735 semper
3012 5667 3281 5723 voluntate
3311 5668 3583 5735 persequi-

2001 5766 2104 5810 tur.
2139 5756 2332 5810 Vcrsus
2360 5768 2534 5810 autem
2564 5756 2692 5826 istc,
2728 5769 2780 5813 et
2816 5761 2865 5812 in
2899 5758 3067 5829 prima
3113 5768 3264 5829 parte
3297 5757 3472 5814 finalis
3499 5767 3585 5813 est
