4020 6348
425 1983 438 2040 i

481 301 582 358 309
1713 290 1783 344 M.
1825 291 2104 346 AL‘RELII
2143 290 2543 352 CASSIODURI
3640 292 3743 349 ιοο

481 421 499 486 (
526 416 662 472 sicut
693 423 745 470 et
769 412 854 469 hic
883 412 1088 468 videtur
1111 425 1230 467 csse
1254 409 1511 480 repetitus
1536 407 1573 477 ),
1601 417 1655 464 ul
1676 408 1824 479 quasi
1856 423 2061 478 marga-
2091 411 2138 468 Α

481 511 702 561 riturum
747 504 1062 575 quibusdam
1108 503 1208 558 filis
1253 501 1643 566 relucentibus,
1690 500 1926 570 parilitas
1957 500 2056 553 sibi

483 600 710 668 partium
735 595 925 652 decora
953 611 982 650 c
1006 603 1240 650 instaret.

555 691 703 746 Vers.
741 690 824 744 ll.
860 688 925 742 In
958 703 1034 742 me
1062 695 1197 752 sunt,
1229 686 1366 740 Deus
1386 727 1401 752 ,
1443 693 1555 740 vota
1583 693 1692 750 tua,
1715 701 1828 754 quae
1849 685 2058 740 reddam

482 782 805 836 laudationes
864 779 1035 852 [cd.,
1089 775 1310 849 laudes]
1361 775 1472 830 tibi.
1531 776 1684 832 \‘enit
1730 776 1796 831 ad
1847 777 2059 831 tertium

481 871 801 935 membrum,
859 869 943 924 ubi
981 868 1090 936 jam
1119 867 1338 921 liberata
1372 866 1440 923 de
1469 866 1625 922 malis
1655 865 1812 935 hujus
1853 865 2056 932 surculi,

481 962 814 1018 laudaturam
854 973 913 1013 se
957 958 1237 1012 Dominum
1288 957 1567 1027 proﬁtetur
1605 956 1866 1013 Ecclesia.
1920 954 2062 1012 Dicit

484 1054 624 1110 enim
658 1053 710 1107 in
740 1066 799 1107 se
825 1065 944 1106 esse
985 1063 1103 1102 veta
1138 1049 1478 1115 laudationis,
1522 1047 1612 1106 Dei
1638 1057 1813 1104 tamen
1843 1062 2061 1104 munere

479 1145 798 1210 eontributa,
829 1158 949 1214 quae
981 1144 1031 1196 in
1066 1141 1154 1196 illa
1199 1143 1551 1211 perpetuitate
1601 1142 1869 1198 reddenda
1914 1151 2058 1208 sunt,

479 1238 694 1308 quando
713 1239 822 1307 jam
845 1236 1017 1292 sancti
1050 1233 1332 1290 indefessis
1361 1235 1582 1291 vocibus
1614 1237 1919 1305 persolvent
1949 1235 2061 1290 Ian-

479 1333 561 1386 dis
588 1331 922 1401 obsequium.
967 1330 1070 1384 Ista
1094 1337 1219 1384 sunt
1248 1328 1391 1384 enim
1423 1345 1561 1400 quae,
1595 1343 1716 1384 cum
1749 1329 1912 1384 Deum
1938 1329 2058 1383 dili-

476 1424 682 1494 gimus,
738 1422 992 1478 habemus
1038 1435 1252 1491 semper
1291 1421 1641 1488 intrinsecus,
1677 1438 1795 1491 qua:
1829 1438 1855 1475 a
1905 1422 2060 1476 nobis

478 1515 799 1572 omnimodis
842 1530 948 1570 non
990 1514 1285 1577 recedunt:
1327 1514 1424 1568 sed
1471 1514 1524 1568 itt
1574 1513 1662 1568 illa
1705 1515 2062 1583 perpetuitate

479 1606 782 1670 reddimus,
817 1619 937 1658 cum
980 1618 1192 1673 semper
1238 1603 1497 1658 solvimus
1524 1611 1578 1659 et
1621 1604 1896 1660 debemus.
1928 1604 2060 1658 Nam

477 1699 546 1753 de
571 1699 746 1752 futuro
772 1711 868 1752 nos
897 1705 953 1752 et
976 1697 1116 1752 hunc
1159 1712 1370 1751 versum
1412 1696 1611 1753 debere
1655 1698 1950 1767 intelligere
1977 1713 2058 1752 se-

2448 407 2805 465 EXPOSITIO
2849 408 2912 464 IN
2959 408 3284 465 PSALMUM
3334 407 3461 462 LVI.

2166 497 2229 552 In
2279 499 2466 566 finem,
2515 516 2575 552 ne
2610 501 2876 568 disperdat
2915 485 3083 555 Dauid
3123 502 3176 554 in
3213 501 3346 554 tituli
3389 499 3743 568 inscriptione,

2382 587 2493 621 cum
2522 570 2719 640 {ngeret
2747 588 2778 625 α
2802 573 2933 642 facie
2963 572 3096 628 Saul
3121 573 3174 627 in
3203 572 3520 642 speluncam.

2235 679 2333 733 Per
2353 681 2508 746 ﬁnem
2530 682 2836 754 frequenter
2854 683 3095 739 diximus
3117 684 3400 739 Dominum
3417 681 3708 752 significari
3729 716 3750 751 -,

2163 773 2284 841 Quia
2317 775 2428 844 ipsa
2456 787 2542 832 est
2571 787 2749 835 nostra
2777 781 3034 848 perfectio
3061 781 3128 836 ad
3155 781 3328 852 ipsum
3373 780 3602 837 feliciter
3629 796 3754 850 per-

2165 871 2368 924 venre.
2419 870 2550 926 Nam
2580 872 2719 928 sicut
2757 888 2878 928 cum
2919 874 3207 929 terminum
3249 873 3492 944 attigeris
3543 873 3758 928 itineris

2162 957 2443 1028 destinati,
2470 961 2655 1017 labore
2687 963 2837 1018 linito
2867 966 2917 1018 in
2947 964 3067 1019 loco
3094 963 3594 1020 desiderantissimo
3621 979 3758 1018 con-

2161 1049 2416 1118 quiescis,
2453 1053 2519 1106 ita
2567 1068 2688 1108 cum
2726 1052 2792 1106 ad
2837 1040 3114 1109 Dominum
3146 1055 3391 1120 veneris,
3421 1055 3650 1110 ulterius
3686 1056 3756 1106 nil

2162 1145 2426 1214 requires.
2483 1144 2563 1200 Ne
2604 1145 2875 1214 disperde:
2918 1146 3103 1202 David.
3152 1147 3470 1203 Prohibetur
3515 1146 3691 1201 David
3727 1161 3755 1200 a

2165 1235 2324 1292 Saule
2352 1235 2619 1305 disperdi,
2646 1237 2735 1306 qui
2771 1237 2837 1291 ad
2879 1255 3098 1308 regnum
3132 1238 3306 1294 fuerat
3333 1238 3609 1293 voluntate
3655 1239 3756 1292 Do-
3793 1277 3806 1291 .

2165 1325 2292 1381 mini
2326 1337 2684 1395 imparatus,
2713 1329 2852 1384 sicut
2896 1328 3091 1384 factum
3123 1345 3242 1386 esse
3272 1330 3616 1386 manifestum
3650 1340 3755 1384 est.

2163 1416 2435 1485 Sequitur,
2471 1417 2533 1471 In
2566 1420 2699 1472 tituli
2723 1420 3074 1488 inscriptione.
3101 1421 3212 1475 Hoc
3238 1436 3341 1476 non
3367 1420 3553 1484 David,
3584 1420 3685 1475 sed
3703 1420 3754 1474 in

2165 1509 2412 1576 passione
2434 1509 2650 1563 Christo
2675 1509 2901 1565 Domino
2929 1512 3260 1580 provenisse,
3287 1512 3626 1566 manifestum
3647 1523 3754 1576 εει,

2163 1611 2231 1651 ne
2266 1611 2296 1651 a
2339 1597 2528 1652 Pontio
2578 1598 2748 1655 Pilato
2788 1601 3020 1670 scriptus
3061 1602 3248 1657 titulus
3279 1610 3594 1656 mutaretur.
3645 1599 3756 1656 Sed

2161 1687 2284 1758 quia
2310 1689 2540 1744 diximus
2566 1706 2848 1760 personam
2873 1693 3084 1749 Domini
3109 1693 3276 1748 nostri
3301 1693 3594 1749 Salvatoris
3621 1708 3756 1762 por-

477 1790 694 1860 queutia
738 1789 1143 1856 demonstrant,
1194 1803 1313 1858 quas
1363 1788 1488 1843 huic
1535 1788 1736 1844 mundo
1788 1798 2058 1858 nequeunt
2093 1787 2138 1847 Β
2165 1787 2306 1835 lasso
2336 1779 2498 1836 David
2525 1821 2542 1847 .
2577 1782 2677 1838 hoc
2709 1800 2847 1838 nunc
2889 1785 2958 1840 de
2985 1785 3100 1856 ipso
3127 1785 3357 1850 dicitur,
3388 1785 3532 1855 quod
3559 1787 3760 1840 eratin

479 1884 740 1938 ullatenus
769 1882 1074 1938 convenire.

550 1973 703 2030 Vera.
731 1973 815 2029 12.
841 1973 1096 2042 Quoniam
1111 1975 1342 2046 eripuisti
1363 1977 1590 2030 animum
1607 1991 1770 2029 meam
1785 1977 1850 2029 de
1872 1984 2054 2040 morte,

475 2067 650 2120 oculos
674 2082 807 2119 meos
833 2082 864 2136 ᾳ
884 2065 1144 2136 lacrymis,
1175 2075 1221 2121 et
1241 2067 1393 2137 pedes
1414 2083 1552 2121 meos
1576 2083 1608 2120 a
1637 2065 1804 2135 lapsu.
1831 2063 2056 2122 Causam

479 2156 654 2212 reddit
683 2171 778 2212 cur
813 2162 935 2210 vota
965 2155 1133 2212 laudis
1161 2157 1234 2211 sit
1261 2157 1361 2226 piis
1408 2157 1862 2212 immolationihus
1903 2157 2057 2213 obla-

479 2257 628 2313 tura,
672 2247 876 2302 scilicet
918 2246 1042 2317 quia
1071 2247 1259 2317 eripuit
1303 2248 1530 2302 animam
1563 2248 1742 2317 populi
1788 2249 1962 2304 fidelis
1997 2250 2060 2301 de

477 2348 639 2394 morte
668 2347 945 2408 perpetua.
973 2338 1102 2404 Quae
1140 2337 1304 2408 figura
1333 2337 1525 2394 dicitur
1559 2339 1820 2411 aetiologia
1839 2383 1855 2408 ,
1885 2339 1937 2394 id
1977 2351 2060 2396 e5t

477 2446 652 2486 causa:
685 2430 930 2486 redditio.
962 2430 1030 2484 Et
1071 2429 1206 2486 bene
1247 2444 1397 2484 suam
1428 2431 1655 2487 animam
1681 2439 1866 2486 sancta
1893 2441 2062 2487 mater

477 2540 509 2576 a
532 2530 692 2576 morte
719 2521 851 2576 dicit
887 2529 1147 2590 ereptam,
1176 2536 1296 2590 qua:
1336 2520 1564 2578 ﬁliorum
1593 2521 1907 2579 liberatione
1926 2538 2059 2594 gau-

477 2613 655 2670 debat.
685 2611 956 2682 Sequitur,
989 2612 1164 2668 oculos
1185 2628 1321 2668 meos
1341 2630 1374 2666 a
1397 2612 1660 2685 lacrymis,
1683 2623 1730 2669 et
1753 2614 1903 2682 pedes
1922 2629 2062 2668 meos

471 2695 508 2758 ia
530 2706 698 2777 lapsu.
728 2705 961 2775 Singulis
984 2703 1189 2775 singula
1212 2703 1406 2760 reddit.
1430 2704 1665 2760 Animam
1687 2704 1816 2760 dicit
1835 2713 2061 2776 ereptam

477 2796 541 2850 de
561 2805 738 2863 morte,
766 2797 940 2850 oculos
969 2813 1000 2848 a
1026 2795 1268 2864 lacrymis
1286 2839 1300 2864 ,
1330 2796 1484 2865 pedes
1514 2811 1642 2852 vero
1677 2812 1709 2850 a
1751 2797 1923 2866 lapsu.
1958 2796 2061 2854 Sed

478 2889 591 2942 hzec
623 2887 720 2942 tria
747 2887 797 2942 in
831 2886 1007 2942 futuro
1035 2888 1232 2942 sacculo
1265 2888 1680 2958 praestabuntur,
1715 2889 1928 2959 quando
1952 2888 2062 2958 jam

477 2997 577 3036 nec
597 2983 774 3035 anima
805 2981 1074 3050 peccando
1095 2981 1375 3048 morietur,
1409 2996 1507 3037 nec
1528 2980 1667 3034 oculi
1695 2983 1832 3034 mala
1853 2997 1947 3036 sua
1971 2981 2066 3037 de-

479 3074 702 3140 llebunt,
737 3088 835 3128 nec
867 3074 1016 3142 pedes
1048 3073 1312 3129 labentur.
1355 3071 1484 3127 Nam
1526 3071 1612 3128 hic
1652 3073 1737 3126 cui
1787 3072 2062 3128 beatorum

2161 1872 2355 1928 Christi
2385 1875 2596 1930 Domini
2625 1879 2870 1943 passione
2899 1877 3198 1932 faciendum
3230 1896 3241 1930 :
3269 1895 3338 1930 ne
3373 1878 3759 1944 disperderetur

2163 1963 2328 2020 David
2359 1967 2426 2022 de
2465 1983 2630 2038 regno
2675 1969 2961 2038 deputata,
2995 1972 3132 2026 sicut
3173 1987 3268 2026 nec
3300 1973 3387 2025 illa
3425 1971 3636 2026 Domini
3667 1987 3762 2038 po-

2165 2059 2261 2114 tuit
2294 2060 2432 2115 tituli
2467 2062 2741 2131 inscriptio
2769 2065 3111 2117 commutari.
3142 2064 3381 2129 Addidit,
3417 2079 3533 2116 eum
3561 2065 3763 2134 fugeret

2163 2167 2194 2204 a
2235 2151 2368 2219 facie
2409 2151 2541 2206 Saul
2580 2153 2634 2206 in
2673 2151 2994 2221 speluncam.
3031 2155 3195 2208 Actus
3235 2153 3336 2208 iste
3366 2163 3420 2208 et
3470 2152 3635 2206 David
3659 2193 3674 2217 ,
3709 2162 3762 2206 et

2133 2240 2392 2297 'Domino
2440 2243 2667 2297 multum
2703 2243 2911 2298 videtur
2935 2259 3056 2298 esse
3097 2245 3412 2300 consimilis.
3456 2243 3589 2298 Nam
3619 2245 3764 2298 sicut

2167 2333 2328 2389 David
2359 2334 2572 2391 Saulcm
2601 2336 2806 2406 fugiens
2845 2337 2898 2391 in
2954 2337 3206 2408 spelunca
3246 2353 3306 2393 se
3345 2337 3650 2404 abscondit,
3689 2337 3762 2394 ita

2165 2437 2217 2482 et
2256 2425 2465 2482 Domini
2507 2427 2799 2483 Salvatoris
2830 2430 3002 2484 deitas
3031 2430 3169 2486 intra
3217 2429 3474 2498 templum
3514 2430 3764 2498 corporis

2165 2519 2245 2572 sui
2285 2517 2484 2574 ,Ιιιιιωὶε
2519 2519 2738 2586 perfidis
2785 2520 2946 2575 fuisse
2989 2511 3248 2590 probatur
3288 2521 3624 2575 abscondita.
3673 2521 3764 2576 Sic

2165 2609 2373 2680 singula
2404 2625 2523 2681 qua:
2551 2611 2620 2666 de
2657 2611 2823 2667 David
2866 2623 2918 2667 et
2962 2613 3175 2667 Christo
3206 2623 3568 2683 provenerunt
3601 2615 3762 2679 facta,

2167 2701 2271 2756 illis
2293 2713 2414 2757 sunt
2444 2705 2541 2758 sub
2573 2706 2670 2758 hac
2696 2705 2959 2760 allusione
2983 2706 3310 2760 communia.
3341 2706 3472 2773 Qua:
3503 2706 3764 2776 imagines

2169 2809 2347 2848 rerum
2380 2795 2434 2849 in
2463 2795 2562 2850 hoc
2594 2796 2748 2852 titulo
2779 2797 2898 2853 ideo
2928 2797 3247 2866 praeludunt,
3279 2798 3402 2866 quia
3447 2805 3588 2851 tutus
3617 2797 3764 2867 psal-

2171 2902 2288 2943 mus
2314 2887 2380 2944 de
2409 2888 2615 2943 Domini
2662 2891 2910 2959 passione
2937 2890 3182 2944 dicturus
3207 2899 3310 2945 est.
3349 2889 3442 2944 Sic
3481 2891 3625 2944 enim
3674 2889 3766 2945 ills

2172 2978 2532 3033 truculentum
2557 2977 2808 3048 Saulem,
2835 2981 2974 3035 sicut
3015 2981 3117 3035 iste
3161 2979 3375 3036 Judaios
3407 2982 3765 3052 nequissimos

2171 3068 2494 3138 perferebat.
2528 3070 2750 3140 Oportet
2781 3071 2942 3140 igitur
2971 3072 3278 3128 meminisse
3325 3074 3588 3142 psalmum
3621 3073 3766 3127 hunc

479 3164 652 3219 aufert
697 3164 990 3236 laerymas,
1020 3177 1143 3217 cum
1193 3162 1306 3233 ipse
1351 3163 1496 3217 dicat
1528 3180 1540 3217 :
1572 3161 1718 3216 Beati
1746 3162 1832 3230 qui
1866 3163 2062 3232 lugent,
2091 3164 2136 3226 C
2169 3159 2413 3229 quintum
2443 3175 2565 3216 esse
2594 3160 2808 3216 illorum
2838 3164 2926 3232 qui
2976 3166 3276 3232 passionem
3317 3175 3370 3218 et
3411 3166 3767 3221 resurrectioo

479 3247 715 3325 quoniam
753 3256 851 3325 ipsi
880 3253 1278 3310 consolabuntur
1303 3252 1520 3325 (Matth.
1555 3269 1604 3319 v,
1639 3251 1736 3324 5)?
1767 3252 1876 3308 Nec
1908 3251 2068 3322 pedes

481 3350 744 3420 iustorum
789 3347 842 3400 in
875 3347 980 3401 isto
1021 3345 1220 3400 sreculo
1251 3361 1281 3398 a
1316 3345 1479 3414 ‘lapsu
1533 3343 1825 3400 redduntur
1863 3343 2020 3398 alieni
2051 3382 2066 3410 ,

481 3437 602 3508 quia
635 3437 760 3492 dunt
791 3436 844 3491 itt
878 3437 977 3492 hoc
1007 3434 1206 3490 mundo
1235 3433 1510 3490 ambulant
1531 3475 1544 3500 ,
1577 3447 1792 3502 semper
1833 3434 1884 3488 in
1917 3433 2066 3503 lapsu

482 3539 640 3596 sunt;
671 3529 765 3584 sed
795 3527 972 3582 divina
1022 3525 1388 3581 misericordia
1427 3525 1788 3591 continentur,
1819 3526 1961 3579 sicut
1991 3523 2066 3578 le-

483 3623 658 3692 gitur:
685 3620 882 3691 Septies
900 3619 1036 3674 cadit
1048 3620 1242 3692 justus,
1267 3630 1309 3674 et
1332 3620 1546 3688 resurgit
1570 3617 1754 3688 (Prov.
1781 3633 1925 3682 xxiv,
1955 3617 2063 3685 16).

554 3712 703 3768 Vcrs.
737 3712 824 3769 15.
859 3710 926 3767 Ut
969 3712 1197 3781 placeam
1225 3726 1399 3764 coram
1449 3709 1552 3763 Deo
1596 3711 1646 3762 in
1679 3709 1867 3763 lumine
1896 3709 2064 3762 viren-

484 3809 631 3862 tium.
685 3805 822 3862 Dicit
851 3804 1318 3876 quemadmodum
1379 3801 1602 3856 Domino
1651 3800 1850 3872 placere
1904 3799 2070 3870 possit

486 3899 728 3957 Ecclesia
775 3899 834 3954 in
861 3895 1291 3953 manilestatione
1334 3904 1676 3960 Sanctorum,
1707 3894 1808 3947 hoc
1855 3904 1963 3958 est,
2013 3892 2067 3946 in

483 3993 674 4048 lumine
701 3991 991 4056 viventium,
1049 3991 1101 4044 in
1126 3989 1320 4059 quibus
1363 3990 1475 4058 ipsa
1526 3984 1772 4055 pulchra,
1802 3987 1912 4055 ipsa
1952 3985 2067 4040 sine

482 4086 688 4140 macula
711 4123 726 4150 ,
771 4084 884 4154 ipsa
926 4080 1167 4138 redditur
1195 4082 1310 4136 sine
1338 4097 1486 4151 ruga.
1534 4078 1800 4149 Quidquid
1835 4079 1979 4134 enim
2014 4079 2065 4134 in

483 4176 590 4232 illis
619 4175 892 4241 acciderit,
917 4173 968 4229 in
999 4173 1145 4228 vultu
1175 4172 1330 4228 istius
1353 4171 1630 4227 elucescit.
1655 4170 1805 4226 Sicut
1835 4169 2066 4225 hominis

483 4281 614 4322 sana
645 4265 850 4320 viscera
891 4263 1120 4320 reddunt
1158 4263 1768 4333 facicmpulebrioretn;
1799 4262 1936 4317 sicut
1970 4261 2067 4318 Sa.

461 4357 668 4412 'lomon
705 4355 836 4410 dicit
877 4355 898 4426 (
929 4354 1083 4410 Prov.
1119 4371 1207 4423 xv,
1244 4355 1354 4425 15)
1389 4373 1401 4410 :
1435 4353 1612 4409 Cordo
1645 4354 1859 4409 laetante
1890 4355 2066 4409 vultus

484 4448 641 4506 ﬂoret
675 4464 688 4502 :
728 4446 800 4502 ita
840 4446 950 4502 oris
992 4455 1190 4502 sancta:
1236 4447 1488 4501 Ecclesiae
1530 4446 1692 4501 decus
1741 4446 2064 4517 aspergitur,

481 4541 626 4613 quod
656 4541 707 4598 in
735 4541 1012 4596 beatorum
1045 4538 1251 4594 meritis
1279 4537 1568 4594 invenitur.

1023 4679 1294 4735 Conclusio
1321 4681 1524 4748 psalmi.

547 4809 772 4876 Peracta
803 4827 927 4874 sunt
965 4818 1127 4873 verba
1169 4825 1368 4872 sanctae
1413 4816 1630 4886 virginis
1661 4826 1713 4871 et
1751 4819 1936 4872 matris
1968 4816 2067 4872 Ec-

469 4910 681 4965 clesiae.
715 4909 806 4963 Illa
843 4907 988 4964 enim
1019 4921 1120 4962 nos
1160 4907 1466 4976 incorrupta
1509 4916 1758 4977 generat,
1791 4907 1879 4962 illa
1919 4916 2068 4962 casto

481 5007 638 5055 utero
660 4997 926 5067 profundit
949 4997 1002 5052 in
1027 5006 1336 5068 perpetuam
1358 4997 1550 5052 lucem.
1580 4998 1685 5051 Sed
1716 4998 1915 5052 utinam
1938 5012 2066 5067 qua-

479 5089 566 5150 les
608 5087 927 5156 baptismate
979 5089 1069 5143 illa
1113 5097 1365 5158 generat,
1421 5087 1553 5144 tales
1606 5101 1703 5144 nos
1753 5089 1875 5143 vitae
1915 5087 2070 5158 hujus

483 5180 746 5235 terminus
789 5178 1054 5235 inveniret
1085 5181 1098 5234 l
1133 5194 1199 5234 ne
1249 5179 1543 5234 habeamus
1589 5193 1711 5234 cum
1745 5179 1939 5249 populo
1969 5193 2071 5236 ne-

479 5269 800 5328 fandissimo
819 5271 1142 5342 portionem,
1158 5274 1249 5341 qui
1276 5271 1437 5342 (sicut
1459 5271 1644 5326 titulus
1659 5270 1809 5340 dicit)
1827 5287 1854 5324 a
1871 5273 2072 5328 sanctis

480 5363 638 5433 longe
667 5361 867 5420 divisus
891 5371 995 5420 e-‘t.
1027 5363 1276 5431 Quinimo
1305 5363 1541 5418 torcular
1580 5375 1678 5417 nos
1710 5362 1862 5417 istius
1888 5365 2072 5421 surculi

480 5457 775 5530 gaudentes
802 5467 1031 5527 premat,
1059 5466 1116 5512 ut
1142 5459 1361 5526 copiosa
1387 5457 1455 5512 de
1497 5455 1652 5510 nobis
1695 5457 1816 5511 vina
1850 5458 2069 5525 prufun-
2109 5502 2116 5506 .

478 5549 589 5602 dat.
619 5549 816 5606 Afﬂicti
845 5566 972 5622 ergo
999 5552 1198 5620 gratias
1226 5565 1468 5619 agamus.
1501 5550 1804 5604 contristati
1854 5551 2073 5608 minime

479 5641 845 5709 desperemus,
881 5645 1096 5714 quando
1126 5643 1213 5696 illa
1240 5648 1504 5696 tormenta
1537 5649 1783 5710 prosunt,
1825 5656 1942 5712 quae
1976 5658 2072 5700 nos

480 5731 546 5789 ad
580 5737 793 5806 praemia
823 5739 980 5795 beata
1013 5737 1332 5808 perducunt.

2174 3265 2296 3308 nem
2329 3251 2538 3307 Domini
2570 3253 2668 3308 sub
2702 3254 2958 3310 brevitate
2996 3269 3435 3312 commemorant.

2725 3371 2944 3430 'Divisio
2972 3376 3176 3448 psalmi.

2250 3488 2503 3544 Dominus
2541 3488 2788 3546 Christus
2837 3491 2889 3546 in
2921 3491 3090 3558 primo
3116 3492 3306 3547 ordine
3333 3491 3524 3560 psalmi
3552 3501 3675 3550 orat
3701 3493 3766 3548 de

2171 3597 2265 3636 sua
2313 3583 2560 3652 passione
2594 3583 2892 3652 sollicitus,
2935 3585 3226 3640 secundum
3275 3583 3327 3639 id
3371 3583 3514 3652 quod
3549 3595 3765 3653 prapter

2173 3687 2272 3728 nos
2296 3673 2455 3728 homo
2483 3675 2596 3728 ﬁeri
2627 3676 2982 3736 inaestimabili
3029 3677 3222 3746 pietate
3249 3676 3496 3745 dignatus
3529 3686 3636 3731 est.
3670 3676 3766 3730 Fa-

2171 3773 2288 3820 ctus
2301 3765 2448 3820 enim
2473 3772 2557 3834 (ut
2581 3759 2651 3820 ita
2679 3765 2942 3837 dixerim)
2961 3768 3279 3824 bumauatns
3304 3771 3461 3834 Deus,
3489 3771 3582 3839 qui
3606 3771 3769 3826 etiam

2173 3858 2224 3912 in
2253 3861 2615 3927 assumptione
2646 3853 2820 3916 carnis
2853 3863 2990 3917 Dcus
3019 3877 3137 3918 esse
3177 3879 3280 3918 non
3311 3865 3549 3929 destitit;
3583 3865 3768 3920 incoa-

2173 3954 2428 4010 vertibilis
2457 3970 2698 4018 mancus.
2726 3963 3002 4024 assumpto
3027 3958 3361 4014 convertibili
3397 3958 3645 4027 homine,
3679 3976 3768 4012 na-

2174 4054 2346 4100 turam
2377 4060 2526 4100 suam
2558 4062 2662 4100 non
2693 4048 2959 4117 minuens,
3000 4050 3093 4104 sed
3123 4050 3490 4104 conditionem
3526 4053 3767 4107 mortali-

2173 4136 2293 4192 tatis
2323 4136 2583 4191 exaltans.
2620 4135 2764 4192 Unus
2806 4138 2951 4192 enim
2999 4148 3161 4208 atque
3203 4138 3342 4194 idem
3379 4149 3461 4194 est
3506 4125 3768 4196 Dominus

2171 4227 2445 4292 Christus,
2475 4228 2562 4297 qui
2591 4239 2644 4283 et
2691 4231 2740 4282 in
2777 4229 2868 4284 Dei
2913 4229 3083 4284 forma
3115 4239 3365 4300 Operatus
3392 4239 3476 4285 est
3507 4233 3768 4287 miracula

2171 4331 2359 4386 magna
2411 4317 2659 4386 virtutis,
2707 4328 2762 4372 ct
2804 4319 3058 4374 informa
3100 4321 3241 4376 servi
3289 4311 3454 4376 subiit
3503 4325 3768 4378 stevitiam

2173 4410 2451 4479 passionis.
2483 4410 2730 4464 Secundo
2754 4411 2942 4466 ordine
2967 4413 3384 4468 resurrectionis
3404 4427 3518 4470 suae
3539 4416 3767 4486 gloriam

2102 4544 2146 4602 υ
2174 4501 2432 4571 stupenda
2460 4503 2714 4558 varietate
2742 4503 3016 4558 describit.
3040 4505 3223 4559 Tertio
3248 4514 3371 4575 post
3396 4505 3768 4563 beatissimam

2178 4607 2422 4648 resurrec
2449 4593 2649 4658 ionem,
2676 4593 2856 4650 laudes
2878 4609 2938 4648 se
2964 4596 3103 4650 Patri
3135 4592 3362 4652 Domino
3388 4606 3617 4654 cantare
3649 4617 3768 4671 pro.

2179 4683 2368 4749 mittit;
2401 4698 2519 4753 quae
2552 4681 2788 4740 membra
2833 4684 3198 4756 diaplasmatis
3255 4703 3474 4759 quoque
3523 4690 3765 4761 interpo-

2180 4775 2374 4830 sitione
2403 4781 2735 4844 separantur.

2627 4897 2782 4967 190
2811 4894 3078 4968 Expositio
3105 4897 3312 4966 psalmi.

2248 5010 2396 5066 Vers.
2429 5012 2474 5063 1.
2507 5010 2750 5066 Miserere
2769 5012 2889 5076 mei,
2917 5011 3074 5079 Deus,
3099 5014 3336 5068 miserere
3362 5015 3501 5069 mei:
3523 5019 3767 5086 quoniam

2173 5102 2224 5154 in
2249 5112 2295 5156 te
2313 5102 2524 5171 conﬁdit
2546 5102 2721 5155 anima
2742 5119 2876 5156 mea.
2899 5102 3146 5158 Christus
3165 5104 3423 5160 Dominus
3443 5105 3766 5161 humanatus

2174 5190 2366 5250 clamat
2385 5195 2449 5247 ad
2475 5193 2704 5260 Patrem,
2730 5209 2795 5248 ex
2822 5210 2887 5249 eo
2907 5195 3049 5263 quod
3081 5195 3310 5250 futuram
3336 5197 3527 5250 metuit
3557 5198 3766 5266 pas<io~

2176 5299 2332 5351 nem;
2384 5293 2442 5338 ut
2477 5285 2720 5355 quamvis
2763 5285 3119 5340 voluntariam
3159 5287 3464 5356 susciperet
3509 5297 3763 5354 mortem,

2177 5375 2369 5429 animae
2397 5387 2508 5429 suae
2531 5373 2829 5430 declararet
2868 5373 3117 5430 absolute
3153 5375 3517 5432 formidinem.
3555 5378 3764 5435 Miseri-

2176 5463 2412 5520 cordiam
2441 5463 2571 5534 petit
2601 5464 2692 5519 Dei
2725 5464 2910 5532 Filius,
2942 5467 3032 5536 qui
3063 5465 3350 5523 miseretur
3371 5471 3646 5534 omnibus,
3677 5470 3761 5540 qui

2178 5565 2319 5610 tanta
2369 5556 2433 5609 ad
2487 5571 2584 5610 nos
2633 5555 2939 5610 liberandos
2990 5557 3290 5615 humilitate
3338 5561 3650 5629 descendit,
3710 5572 3762 5613 ut

2179 5665 2338 5704 unum
2363 5666 2425 5703 ex
2456 5650 2698 5704 fidelibus
2720 5650 2954 5705 clamare
2973 5660 3148 5720 putes,
3171 5654 3312 5720 quod
3331 5655 3555 5711 Creator
3579 5656 3758 5710 mundi

2179 5749 2463 5812 assumpta:
2506 5743 2683 5797 carnis
2729 5739 3043 5800 infirmitate
3091 5742 3429 5815 deprecatur.
3479 5745 3616 5803 Nam
3643 5762 3755 5805 cum
