4020 6348
250 452 360 515 ιοι

1216 462 1578 520 EXPUSlTlO
1617 462 1681 519 IN
1723 462 2183 521 l’SAL'l‘ElllUM.
2230 466 2422 523 PS.\L.
2467 467 2593 525 LVI.

3432 471 3541 529 402

249 571 385 627 dicit
420 590 431 625 :
467 567 714 628 Miserere
758 573 893 642 mei,
928 572 1096 642 Deus,
1146 579 1378 633 miserere
1430 580 1557 645 mei,
1605 579 1851 649 repetitio
1882 583 1927 642 Α
1957 596 2137 649 gnere,
2162 580 2612 638 videruntﬁdclcs
2632 583 2855 653 populos
2874 584 2937 638 de
2959 584 3122 651 ip'sins
3146 570 3545 643 resurrectione

250 665 355 719 ista
390 664 686 734 periculum
721 664 913 721 futura:
960 671 1148 723 mortis
1197 668 1465 736 ostendit,
1499 679 1556 725 ut
1585 684 1727 739 saepe
1763 685 1850 738 po-

249 766 431 812 sceret
460 758 876 813 resurrectionis
922 759 1237 815 miraculum
1262 802 1275 823 ,
1304 761 1393 831 qui
1425 761 1705 816 subiturus
1741 766 1855 817 erat

251 847 570 904 discrimina
601 850 890 919 passionis.
914 852 1187 923 Sequitur,
1209 854 1452 923 quoniam
1476 853 1529 907 in
1555 864 1600 908 te
1636 854 1852 923 conﬁdit

250 945 427 999 anima
466 961 594 999 mea.
629 945 815 1001 Oratio
846 947 944 1001 ista
997 946 1167 1002 forma
1218 946 1452 1004 ﬁdelium
1501 958 1618 1014 est,
1667 958 1726 1002 ut
1763 947 1851 1016 qui

251 1050 480 1109 propter
505 1037 736 1093 salutem
768 1048 1004 1094 nostrain
1032 1039 1155 1094 talia
1186 1040 1425 1108 pertulit,
1451 1038 1853 1120 precationibqs

254 1148 475 1204 quoque
505 1149 603 1190 nos
628 1134 740 1189 suis
770 1133 886 1202 pius
932 1133 1122 1187 doctor
1151 1133 1461 1187 instrueret.
1502 1132 1684 1185 Oravit
1708 1132 1851 1185 enim

252 1234 315 1278 ut
338 1224 580 1295 regulam
614 1224 770 1281 nobis
791 1234 991 1278 sanctae
1014 1224 1271 1278 orationis
1293 1221 1621 1279 OStenderet.
1657 1221 1851 1277 Passus

250 1324 343 1373 est
373 1326 589 1387 propter
622 1331 749 1384 nos,
796 1324 852 1370 ut
882 1314 1058 1370 nullus
1089 1329 1187 1384 pro
1234 1314 1350 1383 ipso
1396 1313 1503 1384 pati
1535 1313 1673 1368 velle
1714 1313 1853 1366 rein.

208 1400 211 1403 ’
249 1406 387 1477 giat.
421 1405 761 1473 Resurrexit,
793 1414 850 1460 ut
880 1407 944 1459 ad
977 1405 1427 1461 resurrectionem
1451 1419 1662 1474 quoque
1687 1404 1852 1473 ipsius

250 1510 382 1565 Spes
403 1511 462 1551 se
486 1506 681 1552 nostrae
704 1495 1032 1551 inﬁrmitatis
1054 1494 1327 1550 extendat.
1351 1495 1440 1549 Ille
1461 1498 1603 1549 enim
1631 1497 1850 1549 istarum

249 1604 439 1645 rerum
481 1589 689 1661 indigus
717 1605 820 1645 non
852 1590 978 1656 luit,
1013 1590 1107 1646 sed
1140 1593 1319 1646 omnia
1347 1604 1506 1644 causa
1541 1599 1737 1644 nostrae
1768 1605 1852 1644 sa-

254 1680 389 1736 lutis
417 1681 639 1750 excepit.

335 1772 487 1826 Vers.
516 1769 571 1827 2.
596 1769 664 1823 Et
693 1771 745 1824 in
768 1771 946 1824 umbra
967 1772 1169 1825 alarum
1197 1781 1401 1826 tuarum
1430 1773 1665 1845 sperabo,
1694 1773 1854 1825 donec

250 1870 482 1917 transeat
509 1862 768 1932 iniquitas.
806 1862 1168 1933 Intelligamus
1196 1864 1457 1918 orationis
1489 1864 1643 1918 istius
1674 1865 1849 1931 puris-

1957 671 2205 743 gaudere.
2245 673 2484 729 Dedecus
2516 675 2655 728 enim
2687 690 2841 731 suum
2872 675 3072 745 iudicat
3102 678 3241 732 mala
3265 682 3541 735 consciené

1959 764 2061 829 tia,
2100 764 2312 834 quando
2361 767 2572 835 propria
2601 781 2703 821 non
2746 767 2890 824 videt
2936 766 3141 837 imp‘leri
3178 783 3332 839 posse
3360 769 3548 845 dispo-

1958 869 2121 927 Sila.-

2032 948 2179 1003 Vers.
2209 948 2258 1003 5.
2289 949 2432 1005 Misit
2455 949 2593 1006 Deus
2616 938 3013 1007 misericordiam
3047 969 3191 1007 suam
3218 964 3262 1008 et
3286 956 3545 1010 ueritatem

1954 1058 2114 1095 suain.
2150 1040 2374 1097 ianuam
2400 1044 2649 1098 secunda:
2682 1060 2760 1111 pax
2779 1047 2843 1097 tis
2867 1045 3177 1115 ingreditur.
3205 1045 3334 1100 Nam
3358 1062 3549 1117 quam-

1958 1132 2036 1183 vis
2072 1134 2123 1184 in
2157 1134 2416 1201 superiori
2452 1149 2607 1189 versu
2640 1136 2831 1189 similia
2878 1136 3036 1190 verba
3069 1136 3285 1203 dixerit,
3313 1137 3438 1194 hinc
3465 1148 3545 1193 ta-

1957 1237 2076 1275 men
2110 1221 2160 1275 in
2188 1222 2478 1291 gratiarum
2506 1226 2767 1281 actionem
2810 1225 3125 1294 prorumpit,
3160 1236 3215 1281 ut
3238 1242 3384 1296 spem
3430 1243 3545 1283 ere-

1955 1309 2193 1365 dentium
2222 1311 2287 1367 de
2317 1325 2414 1367 sua
2461 1316 2810 1383 prOSperitate
2841 1314 3099 1369 ﬁrmaret.
3137 1313 3274 1368 Misit
3302 1318 3443 1371 en’m
3475 1317 3544 1373 de

1956 1401 2110 1457 Patre
2133 1402 2283 1469 dicit,
2303 1404 2442 1473 quod
2466 1404 2529 1459 ad
2557 1405 2937 1460 humanitatem
2962 1416 3264 1481 susceptam
3290 1410 3540 1475 pertinet,

1955 1495 2094 1550 sicut
2132 1506 2185 1550 et
2221 1498 2270 1549 in
2306 1497 2597 1567 Evangelio
2637 1499 2747 1553 ait:
2791 1498 2904 1552 Non
2956 1516 3067 1553 sum
3100 1500 3310 1565 missus,
3354 1501 3452 1553 nisi
3478 1503 3546 1553 ad

1957 1600 2067 1639 oves
2106 1602 2219 1652 qua:
2265 1588 2522 1655 perierunt
2567 1589 2750 1643 domus
2802 1587 2965 1643 Israel
3012 1597 3028 1659 (
3067 1589 3256 1645 Matth.
3296 1590 3476 1657 xv,‘24
3504 1594 3543 1659 ).

1959 1676 2313 1731 Misericordia
2340 1688 2423 1734 est
2442 1694 2589 1751 ergo,
2620 1680 2736 1750 quia
2765 1683 2994 1734 humano
3017 1680 3199 1757 generi
3224 1681 3273 1733 in
3300 1693 3543 1749 suscepta

1954 1782 2115 1823 carne
2163 1771 2505 1837 compatitur,
2540 1770 2667 1826 dum
2719 1773 2913 1825 clamat
2945 1790 2958 1826 :
3001 1770 3181 1836 Suule,
3211 1770 3393 1849 Saitle,
3428 1774 3547 1838 quid

1956 1876 2035 1912 me
2058 1861 2366 1931 persequeris
2398 1860 2416 1931 (
2443 1862 2555 1914 Act.
2587 1877 2660 1926 ιχ,
2688 1861 2721 1914 4
2745 1861 2802 1927 )?
2830 1864 2908 1919 vel
2942 1862 3022 1916 bis
3066 1862 3279 1917 similia.
3329 1862 3545 1935 Veritus,

248 1954 447 2008 simam
478 1954 840 2009 sanetitatem.
872 1954 1051 2008 Primo
1075 1968 1230 2009 versu
1263 1953 1509 2008 misereri
1542 1953 1642 2008 sibi
1671 1952 1849 2007 Domi-
1886 1953 1927 2011 Β
1956 1954 2207 2022 quoniam
2243 1954 2527 2025 unicuique
2560 1971 2652 2009 sua
2680 1955 2813 2010 facta
2844 1956 3107 2018 retribuit

248 2059 381 2100 num
431 2053 561 2099 ante
610 2044 793 2099 omnia
848 2045 1157 2114 postulavit.
1202 2044 1452 2101 Secundo
1500 2044 1631 2101 dicit
1681 2061 1845 2113 quare

249 2137 449 2194 debeat
499 2137 767 2193 obtinere.
825 2137 1008 2192 Tertio
1057 2138 1508 2209 quemadmodum
1562 2139 1731 2208 possit
1780 2139 1847 2193 ab

250 2232 557 2288 imminenti
623 2231 1000 2302 persecutione
1067 2232 1305 2288 liberari.
1366 2233 1581 2287 Alarum
1646 2234 1843 2289 etenim

258 2325 442 2378 umbra
481 2332 617 2379 tecta
664 2332 904 2379 materna
944 2334 1104 2391 sunt,
1145 2340 1262 2391 qua:
1314 2323 1488 2393 pullos
1540 2333 1754 2379 teneros
1795 2333 1848 2379 et

256 2418 627 2475 blandimento
655 2419 885 2488 quodam
929 2420 1136 2487 fovent,
1185 2433 1237 2475 et
1277 2422 1342 2476 ab
1374 2422 1609 2477 irruente
1640 2430 1846 2493 tempe-

249 2520 391 2567 state
417 2511 748 2568 custodiunt.
787 2511 895 2567 Sed
942 2513 1062 2581 quia
1114 2513 1223 2566 lucc
1277 2512 1567 2567 munimina
1595 2529 1846 2581 magnum

248 2603 514 2659 auxilium
545 2615 798 2659 materna:
830 2606 1043 2673 pietatis
1076 2604 1393 2669 ostendunt,
1427 2607 1548 2658 talis
1571 2621 1847 2674 compara-

249 2698 333 2751 tio
361 2694 667 2765 frequenter
691 2698 742 2751 in
768 2696 1060 2765 Scripturis
1086 2697 1286 2751 sanctis
1328 2697 1495 2762 posita
1548 2697 1845 2765 reperitur,

248 2790 400 2845 sicut
430 2789 681 2844 Dominus
702 2791 751 2843 in
780 2790 1075 2859 Evangelio
1106 2790 1232 2843 dicit
1256 2807 1267 2841 :
1293 2789 1605 2855 Jerusalem,
1633 2786 1848 2842 Jerusa-

248 2882 381 2945 lem,
409 2883 602 2950 quoties
630 2883 757 2935 volui
800 2897 1110 2953 congregare
1153 2881 1288 2947 [ilics
1333 2888 1467 2947 tuos,
1496 2882 1626 2957 sicut
1655 2880 1850 2949 gallina

246 2974 427 3042 pullos
454 2990 572 3029 suos
598 2975 687 3028 sub
716 2975 814 3027 alis
836 2974 963 3041 suis,
994 2984 1037 3027 et
1064 2972 1271 3026 noluisti
1294 2970 1507 3041 (Matth.
1542 2985 1694 3034 χχιιι,
1720 2971 1845 3037 37)!

248 3065 383 3133 Qua
414 3065 580 3135 ﬁgura
607 3065 807 3120 dicitur
844 3065 1119 3134 parabole,
1148 3063 1198 3118 id
1229 3071 1312 3119 est
1337 3064 1686 3131 comparatio,
1719 3078 1849 3129 qun-

253 3158 357 3213 ties
379 3158 474 3213 sibi
503 3172 590 3213 res
611 3174 809 3228 genere
835 3159 1124 3213 dissimiles
1144 3166 1543 3227 comparantur.
1569 3156 1843 3225 Sequitur,

252 3248 415 3302 donec
452 3258 679 3303 transeat
718 3250 977 3320 iniquitas.
1022 3249 1079 3304 In
1128 3250 1242 3320 ipsa
1289 3249 1687 3317 comparatione
1731 3264 1850 3316 per-

2022 2041 2176 2098 Vers.
2209 2041 2261 2097 6.
2298 2041 2502 2116 Eripuit
2533 2046 2755 2099 animam
2786 2064 2947 2111 meam
2976 2048 3040 2101 de
3068 2048 3228 2100 medio
3260 2046 3545 2102 catulorum

1951 2134 2182 2200 leonum;
2209 2134 2425 2189 dormivi
2451 2138 2801 2192 conturbatus.
2835 2138 3102 2193 Cruciﬁxo
3146 2154 3403 2207 corpore,
3432 2144 3545 2192 ant-

1950 2245 2083 2282 mam
2115 2243 2264 2283 suam
2297 2228 2425 2284 dicit
2455 2240 2679 2306 ereptam
2712 2247 2730 2285 :
2761 2231 2827 2289 de
2858 2247 2957 2303 qua
2999 2230 3234 2287 maxime.
3282 2247 3378 2290 nos
3411 2245 3547 2299 prm~

1950 2322 2078 2392 cipit
2126 2336 2245 2378 esse
2290 2324 2568 2397 sollicitos.
2620 2326 3005 2393 Totumenim
3051 2326 3104 2379 in
3154 2336 3268 2379 tuto
3310 2325 3548 2380 redditur

1953 2414 2164 2480 quando
2196 2413 2282 2468 illa
2312 2415 2569 2477 salvatur.
2607 2416 2867 2486 Resurget
2899 2415 3042 2471 enim
3074 2431 3270 2485 corpus
3296 2416 3361 2468 ad
3394 2415 3547 2484 spiri-

1952 2504 2145 2558 tualem
2170 2504 2410 2574 gloriam,
2437 2507 2481 2561 si
2505 2507 2590 2561 illa
2615 2523 2720 2561 non
2748 2508 2906 2564 luerit
2928 2496 3306 2563 obstinationis
3330 2505 3547 2562 vulnere

1949 2594 2205 2646 sauciata.
2237 2594 2444 2649 Catulos
2474 2596 2617 2651 enim
2651 2597 2857 2651 leonum
2904 2597 3113 2667 plebem
3160 2596 3428 2666 signiﬁcat
3459 2595 3548 2651 Ju-

1951 2682 2216 2749 dzeorum,
2251 2701 2408 2753 quam
2440 2687 2707 2756 principes
2748 2698 2802 2742 et
2829 2686 3138 2743 sacerdotes
3170 2685 3318 2741 ferali
3361 2685 3549 2740 volun-

1953 2784 2061 2829 tate
2086 2785 2416 2844 genuerunt;
2447 2784 2504 2830 ut
2549 2778 2729 2831 leones
2772 2778 2873 2831 sint
2916 2779 3006 2846 qui
3054 2776 3189 2831 mala
3229 2774 3453 2831 consilia
3480 2773 3549 2829 de

1902 2879 1911 2889 ·
1955 2882 2085 2921 itece
2130 2869 2336 2922 tibicini
2365 2878 2747 2924 tractaverunt.
2797 2868 2988 2933 Catuli,
3031 2882 3217 2923 eorum
3251 2867 3427 2937 populi
3457 2867 3547 2935 qui

1956 2973 2232 3028 perperam
2258 2960 2470 3014 inventa
2501 2959 2671 3015 secuti
2698 2970 2839 3014 sunt.
2885 2959 3134 3022 Addidit,
3168 2958 3384 3015 dormivi
3425 2974 3550 3011 con-

1954 3052 2205 3103 turbatus.
2243 3053 2381 3104 lllors
2412 3051 2620 3105 Domini
2652 3051 2880 3106 mirabili
2931 3049 3258 3121 proprietate
3288 3047 3549 3103 describi-

1955 3151 2062 3207 tur,
2094 3142 2179 3209 qui
2223 3142 2551 3195 canturbatus
2584 3141 2798 3196 fremitu
2827 3142 3167 3210 indecorum,
3197 3142 3376 3213 quiete
3406 3141 3549 3196 altis-

1954 3235 2086 3288 sima
2116 3235 2397 3288 dormiebat
2430 3250 2448 3286 :
2474 3233 2767 3289 ostendens
2798 3243 2903 3288 tam
2930 3234 3079 3307 nihil
3100 3232 3263 3289 fuiSSe
3300 3246 3549 3303 persecu-

249 3338 477 3404 gnansit,
520 3349 578 3393 ιιι
622 3337 723 3393 sub
762 3338 949 3394 eadem
997 3339 1177 3392 umbra
1223 3338 1624 3407 requiescere"
1676 3338 1848 3392 duncc
1879 3325 1922 3386 C
1956 3328 2153 3383 tionem
2174 3327 2480 3397 impiorum,
2504 3327 3180 3397 utoccisusperduceretur
3196 3326 3547 3384 adsomnum.

249 3430 452 3485 fervida
482 3430 724 3501 iniquitas
747 3438 1018 3486 aestuaret.

323 3521 483 3576 Vers.
510 3523 565 3577 '5.
594 3519 839 3577 Clamabo
866 3524 936 3575 ad
984 3520 1150 3576 Deum
1186 3522 1493 3577 altissimum
1516 3563 1531 3586 ,
1578 3522 1635 3574 D.
1655 3539 1739 3575 um
1764 3523 1851 3591 qui

250 3613 504 3685 benefecit
530 3612 677 3668 mihi.
705 3614 928 3684 Magnus
946 3613 1082 3668 ordo
1112 3614 1213 3682 pite
1239 3614 1584 3682 praedication
1607 3628 1633 3667 s
1670 3627 1849 3672 ostent-

248 3707 422 3772 ditur,
449 3707 516 3757 ad
538 3706 859 3759 Altissimum
888 3703 1143 3771 clamare,
1175 3707 1241 3761 ad
1273 3721 1429 3774 qttem
1464 3723 1568 3760 non
1600 3720 1729 3761 voce
1760 3721 1850 3758 Va-

250 3796 359 3859 lida
381 3835 397 3860 ,
427 3794 523 3849 sed
551 3798 780 3864 puritate
820 3796 1165 3855 conscientiae
1199 3797 1526 3865 pervenitur.
1577 3794 1851 3850 Clamabat

250 3886 343 3942 ille
368 3885 437 3941 ab
477 3886 808 3942 humanitate
838 3898 1110 3956 suscepta,
1133 3903 1161 3941 a
1190 3904 1295 3957 quo
1316 3901 1562 3955 superna:
1590 3898 1850 3941 creatura:

250 3989 410 4043 opem
439 3992 541 4029 non
564 3976 818 4031 dvsitmnt
845 3978 1135 4045 poswlare.
1173 3977 1307 4036 Nam
1336 3977 1475 4045 quod
1502 3977 1649 4041 dicit,
1686 3974 1848 4030 Deum

253 4068 342 4136 qui
392 4067 635 4136 benefccit
668 4068 812 4133 mihi,
846 4067 1088 4137 designat
1131 4068 1639 4126 excellentissimum
1678 4071 1842 4122 incar-

250 4162 491 4215 nationis
519 4177 809 4233 arcannm,
831 4162 971 4232 quod
1016 4164 1245 4215 humano
1273 4162 1457 4231 generi
1484 4161 1649 4230 gratia
1674 4161 1847 4217 divina

251 4251 516 4304 collatum
550 4264 667 4318 est.
883 4234 888 4239 ’

321 4338 481 4394 V’ers.
514 4341 562 4393 4.
600 4340 739 4407 illisit
767 4341 831 4393 de
857 4340 1003 4405 coelo,
1031 4350 1079 4395 et
1106 4340 1332 4395 liberavit
1360 4357 1436 4393 me
1453 4357 1472 4407 ;
1499 4341 1639 4395 dedit
1668 4342 1719 4396 in
1753 4358 1848 4413 op-

247 4431 518 4505 probrium
550 4432 906 4485 conculcantes
950 4446 1048 4485 me.
1082 4431 1279 4486 Natura
1311 4432 1658 4488 humanitatis
1700 4435 1846 4490 unita

246 4523 345 4578 Dei
376 4521 517 4587 Filio
539 4522 826 4587 conﬁtetur
852 4522 1130 4577 liberatam
1166 4538 1224 4578 se
1244 4525 1310 4577 ab
1339 4524 1570 4578 humana
1608 4523 1848 4595 imbecil-

246 4617 428 4680 litate,
459 4630 580 4685 quae
601 4624 721 4684 post
754 4616 1205 4670 resurrectionem
1246 4616 1438 4671 meruit
1466 4618 1724 4672 cmiorum
1758 4634 1845 4675 re-

1957 3418 2197 3475 Dormire
2231 3420 2371 3474 enim
2406 3435 2510 3473 non
2552 3429 2635 3474 est
2674 3421 2986 3485 conturbati,
3033 3419 3131 3475 ιιίδί
3178 3419 3322 3474 illius
3373 3418 3463 3490 qui
3497 3419 3548 3474 iu

1955 3527 2113 3567 cruce
2143 3511 2259 3581 posi
2286 3527 2348 3566 us
2367 3556 2381 3580 ,
2414 3513 2660 3580 spiritum
2690 3526 2784 3567 sua
2812 3512 3043 3569 reddidit
3071 3512 3347 3577 voluntate
3360 3554 3362 3557 -

2032 3602 2181 3657 Vers.
2207 3602 2261 3655 7.
2294 3599 2418 3656 Filii
2458 3602 2745 3669 hominum,
2779 3605 2961 3659 dentes
2996 3620 3174 3658 eorum
3202 3620 3345 3658 arma
3369 3613 3419 3659 et
3465 3621 3549 3659 δασ-

1952 3696 2112 3765 9ὶίιιε,
2146 3705 2193 3749 et
2238 3696 2413 3766 lingua
2442 3711 2615 3750 eorum
2656 3697 2858 3765 gladius
2905 3707 3106 3754 acutus.
3158 3697 3282 3752 Haec
3330 3695 3398 3752 de
3446 3696 3549 3752 illis

1952 3786 2083 3841 dicit
2129 3786 2220 3856 qui
2259 3786 2310 3840 in
2347 3800 2478 3842 nece
2526 3786 2739 3841 Domini
2785 3788 2947 3854 impia
2997 3789 3271 3841 voluntate
3311 3788 3545 3857 grassati

1953 3887 2095 3932 sunt.
2127 3875 2245 3945 Ipse
2272 3877 2415 3931 enim
2448 3879 2674 3947 exponit
2703 3878 2792 3948 qui
2841 3889 2964 3933 sunt
3004 3878 3091 3933 isti
3121 3878 3221 3947 ﬁlii
3254 3877 3545 3943 hominum,

1952 3985 2178 4040 quorum
2210 3970 2384 4023 dentes
2421 3969 2637 4025 luerunt
2666 3988 2811 4024 arma
2840 3983 2888 4025 et
2931 3972 3163 4041 sagitttc;
3188 3984 3373 4025 eorum
3405 3971 3556 4038 sciliv,

1951 4072 2037 4118 cet
2058 4064 2146 4132 qui
2180 4064 2340 4132 (sicut
2371 4063 2587 4133 legitur)
2619 4078 2779 4132 supra
2803 4080 2922 4117 eum
2954 4064 3202 4118 dentibus
3224 4056 3543 4129 stridebant,

1951 4154 2102 4222 Quod
2135 4169 2230 4222 per
2268 4153 2509 4223 quintam
2560 4154 2792 4222 speciem
2831 4154 3027 4208 dicitur
3069 4154 3395 4209 delinitionis
3423 4171 3543 4224 quae

1952 4244 2134 4299 Greece
2183 4244 2480 4313 appellatur
2509 4246 2636 4299 me
2661 4250 2748 4304 τήν
2786 4244 2946 4310 λέξιν,
2981 4243 3163 4299 Latine
3194 4244 3258 4298 ad
3293 4244 3540 4300 verbum.

1953 4334 2186 4405 Singulis
2216 4320 2359 4389 enim
2392 4333 2567 4390 verbis
2593 4335 2846 4390 delinitur
2878 4336 3005 4405 qud
3035 4336 3142 4390 sint
3173 4336 3344 4390 dentes
3375 4334 3545 4392 bomi-
3572 4377 3594 4397 .

1950 4440 2078 4479 num
2110 4425 2426 4483 furentium.
2453 4425 2503 4480 id
2530 4435 2608 4481 est
2647 4442 2791 4480 arma
2821 4436 2867 4480 et
2892 4429 3111 4497 sagittte.
3157 4428 3314 4481 Arma
3362 4427 3545 4483 retulit

1950 4519 2016 4574 ad
2036 4520 2263 4581 consilia
2294 4521 2559 4590 pessima;
2588 4522 2797 4593 sagittas
2824 4514 3074 4576 adverba
3113 4522 3325 4591 quidem
3360 4523 3544 4575 volan-

1953 4612 2045 4682 tia,
2076 4613 2168 4669 sed
2196 4614 2671 4683 ad—operationem
2710 4614 2901 4669 mortis
2944 4615 3158 4669 emissa.
3208 4612 3456 4679 Addidit,
3489 4624 3535 4667 et

244 4725 351 4779 gina
388 4708 691 4777 percipere.
722 4704 865 4759 Misit
892 4720 1066 4761 antem
1094 4706 1235 4777 quod
1263 4708 1411 4769 dicit.
1439 4724 1541 4762 non
1591 4708 1857 4779 signiﬁcat
1886 4706 1937 4764 Ι)
1963 4705 2142 4775 lingua
2172 4722 2344 4760 eorum
2373 4708 2577 4777 gladius
2607 4716 2805 4761 acutus.
2836 4707 3006 4761 Acuta
3028 4704 3203 4773 gladio
3229 4720 3541 4775 comparan-

245 4802 522 4873 angelum,
552 4816 656 4855 non
697 4800 929 4870 aliquam
968 4809 1300 4867 creaturam;
1345 4801 1433 4854 illa
1484 4804 1626 4855 enim
1683 4818 1776 4868 per
1801 4818 1857 4871 se

246 4892 478 4961 sersire,
511 4908 615 4947 non
646 4892 873 4948 liberare
910 4903 1200 4961 potuerunt
1234 4912 1247 4950 :
1282 4896 1374 4950 sed
1406 4897 1567 4959 irrisit,
1595 4896 1849 4967 intelligo,

244 4982 510 5033 :ttnilittttt
540 4996 787 5049 superna:
818 4982 1070 5051 potentia:
1105 4999 1236 5037 sum.
1273 4985 1522 5039 Liberavit
1566 4986 1703 5038 l‘liil"
1751 4985 1847 5039 Pa-

247 5082 330 5123 ter
366 5070 561 5126 Filium
596 5085 770 5139 suum,
798 5071 937 5127 sicut
967 5076 1252 5143 Apostolus
1274 5078 1402 5129 dicit
1429 5095 1439 5128 :
1468 5076 1688 5145 Propter
1709 5079 1847 5148 quod

247 5177 290 5219 et
327 5165 470 5219 Deus
500 5167 647 5219 illum
678 5167 957 5239 exaltabit,
982 5178 1028 5220 et
1050 5170 1253 5223 donavit
1282 5170 1360 5223 illi
1392 5187 1569 5224 nomen
1617 5152 1759 5239 quod
1774 5154 1851 5224 est

249 5275 404 5325 super
434 5274 581 5311 omne
610 5274 791 5313 nomen
818 5258 1044 5329 (Philip.
1078 5277 1135 5325 tt,
1166 5262 1241 5329 9).
1279 5259 1516 5315 Liberare
1545 5280 1758 5333 quoque
1788 5280 1845 5319 se

251 5362 411 5411 posse
439 5358 493 5401 et
516 5347 681 5403 Filius
712 5350 826 5419 ipse
856 5359 1082 5417 testatur
1105 5350 1289 5415 dicens
1315 5369 1327 5405 :
1355 5350 1663 5417 Potestatem
1688 5355 1845 5411 habeo

251 5438 477 5502 ponendi
497 5440 719 5493 animum
745 5456 927 5505 meam,
962 5451 1009 5495 et
1041 5450 1336 5505 putestatem
1365 5443 1520 5496 Italico
1550 5444 1731 5497 iterum
1758 5464 1849 5499 su-

252 5526 425 5581 mendi
454 5544 565 5581 eam
598 5527 778 5599 (Joon.
811 5546 867 5596 χ,
902 5530 1012 5599 18).
1041 5529 1235 5585 Verum
1284 5531 1398 5583 istae
1438 5532 1730 5587 locutiones
1759 5550 1849 5589 co-

253 5621 623 5689 operationem
652 5622 1155 5682 sanctasfl‘rinitatis
1193 5622 1501 5691 ostendunt,
1535 5640 1651 5690 qua:
1686 5642 1843 5678 unum

254 5714 387 5781 vult,
424 5730 589 5769 unum
622 5730 835 5785 semper
896 5725 1168 5784 Operatttr.
1206 5717 1438 5781 Addi-lit,
1476 5716 1626 5769 Dedit
1672 5720 1723 5769 in
1758 5737 1843 5787 0p-

255 5806 518 5874 p‘t'obrium
557 5808 909 5861 conculcantes
952 5824 1047 5861 ine.
1107 5809 1446 5879 Opprolrrium
1480 5810 1844 5875 persequenti-

258 5898 357 5965 bus
388 5900 515 5968 luit,
560 5900 773 5972 quando
800 5901 946 5957 illurn
970 5941 983 5967 ,
1012 5916 1167 5970 quem
1218 5918 1275 5957 se
1315 5902 1603 5957 credebant
1641 5901 1841 5956 chtin-

1962 4808 2049 4852 tur
2098 4813 2258 4853 voces
2305 4798 2412 4855 illa:
2463 4815 2582 4871 qua:
2627 4799 2913 4855 dicebant:
2967 4796 3254 4867 Cruci/iga,
3304 4799 3585 4869 cruciﬁge.

1959 4891 1976 4961 (
2002 4891 2127 4944 Luc.
2152 4907 2302 4956 χχιιι,
2334 4890 2399 4944 21
2424 4890 2464 4961 ).
2494 4891 2624 4945 Nam
2653 4889 2789 4945 sicut
2816 4889 2959 4945 ensis
2987 4898 3172 4943 acutus
3202 4888 3537 4944 celerrimum

1953 4991 2207 5048 operatur
2234 4982 2421 5037 mortis
2449 4981 2717 5047 elfectum,
2744 4982 2813 5034 ita
2837 4989 2889 5036 ct
2912 4980 3001 5033 illa
3026 4980 3183 5033 verba
3209 4979 3366 5034 citam
3389 4982 3569 5043 exitii,

1951 5075 2290 5142 complevere
2317 5076 2661 5131 sententiam.
2696 5076 2812 5129 Uno
2839 5078 2981 5129 enim
3031 5074 3227 5142 impetu
3265 5074 3364 5130 visi
3414 5084 3559 5131 sunt-

1949 5158 2276 5235 peremisse,
2309 5168 2444 5223 sicut
2493 5182 2641 5223 arma
2686 5168 2860 5224 solent
2908 5169 3211 5224 acutissima
3261 5168 3537 5227 desecare.

1951 5258 2054 5313 Per
2078 5273 2193 5327 quae
2222 5268 2397 5314 tamen
2422 5258 2684 5314 subtiliter
2709 5259 3073 5324 commonuit,
3114 5261 3236 5328 quia
3275 5270 3330 5316 et
3362 5262 3543 5332 lingua

1951 5350 2181 5406 saeviens
2210 5351 2375 5419 possit
2403 5350 2649 5407 occidere
2669 5390 2685 5417 ,
2719 5350 3135 5406 sicutvSalonton
3168 5353 3236 5407 ait
3268 5369 3283 5413 ;
3317 5351 3462 5409 Mors
3491 5365 3541 5409 et

1949 5447 2125 5500 vitain
2148 5445 2378 5499 manibus
2403 5444 2611 5512 linguaz.

2014 5537 2177 5601 _V'crs.
2211 5540 2262 5591 8.
2302 5537 2545 5591 Eraltare
2574 5553 2722 5608 super
2764 5537 2935 5605 oculos,
2966 5535 3134 5602 Deus,
3167 5547 3213 5590 et
3243 5555 3395 5608 super
3432 5555 3541 5592 om-

1951 5645 2066 5685 nem
2115 5640 2299 5683 terram
2348 5630 2513 5701 gloria
2546 5639 2650 5683 tua.
2701 5629 2830 5683 Dum
2875 5630 2926 5684 in
2972 5644 3129 5684 cruce
3182 5631 3305 5684 talia
3336 5632 3535 5686 Christi

1956 5722 2107 5792 191
2139 5732 2407 5791 pateretur
2436 5721 2559 5774 Ιιιιιιι
2582 5722 2759 5788 nitus,
2788 5731 2840 5775 et
2872 5722 3151 5775 Dominum
3198 5723 3316 5776 coeli
3363 5723 3430 5775 .lu
3469 5727 3533 5775 xei
3566 5774 3571 5777 .

1951 5813 2255 5866 viderentur
2305 5813 2498 5865 habere
2529 5813 2757 5875 derisui,
2804 5812 3075 5867 exclamat.
3111 5829 3137 5863 τι
3169 5816 3334 5865 lorum
3368 5826 3528 5876 servi,

1949 5917 2104 5974 qnam
2157 5919 2251 5974 pro
2304 5904 2454 5957 nobis
2497 5904 2821 5973 asstnnpsit:
2875 5902 3125 5955 Exorare
3164 5918 3312 5969 super
3359 5904 3531 5971 αιτιοι»,
