4020 6348
503 415 612 496 tos

1718 414 1788 469 M.
1834 408 2114 468 AUBELH
2152 407 2558 466 CASSIODOIH

3671 410 3781 464 404

501 524 676 595 Deus;
707 528 876 599 utqui
909 528 1108 600 pendes
1141 529 1189 582 in
1222 542 1400 592 cruce,
1433 525 1771 597 cognoscat-is
1799 515 2013 594 semper
2041 523 2092 576 in
2122 525 2171 583 A
2201 533 2338 578 tetttr
2381 539 2500 579 esse
2534 537 2794 595 paratum.
2847 525 2950 581 Sed
2979 526 3105 581 dum
3147 526 3231 581 ila
3274 526 3340 581 de
3369 541 3427 580 se
3462 525 3624 590 dicit,
3653 539 3776 589 nos,

502 620 785 692 majestate
811 635 1052 692 regnare.
1089 621 1200 676 Non
1228 619 1370 674 enim
1408 618 1541 673 Deus
1579 633 1736 685 supta
1778 633 1836 671 si;
1867 617 2083 672 exaltari

503 722 731 782 poterat,
771 714 893 788 quia
935 728 1040 768 non
1070 724 1152 768 est
1182 714 1316 767 ultra
1345 727 1451 783 quo
1481 722 1719 775 crescat;
1748 709 1842 764 sed
1881 711 2082 764 exalta-

501 797 659 861 batur
689 805 843 875 plane
885 806 1023 860 inter
1049 804 1293 860 homines
1313 847 1327 871 ,
1357 804 1569 875 quando
1596 804 1764 874 gloria
1795 801 2086 870 tnajestatis

501 897 618 967 ejus
648 899 922 954 conversis
947 897 1216 953 mentibus
1243 899 1552 968 apparebat.
1585 897 1756 966 Super
1802 895 1952 950 cwlo's
1993 909 2088 949 att-

501 999 610 1043 tent
639 989 796 1053 dixit,
820 991 940 1058 quia
965 987 1223 1046 Dominus
1243 999 1298 1046 et
1318 990 1544 1045 virtutes
1563 1003 1825 1058 supernas
1848 987 2087 1042 noscitur

502 1078 700 1134 bibere
729 1079 1014 1148 subjectos.
1063 1080 1350 1150 Sequitur,
1380 1091 1426 1136 et
1466 1097 1619 1150 super
1665 1095 1864 1133 omnem
1900 1087 2086 1132 terram

500 1169 665 1240 gloria
696 1177 804 1224 tua.
830 1170 943 1225 [ioc
977 1179 1259 1241 utrumque
1302 1171 1623 1241 completum
1663 1179 1764 1225 est.
1815 1167 2088 1223 Exaltutus

499 1259 640 1313 enim
664 1275 822 1331 supra
853 1258 1002 1315 ctelos
1031 1269 1132 1327 est,
1159 1261 1372 1330 quando
1407 1261 1545 1317 sedit
1571 1261 1637 1316 ad
1680 1261 1956 1315 dexteram
1993 1259 2090 1313 Pa-

499 1348 630 1414 tris;
661 1335 986 1418 glorificatus
1009 1359 1091 1405 est
1120 1365 1273 1419 super
1293 1367 1493 1404 onmem
1522 1361 1733 1417 terram,
1765 1349 1977 1420 quando
2009 1357 2091 1404 too

499 1445 610 1492 tum
663 1439 920 1516 mundum
972 1439 1236 1494 catholica
1291 1440 1463 1508 replet
1510 1440 1748 1494 Ecclesia
1815 1457 1829 1495 :
1887 1439 1938 1492 in
1986 1453 2088 1507 qua

499 1525 688 1584 laudes
722 1528 948 1584 Domino
985 1529 1183 1599 jugiter
1221 1531 1576 1586 concinuntur
1598 1571 1613 1596 ,
1645 1531 1784 1585 sicut
1833 1529 2091 1587 Dominus

499 1621 628 1676 dicit
660 1639 672 1674 :
710 1620 834 1676 Viuo
865 1639 976 1693 ego,
1013 1623 1139 1677 dicit
1183 1623 1469 1689 Dominus;
1500 1634 1545 1679 et
1589 1624 1881 1694 implebitur
1927 1627 2093 1696 gloria

500 1727 613 1765 mea
643 1712 880 1766 universa
913 1722 1049 1767 terra
1074 1712 1261 1786 (Nam.
1294 1730 1412 1785 xtv,
1439 1713 1555 1786 2i).

579 1803 732 1860 Vers.
767 1805 821 1862 9.
855 1806 1087 1878 Laqueus
1114 1821 1424 1882 paraverunt
1445 1813 1657 1882 pedibus
1686 1814 1832 1881 meis,
1859 1825 1904 1868 et
1925 1815 2093 1868 incur-

504 1905 742 1949 saverant
769 1899 995 1951 animam
1026 1915 1208 1954 meam.

577 1985 730 2041 Vers.
782 1987 868 2042 10.
908 1985 1173 2043 Foderunt
1218 2001 1334 2044 ante
1377 1993 1560 2060 faciem
1605 1994 2020 2064 meamfoveam,
2049 2006 2095 2049 et

505 2077 604 2157 ipsi
631 2077 917 2132 inciderunt
947 2079 1000 2132 in
1030 2095 1160 2133 eam.
1193 2079 1406 2136 Judaaos
1437 2082 1702 2153 signiﬁcat
1731 2085 2093 2152 insidiatores,

504 2165 593 2235 qui
627 2167 1094 2236 praedicationibus
1126 2171 1288 2226 rectis
1315 2170 1470 2228 dolos
1517 2189 1576 2228 se
1605 2173 1888 2231 adnectere
1914 2176 2094 2231 credi—

505 2260 732 2326 tierunt,
779 2260 916 2315 sicut
961 2262 1286 2332 evangelista
1330 2264 1399 2320 de
1439 2264 1725 2323 Pbarisaeis
1769 2268 1929 2335 dicit,
1973 2285 2094 2326 cum

503 2365 629 2428 ante
658 2371 780 2412 eum
811 2360 1126 2416 statuissent
1151 2359 1449 2417 adulteram
1479 2363 1781 2427 mulierem,
1812 2365 2052 2422 dicentes
2080 2385 2092 2423 :

503 2445 660 2501 Hanc
709 2448 992 2503 inuenimus
1039 2451 1090 2504 in
1141 2451 1400 2506 adulterio
1446 2453 1830 2524 deprehensam.
1889 2455 2096 2528 Moyses

504 2537 641 2591 enim
664 2539 899 2610 praecepit
923 2540 1062 2594 nobis
1085 2540 1380 2611 huiusmodi
1407 2544 1676 2615 lapidare:
1705 2556 1760 2600 tu
1785 2556 1955 2602 autem
1974 2551 2096 2620 quid

503 2632 634 2686 dicis
660 2633 679 2702 (
701 2631 861 2690 Joan.
888 2650 1001 2702 vttt,
1032 2636 1066 2690 5
1089 2633 1146 2706 )?
1176 2646 1231 2692 et
1256 2648 1446 2693 caetera
1482 2638 1807 2709 huiusmodi,
1840 2657 1959 2713 qua
1983 2659 2095 2698 ma-

504 2721 648 2792 ligna
681 2724 1029 2798 interrogatio
1058 2717 1451 2784 commovebat.
1493 2728 1654 2785 Pedes
1685 2743 1862 2787 autem
1893 2734 2094 2794 Christi

503 2825 630 2870 sunt
672 2817 1063 2886 increpationes
1108 2819 1371 2875 malorum
1422 2823 1913 2893 promissionesque
1962 2826 2094 2882 ﬁde-

504 2907 660 2973 lium,
690 2909 884 2980 quibus
921 2911 1012 2967 ille
1036 2910 1088 2966 in
1121 2911 1222 2967 hoc
1263 2913 1464 2969 mundo
1511 2917 1910 2986 evangelizans,
1942 2917 2095 2988 quasi

505 2999 821 3068 quibusdam
853 3001 1076 3070 pedibus
1121 3003 1422 3059 incedebat.
1461 3005 1734 3076 Sequitur,
1765 3016 1811 3063 et
1859 3010 2096 3065 incurva-

505 3098 681 3143 uerunt
707 3092 932 3146 animam
960 3109 1142 3150 meam.
1176 3094 1276 3151 ilic
1305 3098 1473 3164 pietas
1497 3096 1706 3151 Domini
1733 3100 2094 3170 sanctitasque

505 3183 845 3254 describitur.
912 3183 1314 3242 Incuruaverunt
1370 3189 1512 3244 enim
1575 3191 1800 3244 animant
1849 3192 2089 3262 Christi,

506 3277 720 3348 quando
745 3278 989 3335 scelerati
1018 3279 1188 3337 Judaei
1210 3283 1430 3337 credere
1453 3283 1759 3339 noluerunt.
1794 3283 1924 3354 ipsis
1948 3287 2092 3342 enim
2121 3269 2169 3334 ο

505 3370 840 3428 eondolendo
869 3371 1052 3442 (sicut
1077 3381 1134 3430 et
1171 3373 1299 3430 alibi
1334 3374 1506 3446 dicit)
1546 3375 1765 3446 jejunus
1810 3385 1866 3431 et
1897 3377 2096 3435 sterilis

507 3461 853 3520 reddebatur.
876 3463 1067 3520 Anima
1090 3463 1235 3520 enim
1266 3465 1382 3536 ejus
1427 3465 1480 3520 itt
1514 3467 1626 3523 suis
1655 3468 1858 3524 actibus
1886 3473 2096 3527 curvari

508 3567 616 3608 non
641 3561 872 3624 poterat,
903 3571 1023 3627 qua:
1045 3559 1249 3627 peccati
1279 3559 1538 3614 maculam
1571 3575 1677 3615 non
1707 3559 1958 3618 habebat.
1985 3563 2098 3620 Ad-

506 3642 654 3712 iecit,
686 3644 1072 3722 foderuntante
1091 3647 1274 3716 faciem
1303 3664 1467 3704 meam
1489 3649 1706 3718 foueam.
1732 3651 1877 3709 Bene
1902 3652 2099 3710 dicitur

509 3735 653 3804 fovea
679 3737 946 3792 sententia
976 3737 1186 3808 mortis,
1215 3753 1336 3810 qua:
1356 3739 1522 3795 mittit
1541 3739 1609 3796 ad
1639 3739 1867 3797 foveam.
1902 3743 1957 3798 In
1979 3743 2099 3815 ejus

509 3826 650 3880 enim
679 3825 872 3884 faciem
905 3827 1156 3886 dixerunt
1185 3846 1202 3886 :
1234 3830 1373 3886 Reus
1393 3841 1468 3886 est
1493 3833 1668 3888 mortis
1690 3831 1909 3904 (Matth.
1943 3850 2092 3905 xxvt,

508 3916 630 3990 66);
659 3931 713 3978 et
743 3919 867 3978 ideo
893 3920 1022 3978 dicti
1043 3931 1168 3979 sunt
1195 3927 1392 3994 foveam
1416 3924 1625 3994 fodere,
1657 3927 1778 3996 quia
1824 3941 1946 3982 eum
1977 3929 2095 3985 neci

508 4012 605 4068 visi
628 4022 756 4069 sunt
795 4013 1096 4072 tradidisse.
1144 4016 1368 4072 Addidit
1396 4017 1718 4072 sententiam
1761 4018 2094 4088 generalem,

509 4115 556 4158 et
577 4107 676 4176 ipti
695 4108 980 4164 inciderunt
1004 4110 1056 4166 in
1074 4126 1207 4166 eam.
1239 4110 1426 4168 Omnis
1451 4111 1594 4166 enim
1623 4109 1820 4180 ilijiiSla
1847 4126 1946 4167 vox
1967 4126 2096 4168 suos

511 4199 661 4266 prius
687 4199 904 4254 damnat
927 4210 1197 4269 auctores,
1231 4210 1285 4256 et
1304 4213 1589 4271 antequam
1615 4202 1771 4258 alteri
1801 4213 2012 4270 noceat,
2037 4217 2096 4260 se

453 4363 460 4370 ἥ,
511 4289 660 4356 prius
681 4290 794 4358 ipsa
820 4281 1164 4348 Condemnat.
1189 4293 1342 4360 Quod
1371 4295 1622 4349 similiter
1651 4303 1706 4348 et
1735 4294 1988 4351 Salomon
2015 4295 2096 4349 di-

511 4382 583 4438 cit
608 4400 621 4435 :
656 4382 755 4448 Qui
775 4383 905 4452 fodit
935 4385 1132 4455 fat-eam
1152 4386 1338 4441 incidet
1365 4387 1418 4440 in
1447 4403 1558 4441 eam
1587 4385 1777 4456 (Eccli.
1807 4401 1872 4453 x,
1906 4385 1984 4451 8).

585 4470 734 4530 Vers.
770 4475 857 4530 ii.
900 4473 1148 4529 Paratum
1189 4492 1276 4530 cor
1317 4493 1502 4543 meum,
1533 4476 1707 4546 Deus,
1735 4486 1976 4549 paratum
2011 4493 2096 4532 cor

509 4571 935 4635 meum;cantabo
960 4581 1008 4626 et
1046 4573 1300 4644 psalmum
1323 4574 1492 4628 dicam
1522 4572 1764 4628 Domino.
1807 4574 2091 4645 Postquam

2187 615 2632 684 quemadmodum
2661 617 3028 684 confiteamur,
3063 618 3307 673 instituit.
3327 617 3460 673 Nam
3486 626 3541 672 et
3560 626 3778 686 aposto-

2189 707 2272 761 lus
2291 706 2485 763 Paulus
2503 722 2733 778 sequens
2755 709 3091 780 magistram,
3121 717 3363 778 paratum
3387 723 3448 765 se
3467 708 3774 780 proﬁtetur,

2189 801 2316 856 dum
2348 802 2420 856 ait
2450 819 2463 855 :
2506 800 2807 856 Gloriamur
2848 803 2901 856 in
2929 803 3347 857 tribulationibus
3367 845 3383 869 ,
3413 803 3626 857 scientes
3652 818 3778 868 quo-

2189 895 2326 948 niam
2353 895 2611 948 tribulatio
2630 895 2929 966 patientiam
2958 905 3220 964 operatur,
3249 896 3492 964 patientia
3522 894 3782 966 probatio-

2191 1001 2305 1038 nem
2337 985 2512 1055 (fiant.
2553 1001 2606 1050 v,
2633 985 2720 1056 3),
2745 997 2849 1042 etc.

2219 1071 2245 1101 ⁸
2265 1096 2413 1150 Vers.
2446 1095 2530 1150 12.
2561 1093 2814 1164 Exsurge,
2845 1094 3012 1164 gloria
3039 1110 3192 1159 mea;
3218 1110 3456 1161 exsurge,
3485 1093 3784 1162 psalterium

2191 1198 2237 1242 et
2261 1187 2458 1242 cithara
2479 1203 2495 1239 :
2514 1203 2782 1256 murgam
2802 1185 3050 1239 diluculo.
3074 1185 3175 1240 Per
3193 1184 3543 1254 tropologiam
3567 1198 3785 1252 exsurge

2193 1283 2409 1349 dicitur,
2437 1283 2586 1350 quasi
2611 1297 2770 1351 surge
2799 1281 2866 1335 ad
2909 1281 3224 1335 miraculum
3265 1277 3602 1341 faciendum;
3651 1276 3787 1330 sicut

2194 1377 2450 1442 scriptum
2473 1382 2557 1430 est
2581 1383 2632 1429 et
2663 1374 2712 1427 in
2739 1372 3020 1427 undecimo
3048 1371 3282 1436 psalmo:
3322 1367 3472 1422 Nunc
3492 1383 3784 1437 exsurgant,

2195 1467 2318 1520 dicit
2355 1466 2602 1519 Dominus
2625 1463 2796 1531 (Psal.
2835 1479 2906 1529 at,
2937 1463 3015 1532 6).
3060 1461 3161 1528 Qui
3193 1474 3373 1516 sermo
3399 1458 3464 1514 ad
3494 1458 3785 1528 potentiam

2196 1561 2434 1613 divinant
2469 1567 2686 1627 pr0pter
2712 1555 3088 1625 exprimendus
3118 1567 3306 1609 causas
3330 1553 3398 1607 ab
3426 1557 3660 1604 humana
3691 1551 3785 1603 im-

2195 1650 2488 1705 becillitate
2533 1649 2821 1703 trait-latus
2857 1657 2960 1702 est.
2993 1645 3243 1701 Geminat
3291 1643 3453 1697 etiam
3487 1661 3500 1694 :
3533 1641 3784 1714 Exsurge,

2198 1743 2498 1809 psalterium
2529 1751 2575 1794 et
2603 1741 2822 1794 cithara.
2870 1740 3000 1806 Quae
3033 1738 3194 1806 figura
3228 1735 3424 1790 dicitur
3464 1732 3790 1803 epembasis,

2199 1833 2358 1889 idest
2397 1833 2608 1888 iteratio
2641 1832 2821 1896 verbi;
2849 1831 2990 1900 quod
3027 1831 3190 1885 etiam
3224 1829 3276 1882 itt
3321 1828 3603 1896 superiore
3633 1829 3789 1881 vei-su

2127 1905 2171 1964 Β
2201 1923 2345 1988 fecit,
2373 1924 2458 1979 ubi
2489 1923 2565 1976 ait
2592 1941 2606 1976 :
2637 1921 2884 1976 Paratum
2912 1937 3001 1975 cor
3027 1936 3214 1983 meum,
3249 1919 3410 1985 Deus,
3442 1927 3687 1986 paratum
3711 1933 3789 1971 cor

2198 2032 2309 2069 men
2332 2033 2382 2067 η.
2418 2014 2511 2068 iiic
2540 2016 2682 2068 enim
2715 2022 2907 2067 natura
2932 2020 3220 2081 assumpta:
3247 2009 3596 2064 immanitatis
3617 2008 3788 2078 expri-

2198 2116 2378 2161 nt.tur.
2414 2103 2724 2160 Psalterium
2764 2101 2895 2169 fuit,
2929 2103 3144 2172 quando
3169 2116 3298 2156 caro
3337 2101 3666 2172 operabatur
3709 2100 3788 2155 di-

2196 2201 2316 2256 vina
2349 2199 2619 2264 mandata,
2651 2207 2709 2251 ut
2736 2207 2917 2252 sancta
2958 2210 3018 2252 se
3066 2197 3476 2251 conversatione
3507 2203 3786 2249 tractaret.

2197 2291 2407 2346 Ciltara
2457 2304 2586 2346 vero
2630 2287 2916 2360 gloriosam
2964 2285 3232 2357 significat
3279 2285 3626 2354 passionem,
3675 2301 3789 2355 qua

2199 2383 2366 2438 tensis
2406 2381 2588 2436 nervis
2636 2378 3094 2448 diuunteratisque
3143 2377 3386 2444 ossibus,
3419 2376 3678 2430 virtutem
3707 2391 3788 2445 pa-

2199 2469 2399 2533 tientia:
2452 2475 2800 2532 intellectuali
2853 2473 3084 2543 quodam
3143 2472 3384 2528 carmine
3440 2471 3788 2542 personabat.

2196 2567 2433 2630 Addidit,
2462 2583 2736 2638 exsurgam
2771 2564 3000 2619 diluculo
3019 2606 3038 2633 ,
3068 2561 3210 2634 quod
3254 2570 3339 2618 est
3364 2561 3508 2617 inter
3539 2560 3788 2616 tenebras

2197 2664 2390 2727 noctis,
2416 2673 2470 2716 et
2495 2660 2604 2714 diei
2626 2659 2922 2713 claritatem
2955 2674 2967 2709 :
3008 2671 3116 2726 quo
3162 2665 3426 2725 tempore
3458 2667 3581 2709 eunt
3611 2667 3787 2708 resur-

2199 2756 2401 2809 rexisse
2443 2751 2711 2822 Evangelii
2754 2749 2912 2805 lectio
2953 2757 3142 2804 sancta
3171 2757 3429 2812 testatur;
3475 2746 3552 2800 ait
3595 2745 3784 2800 enim:

2197 2843 2440 2900 Diluculo
2457 2844 2601 2898 ualde
2626 2843 2754 2897 venit
2782 2839 2951 2896 Maria
2968 2841 3037 2894 ad
3059 2847 3440 2894 monumentum
3458 2836 3613 2909 (Luc.
3643 2852 3787 2902 xxtv,

2196 2941 2275 3009 1),
2306 2949 2360 2993 et
2390 2940 2608 3009 reliqua.

2268 3053 2424 3105 Ἶρι-ε.
2452 3052 2538 3105 i3.
2569 3048 2869 3119 Confitebor.
2897 3048 2988 3102 tibi
3012 3048 3065 3102 in
3093 3047 3332 3120 populis,
3363 3045 3622 3108 Domine:
3651 3045 3786 3115 psal-

2196 3157 2334 3194 mum
2356 3141 2521 3194 dicam
2549 3141 2639 3194 tibi
2667 3141 2796 3194 inter
2829 3149 3018 3210 gentes.
3051 3137 3194 3194 istud
3221 3136 3330 3207 jam
3359 3137 3556 3192 dicitur
3583 3151 3612 3187 a
3643 3146 3786 3204 parts

2198 3233 2580 3299 membrorum,
2609 3231 2730 3301 quia
2759 3230 2932 3302 ipsum
2954 3238 3166 3284 constat
3188 3227 3330 3283 Patri
3356 3228 3410 3280 in
3437 3226 3643 3297 populis
3667 3243 3782 3280 con-

2201 3325 2357 3395 fiteri,
2389 3325 2477 3390 qui
2510 3332 2670 3392 caput
2715 3331 2771 3380 et
2805 3323 2912 3377 dux
2957 3320 3206 3376 Ecclesia:
3244 3319 3503 3390 probatur
3538 3319 3780 3388 intelligi.

2200 3417 2332 3473 Nam
2361 3417 2500 3488 quod
2527 3417 2620 3481 ait,
2644 3418 2900 3487 psalmum
2929 3415 3102 3468 dicam
3129 3415 3219 3469 tibi
3245 3414 3377 3468 inter
3397 3423 3596 3484 gentes,
3627 3412 3780 3470 etule-

2199 3520 2334 3567 steut
2367 3509 2631 3580 significat
2659 3517 2834 3562 actum
2866 3506 3184 3561 universalis
3218 3503 3498 3573 Ecclesia,
3540 3518 3665 3575 qua
3693 3519 3778 3573 per

2198 3615 2386 3658 omnes
2419 3611 2608 3670 gentes
2637 3599 2833 3668 linguis
2858 3598 3024 3654 variis
3047 3596 3401 3670 psalmodiam
3431 3596 3663 3652 Domino
3689 3596 3777 3652 de-

2197 3705 2320 3752 vota
2345 3708 2413 3746 mi
2434 3702 2527 3748 nte
2549 3689 2825 3762 persolvit.

2273 3816 2423 3870 Vers.
2456 3814 2536 3868 ii.
2566 3813 2821 3879 Quoniam
2857 3813 3184 3886 magnificam
3221 3822 3299 3866 est
3330 3828 3486 3878 usque
3532 3813 3604 3866 ad
3638 3811 3778 3867 emiss

2196 3893 2547 3961 misericordia
2594 3914 2712 3968 tua,
2735 3917 2782 3959 et
2820 3921 2978 3977 usque
3017 3905 3086 3959 ad
3113 3908 3266 3958 nubes
3313 3905 3496 3958 veritas
3529 3915 3638 3958 tua.
3685 3905 3777 3959 Ista

2198 4010 2282 4054 est
2321 4016 2478 4055 causa
2524 3998 2909 4063 ccttfessionis,
2943 3999 3042 4054 ista
3093 4000 3378 4069 promissio
3427 4000 3775 4068 psalmodiis:

2202 4092 2452 4160 Quoniam
2481 4091 2804 4160 magni/irata
2825 4099 2900 4143 est
2928 4089 3272 4143 misericordia
3299 4088 3509 4143 Domini
3539 4105 3696 4153 usque
3719 4103 3775 4140 aa

2197 4187 2384 4249 celos;
2416 4183 2466 4239 id
2490 4191 2575 4239 est
2601 4181 2725 4252 quia
2757 4181 3062 4236 humanitas
3085 4180 3204 4236 Filii
3228 4196 3397 4250 usque
3426 4181 3493 4236 ad
3521 4181 3775 4236 caelorum

2197 4291 2358 4347 regna
2398 4275 2646 4344 perducta
2678 4283 2780 4330 est.
2831 4273 3160 4328 Periclitanti
3191 4273 3386 4342 quippe
3436 4273 3666 4342 homini,
3697 4271 3777 4342 qui

2197 4369 2430 4438 peccatis
2489 4365 2768 4421 tenebatur
2818 4365 3120 4427 obnoxius,
3173 4365 3299 4424 fecit
3355 4365 3776 4420 misericordiam

2197 4447 2370 4524 Suam,
2388 4469 2442 4511 ιιι
2457 4457 2854 4527 dispensatione
2873 4455 3103 4510 mirabili
3120 4453 3614 4524 facereteximium,
3629 4472 3778 4528 quem

2199 4552 2412 4608 nefandi
2438 4550 2618 4620 pottuli
2644 4549 2840 4620 judicio
2871 4549 3126 4618 putabant
3151 4557 3480 4603 extremum.
3508 4547 3796 4617 Sequitur,“

509 4661 640 4718 dixit
669 4663 930 4718 malorum
960 4637 1168 4720 debitas
1193 4679 1400 4734 pinnas,
1442 4679 1582 4722 nunc
1611 4660 1755 4722 venit
1783 4665 1852 4721 ad
1882 4637 2093 4722 tertiam

2198 4655 2244 4701 et
2275 4661 2429 4714 usque
2455 4643 2520 4696 ad
2552 4642 2704 4695 nubes
2743 4640 2924 4694 veritas
2955 4649 3059 4692 tua.
3109 4638 3284 4692 Nubes
3313 4637 3622 4708 significant
3660 4651 3798 4756 ιιι-σοὶ

2205 4736 2388 4756 ..Ι--.--
2459 4749 2570 4756 ._-._..
2601 4733 2827 4756 Q..2..:n.--
2856 4731 3023 4756 ,ει-...ηιξ
3058 4731 3252 4756 2....ἒκ...ι
3284 4731 3478 4756 ..μηέιη-
3525 4731 3671 4756 κλι.-.
3702 4747 3757 4756 ι...

509 4761 736 4822 partem,
770 4756 823 4810 in
851 4755 955 4827 quita
985 4766 1102 4826 post
1131 4757 1578 4834 resurrectionem
1607 4767 1852 4813 acturum
1882 4773 1942 4814 se
1967 4773 2091 4828 gra-

407 4837 452 4873 ’⁸
511 4847 609 4900 tias
642 4847 941 4914 pollicetur.
981 4846 1087 4904 Sed
1121 4863 1215 4918 per
1257 4848 1388 4904 illud
1429 4849 1629 4920 gratias
1657 4851 1797 4919 agit,
1825 4864 1921 4920 per
1951 4849 2092 4920 quod

511 4948 566 4991 et
595 4941 886 4996 resurrexit
912 4955 942 4995 a
973 4941 1216 4998 mortuis.
1244 4941 1515 5011 Caeterum
1545 4942 1717 4997 deitas
1743 4941 1942 4998 Christi
1968 4956 2090 4998 cum

510 5030 670 5086 Patre
689 5043 981 5103 coasterna,
1005 5049 1219 5106 semper
1240 5045 1479 5106 praestat,
1499 5050 1713 5105 semper
1728 5038 2090 5105 omnipotens,

511 5135 725 5189 semper
749 5125 969 5193 aequalis
995 5135 1098 5181 est.
1142 5125 1273 5181 Nam
1293 5126 1551 5196 ,‘quamvis
1595 5127 1814 5196 laqueos
1853 5135 2096 5196 parasset

511 5213 780 5283 inimicus,
810 5216 1014 5272 foveam
1043 5221 1340 5289 aperuisset
1365 5220 1624 5290 ingratus,
1657 5228 1899 5290 paratum
1925 5234 1985 5275 se
2011 5218 2090 5273 di-

509 5310 581 5364 cit
607 5309 673 5362 ad
695 5312 928 5380 agendas
954 5313 1172 5382 gratias,
1225 5316 1346 5385 quia
1377 5315 1479 5372 sibi
1516 5315 1719 5369 sciebat
1743 5312 2093 5370 resurrectio-

509 5402 594 5457 nis
617 5402 843 5474 gloriam
871 5407 1046 5460 modis
1074 5408 1319 5462 omnibus
1348 5408 1654 5462 aii‘uturatn.
1681 5407 1788 5462 Sed
1817 5409 1868 5460 itt
1893 5421 1999 5474 quo
2024 5406 2096 5463 sit

509 5504 750 5562 paratus,
782 5510 878 5564 per
904 5497 1064 5552 verba
1102 5499 1377 5568 sequentia
1419 5499 1759 5556 declaratur:
1793 5496 2019 5553 Cantabo
2041 5509 2086 5552 et

507 5584 763 5654 psalmum
804 5585 971 5640 dicam
1017 5585 1258 5644 Domino.
1305 5587 1524 5644 Cantare
1562 5589 1826 5655 diximus,
1867 5588 2090 5645 vocibus

508 5676 730 5747 gratiam
753 5677 988 5745 referre;
1025 5680 1280 5752 psalmum
1321 5680 1510 5751 dicere,
1540 5679 1867 5752 praedicabili
1910 5679 2090 5734 Domi-

467 5831 476 5854 ,
508 5786 638 5826 num
665 5771 878 5828 actione
904 5771 1138 5831 laudare.
1163 5774 1290 5842 Quae
1316 5774 1425 5832 duo
1450 5774 1711 5844 superiori
1740 5773 2087 5842 geminationi

511 5866 702 5921 merito
730 5865 976 5924 videntur
999 5876 1207 5938 aptata,
1239 5866 1450 5938 quando
1477 5867 1529 5922 itt
1575 5874 1798 5934 utrozpte
1830 5877 1887 5919 se
1922 5863 2087 5932 profi-

2204 4736 2411 4806 pltetas,
2439 4749 2572 4800 quos
2601 4733 2830 4802 Spiritus
2855 4731 3025 4785 sancti
3058 4731 3255 4800 irrigua
3284 4731 3500 4796 veritas,
3525 4731 3675 4786 velut
3700 4747 3780 4786 co-

2201 4831 2382 4900 pﬁisus
2409 4828 2580 4882 imber
2610 4826 2865 4894 implevit.
2900 4824 3085 4878 Merito
3129 4821 3274 4877 enim
3317 4822 3476 4877 nubes
3503 4816 3793 4886 vocantur,

2199 4924 2321 4992 quia
2348 4920 2550 4975 caelesti
2583 4917 2730 4972 fonte
2755 4915 2931 4971 satiati
2960 4925 3104 4979 sunt,
3130 4924 3179 4969 et
3213 4930 3370 4983 supra
3400 4914 3618 4970 steriles
3665 4929 3782 4984 pec-

2200 5023 2410 5069 catores
2455 5011 2750 5081 spiritualis
2795 5009 2963 5078 c0piat
3006 5008 3146 5063 dona
3191 5006 3478 5071 fuderunt;
3525 5023 3649 5077 qua:
3685 5007 3781 5062 duo

2200 5113 2585 5177 praeposteram
2611 5111 2738 5160 sunt
2775 5102 2961 5157 ordine
2983 5101 3264 5157 collocata.
3305 5099 3505 5155 Veritas
3533 5109 3618 5156 est
3648 5111 3780 5156 tem-

2201 5213 2328 5268 pore
2356 5196 2612 5262 anterior,
2645 5193 2993 5250 misericordia
3042 5207 3173 5248 vero
3211 5190 3442 5246 adventu
3485 5189 3779 5261 posterior;

2197 5307 2316 5362 quae
2343 5292 2462 5345 ideo
2486 5297 2810 5344 commutata
2846 5296 3001 5353 sunt,
3031 5294 3085 5340 ut
3116 5286 3234 5342 sine
3259 5284 3434 5354 aliqua
3478 5283 3781 5341 differentia

2200 5385 2250 5437 in
2280 5384 2360 5437 his
2387 5381 2644 5451 potuisset
2675 5395 2836 5434 unum
2867 5377 3052 5445 decus,
3083 5391 3220 5432 unus
3243 5386 3430 5431 auctor
3448 5376 3692 5447 agnosci.

2269 5492 2421 5548 Vers.
2454 5491 2542 5548 i5.
2573 5489 2826 5545 Exaltare
2847 5503 3000 5558 super
3024 5487 3195 5558 caelos,
3223 5487 3394 5553 Deus;
3414 5495 3462 5539 et
3490 5502 3648 5553 super
3675 5501 3779 5540 om-

2193 5602 2304 5642 nem
2333 5596 2518 5640 terram
2555 5584 2721 5656 gloria
2758 5591 2869 5636 tua.
2914 5582 3066 5638 iiunc
3103 5595 3316 5636 versum
3358 5589 3413 5635 et
3445 5579 3498 5634 in
3545 5579 3780 5634 secunda

2193 5687 2344 5746 parte
2362 5676 2474 5746 jam
2500 5675 2654 5740 dixit,
2677 5674 2834 5729 fidem
2859 5681 3096 5728 nostram
3125 5672 3213 5726 tali
3249 5670 3606 5740 promissione
3645 5683 3774 5726 con-

2194 5768 2433 5834 firtnans,
2473 5767 2594 5836 quia
2620 5780 2782 5835 super
2801 5777 2989 5822 omnes
3011 5773 3281 5821 creaturas
3304 5761 3422 5831 ejus
3449 5762 3686 5828 nominis
3708 5761 3778 5816 sit

2191 5860 2362 5931 g’oria
2393 5864 2692 5930 regnatura.
