4036 6342
239 418 334 482 trs

766 520 1036 579 Conclusio
1071 522 1273 592 psalmi.

299 642 424 709 Quis
468 638 713 694 virtutem
758 635 949 705 psalmi
993 632 1187 702 huius,
1220 631 1339 700 quis
1376 623 1804 683 benevolentiam

236 740 385 803 digne
415 732 582 805 possit
604 729 748 786 elIari
767 731 789 782 ?
811 729 943 783 Orat
971 726 1239 788 Christus,
1264 730 1322 778 ut
1351 736 1448 777 nos
1470 721 1694 777 doceat;
1728 731 1809 769 re-

237 828 428 897 surgit,
452 833 510 881 ut
537 838 635 879 nos
669 820 869 892 erigat;
905 817 1092 873 laudes
1133 817 1274 871 Patri
1315 812 1477 876 dicit,
1510 820 1568 863 ut
1604 822 1703 864 nos
1730 808 1810 861 in.

237 926 414 973 sntiat.
452 914 637 971 Merito
676 912 758 967 via
798 920 1002 974 nostra,
1038 908 1230 965 merito
1269 904 1590 970 redemptio,
1623 899 1816 955 merito

239 1010 369 1078 apud
407 1008 617 1063 Patrem
659 1012 840 1059 noster
875 1003 1032 1074 192
1060 999 1252 1071 legitur
1289 994 1614 1051 Advocatus.
1658 996 1818 1069 ame-

243 1116 352 1157 tuus
386 1100 705 1156 clementem
746 1093 1120 1157 defensorem,
1162 1105 1229 1145 ne
1269 1088 1534 1159 patiamur
1570 1096 1819 1141 severum

241 1194 490 1263 iudicem.
524 1189 670 1245 Ultra
703 1201 917 1241 omnem
948 1197 1071 1239 esse
1098 1188 1308 1237 constat
1345 1178 1632 1233 amentiam
1669 1190 1818 1231 reum

245 1294 345 1337 toto
373 1279 538 1336 corde
569 1294 675 1334 non
720 1286 1005 1344 expetere,
1045 1273 1134 1342 qui
1166 1286 1264 1326 nos
1295 1270 1361 1324 ad
1402 1279 1603 1324 aeterna
1632 1267 1823 1336 gaudia

247 1385 345 1429 tam
379 1371 586 1427 crebris
609 1366 1067 1425 admonitionibus
1089 1363 1433 1435 cogno~citur
1454 1361 1701 1414 invitare.

533 1482 895 1539 EXPOSITIO
923 1480 985 1535 IN
1026 1476 1350 1535 PSALMUM
1385 1476 1540 1531 LVII.

316 1597 377 1654 In
398 1598 577 1666 ﬁnem,
606 1593 954 1667 ne’disperdas
978 1593 1140 1647 David
1162 1593 1215 1646 in
1242 1591 1380 1646 tituli
1406 1589 1756 1660 inscriptione.

315 1711 570 1780 Quamvis
596 1708 757 1765 verba
786 1709 883 1762 ista
914 1706 1219 1775 frequenter
1252 1704 1534 1771 iterentur,
1559 1718 1662 1757 non
1689 1702 1831 1773 pige-

252 1804 324 1860 bit
355 1813 531 1859 tamen
576 1800 765 1857 eadem
793 1815 886 1870 per
911 1798 1112 1870 singula
1139 1799 1255 1854 loca
1286 1797 1582 1864 declarare,
1615 1806 1669 1851 ut
1692 1795 1835 1866 psal-

1161 402 1519 463 EXPOSITIO
1559 400 1622 456 lN
1665 393 2120 454 PSALTElllUM.
2165 390 2356 448 l‘SAL.
2397 388 2550 447 LVII.

1836 511 1884 566 A
1913 507 2118 578 legatur
2145 509 2194 561 in
2247 504 2569 576 Evangelio:
2603 501 2777 558 Nolite
2811 500 3076 573 judicare,
3104 513 3165 553 ne
3199 494 3498 565 iudicemini

3389 373 3496 438 ιοϐ

1916 598 2064 667 (Luc.
2102 614 2175 663 vt,
2204 596 2319 668 57).
2351 595 2459 654 Sed
2494 596 2592 651 ista
2620 592 2883 650 sententia
2913 607 3018 646 non
3056 588 3213 646 nobis
3263 586 3403 644 tollit
3443 585 3497 643 in

1916 700 2083 744 totum
2110 688 2374 745 licentiam
2394 688 2703 759 iudicandi;
2740 702 2861 741 nam
2893 683 3034 753 quod
3057 683 3208 748 dicit,
3240 680 3503 750 noliteju-

1915 780 2109 844 dicare,
2134 781 2203 837 de
2228 780 2332 836 illis
2351 778 2505 835 factis
2537 780 2648 835 vult
2690 778 2912 848 intelligi
2940 791 3057 847 quae
3095 786 3286 831 sensus
3322 778 3506 827 noster

1916 891 2022 932 non
2049 873 2300 943 praevalet
2323 871 2538 930 intueri.
2571 871 2710 929 Sunt
2738 871 2879 928 enim
2906 867 3146 939 quaedam
3177 864 3352 921 media
3382 878 3505 934 qua:

1918 969 2222 1039 ignoramus
2248 978 2354 1033 quo
2396 962 2575 1019 animo
2620 963 2769 1030 llam,
2820 963 2945 1032 quia
2978 971 3029 1016 et
3082 960 3221 1014 bono
3263 965 3317 1014 et
3361 958 3506 1011 malo

1920 1059 2035 1115 ﬁeri
2059 1066 2296 1128 possunt,
2330 1055 2397 1111 de
2434 1054 2625 1126 quibus
2649 1051 2991 1107 tvttterarium
3020 1058 3103 1107 est
3134 1046 3334 1104 homini
3361 1046 3505 1117 judi«

1920 1166 2064 1209 care.
2087 1150 2184 1206 llic
2210 1160 2392 1206 autem
2416 1147 2657 1218 praecipit
2688 1146 2841 1201 nobis
2866 1143 2933 1199 de
2961 1144 3042 1198 his
3073 1157 3191 1213 qua:
3232 1140 3512 1196 manifesta

1922 1252 2048 1300 sunt
2066 1244 2211 1313 justo
2223 1243 2483 1312 judicare.
2505 1239 2577 1294 Ita
2603 1237 2659 1293 iit
2685 1247 2743 1292 ut
2768 1235 3049 1292 sententiae
3077 1235 3216 1299 istae,
3254 1231 3378 1286 dum
3405 1229 3513 1285 dis—

1924 1344 2098 1392 eussa:
2146 1332 2371 1397 iuerint,
2417 1343 2753 1401 nequaquam
2796 1326 2898 1383 sibi
2937 1325 3221 1382 contraria:
3265 1337 3387 1379 esse
3435 1321 3512 1375 vi-

1925 1425 2176 1482 deantur.
2206 1422 2377 1491 Quem
2403 1421 2578 1476 locum
2608 1420 2765 1475 Pater
2787 1416 3114 1489 Augustinus
3149 1414 3217 1470 de
3253 1411 3517 1469 Sermone

1929 1514 2138 1571 Domini
2160 1516 2213 1569 in
2242 1520 2444 1577 monte,
2472 1510 2611 1567 libro
2640 1506 2875 1565 secundo
2909 1503 3061 1577 (Cap.
3092 1504 3184 1573 28)
3217 1502 3375 1561 latius
3397 1499 3517 1557 dilio

1930 1607 2245 1680 gentiusque
2277 1604 2536 1659 tractavit.

2008 1698 2156 1753 Vera.
2184 1697 2240 1752 2.
2287 1694 2489 1749 Etenim
2528 1695 2583 1748 in
2622 1694 2776 1748 corde
2822 1690 3113 1763 iniquitates
3148 1686 3426 1760 Operamini
3466 1686 3519 1739 in

1935 1800 2099 1855 terra;
2124 1787 2440 1858 iniquitatem
2471 1802 2651 1842 manus
2684 1794 2861 1841 vestra:
2900 1782 3226 1837 concinnant.
3262 1778 3339 1835 Ac
3362 1778 3406 1833 si
3435 1776 3518 1832 di-

251 1910 451 1950 tnorum
476 1893 648 1963 possit
663 1868 891 1963 dignitas
914 1868 1189 1945 aestimari.
1215 1888 1335 1943 lllas
1357 1887 1619 1957 siquidem
1644 1886 1833 1944 domos
1862 1896 1911 1958 Β
1936 1891 2079 1941 ceret
2113 1898 2129 1937 :
2173 1879 2459 1949 Quomodo
2509 1875 2758 1949 potuistis
2793 1876 2859 1931 de
2900 1889 2984 1930 me
3023 1872 3295 1944 judicare,
3333 1868 3424 1940 qui
3464 1868 3518 1921 in

252 1985 580 2041 conﬁdenter
595 1984 875 2047 intramus,
896 1997 1120 2053 quarum
1141 1981 1432 2051 penetralia
1455 1979 1508 2035 in
1524 1980 1637 2049 ipsa
1654 1980 1831 2036 fronte

252 2077 638 2147 cognoscimus.
692 2073 756 2129 In
800 2075 954 2144 ﬁnem
996 2075 1262 2145 significat
1298 2072 1607 2141 Christum,
1655 2073 1745 2145 qui
1772 2072 1830 2129 in

254 2171 348 2229 hoc
370 2176 577 2243 psalmo
604 2176 879 2229 locuturus
900 2185 1003 2229 est.
1037 2172 1117 2228 Ne
1139 2173 1406 2243 disperdas
1428 2171 1597 2226 David
1617 2171 1670 2226 in
1693 2170 1831 2227 tituli

253 2265 597 2336 inscriptione.
628 2265 695 2321 Et
731 2263 901 2321 David
926 2280 1067 2335 saepe
1096 2264 1326 2321 diximus
1352 2263 1624 2320 Christum
1662 2262 1828 2334 signi-

255 2355 437 2423 ficare,
483 2357 609 2429 quia
648 2366 700 2413 et
729 2372 821 2412 rex
850 2365 988 2423 erat,
1015 2366 1070 2412 et
1097 2372 1293 2412 nomen
1322 2354 1440 2427 ejus
1474 2370 1636 2411 manu
1680 2354 1834 2411 fortis

254 2451 359 2505 sive
415 2452 787 2534 desiderabilis
842 2452 1253 2521 interpretatur,
1311 2449 1455 2521 quod
1502 2459 1558 2506 et
1605 2448 1833 2505 Domino

254 2554 617 2613 competenter
642 2538 875 2616 aptatur.
897 2543 1281 2601 Commonetur
1299 2559 1429 2616 ergo
1452 2544 1674 2600 Pontius
1699 2543 1835 2599 Pila-

253 2647 355 2704 tus,
386 2654 449 2691 ne
469 2640 728 2709 disperdat
761 2639 1016 2706 scriptum
1060 2639 1263 2693 titulum
1300 2639 1391 2707 qui
1422 2638 1622 2708 Regem
1655 2637 1835 2693 Domi-

252 2745 375 2783 num
409 2729 753 2786 declarabat:
787 2731 912 2800 quia
953 2730 1104 2785 reddi
1159 2744 1265 2785 non
1307 2737 1520 2800 poterat
1565 2729 1834 2785 incassum

252 2820 388 2889 quod
414 2819 591 2875 divina
619 2820 940 2876 noscebatur
956 2820 1201 2891 ju~sione
1220 2822 1604 2890 conscriptum.
1638 2820 1834 2893 Regem

254 2913 390 2965 enim
425 2910 572 2965 illum
595 2913 715 2982 quis
747 2921 952 2982 poterat
990 2913 1240 2978 abolere,
1289 2928 1446 2983 quem
1487 2922 1693 2968 constat
1717 2928 1837 2969 esse

256 3005 369 3060 caali
399 3016 665 3077 terraeque
693 3008 1027 3062 creatorem?
1052 3008 1206 3075 Quod
1236 3008 1369 3063 adeo
1412 3009 1720 3076 frequenter
1748 3022 1837 3062 re-

257 3098 473 3166 petitur,
502 3107 557 3152 ut
583 3099 857 3154 excusatio
880 3099 1372 3155 contradicentibus
1396 3099 1690 3156 auferatur.

828 3211 1020 3266 Divisio
1052 3212 1256 3283 psalmi.

258 3356 259 3359 η
319 3322 584 3378 Dominus
620 3321 861 3379 Christus
896 3333 948 3379 et
995 3323 1556 3380 virtutibusSalvator
1584 3334 1636 3380 et
1668 3325 1836 3380 moni-

250 3416 332 3481 tis,
362 3417 416 3470 in
442 3415 622 3485 prima
654 3416 961 3471 narratione
990 3417 1181 3486 psalmi
1225 3417 1531 3474 Judteorn‘m
1559 3421 1839 3489 cognosci-

254 3516 336 3562 tur
362 3510 706 3579 exprobrare
730 3511 1041 3581 nequitiam.
1066 3510 1173 3566 Sed
1199 3511 1325 3567 dum
1344 3512 1448 3566 illis
1477 3512 1700 3579 imputat
1721 3526 1839 3582 quas

254 3602 518 3664 iaceruut.
544 3615 641 3657 nos
668 3617 736 3657 ne
764 3602 1024 3658 faciamus
1049 3603 1249 3658 similia
1287 3617 1714 3658 commonemur.
1744 3604 1839 3659 Sc-

258 3694 417 3747 camls
491 3695 804 3749 narratione
856 3694 1240 3749 retributiones
1308 3709 1496 3749 eorum
1550 3693 1840 3763 aptissimis

257 3786 749 3855 comparationibus
770 3786 1029 3842 declarat.
1053 3787 1233 3842 Tertia
1258 3786 1431 3857 qualis
1459 3786 1548 3839 iiat
1576 3786 1842 3841 correctio

259 3876 531 3947 iu~turum
552 3878 621 3934 de
649 3886 990 3949 peccatorum
1021 3878 1225 3933 ultione
1256 3887 1601 3933 memoratur.

794 3990 1064 4062 Expositio
1102 3992 1305 4061 psalmi.

318 4102 488 4160 'Vers.
515 4106 565 4159 Ι.
589 4103 651 4161 Si
666 4120 778 4160 uere
794 4106 967 4175 utique
978 4106 1236 4177 justitiam
1254 4105 1536 4174 loquimini,
1549 4106 1694 4176 justo
1706 4106 1845 4173 judi-

268 4203 393 4265 cate,
408 4196 508 4265 ﬁlii
527 4196 805 4251 hominum.
823 4197 1070 4273 Christus
1086 4195 1564 4252 Dominusludazos
1577 4195 1848 4251 invehitur

266 4284 383 4357 [ms.
414 4287 508 4355 A.,
537 4286 811 4360 convenit]
832 4286 900 4343 de
924 4287 1006 4342 his
1025 4301 1144 4357 quae
1184 4286 1341 4357 longa
1366 4297 1485 4355 post
1512 4293 1669 4342 erant
1692 4295 1848 4342 astate

266 4376 475 4432 facturi.
512 4376 816 4447 Loquuntur
834 4377 975 4432 enim
1005 4376 1141 4432 falso
1156 4376 1414 4448 justitiam
1439 4374 1593 4445 legis,
1623 4376 1715 4444 qui
1740 4390 1845 4430 non
1883 4445 1893 4454 ι

266 4475 384 4520 sunt
409 4474 557 4524 recta
583 4466 892 4536 iudicaturi.
944 4466 1079 4522 Vere
1104 4475 1286 4522 autem
1330 4466 1409 4521 illi
1450 4465 1732 4534 aequabilia
1772 4464 1851 4520 di-

267 4568 409 4627 cunt,
435 4559 532 4632 qui
555 4559 699 4630 jnsta
724 4558 917 4614 facturi
945 4567 1105 4624 sunt;
1138 4573 1318 4615 sermo
1340 4558 1481 4613 enim
1523 4568 1703 4613 rectus
1731 4558 1851 4614 vita:

1931 1974 2085 2030 corde
2126 1981 2307 2029 vestro
2355 1971 2643 2042 iniquitates
2690 1968 3014 2039 operamini,
3067 1965 3155 2020 ubi
3218 1960 3517 2034 perfectum

1931 2067 2136 2123 crimen
2162 2075 2266 2136 est,
2297 2074 2580 2136 antequam
2606 2062 2729 2130 fiat,
2762 2070 2816 2116 et
2837 2074 2994 2115 omne
3026 2057 3219 2113 malum
3252 2051 3520 2124 plectibile

1933 2155 2021 2225 lit,
2050 2155 2191 2226 quod
2232 2154 2561 2211 desiderium
2606 2164 2785 2224 prava:
2828 2147 3118 2205 voluntatis
3160 2143 3408 2201 accusat?
3450 2139 3518 2196 In

1934 2260 2070 2305 terra
2101 2263 2226 2304 vero
2254 2246 2404 2316 dicit,
2438 2245 2558 2302 sive
2582 2258 2779 2300 arcano
2814 2242 3068 2312 pectoris,
3096 2239 3208 2292 sive
3239 2249 3397 2305 supra
3422 2248 3519 2304 po-

1934 2343 2116 2414 pulum
2143 2342 2228 2398 cui
2256 2341 2522 2413 principes
2553 2348 2606 2395 et
2628 2337 2882 2393 Pharisaei
2922 2348 3155 2407 praesse
3185 2330 3517 2387 videbantur.

1935 2437 2003 2494 Et
2038 2436 2159 2493 vide
2206 2436 2327 2508 quia
2361 2448 2521 2505 supra
2562 2431 2731 2487 cordis
2770 2429 3057 2499 iniquitates
3106 2424 3328 2496 posuit:
3381 2435 3522 2477 nunc

1935 2530 2095 2585 etiam
2118 2541 2212 2598 per
2230 2541 2412 2583 manus
2431 2538 2520 2582 res
2546 2520 2813 2593 signiﬁcat
2840 2517 3076 2575 actuales
3092 2562 3106 2588 ,
3140 2525 3196 2569 ut
3226 2528 3330 2569 non
3348 2514 3518 2568 solum

1936 2621 2226 2692 cogitatum
2242 2618 2440 2683 scelus,
2466 2615 2558 2673 sed
2579 2614 2738 2671 etiam
2762 2611 3085 2681 completum
3108 2621 3229 2663 esse
3243 2605 3519 2661 doceatur.

1938 2713 2258 2769 Concinnant
2300 2709 2442 2766 enim
2481 2707 2548 2762 ad
2596 2705 2903 2776 iniquitates
2955 2701 3094 2757 bene
3130 2699 3362 2770 positum
3417 2703 3520 2750 est.

1937 2804 2293 2862 Concinnatio
2323 2809 2501 2856 autem
2546 2796 2831 2869 significat,
2862 2793 3076 2865 quando
3100 2806 3168 2847 ex
3194 2788 3375 2846 multis
3405 2801 3525 2842 oar-

1941 2898 2087 2954 tibus
2111 2897 2210 2953 sibi
2239 2894 2488 2952 convenit
2516 2890 2744 2945 adunata
2775 2886 3120 2957 perversitas.

2014 2989 2166 3043 Vers.
2197 2986 2249 3041 3.
2300 2983 2521 3039 Alienati
2556 2991 2675 3035 sunt
2715 2988 3000 3051 peccatores
3044 2974 3106 3029 ab
3135 2982 3278 3028 utero
3320 2968 3472 3043 [ed.,
3496 2983 3531 3022 α

1938 3079 2437 3152 ινιιιυα],επαυθνωιε
2456 3092 2486 3128 a
2506 3084 2696 3138 ventre,
2722 3068 2875 3124 locuti
2896 3076 3010 3121 sunt
3032 3065 3187 3137 falsa.
3208 3063 3395 3117 Merito
3417 3072 3530 3129 pec-

1941 3149 2151 3229 catores
2182 3182 2430 3239 tanquam
2473 3165 2773 3230 abortivus,
2809 3162 3077 3231 projectos
3107 3157 3175 3212 ab
3216 3163 3370 3210 utero
3398 3149 3528 3207 dicit

1867 3272 1913 3335 ο
1945 3263 2226 3328 Ecclesia),
2255 3262 2341 3330 qui
2380 3258 2521 3312 nulla
2568 3254 2824 3309 doctrina:
2870 3247 3275 3305 confirmatione
3304 3242 3528 3316 perfecti

1940 3364 2095 3418 sunt;
2122 3354 2216 3406 seJ
2246 3354 2495 3419 tanquam
2525 3356 2722 3400 tenerae
2769 3340 2988 3407 recudis
3033 3338 3231 3393 fatuata
3258 3334 3529 3399 mollities,

1941 3462 2046 3501 non
2077 3444 2144 3499 ad
2168 3444 2341 3499 lucem
2374 3439 2604 3499 vitalem,
2636 3433 2729 3490 scd
2768 3434 2822 3489 itt
2855 3432 3091 3504 perfidia:
3120 3428 3373 3485 tenebras
3404 3441 3530 3495 pro-

1943 3538 2138 3592 bantur
2176 3534 2393 3606 altjecti.
2435 3531 2584 3588 iuste
2622 3533 2819 3604 quippe
2850 3537 3049 3583 uterum
3088 3522 3290 3577 habere
3337 3517 3535 3575 dicitur.

1943 3632 2208 3699 Ecclesia,
2238 3644 2359 3701 qum
2386 3643 2484 3683 nos
2513 3642 2667 3682 sacro
2688 3623 3007 3694 baptismate
3033 3615 3307 3689 profundit
3334 3614 3388 3669 in
3412 3627 3532 3684 per-

1943 3736 2157 3797 petuam
2204 3724 2400 3779 lucem.
2443 3719 2551 3777 Sed
2595 3734 2675 3773 vae
2703 3718 2808 3773 illis
2846 3715 2936 3787 qui
2989 3710 3256 3770 immaturi
3307 3708 3374 3762 ab
3417 3704 3539 3776 ejus

1943 3796 2237 3872 visceribus
2264 3812 2538 3869 exierunt!
2562 3809 2836 3880 Sequitur,
2860 3810 3155 3861 erraverunt
3184 3819 3216 3855 a
3240 3808 3429 3863 ventre,
3456 3796 3535 3850 lo-

1944 3924 1971 3962 c
1992 3908 2049 3960 .ti
2072 3916 2191 3961 sunt
2211 3908 2363 3976 falsa.
2398 3902 2709 3958 Erraverunt
2734 3898 2917 3969 utique
2939 3912 2971 3948 a
2991 3902 3181 3961 ventre,
3209 3889 3300 3961 qui
3322 3894 3538 3943 contra-

1949 4001 2025 4055 ria
2058 3999 2214 4053 matri
2246 3997 2494 4067 dogmata
2522 4001 2647 4048 sunt
2691 3988 2893 4055 secuti,
2937 3998 3038 4042 nec
3075 3984 3252 4039 alvum
3294 3986 3534 4033 sanctam

1948 4093 2029 4161 pia
2075 4090 2359 4147 devotione
2403 4094 2749 4142 venerantur.
2799 4081 2906 4150 Ipsi
2936 4079 3080 4134 enim
3112 4085 3167 4131 et
3207 4076 3340 4148 falsa
3376 4072 3536 4126 locuti

1948 4191 2089 4249 sunt,
2122 4181 2213 4251 qui
2242 4180 2307 4235 ab
2336 4179 2456 4248 ejus
2477 4171 2676 4231 sanctis
2699 4168 3071 4227 traditionibus
3093 4173 3426 4221 erraverunt.

2027 4274 2177 4329 Vers.
2204 4274 2255 4328 4.
2282 4271 2377 4327 Ira
2402 4270 2507 4324 illis
2531 4266 2809 4322 secundum
2833 4261 3226 4320 similitudinem
3258 4256 3529 4327 serpentis,
3556 4312 3565 4315 ἢ

1951 4365 2081 4419 sicut
2100 4363 2292 4432 aspidis
2319 4360 2489 4417 surda:
2508 4365 2556 4413 et
2577 4356 2858 4411 obturantis
2880 4369 3027 4409 aures
3046 4368 3185 4408 suos.
3209 4349 3302 4405 Ira
3326 4348 3541 4404 Judteo-

1954 4472 2071 4511 rum
2103 4470 2197 4526 per
2231 4451 2636 4509 similitudinem
2686 4448 2845 4504 nimis
2892 4446 3221 4517 aptissimam
3263 4441 3537 4496 delinitur.

1955 4551 2352 4605 Obstinatorum
2376 4545 2572 4618 quippe
2617 4543 2891 4598 hominum
2937 4541 3018 4593 ira
3045 4533 3410 4593 irrev0cabilis
3434 4541 3519 4588 est

268 4650 423 4707 debet
444 4628 570 4708 esse
591 4652 911 4707 consimilis.
943 4651 1115 4706 Voces
1144 4665 1273 4722 ergo
1303 4651 1422 4705 illas
1458 4650 1543 4705 hic
1565 4651 1739 4720 arguit
1760 4650 1853 4706 Ju-
1879 4646 1931 4705 Ι)
1956 4642 2082 4711 qui,
2122 4655 2191 4696 ne
2215 4639 2522 4695 docentium
2558 4634 2970 4705 praedicationes
3009 4628 3317 4690 exaudiam,
3352 4638 3544 4695 procu-

268 4742 529 4810 daeorum,
556 4742 777 4812 quando
797 4743 1034 4811 captiose
1056 4741 1341 4797 dicebant:
1378 4739 1646 4813 Magister,
1667 4741 1855 4795 scimus

269 4835 386 4904 quia
423 4853 457 4890 a
507 4833 618 4889 Deo
665 4835 880 4901 venisti,
926 4846 976 4890 et
1018 4836 1153 4888 viam
1197 4835 1295 4889 Dei
1332 4836 1387 4889 in
1434 4835 1638 4889 veritate
1680 4834 1852 4888 doces.

273 4925 487 4996 (Matth.
517 4943 653 4994 xxn,
688 4926 798 4999 16).
834 4930 936 4985 Ista
968 4927 1181 4997 quidem
1204 4928 1351 5000 justo
1376 4935 1548 4993 erant,
1570 4926 1665 4983 sed
1687 4926 1763 4982 illi
1793 4941 1854 4981 ea

272 5020 537 5075 veraciter
576 5019 795 5075 minime
838 5019 1209 5087 loquebantur:
1252 5017 1506 5088 quoniam
1553 5017 1597 5071 si
1635 5015 1860 5072 fuissent

274 5112 572 5166 certissima
626 5122 808 5166 mente
852 5111 1089 5179 prolata,
1140 5110 1633 5180 irreprebensibilia
1671 5122 1859 5166 eorum

277 5210 561 5270 potuerant
589 5216 713 5257 esse
753 5201 989 5270 judicia;
1025 5216 1121 5256 nec
1151 5210 1339 5269 postea
1382 5200 1643 5256 dixissent
1673 5201 1865 5256 Pontio

279 5291 446 5348 Pilato
479 5310 493 5347 :
527 5294 810 5365 Cruciﬁge,
840 5293 1109 5365 rruciﬁge,
1139 5294 1261 5361 quia
1297 5309 1352 5347 se
1390 5291 1487 5347 Dei
1519 5291 1716 5351 Filium
1757 5309 1866 5348 esse

279 5385 545 5452 conﬁrmat
576 5384 757 5458 (Joan.
792 5399 904 5451 xtx,
938 5386 992 5451 6,
1014 5382 1094 5455 8).
1115 5383 1205 5440 Sic
1226 5384 1381 5440 enim
1387 5383 1783 5455 judicaverunt,
1808 5394 1866 5444 ut

282 5491 385 5530 non
414 5486 596 5544 recte,
646 5476 741 5532 sed
782 5476 903 5532 ficte
945 5474 1101 5531 locuti
1117 5473 1379 5548 justitiam
1422 5476 1858 5545 comprobentur.

287 5565 394 5619 Iloc
421 5576 791 5638 argumentum
832 5567 886 5621 in
914 5566 1103 5637 topicis
1130 5564 1325 5622 dicitur
1349 5580 1381 5621 a
1407 5567 1697 5621 contrario.
1723 5565 1863 5622 Con-

287 5659 499 5714 trarium
545 5668 629 5715 est
670 5662 813 5716 enim
854 5669 997 5714 recta
1033 5660 1211 5729 loqui,
1260 5667 1314 5714 et
1368 5672 1620 5731 perversa
1660 5657 1859 5713 facere.

285 5748 530 5805 Nonnulli
574 5767 705 5807 vero
755 5752 876 5804 hinc.
924 5751 1120 5805 faciunt
1165 5750 1516 5819 quaestionem
1542 5789 1555 5812 ,
1596 5750 1857 5815 dicentes,

287 5841 371 5897 ita:
418 5846 627 5913 quidem
672 5854 994 5917 pratceptum
1045 5858 1164 5901 esse
1196 5862 1206 5901 τ
1242 5844 1391 5899 Iusta
1421 5842 1685 5912 judicate,
1739 5856 1858 5896 cum

1959 4741 2079 4787 rant
2096 4730 2196 4787 sibi
2214 4729 2565 4786 voluntariam
2584 4725 2919 4781 surditatem.
2942 4720 3039 4776 Cui
3057 4718 3198 4775 malo
3212 4713 3546 4771 consuetudo

1959 4824 2153 4892 aspidis
2174 4831 2538 4891 comparatur,
2561 4834 2679 4887 quzn
2708 4833 2774 4870 ne
2799 4813 2961 4869 verba
3005 4807 3330 4866 incantantis
3378 4821 3521 4862 exau
3560 4816 3573 4888 ξ

1959 4918 2084 4982 diat,
2120 4930 2353 4985 suasque
2380 4914 2610 4981 latebras
2640 4912 2787 4966 deret
2812 4916 2997 4976 nquat,
3031 4916 3191 4957 unam
3214 4915 3398 4957 aurem
3429 4890 3568 4961 can-3,

1963 5011 2047 5066 dte
2081 5025 2192 5064 suae
2238 5007 2542 5063 inﬂectione
2565 5003 2761 5058 dicitur
2790 4999 3066 5061 obturare,
3096 4992 3318 5047 alteram
3347 5006 3473 5047 vero
3496 4991 3549 5044 in

1965 5111 2161 5157 terram
2186 5098 2504 5168 deprimere.
2538 5095 2635 5149 Cui
2668 5091 2854 5145 merito
2876 5086 3045 5142 Judasi
3077 5083 3369 5153 comparati
3398 5092 3550 5146 sunt,

1965 5195 2053 5265 qui
2076 5193 2254 5249 cordis
2276 5192 2495 5246 auribus
2517 5185 2800 5250 obturatis,
2824 5182 3029 5237 sanctte
3046 5180 3339 5250 Scriptura:
3363 5176 3550 5231 audire

1968 5304 2003 5339 ιι
2026 5286 2260 5340 .luerunt
2273 5278 2677 5337 saluberrimam
2700 5274 3021 5347 iussionem.
3056 5270 3309 5327 Obtnrare
3347 5269 3491 5323 enim
3520 5282 3549 5319 a
3582 5317 3587 5321 .

1968 5374 2337 5435 sacerdotibus
2382 5380 2610 5427 tractum
2638 5377 2750 5436 est,
2783 5367 2874 5438 qui
2905 5376 3063 5421 aures
3098 5377 3225 5419 suas
3265 5360 3426 5416 thure
3462 5374 3545 5413 re-

1968 5469 2201 5540 plebant,
2227 5479 2296 5521 ne
2311 5461 2608 5534 peregrinis
2625 5458 2805 5516 verbis
2830 5451 3306 5521 intercedentibus,
3329 5448 3573 5507 contusa.

1965 5559 2261 5616 carminum
2294 5554 2549 5610 memoria
2574 5553 2898 5607 turbaretur.

2040 5650 2190 5704 Vers.
2218 5648 2269 5704 5.
2306 5647 2434 5714 Qua:
2457 5661 2554 5699 non
2593 5643 2830 5698 exaudiet
2871 5654 3039 5694 vocem
3074 5634 3482 5695 tneantantium,
3507 5640 3554 5683 et

1968 5743 2204 5812 veneﬁcia
2230 5757 2341 5809 qua:
2364 5742 2683 5795 incantantur
2711 5755 2740 5791 a
2771 5736 3016 5804 sapiente.
3049 5731 3104 5785 ln
3132 5725 3447 5793 exponenda
3478 5725 3553 5776 si-

1968 5839 2268 5895 militudine
2312 5842 2642 5907 perseverat.
2688 5834 2823 5888 Dicit
2852 5827 2995 5884 enim
3023 5824 3087 5879 de
3118 5819 3299 5886 aagvide
3322 5833 3433 5883 qux
3459 5830 3556 5869 non
