4036 6342
481 487 483 490 ⁴
513 409 614 466 tor
1189 489 1191 492 g
1475 419 1478 421 ‘
1728 420 1792 475 ιι.

1837 419 2117 477 Αυιικιιι
2157 417 2564 476 CASSIODORI

3678 431 3788 492 408

506 524 715 585 exaudit
740 541 909 584 vocem
947 528 1309 585 incantantium
1333 551 1350 586 :
1379 533 1558 602 utique
1591 537 1840 602 quoniam
1865 534 2082 588 auribus
2117 537 2155 590 Α
2189 543 2390 601 pereat.
2419 536 2745 606 Auferentur,
2764 540 2910 607 dicit,
2942 559 2970 596 a
2994 553 3281 611 conspectu
3304 543 3540 612 Domini,
3569 547 3782 617 quando

506 615 772 673 damnatis
799 620 1098 687 obsurduit,
1128 639 1228 680 nec
1255 640 1410 696 passa
1437 635 1521 681 est
1549 627 1732 682 audire
1757 641 1942 683 vocem
1974 643 2092 696 qua:

506 707 649 763 illam
675 710 888 767 trahere
912 713 1171 781 potuisset
1193 715 1259 769 ad
1285 715 1480 771 lucem.
1509 717 1553 772 0
1578 717 1868 772 humanum
1889 717 2090 788 genus!

505 799 611 854 nisi
639 800 964 858 illuminetur
985 806 1354 864 misericordia
1381 809 1583 875 divina,
1609 812 1962 866 caecissimnm
1981 821 2090 865 est:

503 902 742 957 creatum
777 893 932 966 193
961 896 1025 948 ad
1073 897 1361 964 imaginem
1391 899 1519 966 Dei,
1547 900 1952 956 similitudinem
1983 901 2096 955 vult

503 981 704 1040 habere
724 987 1007 1054 serpentis.
1046 988 1343 1060 Sapientem
1369 1008 1497 1048 vero
1522 995 1661 1047 hunc
1686 977 1912 1060 dicimus
1942 1010 2095 1055 mun-

501 1073 654 1142 dana:
679 1075 809 1130 artis
836 1089 1198 1151 operatorom,
1224 1086 1316 1150 qui
1343 1089 1675 1157 prapositatn
1707 1101 1840 1148 rem,
1866 1085 2093 1140 Domino

500 1182 560 1233 se
587 1167 824 1237 iuvante,
855 1179 1026 1225 astuta
1049 1172 1283 1242 complet
1314 1175 1596 1232 industria.
1620 1177 1753 1232 Nota
1783 1177 1940 1248 igitur
1969 1193 2094 1242 quo-

429 1311 435 1328 ._
500 1259 642 1330 niam
663 1259 914 1316 dicuntur
935 1265 1202 1333 sapientes
1227 1268 1347 1322 etin
1371 1269 1530 1333 malo,
1554 1270 1620 1325 de
1641 1272 1836 1340 quibus
1857 1271 2052 1340 legitur
2077 1291 2090 1326 :

503 1351 603 1416 Ubi
627 1355 848 1422 sapiens.
878 1355 966 1408 ubi
990 1359 1156 1411 scriba
1178 1357 1230 1428 (I
1255 1357 1374 1426 Cor.
1401 1377 1438 1424 ι,
1467 1363 1586 1430 20)?
1613 1371 1667 1418 et
1690 1365 1772 1430 bis
1801 1365 2016 1420 similia.

569 1443 720 1498 Vers.
749 1445 801 1498 6.
841 1445 974 1506 Deus
997 1461 1216 1505 conteret
1237 1452 1410 1506 dentes
1438 1471 1607 1508 eorum
1635 1457 1686 1509 in
1715 1473 1802 1510 ore
1821 1457 2090 1527 ipsorum;

403 1555 424 1564 λ’
497 1538 660 1592 molas
684 1538 888 1592 leonum
915 1543 1201 1613 confringe:
1244 1540 1517 1599 Dominus.
1557 1547 1811 1602 introitus
1839 1551 2089 1606 secundae

496 1627 824 1688 narrationis
876 1631 1132 1699 aperitur,
1190 1633 1242 1686 in
1297 1649 1400 1702 qua
1455 1634 1777 1692 describitur
1819 1655 1939 1707 quae
1985 1641 2091 1693 sint

500 1720 644 1785 mala
687 1723 893 1790 passuri
920 1723 1011 1791 qui
1056 1734 1516 1794 contempserunt,
1562 1737 1616 1782 ut
1645 1728 1880 1796 asiiides,
1911 1729 2085 1794 divina

498 1809 880 1885 prmdicatione
909 1814 1125 1885 Salvari.
1159 1815 1390 1873 Primum
1415 1817 1736 1873 dicitdentes
1759 1836 1933 1882 eorum
1965 1835 2088 1899 Spef

2199 625 2251 678 in
2282 625 2542 693 gehennae
2576 639 2840 684 tormenta
2872 633 3115 688 mitti-udi
3145 644 3287 689 sunt.
3317 635 3556 704 Denique
3585 638 3663 688 sic
3692 651 3782 691 se-

2198 715 2398 782 quitur,
2428 733 2582 785 super
2613 735 2696 772 eos
2728 721 2907 774 cecidit
2935 721 3089 792 ignis,
3123 732 3172 776 ct
3199 740 3297 776 non
3337 723 3573 778 viderunt
3605 727 3781 778 solem.

2199 802 2380 875 Ignem
2405 807 2534 862 dicit
2571 810 2720 864 mala:
2755 814 2949 866 tuentis
2973 817 3240 876 ardorem,
3271 831 3428 884 quem
3463 817 3514 870 in
3549 817 3650 871 boc
3679 832 3783 871 sre-

2198 897 2320 951 culo
2349 900 2564 954 caecatis
2591 903 2838 957 sensibus
2861 905 3192 970 hauserunt;
3223 910 3309 976 qui
3336 907 3580 962 tenebrat
3611 911 3786 976 potius

2199 1006 2357 1058 quam
2399 992 2687 1060 illuminat,
2739 998 2826 1066 qui
2871 1013 2975 1052 non
3022 1001 3218 1066 aperit,
3267 1001 3360 1056 sed
3400 1001 3602 1055 claudit
3636 1019 3787 1066 astte-

2197 1093 2363 1135 etum.
2393 1082 2538 1138 Talis
2562 1087 2704 1138 enim
2743 1088 2880 1156 ignis
2902 1105 3062 1156 super
3087 1091 3276 1154 impios
3305 1093 3483 1153 cadit,
3530 1102 3587 1144 ut
3617 1094 3792 1144 solum.

2195 1185 2404 1236 verum,
2432 1174 2482 1227 id
2511 1187 2592 1228 Cal
2636 1175 2916 1230 Dominum
2950 1179 3279 1234 Salvatorem
3313 1183 3493 1236 videre
3525 1199 3632 1235 non
3669 1199 3787 1250 pos-

2196 1260 2331 1327 sint;
2355 1263 2497 1317 sicut
2527 1275 2581 1318 et
2607 1267 2702 1334 ipsi
2738 1268 2788 1321 in
2811 1269 3017 1335 judicio
3046 1270 3224 1326 futuro
3251 1272 3444 1327 dicturi
3473 1284 3600 1327 sunt.
3634 1290 3649 1325 :
3697 1273 3790 1328 Sol

2196 1373 2297 1411 non
2327 1372 2468 1413 ortus
2497 1370 2569 1415 est
2609 1363 2780 1428 nobis,
2815 1375 2860 1417 et
2873 1366 3098 1436 justitia:
3131 1365 3302 1419 lumen
3343 1383 3442 1420 non
3477 1367 3610 1421 luxit
3650 1369 3788 1422 nobis

2195 1445 2352 1518 (Sap.
2381 1467 2434 1513 ν,
2475 1451 2552 1519 ϐ’).
2583 1452 2732 1507 Illum
2755 1455 2897 1510 enim
2928 1456 3096 1510 solem
3139 1459 3448 1526 conspicere
3477 1472 3774 1529 nequeunt,

2195 1541 2296 1594 nisi
2336 1543 2425 1612 qui
2453 1559 2572 1598 eum
2607 1547 2818 1601 lﬂttlldis
2860 1561 2912 1602 et
2941 1550 3140 1604 sanctis
3182 1551 3446 1612 mentibus
3477 1553 3778 1630 intuentur.

2271 1634 2419 1691 Vers.
2456 1637 2509 1692 9.
2557 1637 2867 1710 Priusquam
2911 1644 3196 1710 producant
3222 1647 3385 1708 spintv
3410 1659 3584 1702 vestrm
3605 1651 3786 1702 rham-

2194 1742 2284 1778 nos
2314 1741 2332 1780 :
2359 1728 2486 1780 sicut
2524 1731 2760 1796 viventes,
2789 1733 2919 1788 sicut
2947 1737 2996 1788 in
3027 1736 3105 1788 ira
3127 1737 3356 1791 absorbet
3379 1756 3483 1792 eos.
3519 1739 3788 1812 Rhamnus

2192 1819 2464 1885 spinarum
2517 1836 2682 1887 genus
2735 1833 2818 1878 est
2869 1825 3278 1893 permolestum,
3331 1831 3474 1898 quod
3529 1833 3682 1899 prius
3737 1834 3788 1903 in

498 1903 706 1968 cialiter
745 1907 1112 1972 conterendos,
1139 1909 1353 1978 quando
1395 1912 1583 1976 dolosa
1628 1912 1790 1967 verba
1843 1914 2078 1982 ipsorum
2119 1922 2160 1980 Β
2193 1907 2409 1992 berbam
2440 1911 2806 1968 moliis~imam
2839 1916 3111 1983 pubescit;
3150 1918 3244 1973 sed
3275 1918 3362 1972 ubi
3393 1919 3574 1974 adulta
3621 1930 3785 1978 :ctate

497 2002 551 2060 et
599 1994 852 2062 captiosae
893 1997 1340 2068 interrogationes
1385 2001 1781 2057 deducebantur
1824 2003 1891 2057 ad
1937 2003 2081 2059 nihi-

497 2081 638 2150 lum;
669 2088 806 2140 sicut
832 2089 910 2143 eis
941 2092 1162 2162 contigit
1185 2093 1398 2162 quando
1419 2094 1644 2162 subdole
1675 2095 2081 2167 interrogabant

498 2174 585 2232 Cui
616 2192 864 2232 nummus
897 2180 1128 2238 Czrsaris
1155 2183 1499 2252 penderetur.
1533 2185 1638 2239 SCII
1661 2187 1765 2241 tale
1787 2203 1817 2240 a
1857 2187 2082 2242 Domino

495 2281 810 2338 responsum
846 2287 1133 2339 recepere,
1170 2286 1225 2328 nt
1257 2275 1398 2330 unde
1431 2275 1772 2334 teatuverani
1803 2275 2080 2346 mordere,

493 2363 746 2431 contritis
793 2365 1040 2423 dentibus
1081 2367 1391 2424 viderentur
1421 2373 1732 2427 abscedere.
1767 2376 1854 2428 Ait
1890 2376 2030 2432 enim
2064 2395 2078 2432 ε

497 2453 715 2522 Reddite
750 2455 939 2533 Caesari
980 2477 1092 2530 qut:
1138 2475 1254 2516 sunt
1298 2461 1550 2534 Catsaris,
1598 2477 1642 2520 ct
1689 2467 1794 2522 Deo
1833 2485 1946 2540 quae
1989 2471 2080 2526 Dei

493 2555 611 2608 sunt
643 2545 854 2617 (Matth.
879 2567 1006 2616 χχιι.
1039 2552 1100 2605 2|
1123 2552 1165 2622 ).
1193 2555 1474 2624 Sequitur,
1503 2559 1554 2610 in
1583 2575 1668 2611 ore
1704 2561 1934 2630 ipsorum
1964 2581 2076 2617 mo-

495 2638 571 2694 las
596 2641 792 2705 lenitum
817 2646 1101 2718 confringet
1139 2647 1403 2712 Dominus.
1436 2650 1532 2704 llic
1559 2653 1744 2707 nescio
1773 2655 1899 2723 quid
1929 2658 1976 2710 vi
2004 2659 2080 2714 ὀφ

494 2743 581 2785 tur
613 2717 942 2798 ﬂorescere,
971 2737 1180 2807 quando
1206 2750 1257 2800 et
1280 2733 1458 2814 leones
1477 2745 1838 2801 nominavitet
1865 2752 2028 2801 molas
2057 2768 2078 2814 :_

490 2822 612 2878 illos
645 2825 895 2881 videlicet
920 2826 1246 2898 signiﬁcans,
1276 2833 1362 2901 qui
1400 2849 1502 2887 non
1532 2834 1640 2903 jam
1671 2837 1924 2905 captiosis
1958 2856 2079 2896 ver-

490 2915 592 2984 bis,
625 2918 718 2973 sed
753 2917 986 2974 bellnino
1037 2923 1247 2988 fremitu
1278 2925 1328 2979 in
1377 2943 1562 2984 necem
1604 2929 1816 2986 Domini
1846 2949 2074 2990 consur-

491 3023 618 3078 gere
646 3019 1003 3072 tentaverunt.
1033 3016 1258 3084 Aspides
1289 3029 1468 3085 erant,
1495 3022 1710 3087 quando
1740 3024 1789 3078 ei
1818 3025 2078 3083 insidiose

491 3099 738 3162 dixerunt
769 3119 784 3156 :
827 3102 966 3156 Licet
1005 3105 1127 3159 dare
1163 3107 1406 3171 tributum
1443 3109 1633 3164 Cmari
1683 3111 1926 3184 (Ibidem,
1955 3116 2078 3192 i7)?

491 3187 686 3258 Leonas
719 3190 960 3260 fuerunt,
999 3198 1211 3263 quando
1261 3213 1486 3260 cruento
1521 3217 1616 3258 ore
1664 3187 2072 3265 clamaverunt:

2188 2000 2432 2065 caluerit,
2482 2004 2811 2058 ramusculos
2862 2005 3108 2074 producit
3156 2009 3513 2075 acnminatos,
3559 2023 3786 2082 postca-

2187 2079 2292 2160 tjue
2339 2093 2458 2162 ejus
2487 2093 2646 2147 Sudcs
2675 2096 2966 2150 durescunt
3001 2083 3062 2152 in
3113 2101 3394 2156 arboream
3447 2093 3784 2172 lirtttitatent,

2189 2179 2474 2254 llocgergo
2520 2181 2718 2238 iudicis
2786 2203 3027 2255 prtesens
3076 2192 3364 2252 sententia,
3398 2196 3784 2262 comminatur,

2185 2273 2328 2348 quod
2364 2276 2506 2342 prius
2553 2275 2940 2332 absorbeantur
2976 2297 3135 2350 quam
3180 2283 3332 2352 longa
3383 2294 3538 2340 :rtate
3588 2303 3784 2357 eorum

2185 2363 2387 2418 malitia
2419 2367 2788 2433 convalescat,
2821 2370 2962 2424 sicut
3009 2380 3064 2425 et
3094 2373 3144 2425 in
3173 2373 3278 2429 alio
3327 2375 3444 2430 loco
3486 2377 3556 2432 de
3586 2380 3786 2434 talibus

2184 2453 2311 2510 dicit
2348 2473 2360 2508 :
2402 2456 2512 2512 Viri
2528 2461 2836 2529 sanguinum
2865 2473 2910 2515 et
2948 2463 3114 2534 dolosi
3143 2482 3244 2520 non
3283 2469 3625 2524 dimidiabunt
3673 2475 3790 2536 dies~

2181 2561 2298 2601 suos
2329 2547 2502 2618 (Psal.
2557 2567 2661 2615 Liv,
2705 2553 2820 2619 24).
2877 2553 3130 2623 Sequitur
3177 2559 3422 2614 celeritas
3466 2562 3788 2630 perditionis,

2183 2651 2394 2704 eorum,
2426 2641 2556 2694 sicut
2581 2653 2815 2708 viventes,
2849 2646 2982 2698 sicut
3008 2647 3058 2699 in
3107 2649 3186 2699 ira
3211 2649 3442 2705 absorbet
3482 2669 3588 2708 eis.
3641 2653 3783 2708 Bene

2183 2729 2332 2796 dicit,
2365 2734 2496 2786 sicut
2529 2739 2767 2803 uiuentes,
2813 2739 2934 2807 quia
2965 2739 3142 2797 vivere
3192 2744 3439 2800 videntur
3479 2758 3530 2801 et
3582 2749 3780 2802 mortui

2181 2832 2326 2877 sunt.
2359 2824 2544 2879 Omnis
2576 2830 2718 2882 enim
2751 2840 2994 2896 peccator
3024 2831 3073 2884 in
3118 2835 3378 2900 pravitate
3405 2837 3607 2908 degens
3638 2841 3780 2894 veri-

2185 2914 2282 2967 tati
2310 2915 2564 2982 ntoritur,
2595 2920 2734 2971 sicut
2765 2919 2838 2972 ait
2863 2922 3153 2987 Apostolus
3186 2943 3198 2977 :
3237 2925 3407 2981 Vidua
3434 2945 3549 2996 qum
3570 2931 3622 2982 in
3650 2932 3778 2985 tlcli-

2180 3004 2272 3058 ciis
2299 3015 2392 3070 est,
2411 3011 2576 3061 vivens
2598 3020 2800 3064 mortua
2827 3022 2898 3064 est
2924 3002 2973 3082 (Ἰ
3017 3014 3150 3069 Tim.
3200 3033 3251 3082 v,
3286 3019 3365 3089 (ἱ).
3413 3019 3564 3086 Quod
3595 3033 3776 3078 autem

2180 3096 2394 3166 adjecit,
2423 3100 2555 3153 sicut
2583 3101 2637 3154 in
2663 3102 2745 3156 ira
2780 3105 3009 3158 absorbet
3033 3122 3140 3175 eos,
3172 3110 3299 3163 illud
3328 3113 3616 3180 signiﬁcat,
3651 3119 3777 3185 quia

2185 3187 2442 3246 Dominus
2471 3203 2721 3264 tanquam
2752 3196 2940 3264 iratus,
2978 3213 3289 3268 peccatores
3325 3205 3536 3260 videtur
3563 3213 3777 3276 percel-

492 3282 763 3355 Cruciﬁge,
785 3286 1025 3358 cruciﬁge
1053 3286 1200 3356 (Luc.
1237 3305 1386 3358 χχιιι,
1412 3291 1526 3363 il).
1557 3294 1630 3349 lta
1660 3295 1865 3354 insania
1889 3314 2071 3357 eorum

2184 3277 2294 3338 lere
2343 3296 2451 3340 non
2485 3284 2688 3346 iratus;
2718 3286 2922 3354 dequo
2974 3291 3232 3362 scriptum
3267 3305 3395 3348 cst:
3447 3297 3524 3350 Tu
3579 3315 3776 3368 autem,

493 3387 598 3436 non
625 3373 799 3440 solum
833 3390 1039 3434 veneno
1065 3379 1364 3447 serpentis,
1391 3381 1484 3437 sed
1517 3385 1842 3450 immanibus
1884 3389 2076 3448 belluis

491 3475 797 3534 comparata
838 3467 1176 3525 describitur.
1219 3469 1285 3538 In
1315 3489 1404 3526 ore
1438 3485 1616 3530 autem
1659 3478 1894 3548 ipsorum
1928 3485 2078 3549 mola;

493 3557 966 3630 confringebantur,
995 3562 1206 3632 quando
1235 3562 1392 3619 dictis
1422 3581 1526 3620 non
1568 3575 1816 3636 poterant
1855 3588 2075 3644 respou-

493 3647 622 3715 dere
651 3651 964 3705 verissimis.

565 3737 716 3805 vers.
745 3741 797 3795 7.
820 3741 897 3797 Ad
920 3736 1134 3797 nihilum
1161 3746 1420 3802 devenient
1441 3751 1576 3804 velut
1597 3769 1732 3824 aqua
1759 3754 2029 3811 decurrens
2058 3773 2077 3812 :

492 3831 706 3907 intendit
734 3847 910 3903 arcum
933 3850 1079 3889 suum
1102 3838 1259 3894 donec
1287 3840 1627 3903 inﬁrmentur.
1672 3844 1812 3898 Dixit
1847 3847 2072 3916 aspides,

492 3922 623 3991 dixit
645 3923 814 3993 leones,
837 3940 857 3980 :
881 3942 1024 3998 nunc
1046 3931 1193 3998 venit
1217 3930 1282 3985 ad
1313 3942 1610 4000 torrentes,
1635 3937 1723 4004 qui
1755 3938 2074 3995 hiemalibus

492 4013 750 4070 imbribus
799 4018 1081 4082 concitati,
1115 4020 1288 4074 subita
1330 4021 1677 4080 inundatione
1716 4026 2071 4086 descendunt.

491 4102 548 4156 ln
582 4103 682 4160 hoc
710 4106 1000 4177 terribiles,
1031 4109 1152 4177 quia
1189 4111 1503 4188 improvisi;
1531 4114 1582 4168 in
1615 4118 1714 4174 boc
1761 4119 2070 4186 periculosi,

491 4197 612 4268 quia
644 4199 959 4269 prrecipites.
983 4199 1088 4260 Sed
1113 4216 1233 4260 mox
1253 4214 1308 4258 ιιι
1333 4205 1532 4270 impetu
1560 4217 1894 4278 transeunte,
1916 4213 2070 4281 quasi

492 4288 691 4340 atrocia
737 4289 873 4346 colla
921 4293 1216 4366 posuerint,
1256 4310 1451 4368 sereno
1485 4299 1624 4351 caelo
1667 4298 1945 4368 deficiunt,
1976 4305 2067 4372 qui

496 4378 724 4445 nubilms
772 4381 1196 4448 ctmipluentibus
1260 4387 1639 4444 intumescunt.
1715 4391 1843 4457 Qua:
1902 4393 2070 4466 ligura

491 4468 686 4540 dicitur
726 4471 1176 4548 synatbroismos,
1203 4474 1253 4528 id
1283 4487 1366 4530 est
1408 4467 1770 4548 congregatio,
1815 4482 1903 4537 ubi
1929 4484 2068 4538 ntul—

492 4573 572 4632 tas
604 4577 688 4616 res
715 4573 764 4616 et
803 4563 1022 4617 crimina
1060 4565 1159 4619 sub
1198 4567 1371 4636 aliqua
1404 4571 1712 4628 narratione
1738 4573 2065 4644 colligimus.

2181 3369 2400 3430 Domine
2430 3376 2694 3439 virtutum.
2721 3395 2834 3433 cum
2857 3383 3228 3452 tranquillitate
3243 3387 3451 3456 judicas
3479 3388 3639 3461 (Sap.
3673 3409 3774 3458 xu,

2179 3463 2293 3534 18),.
2321 3464 2452 3530 Nam
2478 3469 2619 3536 quod
2643 3469 2842 3526 dictum
2875 3480 2980 3539 est,
3011 3477 3244 3530 absorbet
3275 3494 3380 3546 eos,
3412 3495 3602 3536 eorum
3629 3485 3774 3540 subi.-

2181 3565 2290 3610 tum
2320 3557 2640 3628 significavit
2685 3561 2982 3634 interitum,
3041 3567 3167 3634 quia
3215 3580 3414 3636 quanta
3464 3573 3696 3628 Domino
3725 3580 3774 3632 ia

2177 3647 2490 3716 sustinendo
2523 3651 2774 3718 patientia
2814 3652 2932 3722 fuit,
2967 3664 3114 3712 tanta
3155 3659 3266 3713 erit
3295 3665 3570 3728 percussio
3602 3665 3658 3721 in
3685 3683 3774 3723 ce?

2180 3735 2386 3792 leritate
2412 3738 2616 3806 iudicii.
2655 3741 2722 3796 Et
2739 3745 2944 3814 respice
2962 3748 3092 3817 quia
3112 3751 3252 3807 sicut
3275 3757 3526 3824 superius
3552 3760 3767 3816 duobus

2177 3831 2422 3884 versibus
2454 3833 2505 3886 in
2527 3837 2758 3902 peccatis
2783 3841 3025 3894 auxesim
3050 3841 3196 3912 fecit,
3227 3847 3296 3901 ita
3320 3858 3372 3903 et
3404 3851 3488 3904 hic
3505 3868 3602 3922 per
3625 3872 3755 3926 qua-

2179 3930 2300 3976 tuor
2323 3925 2520 3980 crescit
2549 3927 2598 3980 in
2632 3929 2824 3996 poenis.

2255 4011 2525 4071 Vers.10.
2569 4016 2852 4074 Ltetabitur
2891 4024 3065 4094 justus
3106 4045 3222 4082 cum
3271 4033 3449 4088 viderit
3495 4037 3772 4094 rindictam

2177 4103 2483 4170 impiorum;
2507 4121 2688 4161 manus
2725 4125 2844 4163 suas
2881 4111 3066 4170 levabit
3091 4117 3146 4171 in
3185 4124 3436 4190 sanguine
3461 4135 3768 4195 peccatoris.

2176 4192 2474 4249 Mcmbrum
2513 4199 2686 4254 tertia:
2719 4201 3058 4260 narrationis
3094 4208 3414 4280 ingreditur,
3450 4192 3499 4270 in
3549 4235 3661 4290 quo
3686 4223 3770 4291 ju-

2173 4294 2377 4340 storum
2410 4289 2648 4344 laetitiam
2669 4293 2724 4347 et
2748 4299 3134 4354 sceleratorum
3163 4305 3320 4358 etiam
3359 4308 3408 4362 in
3440 4311 3544 4366 isto
3569 4289 3811 4406 saeculo;

2175 4377 2302 4406 ,εἴλει
2351 4383 2629 4406 ..........-_:_-
2684 4387 2906 4406 “3.194.,
2938 4404 2963 4406 _,
3055 4391 3120 4406 ιν.
3145 4395 3158 4406 .
3196 4397 3237 4406 ..
3373 4401 3385 4406 -
3530 4405 3533 4406 ,

2175 4377 2306 4460 dicit
2351 4383 2632 4446 provenire
2684 4387 2996 4444 vindictam.
3055 4391 3258 4450 Videbit
3301 4401 3443 4464 enim
3489 4380 3792 4504 vindictam)

2175 4467 2442 4504 :......°...-.....
2469 4472 2632 4504 :.......
2677 4489 2796 4504 λη...
2825 4492 2916 4504 ,...-
2934 4495 3108 4504 μη--
3134 4485 3224 4504 ηρ-
3251 4495 3263 4504 .
3307 4489 3339 4504 ..
3400 4493 3422 4504 -
3721 4500 3732 4504 _

2171 4467 2444 4538 impiorum
2458 4472 2652 4540 justus,
2676 4489 2797 4530 cum
2824 4492 2918 4532 eos
2934 4485 3228 4552 respexerit
3249 4489 3371 4545 talia
3398 4493 3600 4570 facere,
3629 4467 3784 4574 unde}

2172 4572 2387 4627 semper
2411 4561 2640 4618 debeant
2665 4564 2982 4628 formidare.
3013 4573 3185 4631 Omne
3213 4581 3356 4635 enim
3388 4567 3586 4640 malum
3615 4561 3780 4664 suanq

490 4653 534 4705 0
565 4653 798 4707 inaudita
830 4654 1029 4707 smvitia
1063 4653 1400 4732 Judtuornm!
1433 4660 1820 4729 Comparantur
1853 4665 1957 4719 illis
1989 4676 2064 4720 tot

2184 4659 2371 4718 portat,
2403 4653 2527 4710 dum
2577 4657 2948 4728 committitur,
2989 4665 3244 4730 ultionem
3271 4713 3286 4737 ,
3320 4674 3444 4742 quia
3483 4653 3774 4762 torquente:

490 4744 720 4814 ingentia
735 4745 895 4812 mala,
917 4746 1321 4802 undeimmania
1351 4750 1590 4806 novimus
1609 4753 1788 4809 venire
1815 4757 2068 4832 periculi.

491 4836 703 4910 Addidit
730 4853 750 4892 :
781 4839 1005 4895 Intendit
1038 4858 1210 4895 arcum
1230 4860 1375 4897 suunt
1405 4845 1566 4899 donec
1587 4848 1932 4916 inﬁrntentur.
1973 4853 2070 4907 llic

488 4927 770 4999 clementia
799 4931 989 4994 divinae
1021 4934 1228 4987 virtutis
1252 4936 1572 5002 ostenditur,
1597 4939 1750 5015 cujus
1772 4958 1922 4995 arcus
1946 4951 2064 5016 ten-

489 5019 632 5071 ιίἱιιιι·
655 5019 720 5090 ad
744 5021 990 5094 salutem.
1023 5023 1162 5078 Deus
1190 5026 1334 5079 enim
1362 5037 1546 5094 contra
1580 5030 1749 5099 malos
1777 5048 1924 5096 arma
1953 5049 2064 5088 stne

491 5109 769 5183 potestatis
817 5111 1068 5179 intendit,
1111 5126 1164 5169 et
1212 5117 1393 5171 tandiu
1425 5128 1588 5172 terret
1628 5119 1786 5174 donec
1816 5123 2066 5191 inﬁrmati

489 5199 719 5266 cedant,
761 5210 816 5256 et
862 5203 936 5268 ad,
984 5201 1332 5267 confessionis
1386 5212 1610 5266 salutem
1672 5213 1949 5286 meliorata
2003 5232 2064 5271 se

490 5301 670 5358 tuente
699 5304 1035 5367 convertant.

559 5381 717 5447 Yers.
747 5383 799 5438 8.
826 5383 972 5438 Sicut
995 5402 1109 5440 cera
1134 5388 1408 5459 lique[acta
1435 5383 1766 5462 auferantur;
1792 5409 1946 5462 super
1977 5411 2063 5448 eos

487 5473 668 5528 cecidit
695 5474 851 5546 ignis,
883 5483 1053 5531 etnon
1085 5479 1312 5535 viderunt
1335 5483 1515 5548 solem.
1549 5484 1804 5554 Superius
1837 5485 1972 5542 dixit
2000 5486 2065 5540 de

490 5561 571 5634 bis
600 5581 736 5634 quos
772 5570 1159 5626 convertendos
1196 5587 1315 5627 esse
1349 5573 1555 5628 Domini
1591 5565 1790 5642 terrore
1822 5592 2062 5646 pronun-

489 5657 617 5724 tiat;
651 5671 789 5712 nunc
814 5661 1032 5727 exponit
1068 5677 1163 5717 eos
1202 5665 1314 5730 qui,
1348 5655 1853 5731 perlldia'laciente,
1888 5669 1938 5722 in
1968 5683 2062 5724 sua

489 5745 842 5804 obstinatione
869 5751 1041 5805 durati
1081 5763 1225 5805 sunt.
1267 5753 1388 5806 istis
1410 5753 1566 5824 digna
1597 5756 1902 5812 vicissitudo
1943 5760 2064 5814 red—

475 5827 660 5911 ‘tljtur,
691 5842 864 5898 uLilla
889 5844 1065 5898 cordis
1105 5843 1294 5897 tlurizia
1337 5847 1464 5899 sicut
1497 5865 1611 5902 ccra
1650 5850 1918 5920 liquefacta
1954 5851 2055 5907 dis-

2167 4747 2504 4807 ‘conscientia
2547 4754 2746 4824 ipsein
2787 4774 2847 4814 se
2887 4761 3143 4830 probatur
3193 4768 3418 4838 implere
3447 4747 3777 4846 vindictam";

2173 4838 2368 4896 Contra
2402 4845 2576 4914 justus
2614 4848 2767 4918 laetus
2797 4863 2914 4928 eSt,
2942 4857 3184 4923 quamvis
3206 4851 3587 4929 molestiarum
3621 4843 3777 4924 fasce;

2173 4929 2536 5000 deprimatur;
2563 4941 2738 4993 animo
2767 4943 2909 4997 enim
2944 4945 3077 5002 liber
3106 4959 3206 5015 est,
3247 4955 3384 5010 unde
3415 4971 3538 5012 vera
3569 4960 3760 5015 laetitia

2171 5036 2384 5092 si-mper
2414 5027 2671 5098 exsurgit.
2703 5031 2792 5085 Sic
2835 5048 3060 5107 utraque
3083 5055 3283 5109 genera
3319 5047 3598 5105 hominum
3631 5069 3761 5122 qua-

2169 5115 2348 5170 litatcs
2393 5133 2607 5173 suarum
2663 5120 2716 5174 in
2754 5138 2811 5178 se
2858 5130 3124 5184 sustinent
3156 5135 3448 5192 actionum.
3483 5115 3757 5210 Sequitur,

2169 5227 2348 5266 manus
2370 5231 2490 5287 suas
2518 5217 2706 5271 Iuvabit
2730 5219 2782 5272 in
2822 5226 3072 5292 sanguine
3103 5239 3440 5295 peccatorum.
3492 5219 3632 5301 Quid
3675 5249 3759 5296 εει

2170 5301 2290 5364 boc,
2323 5305 2466 5371 quod
2515 5307 2604 5362 ille
2633 5308 2723 5377 qui
2756 5303 3010 5382 prtecepit
3057 5333 3212 5374 orare
3262 5338 3358 5390 pro
3402 5327 3658 5396 inimicis,
3701 5331 3755 5383 in

2167 5404 2484 5462 peccatorum
2499 5401 2748 5469 sanguine
2771 5403 2976 5480 piorum
3005 5424 3186 5477 manus
3211 5417 3401 5480 asserit
3431 5417 3712 5475 abluendas
3728 5422 3754 5474 .’

2174 5485 2279 5542 Sed
2310 5488 2428 5554 hoc,
2462 5489 2506 5543 si
2537 5490 2843 5561 diligentius
2874 5497 3159 5568 intuemur,
3193 5510 3540 5566 correctionis
3572 5514 3752 5581 potius

2172 5593 2326 5646 quam
2374 5580 2592 5634 smvitiae
2625 5587 2896 5650 praastabit
2924 5596 3253 5661 exemplum.
3303 5597 3434 5668 Nam
3465 5580 3587 5658 cum
3628 5623 3751 5660 san-

2169 5673 2284 5740 guis
2314 5675 2594 5740 peccatoris
2615 5674 2921 5746 effunditur,
2955 5699 3161 5748 manus.
3198 5689 3249 5744 id
3281 5702 3362 5746 est
3390 5703 3543 5750 actus
3561 5698 3749 5765 justis-

2170 5763 2291 5817 simi
2320 5766 2678 5836 corriguntur.
2710 5769 2877 5838 impio
2904 5776 3045 5830 enim
3074 5793 3345 5850 pereunte,
3375 5763 3748 5846 commoneto:

2171 5857 2414 5913 innoxius
2446 5859 2654 5913 cautius
2681 5873 2740 5916 se
2775 5862 3181 5950 diligentiusque
3226 5883 3472 5933 tractare.
3503 5879 3577 5936 Ita
3609 5882 3664 5950 tit
3688 5891 3752 5950 ut.
