4036 6342
251 406 341 465 409

1157 378 1512 457 Εχιόειτιο
1552 400 1617 455 IN
1656 396 2106 455 rsamemuu.
2156 402 2345 458 I'SAL.
2387 405 2559 460 LVIII.

3384 408 3493 465 M0

250 540 411 577 manus
435 519 556 591 justi
583 534 683 572 nou
721 518 1027 581 crudeliter,
1059 520 1151 574 sed
1180 522 1269 590 pie
1308 521 1521 590 sanguis
1550 525 1798 587 peecato-
1828 515 1874 573 A
1908 517 2164 587 sacrilega
2206 521 2435 573 somniat
2480 522 2760 591 iniquitas;
2794 521 2885 576 sed
2940 523 2988 575 in
3034 522 3237 577 duabus
3282 524 3485 579 mimis

249 618 314 669 ris
338 613 604 673 emendet;
654 613 789 666 sicut
829 612 1076 667 Salomon
1109 613 1237 666 dicit
1266 631 1279 667 :
1310 613 1487 668 Stulto
1534 622 1791 683 pereunte,

248 705 427 766 rapiens
453 706 661 753 astutior
682 703 738 769 ﬁt
767 701 951 767 (Prov.
984 718 1074 754 ut
1094 744 1108 767 ,
1142 701 1253 769 ll).

314 791 453 843 Vers.
481 790 562 843 Η.
608 791 669 842 Et
705 791 1012 844 dicct'ltomo
1038 810 1055 845 :
1092 792 1151 847 Si
1182 794 1355 862 utique
1379 801 1452 846 est
1485 794 1683 863 [ructus
1704 793 1798 860 ju-

238 895 332 947 sto,
362 883 527 951 utique
557 890 625 934 est
664 881 799 934 Dens
838 884 1084 951 judicans
1112 898 1196 935 eos
1226 884 1277 936 in
1327 893 1480 935 terra.
1535 882 1665 935 Cum
1700 885 1799 937 iSIa

248 976 384 1037 liunt,
415 990 526 1043 qur.
549 976 792 1041 superius
821 975 960 1027 dicta
991 983 1135 1040 sunt,
1185 986 1310 1029 tunc
1352 974 1521 1029 lidelis
1552 975 1802 1042 intelligit

244 1077 387 1133 atque
418 1066 585 1119 dicit:
624 1066 681 1119 Si
734 1066 861 1133 justi
914 1068 1070 1120 etiam
1128 1065 1214 1118 hic
1265 1065 1531 1119 bonorum
1586 1080 1800 1119 suorum

246 1158 441 1223 pra-mia
464 1169 881 1226 consequuntur,
904 1156 1237 1210 manifestum
1267 1167 1348 1209 est
1377 1167 1431 1210 et
1462 1157 1511 1209 in
1534 1156 1632 1210 hac
1661 1166 1802 1210 terra

245 1248 305 1300 de
332 1250 405 1300 e's
427 1247 667 1315 judicare
686 1248 987 1308 Dominum.
1014 1248 1099 1315 qui
1127 1262 1219 1301 eos
1249 1250 1442 1315 degere
1474 1248 1800 1311 infructuosa

246 1337 508 1390 sanctitate
538 1352 647 1390 non
699 1339 911 1405 patitur.
948 1338 1069 1391 Vult
1102 1340 1243 1391 enim
1287 1339 1505 1403 intelligi
1543 1338 1663 1407 quia
1707 1353 1803 1392 nec

248 1428 357 1479 mali
389 1428 436 1479 in
468 1426 567 1480 hoc
589 1430 785 1481 szeculo
807 1430 1024 1483 omnino
1048 1444 1076 1481 a
1101 1443 1254 1495 pinna
1279 1437 1403 1481 sunt
1434 1428 1606 1494 liberi,
1625 1444 1807 1499 quam-

244 1519 316 1571 vis
339 1518 522 1573 florere
557 1520 861 1582 vidcantur;
895 1536 995 1575 nec
1051 1522 1171 1575 boni
1214 1538 1241 1574 a
1301 1522 1560 1575 benefit-io
1613 1537 1805 1590 seque—

238 1612 395 1668 strati,
448 1609 607 1680 195
645 1612 767 1664 licet
816 1610 1096 1664 mundanis
1126 1611 1376 1666 oneribus
1406 1612 1801 1678 imprimuntur.

238 1703 371 1765 Quod
402 1694 771 1770 argumentum
801 1701 991 1756 dicitur
1034 1717 1061 1754 a
1094 1701 1541 1770 consequentibus
1563 1742 1578 1766 ,
1631 1716 1804 1770 quan-

237 1795 314 1857 do.
344 1810 455 1848 cum
474 1794 623 1860 justo
653 1794 845 1849 dantur
876 1795 1109 1862 praemia,
1140 1795 1317 1860 justus
1346 1804 1426 1848 est
1455 1794 1728 1849 Dominus.

748 1908 1020 1964 Conclusio
1059 1910 1258 1978 psalmi.

293 2022 421 2077 Ecce
466 2037 629 2077 verus
679 2023 766 2078 Sol
798 2023 885 2093 qui
928 2022 1177 2079 tenebras
1208 2030 1420 2077 nostras
1441 2022 1800 2091 caligincsque

232 2114 526 2181 discutiens,
557 2115 681 2184 quid
710 2115 761 2169 in
809 2116 1034 2170 veritate
1064 2116 1264 2169 sentire
1289 2114 1577 2170 debeamus
1622 2126 1801 2168 osten-

232 2207 314 2259 dit.
341 2207 451 2261 Jatu
483 2222 639 2261 nemo
666 2209 734 2261 sit
762 2207 973 2271 dubius,
1023 2223 1179 2260 nemo
1227 2217 1622 2283 remurmuret:
1675 2208 1797 2273 quia

232 2300 277 2351 in
306 2300 400 2351 isto
430 2300 628 2353 mundo
652 2300 815 2353 Deum
847 2300 1057 2355 occulte
1081 2314 1166 2352 res
1199 2299 1461 2352 lmmauas
1490 2300 1796 2353 examinare

230 2389 601 2456 cognoscimus,
628 2393 770 2457 quod
799 2390 849 2444 in
878 2390 978 2443 hoc
1007 2390 1203 2443 saeculo
1233 2388 1410 2442 facere
1462 2391 1798 2445 manifestius

229 2480 606 2545 comprobatur.
642 2481 830 2534 Merito
876 2496 1002 2549 ergo
1055 2481 1210 2533 istum
1242 2480 1423 2535 Solem
1458 2481 1793 2534 verissimum

228 2570 351 2624 diem
382 2573 629 2639 dicimus,
671 2574 759 2642 qui
802 2574 866 2628 ad
911 2589 1189 2627 numerum
1220 2574 1469 2626 horarum
1521 2590 1615 2641 per
1664 2573 1801 2625 duo-

227 2679 383 2723 uccim
412 2667 566 2720 nobis
596 2652 871 2734 apostolos.
900 2666 1079 2719 lumen
1129 2679 1237 2718 sua:
1292 2665 1530 2718 veritatis
1585 2666 1791 2719 infudit.

227 2756 341 2808 Nam
367 2770 421 2809 et
449 2759 564 2823 ipse
586 2759 662 2812 sic
688 2762 817 2811 diett
842 2775 855 2810 :
882 2758 1137 2811 Abraham
1159 2758 1444 2826 concupivit
1470 2759 1635 2810 videre
1662 2759 1795 2811 diem

229 2864 374 2905 meum
400 2863 418 2899 :
442 2849 588 2916 vidit,
620 2859 665 2901 et
687 2850 888 2919 gavisus
908 2859 981 2901 est
1010 2847 1191 2915 (Joan.
1223 2863 1333 2910 VIII,
1369 2847 1479 2916 Ξίῗῖ).
1515 2849 1635 2902 Dies
1694 2851 1793 2905 iste

229 2937 468 2993 bonarum
498 2940 773 3003 mentium,
808 2938 924 2994 dies
956 2939 1057 2993 iste
1082 2938 1343 3006 iustorum
1370 2950 1451 2993 est
1481 2957 1493 2993 :
1553 2942 1649 2997 cui.
1699 2956 1795 2995 nec

231 3028 427 3081 nubium
450 3028 624 3099 caligo
654 3029 928 3097 pra-pedit,
951 3043 1050 3087 nec
1073 3044 1176 3082 nox
1200 3030 1484 3097 aliquando
1512 3033 1792 3086 tenebrosa

232 3121 467 3175 succedit.

463 3260 827 3318 EXPOSITIO
869 3260 937 3316 IN
989 3259 1310 3317 PSALMUM
1360 3260 1539 3320 LVIII.

231 3368 285 3423 ln
333 3375 502 3442 ﬁnrm,
555 3391 617 3428 ne
666 3375 928 3444 disperde:
976 3373 1141 3426 Dauid
1180 3375 1230 3426 in
1256 3374 1394 3427 tlluli
1420 3374 1791 3443 inscriptione:

293 3447 487 3514 quando
511 3446 651 3517 misit
676 3444 825 3517 Sani,
849 3454 896 3497 et
922 3445 1190 3517 custodiuit
1218 3444 1425 3498 domum
1446 3448 1576 3517 ejus,
1604 3457 1657 3497 ut
1678 3461 1792 3497 eum

284 3518 579 3583 interﬁceret
600 3514 651 3585 (Ι
672 3515 796 3585 Reg.
830 3530 938 3581 xIx,
966 3516 1078 3583 Η).

290 3630 349 3684 1η
387 3631 565 3698 ﬁnem,
613 3625 722 3696 jam
766 3628 965 3681 dictum
994 3633 1076 3681 cst
1122 3625 1237 3681 sine
1264 3625 1390 3681 line.
1428 3625 1508 3679 Ne
1532 3625 1793 3691 disperdas

231 3721 376 3775 David
394 3723 444 3775 in
477 3718 618 3773 tituli
634 3718 998 3786 inscriptione;
1035 3729 1090 3772 et
1121 3718 1222 3773 hoc
1251 3732 1462 3786 quoque
1492 3719 1794 3787 frequenter

229 3816 441 3885 ponitur,
468 3823 525 3867 ut
550 3811 739 3866 Passio
761 3809 970 3865 Domini
998 3824 1091 3877 per
1114 3809 1227 3864 haec
1252 3809 1446 3864 indicia
1468 3809 1791 3864 declaretur.

228 3904 366 3960 trrite
389 3903 653 3973 siquidem
682 3901 925 3956 tentabat
954 3900 1267 3968 disperdere
1294 3899 1601 3955 Judatorum
1636 3900 1783 3953 insa-

228 3998 326 4060 nia,
354 3998 487 4066 quod
515 3996 698 4051 divina
727 3993 884 4049 toties
908 3993 1179 4047 interdixit
1206 3995 1518 4047 auctoritas.
1552 3994 1652 4048 Per
1690 3993 1790 4048 hu-

228 4089 304 4151 ius
333 4089 463 4143 enim
492 4088 633 4143 tituli
663 4086 1118 4155 incorruptibilem
1168 4086 1571 4153 inscriptionem,
1620 4086 1790 4139 mani-

229 4178 375 4232 l'esmt
402 4181 545 4250 regni
581 4178 789 4233 Domini
818 4176 1308 4231 incommutabilem
1336 4176 1665 4229 firmitatem.
1694 4175 1793 4230 Sc-

228 4274 410 4339 quitur,
436 4273 642 4342 quando
660 4270 964 4336 misitSaul,
992 4278 1041 4322 et
1069 4268 1333 4322 custodiuit
1351 4267 1559 4320 domum
1578 4268 1712 4334 eius,
1740 4276 1795 4321 ut

227 4379 332 4417 eum
371 4366 689 4431 interﬁceret.
716 4361 829 4415 Hoc
854 4375 1065 4431 quoque
1114 4359 1180 4413 ad
1234 4358 1533 4427 passionem
1586 4357 1792 4412 Domini

227 4456 594 4511 convenienter
648 4461 879 4521 aptatur.
938 4449 1129 4505 Domus
1185 4452 1325 4505 enim
1387 4450 1583 4504 indicat
1606 4465 1791 4503 monu-

226 4555 450 4599 mentum
480 4546 573 4601 ubi
604 4544 845 4598 triduana
881 4550 1053 4597 morte
1110 4543 1389 4611 requievit,
1434 4541 1499 4596 ad
1526 4542 1666 4611 quod
1694 4557 1791 4596 cu-

228 4638 552 4693 smdiendum
583 4638 846 4692 miserunt
872 4636 1139 4705 principes
1184 4634 1510 4701 Judazorum,
1567 4635 1633 4689 ad
1684 4636 1800 4705 glo-
1827 4635 1876 4694 D

227 4728 350 4783 riam
373 4731 605 4784 nominis
634 4729 750 4796 ejus
780 4728 930 4795 quasi
954 4726 1360 4794 disperdendam
1396 4744 1408 4779 :
1435 4742 1503 4781 ne
1529 4741 1625 4795 per
1651 4726 1792 4779 frau-

227 4816 339 4872 dem
366 4821 633 4876 diceretur
660 4832 960 4888 resurgere,
985 4817 1123 4888 quod
1149 4818 1357 4870 auditus
1407 4818 1575 4871 fuerat
1628 4807 1820 4871 ClIri-l'

227 4916 332 4963 stus
367 4922 520 4966 antea
552 4910 894 4983 praedicasse.
926 4908 1029 4965 Sed
1061 4906 1249 4962 melius
1275 4908 1415 4976 quod
1460 4906 1660 4961 inimici
1694 4922 1789 4975 per

226 5013 281 5051 se
301 5001 600 5055 maluerunt
627 5001 904 5067 probrare,
935 5007 991 5053 ut
1018 5006 1158 5053 totus
1189 4998 1419 5051 mundus
1447 4996 1642 5050 factum
1696 4998 1789 5051 tir-

230 5088 358 5143 mius
386 5092 646 5157 pctuisset
670 5103 977 5160 agnoscere.
1009 5086 1361 5142 lndubitatum
1406 5086 1671 5158 siquidem
1724 5097 1795 5141 tc-

228 5180 525 5235 stimonium
554 5192 658 5248 est,
692 5179 833 5247 quod
866 5188 1081 5247 prmstat
1110 5179 1379 5247 ingratus;
1413 5188 1466 5232 et
1500 5193 1602 5231 non
1619 5186 1795 5246 potest

229 5270 509 5336 gratiosum
540 5271 664 5334 dici,
714 5270 854 5339 quod
910 5269 1190 5324 confirmat
1240 5270 1328 5322 ille
1381 5269 1468 5337 qui
1519 5283 1641 5323 reus
1688 5278 1792 5323 est.

232 5359 557 5429 Quapropter
582 5375 771 5416 causas
798 5361 927 5415 istas
948 5360 1122 5413 nullus
1150 5360 1382 5427 ambigat
1406 5360 1469 5411 ad
1495 5360 1794 5426 passionem

232 5447 431 5504 Domini
464 5453 753 5520 pertinere.
805 5452 945 5506 unde
986 5450 1220 5519 psalmus
1262 5451 1363 5503 istc
1411 5449 1649 5504 dicturus
1691 5461 1791 5505 est.

234 5538 330 5594 Sed
361 5542 460 5596 hoc
484 5545 707 5599 sollicite
730 5544 991 5598 debemus
1034 5542 1349 5609 intelligere,
1386 5554 1440 5594 ut
1465 5543 1677 5610 quando
1718 5543 1794 5595 lo-

231 5632 400 5695 quitur
424 5633 679 5689 Dominus
701 5635 967 5703 Cbristus,
996 5635 1235 5703 quazdam
1259 5636 1324 5689 ab
1352 5634 1652 5696 humilitate
1679 5650 1795 5688 car-

234 5712 330 5783 n'iS.
357 5724 597 5792 quaedam
621 5726 687 5781 ab
714 5727 1024 5780 excellentia
1056 5726 1347 5779 divinitatis
1398 5726 1512 5791 ejus
1551 5724 1792 5791 accipere

231 5808 511 5880 debeamus
544 5834 557 5870 :
599 5833 703 5872 non
735 5818 868 5873 duos
899 5817 1035 5871 ﬁlios
1082 5826 1349 5886 putantes,
1391 5818 1532 5871 sicut
1564 5815 1789 5877 Nestorii

1822 3263 1867 3324 C

1903 610 2061 662 uuilis
2110 622 2264 679 atque
2318 614 2566 679 perfectis
2636 628 2946 680 permanere
3004 615 3282 669 Dominum
3332 617 3485 670 Chri-

1903 708 2067 766 stum,
2117 702 2255 755 sicut
2302 703 2730 757 doctissimorum
2779 703 2995 758 Patrum
3028 719 3223 759 sancne
3255 706 3453 761 Chalce

1902 791 2157 845 donensis
2222 794 2494 861 synodalis
2552 805 2770 849 testatur
2840 796 3149 853 aurum-itas.
3209 800 3293 849 Ait
3337 799 3479 852 enim

1902 880 2084 951 (Parte
2114 899 2180 949 II,
2211 895 2313 936 act.
2347 884 2399 952 5)
2429 901 2441 935 :
2486 884 2656 938 Unum
2688 886 3040 951 eumdemqne
3087 885 3273 939 Filium
3309 887 3483 939 Domi.

1906 992 2030 1029 num
2063 986 2301 1030 nostrum
2350 976 2527 1031 Jesum
2554 978 2823 1031 Christum
2851 978 3089 1038 confiteri
3126 992 3482 1033 consonanter

1904 1084 2091 1121 omnes
2122 1070 2435 1124 instruimur
2472 1079 2528 1125 et
2568 1070 2822 1125 docemur
2850 1090 2859 1122 :
2907 1071 3201 1141 perfectum
3231 1071 3476 1126 eumdem

1907 1160 1960 1212 in
1989 1159 2279 1223 divinitate,
2315 1170 2368 1211 et.
2400 1161 2695 1228 perfectum.
2719 1161 2964 1214 eumdem
2992 1162 3044 1214 in
3071 1176 3260 1226 carne;
3311 1162 3475 1215 Demu

1907 1256 2166 1303 veraciter
2190 1250 2563 1320 hominemque
2596 1251 2866 1314 eumdem,
2909 1250 3083 1317 ipsum
3126 1251 3388 1306 veraciter
3413 1268 3477 1306 cx

1907 1343 2078 1394 anima
2121 1341 2362 1394 rationali
2415 1351 2469 1395 et
2501 1357 2754 1410 corpore;
2807 1343 3061 1415 ὀμούσιον,
3097 1341 3148 1396 id
3200 1353 3280 1396 est
3326 1343 3480 1397 uuius

1908 1432 2153 1485 essentia:
2200 1430 2341 1484 Patri
2384 1433 2675 1486 secundum
2735 1433 3085 1496 divinitatem,
3142 1440 3197 1486 et
3236 1434 3477 1504 ὁμούσιον

1908 1521 2061 1575 nobis
2098 1520 2342 1574 eumdem
2390 1522 2559 1589 ipsum
2605 1521 2897 1574 secundum
2945 1520 3344 1585 humanitatem,
3377 1538 3471 1590 per

1910 1612 2086 1665 omnia
2116 1612 2269 1667 nobis
2295 1612 2496 1681 absque
2518 1612 2745 1666 solumm
2787 1612 2853 1665 do
2886 1620 3100 1680 peccato
3120 1615 3476 1668 coiisimilem.

1911 1706 2047 1758 Ante
2075 1706 2268 1757 smcula
2291 1704 2501 1773 quidem
2531 1703 2598 1759 de
2621 1703 2774 1757 Patre
2818 1712 2995 1758 natum
3030 1706 3321 1761 secundum
3348 1706 3478 1759 divis

1911 1797 2147 1857 nitatem,
2184 1796 2235 1847 in
2268 1795 2571 1849 novissimis
2608 1805 2782 1849 autem
2818 1795 3005 1849 diebus
3031 1796 3276 1849 eumdem
3307 1797 3477 1863 ipsum
3538 1832 3541 1833 ν

1831 1885 1871 1941 ιι
1906 1897 2118 1953 propter
2164 1900 2259 1940 nos
2305 1894 2360 1940 et
2404 1895 2619 1954 propter
2660 1896 2895 1940 nostram
2945 1888 3171 1940 salutem
3204 1901 3269 1939 ex
3313 1886 3477 1943 Maria

1910 1977 2121 2046 Virgine
2149 1985 2354 2039 natum,
2384 1976 2627 2039 θεοτὸκον,
2662 1975 2710 2028 id
2738 1986 2830 2053 est
2860 1977 2950 2030 Dei
2980 1976 3250 2031 Genitricc
3278 1991 3471 2030 secun-

1904 2069 2026 2121 dum
2056 2068 2435 2123 humanitatem
2472 2084 2487 2122 :
2523 2084 2684 2121 unum
2714 2068 3069 2138 eumdemque
3092 2070 3359 2124 Christum
3392 2068 3477 2123 Fi-

1904 2160 2033 2213 lium
2086 2159 2199 2222 Dei,
2236 2159 2514 2213 Dominum
2546 2161 2876 2230 unigenitum
2901 2202 2915 2223 ,
2950 2161 3000 2216 in
3029 2162 3236 2231 duabus
3274 2164 3476 2227 naturis

1900 2253 2016 2304 sine
2070 2249 2410 2313 confusione,
2476 2252 2593 2305 sine
2639 2251 3013 2316 conversione,
3060 2253 3175 2313 sine
3222 2253 3478 2306 divisione

1900 2354 1952 2396 et
1980 2343 2095 2396 sine
2124 2342 2459 2410 separatione
2487 2344 2837 2397 noscendum.
2868 2343 3139 2412 Nusquam
3164 2354 3477 2403 naturarum

1900 2433 2258 2489 differentiam
2292 2450 2387 2504 per
2416 2435 2671 2488 unitatem
2714 2438 2923 2503 penitus
2964 2444 3326 2503 amputatam;
3360 2452 3474 2488 ma-

1898 2530 1978 2595 gis
2009 2539 2183 2581 autem
2226 2528 2376 2579 salva
2404 2526 2728 2596 proprietate
2758 2528 3032 2596 utriusque
3075 2535 3301 2592 naturae,
3345 2531 3472 2585 etin

1900 2639 2054 2676 unum
2094 2631 2318 2679 coeunte
2370 2636 2669 2689 personam,
2728 2636 2989 2689 unamiuc
3039 2621 3475 2693 subsistentiam;

1901 2730 1996 2766 nec
2027 2713 2078 2767 in
2131 2714 2261 2768 duas
2305 2714 2530 2767 divisum
2565 2715 2921 2779 partitumque
2969 2727 3255 2779 personas,
3313 2726 3474 2765 unum

1898 2809 2248 2875 cumdetnque
2274 2806 2464 2858 Filium
2490 2804 2830 2873 unigenitmn,
2865 2804 3027 2857 Deum
3056 2804 3259 2867 verum,
3285 2801 3466 2857 Iesum

1897 2899 2162 2951 Christum
2198 2897 2477 2950 Dominum
2521 2897 2859 2948 conlitcmur.
2897 2896 3087 2948 Sancta
3121 2894 3470 2961 lides,,invio-

1899 2990 1997 3043 lata
2031 2989 2247 3055 veritas,
2287 2987 2653 3051 amplectenda
2698 2986 3021 3056 praedicazio,
3068 3000 3223 3054 quam
3277 2986 3469 3049 merito

1898 3097 1990 3149 per
2018 3079 2272 3149 Spiritum
2299 3088 2540 3132 sanctum
2570 3078 2952 3131 convenienter
2991 3074 3233 3145 clfosam,
3267 3089 3360 3145 per
3393 3085 3471 3131 to-

1897 3182 2005 3227 tum
2035 3168 2291 3229 mundum
2335 3170 2593 3227 catholica
2625 3171 2908 3224 conﬁtetur
2941 3168 3193 3223 Ecclesia.

2469 3282 2659 3339 Divisio
2710 3284 2912 3350 psalmi.

1972 3401 2148 3454 Primo
2204 3399 2443 3469 ingressu
2474 3398 2658 3465 psalmi
2711 3406 2829 3451 orat
2879 3400 3131 3452 Dominus
3181 3397 3463 3467 Christus,

1899 3511 2001 3548 non
2030 3510 2097 3550 ex
2134 3509 2200 3549 eo
2234 3493 2371 3562 quod
2402 3493 2471 3546 de
2503 3494 2659 3545 Patre
2692 3501 2845 3545 natus
2881 3503 2964 3546 est
3002 3493 3160 3558 Deus,
3192 3493 3284 3547 sed
3315 3508 3379 3548 ex
3409 3508 3479 3548 eo

1897 3585 2035 3654 quod
2054 3585 2119 3639 de
2135 3584 2294 3638 Maria
2321 3584 2536 3652 Virgine
2559 3582 2727 3637 factus
2750 3592 2832 3636 est
2858 3582 3038 3645 homo,
3096 3598 3161 3638 ne
3190 3585 3236 3638 ei
3268 3584 3473 3639 inimici

1900 3677 2064 3743 ipsius
2090 3674 2284 3730 accere
2313 3674 2669 3743 praevaleant;
2698 3675 2763 3727 ad
2799 3674 2967 3727 instar
2992 3674 3208 3728 lumin?s
3227 3676 3474 3730 materia-

1900 3770 1963 3821 lis
2003 3785 2069 3822 ex
2119 3769 2226 3821 imo
2270 3780 2511 3836 surgens,
2543 3767 2609 3819 ad
2648 3768 3049 3821 resurrectionis
3090 3781 3200 3820 sua:
3230 3767 3477 3834 paulatim

1897 3860 2262 3915 conscendens
2288 3858 2791 3914 excellentissimam
2822 3860 3203 3913 summitatem.
3230 3859 3478 3914 Secundo

1900 3951 2257 4019 prosequitur,
2300 3949 2747 4019 quemadmodum
2792 3951 2843 4003 in
2888 3950 2990 4003 line
3021 3950 3201 4002 saeculi
3253 3964 3479 4004 eonver.

1900 4041 2044 4094 tendi
2095 4043 2202 4095 sint
2230 4040 2434 4102 Judaei,
2464 4050 2517 4095 et
2549 4055 2644 4107 pro
2680 4041 2758 4094 eis
2800 4042 2972 4092 oratio
3024 4039 3249 4094 mirabili
3290 4043 3480 4111 pietate

1898 4132 2247 4199 depromitur.
2298 4130 2478 4185 Tertio
2526 4130 2771 4198 designat
2800 4145 2917 4198 qua:
2972 4130 3161 4185 facturi
3206 4132 3313 4185 sint
3365 4142 3481 4197 post

1897 4224 2320 4289 conversionem,
2351 4229 2405 4275 et
2431 4235 2489 4275 se
2516 4222 2566 4273 in
2597 4221 2795 4274 sanctis
2825 4221 2935 4273 suis
2963 4220 3199 4289 gaudere
3230 4230 3477 4275 testatur.

1897 4318 2026 4380 Quae
2080 4323 2257 4384 partes
2309 4314 2674 4382 diapsalmalis
2725 4316 2953 4370 termino
3004 4316 3359 4374 dividuntur:
3420 4328 3477 4372 ut

1900 4423 2003 4461 Iton
2032 4417 2136 4460 tam
2177 4408 2452 4476 exquisita:
2477 4421 2635 4476 quam
2666 4408 2840 4463 minus
2871 4410 3123 4480 neglecta:
3147 4424 3265 4466 esse
3296 4410 3478 4465 decla-

1901 4508 2105 4553 rentur.

2432 4612 2703 4680 Eapositio
2739 4615 2943 4683 psalmi.

1972 4723 2124 4778 Vers.
2175 4724 2227 4778 1.
2297 4723 2454 4791 Eripe
2499 4740 2577 4776 me
2606 4725 2668 4777 de
2698 4725 2916 4777 inimicis
2962 4725 3106 4789 meis,
3138 4724 3275 4778 Deus
3322 4742 3481 4789 mens,

1899 4814 2026 4868 etab
2052 4816 2421 4885 insurgentibus
2448 4817 2501 4867 in
2542 4832 2621 4867 me
2650 4816 2809 4867 libera
2856 4832 2953 4869 me.
3004 4815 3133 4869 Dum
3179 4817 3480 4870 humanitas

1900 4904 2105 4959 Domini
2139 4906 2427 4961 Salvatoris
2457 4907 2584 4973 eripi
2606 4921 2663 4960 se
2684 4907 2750 4960 ab
2771 4907 3095 4959 inimicorum
3118 4905 3473 4974 spiritualium
3546 4946 3549 4947 ν

1898 4993 2108 5048 insidiis
2140 4996 2454 5062 postularet,
2505 4995 2697 5064 quibus
2743 5005 2916 5049 tamen
2953 5010 3054 5048 non
3087 4996 3369 5050 tenebatur
3393 4998 3482 5049 οὺς

1898 5088 2053 5141 noxia
2073 5127 2086 5149 ,
2116 5087 2252 5140 sicut
2280 5087 2394 5155 ipse
2423 5087 2551 5140 dicit
2576 5105 2586 5137 :
2621 5085 2794 5140 Veniet
2829 5091 3064 5154 princeps
3092 5087 3247 5160 hujus
3283 5090 3483 5153 mundi,

1900 5180 2017 5231 etin
2043 5195 2118 5233 me
2140 5195 2240 5231 non
2266 5180 2479 5232 inveniet
2500 5179 2773 5249 quidquam
2820 5178 2997 5248 (Joan.
3034 5197 3141 5245 xtv,
3185 5182 3301 5252 50),
3332 5183 3483 5235 nobis

1900 5270 2038 5338 quod
2085 5271 2385 5325 necessarie
2417 5279 2658 5338 petamus
2703 5271 2954 5325 ostendit.
3004 5272 3095 5327 Ille
3126 5273 3321 5343 quippe
3368 5276 3484 5327 sine

1902 5360 2105 5413 maeula
2152 5370 2511 5427 peccatorum,
2560 5359 2851 5425 diabolum,
2904 5362 2988 5416 vel
3046 5362 3321 5417 ministros
3366 5361 3482 5430 ejus

1899 5452 2110 5506 .ludmos
2140 5455 2306 5505 averti
2335 5466 2363 5504 a
2390 5467 2447 5505 se
2475 5452 2743 5520 proposita
2790 5454 3091 5507 humilitate
3120 5453 3469 5521 deprecatur;

1900 5558 1997 5597 nos
2018 5555 2193 5597 autem
2228 5543 2304 5596 sic
2336 5544 2580 5609 petimus,
2619 5554 2674 5597 ut
2716 5545 2852 5614 capti
2894 5556 3053 5613 atque
3082 5545 3228 5597 noxii
3278 5545 3346 5599 ab
3390 5546 3485 5599 ξιιμ

1902 5637 2109 5689 mundis
2141 5636 2413 5702 spiritibus
2442 5635 2620 5688 divina
2647 5635 3008 5691 misericordia
3039 5636 3356 5689 liberemur.
3388 5636 3484 5689 Ca-

1898 5735 1990 5793 put
2036 5737 2279 5779 nostrum
2330 5727 2428 5781 hoc
2457 5726 2666 5795 quidem
2719 5729 2867 5796 petit,
2924 5727 3016 5777 sed
3064 5726 3179 5778 sine
3210 5726 3326 5791 lege
3359 5740 3482 5791 pec-

1896 5819 1998 5872 cati
2031 5838 2042 5873 :
2079 5818 2311 5870 membra
2350 5832 2474 5871 vero
2511 5818 2758 5873 simili'er
2792 5823 2997 5885 rogant,
3029 5813 3119 5866 sed
3154 5810 3364 5864 delictis
3392 5812 3487 5879 0":-
