4020 6348
505 323 601 380 ιιι

1745 329 1811 382 Μ.
1852 323 2131 383 Αυιιειιι
2167 321 2569 382 CASSIODORI

3671 319 3791 374 412

507 441 682 495 noxia.
719 439 1049 496 lnimicorum
1078 450 1250 496 autem
1302 448 1526 508 quatuor
1575 451 1693 492 esse
1742 453 1937 506 genera
1989 452 2084 505 per
2117 438 2166 496 Α
2189 435 2273 504 jos
2301 451 2452 489 suum
2485 437 2704 493 exitium
2737 438 2880 510 juste
2904 441 3172 514 perderet,
3202 440 3300 496 nisi
3331 441 3396 497 ad
3433 445 3556 499 vita?
3585 453 3792 508 perve-

509 536 650 589 ltuuc
697 544 748 588 et
778 535 938 589 alium
971 548 1180 588 versum
1225 532 1502 586 evidenter
1547 532 1797 586 ostendit.
1851 530 2083 583 Primum

510 627 644 679 dixit
675 627 804 692 eripi
825 641 882 680 se
913 624 974 678 ab
1001 624 1218 677 inimicis
1262 632 1484 687 tantum,
1517 623 1605 691 qui
1631 622 1944 691 dispositum
1973 622 2090 691 qui-

511 719 632 770 dem
678 715 904 770 nocendi
936 715 1134 769 habere
1172 723 1452 784 poterant:
1483 729 1588 768 non
1641 724 1839 776 tamen,
1869 723 1926 767 ut
1955 728 2087 784 eone

512 808 691 863 festim
722 810 996 872 laederent,
1027 805 1302 861 ardentius
1336 805 1678 877 appetebant.
1731 805 1958 859 Additur
2001 819 2089 858 se-

511 906 766 966 cundum,
791 911 838 958 et
881 904 945 956 ab
988 901 1358 974 insurgentibus
1394 902 1445 954 in
1476 917 1555 954 me
1583 901 1739 954 libera
1775 916 1871 954 me.
1915 899 1990 952 Ab
2015 899 2098 953 in-

514 995 836 1064 surgentibus
867 993 1016 1059 dicit,
1059 992 1209 1061 quasi
1250 991 1359 1061 jam
1392 990 1682 1060 iniquitatis
1733 1005 1842 1044 sua:
1892 999 2097 1058 tempe-

513 1094 652 1138 state
691 1082 996 1148 commotis,
1040 1093 1095 1138 et
1142 1081 1332 1136 futuris
1373 1080 1612 1136 cladibus
1642 1080 1802 1135 animi
1853 1079 2097 1150 indigna-

519 1175 665 1228 tione
695 1175 1028 1244 praeparatis.

590 1266 743 1323 Vers.
773 1267 830 1319 2.
871 1263 1030 1336 Eripe
1059 1281 1135 1317 me
1179 1264 1244 1318 de
1297 1264 1622 1334 aperantibus
1671 1263 2012 1334 iniquitatem,
2056 1271 2102 1318 et

2194 528 2359 581 uisset
2405 537 2700 585 auctorem.
2753 531 2846 586 Sic
2896 534 3046 588 triste
3089 533 3255 602 frigus
3296 535 3547 590 veniente
3591 551 3796 610 tepore

2193 617 2504 674 dissolvitur
2532 635 2547 674 :
2590 620 2666 675 sic
2693 637 2796 675 nox
2831 623 3109 678 tenebrosa
3142 623 3387 688 discedit,
3419 624 3634 694 quando
3663 625 3793 678 cla-

2197 706 2324 760 ritas
2345 723 2558 766 serente
2594 711 2726 766 lucis
2755 712 3056 767 advenerit.
3089 713 3196 768 Sed
3226 713 3340 767 haec
3369 714 3436 768 de
3465 729 3523 768 se
3543 729 3676 786 vere
3700 713 3790 767 di-

2196 800 2272 852 cit
2306 795 2474 868 Caput
2505 813 2768 858 nostrum.
2801 802 3062 857 Caterum
3095 805 3196 859 ista
3225 805 3486 874 professio
3517 807 3792 864 membris

2199 907 2306 946 non
2335 903 2506 961 potem
2541 895 2829 950 convenire
2861 894 3140 966 subjectis.

2278 984 2425 1039 Vers.
2457 987 2508 1040 4.
2553 985 2679 1041 Sine
2698 987 2967 1057 iniquitate
2999 991 3226 1054 cucurri,
3264 998 3314 1042 et
3351 989 3607 1060 dirigebar
3637 1005 3656 1044 :
3689 1005 3792 1044 es:-

2200 1092 2352 1148 surge
2375 1077 2426 1131 in
2456 1095 2720 1134 occursum
2763 1082 2909 1148 mihi,
2941 1091 2988 1136 et
3015 1083 3147 1135 vide.
3198 1082 3383 1138 Potest
3425 1084 3544 1154 quis
3579 1100 3795 1138 currere

2203 1177 2387 1223 etnon
2439 1172 2616 1244 dirigi,
2644 1181 2702 1226 ut
2745 1173 2821 1227 illi
2850 1190 3079 1244 quorum
3111 1176 3217 1229 vita
3267 1179 3524 1232 tortuosis
3567 1179 3792 1234 semitis

2209 1260 2495 1328 irrotatur;
2525 1279 2623 1319 nec
2651 1265 2717 1320 ad
2747 1276 2949 1322 rectum
2996 1270 3314 1334 perveniunt
3357 1269 3461 1325 iter
3499 1269 3596 1340 qui
3639 1269 3794 1324 nulla

514 1359 578 1411 de
600 1359 720 1412 viris
751 1358 1058 1430 sanguinum
1080 1356 1239 1410 libera
1268 1373 1366 1411 me.
1401 1356 1540 1410 Dicit
1569 1357 1782 1411 tertium
1823 1372 2009 1425 genus,
2047 1365 2107 1412 ut
2207 1355 2431 1409 veritate
2460 1355 2778 1425 diriguntur.
2810 1358 3054 1413 Christus
3084 1360 3228 1414 enitn
3262 1361 3585 1416 mundanam
3618 1361 3790 1415 vitam

515 1452 589 1502 illi
645 1452 732 1516 qui
786 1452 1190 1505 insurrexerunt
1238 1457 1414 1503 mente
1466 1449 1676 1518 durata,
1731 1450 1886 1522 195
1929 1451 2105 1506 scelus

513 1544 674 1596 πίνη
727 1543 1039 1611 operatione
1094 1541 1454 1609 complerent;
1523 1555 1620 1595 nec
1684 1541 2098 1611 cogitationibus

517 1639 718 1683 tantum
749 1628 1084 1700 iniquitatem
1118 1644 1293 1693 suam,
1338 1629 1433 1684 sed
1464 1630 1643 1698 operis
1669 1645 1880 1700 quoque
1932 1631 2105 1700 ipsius

513 1720 971 1774 consummatione
1019 1729 1397 1775 monstrarent.
1445 1721 1729 1790 Sequitur,
1780 1729 1827 1775 et
1876 1722 1938 1774 de
1988 1723 2108 1776 viris

2207 1455 2356 1498 recto
2383 1447 2596 1502 tramite
2643 1451 2990 1514 transcurrit;
3041 1466 3141 1505 nec
3171 1450 3424 1519 iniquitas
3464 1452 3539 1506 illi
3568 1453 3796 1509 obviare

2210 1536 2405 1604 potuit,
2437 1552 2558 1606 qua:
2588 1547 2736 1594 actus
2767 1555 2985 1610 semper
3022 1543 3366 1597 humanitatis
3400 1543 3685 1614 intorquet.
3719 1545 3794 1600 De

2213 1626 2328 1694 ipso
2348 1627 2488 1680 enim
2520 1636 2738 1682 octavus
2776 1629 3016 1686 decinms
3058 1632 3290 1700 psalmus
3319 1633 3393 1686 ait
3423 1652 3434 1686 :
3492 1631 3790 1689 Exsultseit

2214 1729 2266 1768 ut
2291 1716 2438 1787 gigas
2471 1717 2540 1771 ad
2565 1719 2869 1772 currendum
2896 1721 3026 1773 uiam
3059 1736 3076 1774 :
3102 1738 3134 1775 a
3167 1737 3366 1775 suntme
3408 1725 3534 1778 caelo
3569 1726 3793 1793 egressio

515 1812 822 1882 sanguinum
863 1813 1021 1866 libera
1071 1829 1170 1866 me.
1210 1811 1366 1866 Venit
1393 1811 1460 1866 ad
1507 1821 1754 1882 quartum
1800 1823 1990 1882 genus,
2042 1824 2099 1868 ut

2211 1810 2335 1874 eius,
2383 1817 2429 1862 et
2467 1825 2704 1864 occursus
2743 1814 2853 1882 ejus
2882 1829 3040 1883 usque
3082 1815 3148 1868 ad
3190 1831 3442 1870 summurn
3469 1820 3582 1888 ejus
3613 1816 3790 1885 (Psal.

517 1901 605 1954 isti
636 1902 828 1956 inimici
856 1919 960 1956 non
997 1903 1141 1958 solas
1188 1903 1536 1957 contumelias
1568 1911 1820 1972 appetere
1847 1903 2096 1958 videren-

517 2003 622 2059 tur,
647 1994 739 2048 sed
773 1993 941 2061 ipsum
975 2009 1185 2064 quoque
1214 1995 1528 2064 sanguinem
1569 1993 1840 2050 edundere
1878 1997 2099 2051 festina-

517 2095 654 2138 rent.
688 2083 780 2138 Hic
821 2095 996 2138 autem
1043 2085 1309 2156 signiﬁcat
1356 2083 1593 2151 Judzeos,
1652 2085 1746 2151 qui
1796 2087 2098 2142 innocentis

517 2175 826 2244 sanguinem
869 2176 1129 2245 sacrilego
1176 2175 1402 2230 crimine
1433 2175 1844 2243 damnaverunt,
1885 2178 2100 2242 quando

519 2265 805 2320 dixerunt:
856 2265 1128 2337 Cruci/iga,
1169 2267 1410 2338 cruci/Ege
1461 2266 1611 2336 (Luc.
1665 2285 1824 2334 χχιιι,
1872 2269 2000 2339 21);
2048 2279 2103 2324 et

518 2357 710 2413 i'ernm
744 2375 758 2412 :
794 2358 1018 2430 Sanguis
1046 2364 1154 2431 e,'us
1201 2377 1355 2431 super
1394 2379 1493 2418 nos
1535 2371 1583 2417 et
1630 2379 1784 2432 super
1819 2363 1958 2431 ﬁlios
2003 2380 2101 2418 no-

519 2447 884 2517 stros(Mattlt.
933 2466 1108 2517 xxvu,
1137 2451 1255 2522 25).
1282 2452 1381 2520 Qui
1423 2453 1616 2510 merito
1653 2454 1748 2507 viri
1792 2455 2104 2525 sanguinum

519 2538 647 2594 dicti
696 2551 838 2606 sunt,
887 2544 1138 2612 quoniam
1189 2558 1350 2610 supra
1392 2559 1450 2599 se
1481 2545 1679 2614 injuste
1716 2546 1902 2600 mortis
1941 2561 2105 2602 onera

519 2641 886 2699 susceperunt.
923 2633 1057 2686 Petit
1091 2648 1218 2703 ergo
1247 2649 1306 2688 se
1333 2633 1402 2688 ab
1429 2635 1506 2689 eis
1555 2651 1650 2702 pro
1683 2635 1913 2691 humana
1953 2637 2109 2690 inlir-

520 2724 705 2778 mitate
745 2725 874 2794 eripi
911 2735 958 2778 et
994 2725 1220 2792 liberari,
1261 2726 1350 2797 qui
1391 2737 1556 2782 totum
1595 2737 1770 2782 tamen
1806 2727 2106 2784 voluntarie

519 2816 832 2872 sustinebat.
867 2818 929 2872 Et
957 2819 1174 2874 intende
1216 2820 1336 2890 quia
1369 2835 1464 2888 per
1499 2820 1718 2889 figuram
1755 2821 2105 2888 epembzisim,

520 2922 639 2973 qmc
697 2907 904 2961 iteratio
961 2919 1326 2978 nuncupatur,
1375 2909 1429 2964 in
1478 2911 1562 2965 his
1607 2911 1814 2967 duobus
1859 2911 2108 2967 versibus

525 2999 686 3050 Verba
716 2999 1018 3068 geminavit,
1051 3002 1191 3067 eripe
1222 3017 1321 3068 me,
1363 3010 1410 3054 et
1447 3001 1602 3054 libera
1629 3018 1726 3055 me.

597 3085 747 3141 Vers.
780 3087 834 3140 '5.
880 3090 1010 3152 Quia
1057 3106 1170 3144 ecce
1208 3099 1580 3157 occupaverunt
1635 3093 1861 3145 animam
1923 3107 2104 3157 meam,

2200 1915 2326 1954 xvtu
2349 1941 2364 1964 ,
2396 1900 2448 1966 6,
2479 1899 2555 1970 7).
2589 1901 2700 1957 Hoc
2727 1904 2870 1958 enim
2902 1915 3020 1960 erat
3057 1905 3233 1976 dirigi,
3282 1906 3421 1962 unde
3459 1919 3703 1972 venerat,
3740 1919 3794 1964 ut

2198 1991 2416 2046 rediret.
2472 1991 2575 2045 Sed
2604 1991 2680 2048 sic
2717 1993 2865 2048 venit
2905 2007 2936 2048 a
2983 1996 3160 2064 Patre,
3191 2008 3246 2052 ut
3285 2011 3388 2052 non
3439 1999 3720 2055 recederet
3758 2016 3790 2055 a

2201 2081 2391 2148 Patre;
2421 2083 2497 2138 sic
2525 2085 2768 2141 discessit
2789 2101 2818 2140 a
2865 2088 3084 2156 mundo,
3127 2098 3186 2144 ut
3222 2104 3324 2144 non
3354 2091 3631 2146 desereret
3662 2091 3791 2146 tide-

2202 2171 2282 2226 les
2299 2213 2313 2237 ,
2347 2173 2480 2228 sicut
2503 2173 2617 2241 ipse
2646 2177 2718 2228 ait
2744 2193 2758 2230 :
2795 2174 2914 2230 Non
2935 2191 3023 2232 vos
3051 2177 3303 2232 dimittam
3329 2180 3586 2248 orphonos
3607 2179 3788 2251 (lacn.

2202 2278 2316 2330 xrv,
2363 2264 2486 2335 I8);
2515 2274 2592 2332 et,
2639 2265 2772 2320 Ecce
2809 2284 2904 2338 ego
2945 2268 3202 2322 vobiscum
3227 2285 3340 2322 sum
3381 2286 3543 2338 usque
3573 2271 3647 2324 ad
3675 2287 3791 2325 eon-

2203 2357 2593 2411 summationem
2606 2357 2779 2411 stecufi
2802 2357 3016 2430 (Matth.
3037 2373 3204 2413 ιχνιιι
3221 2400 3239 2426 ,
3268 2359 3384 2430 20).
3415 2360 3688 2429 Sequitur,
3710 2377 3789 2416 eo-

2203 2462 2353 2518 surge
2385 2449 2438 2501 in
2468 2463 2733 2503 occursum
2758 2449 2904 2503 mihi.
2938 2449 3036 2504 Hic
3057 2448 3168 2519 jam
3201 2450 3415 2519 tropicis
3444 2449 3790 2506 allusiOnibus

2207 2542 2438 2609 potentia
2456 2542 2862 2596 resurrectionis
2874 2542 3212 2622 exprimitur,
3234 2551 3286 2597 ut
3305 2551 3452 2613 petat
3463 2542 3678 2597 Patrem
3691 2543 3789 2598 sibi

2203 2647 2507 2699 occurrere,
2536 2633 2600 2687 ad
2628 2649 2688 2688 se
2724 2635 2928 2690 scilicet
2953 2635 3288 2700 venientem;
3321 2649 3441 2690 cum
3472 2649 3572 2690 nec
3600 2634 3691 2690 ille
3721 2635 3789 2690 ab

2207 2725 2322 2794 ipso
2351 2725 2634 2793 aliquando
2661 2725 2989 2790 discesserit,
3013 2740 3112 2781 nec
3139 2727 3237 2781 iste
3265 2725 3330 2780 ad
3353 2739 3498 2789 eum,
3533 2732 3785 2795 quantum

2209 2819 2274 2871 ad
2305 2832 2588 2885 supernam
2620 2828 2860 2872 naturam
2888 2818 3136 2884 pertinet,
3175 2815 3310 2871 facie
3340 2816 3597 2870 novitatis
3621 2815 3785 2872 adve-

2209 2909 2385 2962 nerit:
2417 2905 2508 2962 sed
2535 2907 2670 2960 sicut
2710 2907 2822 2975 ipse
2853 2907 2903 2960 in
2938 2905 3223 2976 Evangelia
3252 2906 3414 2959 dicit:
3453 2904 3563 2972 Ego
3591 2905 3643 2958 in
3683 2903 3784 2958 Pa-

2209 3007 2304 3062 tre,
2328 3007 2374 3051 et
2404 2997 2559 3050 Pater
2585 2998 2638 3050 in
2667 3014 2744 3050 me
2767 3007 2839 3051 est
2885 2995 3062 3068 (Joan.
3098 3012 3206 3064 xw,
3255 2996 3360 3066 il).
3411 2995 3562 3065 Quod
3611 3005 3784 3050 autem

2211 3087 2434 3152 addidit,
2465 3098 2512 3142 et
2536 3089 2666 3153 vide,
2701 3087 2982 3157 significat,
3030 3086 3111 3142 fac
3161 3087 3359 3149 videri;
3391 3087 3530 3141 sicut
3561 3087 3787 3142 Abraha

524 3177 778 3229 irruerunt
805 3175 859 3230 in
878 3194 955 3231 me
975 3181 1164 3249 fortes;
1191 3197 1350 3250 neque
1378 3180 1620 3250 iniquitas
1645 3196 1779 3245 mea,
1807 3197 1968 3251 neque
1994 3199 2110 3251 pec-
2139 3172 2183 3232 C
2215 3177 2410 3232 dietum
2450 3188 2533 3232 est
2561 3197 2573 3231 :
2627 3177 2780 3232 Nunc
2809 3178 3019 3249 cognovi
3041 3179 3280 3248 quoniam
3308 3176 3480 3248 diligis
3513 3177 3786 3230 Dominum

525 3276 697 3321 catum
741 3285 930 3334 meum,
962 3268 1193 3322 Domine.
1225 3270 1410 3323 Anima
1444 3269 1529 3323 hic
1555 3269 1753 3324 dicitur
1779 3270 1882 3323 vita
1915 3285 2108 3340 corpo-

523 3359 672 3414 ralis.
703 3360 967 3414 Czeterum
1004 3362 1230 3413 animam
1259 3359 1468 3414 Domini
1504 3359 1799 3415 Salvatoris
1828 3360 1970 3415 nulla
2012 3376 2108 3429 po-

527 3456 627 3510 tuit
655 3455 950 3512 adversitas
986 3471 1260 3526 occupare,
1288 3471 1406 3526 quas
1435 3457 1580 3510 unita
1619 3456 1728 3512 Deo
1769 3457 2110 3513 immaculata

526 3557 584 3601 se
613 3544 1024 3603 conversatione
1073 3546 1338 3599 tractavit.
1377 3545 1483 3600 Sed
1515 3561 1638 3601 cum
1685 3545 1880 3602 dicitur
1933 3548 2110 3604 anima

527 3647 814 3706 orcupata,
863 3647 1074 3708 tempus
1129 3638 1431 3694 ostenditur
1481 3639 1767 3707 passionis.
1822 3631 2108 3711 Sequitur,

527 3729 784 3784 irruerunt
808 3729 864 3784 in
892 3745 970 3785 me
998 3731 1174 3798 fortes.
1206 3729 1389 3784 Fortes
1410 3730 1676 3786 diabolum
1693 3730 1962 3801 signiﬁcat
1985 3748 2109 3788 cum

530 3825 816 3891 ministris;
847 3826 990 3881 sicut
1017 3826 1132 3897 ipse
1162 3826 1216 3880 in
1265 3825 1558 3896 Evangelio
1587 3824 1756 3879 dicit:
1809 3825 1976 3880 Nemo
2019 3844 2113 3898 ρο-

526 3927 620 3972 test
646 3918 838 3972 intrare
862 3917 916 3970 in
947 3918 1155 3971 domum
1185 3918 1354 3986 fortis,
1386 3926 1434 3971 et
1456 3931 1576 3971 vasa
1592 3917 1702 3985 ejus
1741 3917 1984 3988 diripere,
2014 3919 2112 3973 nisi

527 4006 672 4075 prius
699 4004 983 4075 alligaverit
1009 4006 1191 4076 fortem
1215 4004 1406 4076 (Marc.
1438 4019 1530 4072 ιιι,
1573 4004 1688 4074 Ἦ).
1721 4005 1825 4074 lpsi
1875 4007 2017 4060 enim
2058 4007 2110 4061 in

533 4097 698 4153 corde
721 4097 874 4154 ludar
893 4097 1275 4168 ascenderunt,
1307 4104 1368 4150 ut
1397 4095 1643 4152 Salvator
1685 4097 1844 4151 inerti
1873 4099 2115 4154 tradere-

531 4198 638 4243 tur.
666 4173 773 4260 lpsi
797 4189 1049 4259 populum
1073 4189 1320 4260 pessimis
1342 4187 1780 4260 instigationibus
1802 4189 2111 4256 incitarunt,

532 4291 591 4334 ut
644 4279 1006 4336 Liberatorem
1065 4280 1284 4336 humani
1332 4281 1544 4352 generis
1589 4280 1790 4350 perfida
1841 4283 2117 4336 voluntate

531 4373 869 4428 damnarent.
901 4371 1003 4440 Qui
1027 4373 1186 4442 fortes
1211 4372 1331 4426 ideo
1357 4371 1624 4441 dicuntur,
1653 4373 1773 4442 quia
1807 4373 2114 4427 mortalium

532 4473 794 4533 superant
842 4461 1056 4533 fragiles
1099 4462 1513 4518 imbecillitates.
1547 4461 1814 4518 Cat-terum
1864 4463 2116 4533 potentiae

2215 3268 2376 3322 Deum
2401 3278 2546 3323 tuum
2574 3268 2722 3341 (Gen.
2770 3285 2910 3333 χχιι,
2960 3268 3083 3337 12);
3133 3269 3182 3322 id
3236 3279 3340 3333 εει,
3367 3269 3618 3338 cognosci
3670 3267 3785 3323 feci.

2211 3359 2434 3428 Tropica
2463 3369 2544 3416 est
2571 3361 2710 3415 enim
2735 3360 2832 3416 ista
2858 3361 3074 3424 locutio,
3103 3369 3157 3414 et
3181 3359 3232 3412 in
3263 3357 3558 3428 Scripturis
3587 3357 3782 3414 divinis

2211 3451 2532 3507 creberrima
2554 3451 2938 3506 consuetudine
2959 3450 3274 3505 seminatur.

2288 3548 2434 3606 Vers.
2477 3551 2529 3605 5.
2569 3548 2637 3603 Et
2675 3560 2758 3606 tu.
2806 3546 3025 3604 Domine
3054 3549 3190 3605 Deus
3217 3550 3478 3610 virtutum.
3526 3547 3669 3604 Deus
3707 3547 3784 3604 ls-

2211 3638 2346 3708 rael,
2897 3630 2900 3634 ’

2287 3736 2436 3792 Vers.
2469 3735 2520 3792 6.
2562 3737 2777 3791 Intende
2824 3737 2892 3790 ad
2921 3737 3196 3791 visitandas
3243 3753 3414 3791 omnes
3435 3747 3609 3807 gentes
3635 3753 3654 3792 :
3686 3753 3782 3792 non

2211 3828 2496 3882 miserearis
2526 3828 2755 3880 omnibus
2783 3826 2870 3894 qui
2891 3836 3162 3894 aperantur
3189 3825 3528 3894 iniquitatem.
3558 3828 3671 3881 Duo
3699 3825 3779 3881 isti

2213 3920 2455 3976 versiculi
2486 3921 2536 3973 in
2567 3934 2672 3974 uno
2700 3920 2999 3988 exponendi
3029 3929 3174 3987 sunt,
3203 3901 3470 3988 quoniam
3499 3919 3567 3974 de
3595 3934 3656 3974 se
3693 3920 3772 3973 in-

2212 4015 2380 4069 vicem
2412 4011 2643 4079 pendere
2673 4019 2980 4066 noscuntur.
3036 4009 3162 4064 Post
3207 4011 3619 4065 resurrectionis
3646 4011 3788 4081 igitur

2213 4105 2508 4162 mirabilem
2547 4103 2927 4167 narrationem,
2977 4103 3092 4168 pius
3136 4102 3440 4158 Advocatus
3483 4104 3784 4172 interpellat

2213 4212 2311 4268 pro
2331 4196 2511 4260 nobis,
2544 4194 2726 4249 dicens
2753 4193 2818 4247 ad
2872 4193 3119 4249 Patrem:
3176 4192 3242 4247 Et
3274 4202 3356 4258 tu,
3395 4190 3618 4247 Domine
3667 4193 3794 4247 Deus

2213 4290 2474 4353 virtutum,
2509 4285 2646 4339 Deus
2667 4282 2865 4351 Israel;
2908 4284 2999 4354 qui
3041 4300 3145 4338 non
3174 4283 3375 4353 putaris
3397 4283 3498 4338 nisi
3533 4281 3675 4340 Deus
3715 4298 3794 4337 so-

2215 4376 2316 4431 lius
2347 4375 2532 4442 Israel,
2564 4374 2615 4429 id
2645 4383 2730 4430 est
2755 4375 2910 4429 unius
2930 4373 3103 4445 gentis
3127 4391 3139 4427 :
3162 4374 3366 4428 intende
3406 4388 3548 4428 nunc
3571 4375 3645 4426 ad
3674 4375 3786 4427 visi-

2215 4469 2395 4522 tandas
2469 4482 2642 4522 omnes
2703 4475 2912 4536 gentes,
2979 4474 3038 4519 ut
3094 4464 3184 4519 tibi
3241 4464 3575 4520 credentium
3648 4464 3796 4533 copia

437 4553 442 4560 ’
531 4553 730 4610 Christi
768 4553 933 4609 fortes
973 4567 1094 4609 esse
1125 4569 1229 4608 non
1259 4561 1527 4622 poterant,
1567 4552 1656 4622 qui
1687 4567 1780 4607 eos
1808 4552 2000 4606 divinis
2029 4552 2109 4607 Vi-
2142 4553 2190 4614 D
2215 4568 2421 4617 crescat
2459 4575 2522 4614 ex
2553 4556 2796 4629 gentibus
2819 4596 2836 4621 ν
2877 4558 3000 4625 quia
3046 4556 3380 4611 sterilitatem
3431 4556 3553 4612 ﬁdei
3607 4557 3661 4612 in
3710 4556 3796 4611 Ju-

533 4647 681 4702 ribus
710 4643 966 4716 alligavit.
1015 4643 1253 4711 Addidit,
1294 4659 1454 4714 neque
1492 4643 1734 4713 iniquitas
1779 4659 1910 4708 mea,
1961 4658 2121 4710 netue
2219 4653 2370 4708 daico
2417 4649 2613 4721 populo
2663 4647 2992 4718 comperisu.
3046 4647 3113 4701 Et
3158 4649 3365 4716 respice
3422 4648 3566 4717 quod
3632 4664 3798 4704 om

532 4746 795 4806 peccatum
834 4752 1042 4804 meum,
1117 4736 1346 4790 Domine.
1425 4735 1680 4801 Quamvis
1731 4735 1785 4789 in
1836 4734 2117 4790 Dominum

534 4827 870 4883 Salvatorem
935 4828 1196 4883 diabolica
1255 4827 1512 4882 fortitudo
1567 4830 1902 4894 surrexerit,
1959 4829 2118 4883 modo

534 4934 657 4974 eum
702 4921 756 4978 in
798 4923 960 4990 pinna
1009 4919 1192 4989 tentpli
1224 4920 1622 4984 constituendo,
1659 4920 1815 4974 modo
1845 4920 2118 4977 offerendo

535 5011 792 5068 divitias:
838 5022 1014 5068 tamen
1048 5014 1179 5066 nihil
1219 5013 1324 5068 tale
1373 5014 1424 5068 in
1471 5027 1592 5067 eum
1621 5026 1950 5082 praesumere
2003 5012 2120 5066 ausi

534 5113 684 5170 sunt,
729 5105 906 5175 qualia
956 5105 1108 5160 nobis
1151 5106 1401 5160 vitiorum
1448 5114 1774 5160 tentameota
1826 5105 2121 5160 efficaciter

536 5197 785 5266 ingerere
810 5205 1158 5250 consuerunt.
1198 5196 1455 5266 Iniquitas
1501 5196 1588 5250 hic
1617 5211 1712 5263 pro
1741 5195 2120 5251 malevolentia

533 5285 877 5356 intelligenda
908 5296 1028 5352 est;
1067 5297 1328 5355 peccatum
1359 5300 1489 5342 vero
1519 5285 1750 5353 pertinet
1791 5284 1858 5338 ad
1898 5285 2120 5341 sceleris

535 5375 926 5442 operationem,
953 5391 1070 5444 qua:
1101 5375 1424 5431 omnimodis
1452 5389 1482 5428 a
1523 5373 1751 5428 Domino
1793 5373 1959 5429 fuisse
1991 5389 2117 5442 pro-

534 5467 728 5522 bantur
755 5475 1029 5523 extranea.
1057 5466 1253 5522 Natura
1281 5467 1423 5522 enim
1453 5463 1802 5520 humanitatis
1831 5478 1858 5515 a
1892 5463 2118 5519 Domino

533 5568 806 5628 assumpta
847 5560 1098 5628 probatur
1137 5574 1283 5624 esse,
1313 5575 1417 5613 non
1444 5559 1636 5626 culpa;
1673 5557 1766 5612 sed
1819 5566 1998 5613 tamen
2039 5559 2118 5630 ip--

532 5666 653 5708 sum
708 5653 897 5709 fortem
935 5652 1190 5710 sustinuit
1235 5660 1582 5715 tentatorem,
1610 5650 1735 5720 quia
1762 5663 1980 5704 carnem
2013 5665 2113 5704 no-

533 5752 658 5804 strae
691 5745 990 5818 fragilitatis
1018 5745 1338 5816 assumpsit;
1372 5757 1470 5797 nec
1500 5741 1655 5795 aliter
1710 5740 1824 5795 ﬁeri
1860 5740 2030 5810 potuit
2058 5749 2114 5794 ut

2215 4753 2386 4816 gentes
2409 4743 2586 4808 dicat,
2631 4741 2878 4811 quoniam
2919 4739 2984 4793 de
3023 4741 3286 4794 universis
3318 4739 3624 4796 nationibus
3650 4746 3798 4796 erant

2217 4837 2464 4908 (Domino
2489 4835 2727 4904 iuvante)
2757 4830 3046 4895 credituri;
3077 4831 3215 4886 sicut
3245 4840 3329 4886 est
3357 4832 3483 4886 illul
3515 4848 3531 4886 :
3561 4830 3627 4884 Et
3660 4832 3788 4885 dabo

2220 4929 2308 4982 tibi
2341 4938 2512 4998 gentes
2555 4925 2896 4978 [nereditatem
2936 4933 3108 4990 tuam,
3140 4932 3184 4976 et
3235 4924 3603 4991 possessionem
3651 4933 3788 4975 tuam

2220 5018 2457 5071 terminos
2480 5024 2624 5068 terra:
2669 5012 2837 5082 (Psal.
2864 5028 2930 5078 tt,
2959 5011 3035 5083 8).
3071 5013 3170 5067 Ubi
3189 5022 3366 5067 autent
3409 5014 3700 5068 revertitur
3734 5013 3794 5068 sc‘

2220 5104 2455 5170 Judteos,
2485 5103 2646 5156 dicit:
2681 5102 2799 5155 Non
2847 5102 3130 5156 miserearis
3173 5101 3402 5155 omnibus
3442 5101 3529 5172 qui
3578 5117 3794 5170 operario

2221 5203 2307 5249 tur
2355 5194 2685 5260 iniquitatem.
2731 5192 2855 5248 Haec
2897 5193 3067 5246 oratio
3113 5191 3179 5259 (si
3228 5191 3366 5246 bene
3410 5191 3797 5258 conspiciatur)

2224 5283 2500 5353 praeceptis
2520 5283 2636 5352 ejus
2655 5283 2708 5336 in
2738 5282 2878 5336 nulla
2900 5288 3052 5352 parte
3077 5281 3346 5336 dissentit.
3371 5281 3609 5337 Dicendo
3631 5283 3796 5338 enim:

2229 5376 2350 5431 Non
2385 5375 2666 5430 miserearis
2695 5373 2949 5439 omnibus,
2980 5373 3212 5430 ostendit
3247 5373 3352 5427 illis
3377 5387 3497 5428 esse
3531 5374 3798 5428 miserenc

2224 5466 2348 5522 dum
2377 5466 2468 5536 qui
2496 5479 2631 5535 puro
2663 5463 2838 5520 studio
2863 5463 3252 5534 supplicabunt.
3293 5462 3425 5517 Nam
3461 5463 3588 5518 licet
3616 5479 3802 5518 omnes

2224 5557 2467 5613 homines
2486 5564 2756 5628 operentur
2776 5557 3114 5628 iniquitatem,
3145 5555 3249 5610 illis
3273 5564 3448 5610 tamen
3473 5557 3799 5625 parcendum

2221 5665 2341 5708 esse
2368 5665 2474 5706 non
2493 5648 2713 5704 dubium
2733 5657 2817 5704 est
2837 5647 2926 5718 qni
2950 5645 3307 5718 prwdestinati
3332 5655 3480 5714 sunt,
3504 5657 3559 5702 et
3589 5646 3660 5702 ad
3685 5659 3805 5703 eum

2224 5740 2411 5798 devota
2443 5749 2623 5797 tuente
2651 5739 2980 5812 confugiunt.
