4020 6348
219 362 337 421 415.

1151 354 1506 413 LXPGSITIO
1543 352 1609 409 IN
1648 351 2110 410 PSALTERIUM.
2153 350 2353 410 PSAL.
2392 353 2569 409 LVIII.

3399 348 3503 409 ω

299 477 452 532 Vers.
479 478 527 529 7.
572 474 931 530 Convertuntur
954 474 1019 526 ad
1044 488 1318 542 vesperam,
1338 482 1383 525 et
1406 472 1590 539 famem
1617 470 1807 539 patien-
1839 472 1891 530 Α
1916 468 2121 522 habebis
2163 486 2336 523 omnes
2379 479 2576 540 gentes.
2608 467 2908 525 Irridcndos
2937 484 3030 525 eos
3057 468 3385 539 pronuntiat,
3412 470 3502 541 qui

217 580 304 622 tar
336 577 391 621 ut
421 583 593 633 canes,
636 574 683 618 et
720 566 1002 617 circuibunt
1034 565 1303 617 civitatein.
1341 562 1565 617 \‘eutum
1614 570 1696 615 est
1738 560 1803 613 ad

216 660 412 728 psalmi
437 658 653 727 jauuam
683 658 969 710 secundam
998 697 1012 721 ,
1049 656 1100 710 in
1127 671 1225 722 qua
1268 654 1470 708 .ludaici
1515 653 1696 722 pepuli
1733 651 1811 705 fu-

215 763 343 804 tura
395 751 673 804 conversio
722 748 1039 801 declaratur.
1096 746 1371 816 Signiﬁcat
1422 760 1548 815 ergo
1603 746 1652 797 in
1706 744 1811 798 line

212 843 414 897 mundi
449 858 513 897 ex
545 841 624 896 eis
666 842 976 895 innumeros
1029 839 1255 893 Domino
1301 852 1422 893 esse
1466 837 1807 900 credituros;

212 936 367 1004 qmtd
392 944 446 990 et
466 934 751 1004 Apostolus
785 932 914 986 dicit
942 952 954 985 :
983 930 1121 985 Nolo
1167 946 1253 983 vos
1288 931 1548 999 ignorare,
1601 933 1807 995 fratres,

213 1026 522 1096 mysterium
573 1027 689 1091 hoc,
736 1035 789 1079 ut
827 1041 930 1077 non
960 1025 1069 1077 sitis
1099 1023 1362 1090 vobisipsis
1387 1024 1658 1090 sapientes,
1690 1021 1810 1090 quia

223 1122 430 1172 rwcitas
472 1134 534 1172 ex
558 1129 703 1187 parte
734 1115 900 1171 Israel
930 1117 1140 1188 contigit
1166 1156 1179 1179 ,
1212 1116 1371 1168 donec
1390 1114 1653 1184 plenitudo
1682 1130 1777 1183 gen
1797 1143 1809 1152 -

230 1211 357 1261 tium
406 1210 678 1274 introiret,
753 1219 797 1262 et
853 1208 926 1260 sic
986 1207 1148 1260 omnis
1216 1205 1381 1259 Israel
1450 1208 1617 1260 salvus
1671 1205 1811 1273 fieret

232 1298 408 1369 illam.
443 1314 526 1363 ιι,
557 1298 673 1367 25),
710 1309 813 1353 etc.
849 1296 1010 1351 Vides
1040 1308 1095 1352 et
1122 1298 1191 1352 ibi
1228 1298 1549 1365 promissum
1577 1311 1717 1360 esse,
1757 1307 1812 1349 ut

220 1394 473 1457 .suatnvis
517 1405 663 1457 sera,
721 1401 897 1444 tamen
942 1388 1228 1457 aliquando
1267 1389 1539 1442 salutifera
1585 1403 1812 1442 conver-

216 1485 382 1537 sione
408 1484 715 1546 solventur;
752 1490 807 1535 et
836 1480 955 1533 ideo
987 1479 1051 1534 ad
1079 1479 1485 1533 similitudinem
1521 1479 1649 1542 diei,
1693 1478 1813 1533 ﬁnis

216 1574 417 1628 mundi
460 1588 664 1643 vespera
727 1581 1097 1640 competenter
1151 1570 1395 1625 edicitur.
1442 1571 1713 1640 Sequitur,
1759 1580 1809 1625 et

218 1672 420 1738 [amem
448 1666 699 1735 patientur
726 1673 780 1717 ut
808 1678 981 1717 canes.
1023 1662 1168 1718 Illius
1215 1664 1469 1730 temporis
1507 1662 1813 1718 Judzeorum

218 1760 495 1831 signiﬁcat
533 1757 859 1812 voluntatem
883 1796 897 1821 ,
930 1756 1053 1826 quia
1105 1756 1245 1811 sicut
1272 1770 1414 1810 nunc
1443 1755 1812 1811 crudelissima

1917 560 2321 627 praedicationes
2351 570 2525 616 rectas
2566 559 2755 616 audire
2793 560 3092 625 noluerint,
3147 562 3287 617 sicut
3313 570 3397 616 est
3440 560 3505 615 il-

1913 651 2001 705 lttd
2047 652 2387 707 Salomonis:
2423 650 2551 706 Meis
2597 662 2769 706 autem
2798 652 3234 721 increpationibus
3281 668 3384 706 non
3426 652 3509 706 in—

1913 743 2213 808 tendebatis,
2232 743 2320 795 sed
2346 743 2493 795 irrita
2533 743 2794 810 faciebatis
2839 744 3053 797 consilia
3106 759 3254 808 mea;
3298 744 3516 819 ideoque

1913 844 1959 887 et
1989 852 2079 906 ego
2110 836 2164 888 in
2194 848 2360 890 vestra
2389 836 2673 903 perditione
2718 835 2894 890 ridebo
2924 877 2939 902 ,
2984 838 3284 907 gratulabor
3305 839 3508 906 quando

1914 934 2253 991 supervenerit
2282 924 2417 978 vobis
2449 925 2679 978 interitus
2712 924 2894 997 (Prov.
2939 942 2975 992 ι,
3018 926 3113 992 23,
3145 925 3265 997 26).
3296 926 3507 982 Derisui

1914 1017 2057 1070 enim
2086 1024 2262 1081 erunt,
2297 1015 2510 1085 quando
2557 1016 2741 1071 inanes
2773 1027 2826 1071 et
2856 1015 2989 1071 fatui
3026 1017 3095 1072 ab
3140 1019 3327 1073 aeterni
3360 1022 3515 1088 regni

1917 1109 2319 1165 intromissionc
2350 1112 2635 1177 pellentur.
2674 1111 2952 1181 Sequitur,
2991 1130 3084 1183 pro
3115 1113 3275 1168 nihilo
3306 1116 3510 1169 habebis

1916 1220 2088 1258 omnes
2130 1214 2321 1275 gentes.
2366 1204 2575 1271 Gentes,
2607 1214 2662 1259 et
2691 1205 2742 1260 in
2779 1207 2918 1260 bono
2945 1214 2999 1261 et
3020 1207 3071 1261 in
3101 1209 3240 1262 malo
3263 1210 3383 1277 poni
3416 1223 3513 1262 no-

1919 1300 2185 1352 tissimum
2213 1305 2318 1353 est.
2353 1298 2450 1352 ltic
2478 1307 2653 1353 tamen
2686 1299 2809 1355 illos
2850 1300 2981 1355 dicit
3013 1302 3102 1370 qui
3150 1300 3512 1356 obstinatione

1917 1390 2121 1444 crudeli
2166 1390 2221 1444 in
2252 1405 2344 1444 sua
2377 1390 2611 1460 nequitia
2646 1402 3012 1461 perseverant.
3044 1394 3193 1463 Ipsos
3223 1395 3368 1449 enim
3418 1413 3512 1466 pro

1918 1483 2079 1536 nihilo
2112 1484 2256 1537 habet
2289 1485 2568 1549 Dominus,
2608 1485 2695 1554 qui
2724 1501 2844 1540 eum
2880 1496 3243 1541 creaturarum
3275 1488 3513 1542 omnium

1918 1590 2024 1629 non
2053 1588 2377 1631 venerantur
2414 1586 2708 1632 auctorem.
2753 1578 2882 1633 Nam
2918 1580 2964 1634 si
3002 1578 3103 1633 hoc
3134 1579 3510 1634 universaliter

1916 1665 2115 1721 dictum
2158 1668 2449 1738 intelligas,
2501 1670 2650 1725 unde
2694 1670 2798 1725 erit
2848 1669 3087 1725 Ecclesia
3117 1670 3327 1725 Domini
3371 1684 3502 1724 con-

1918 1758 2209 1813 struenda?
2240 1758 2345 1817 Sed
2370 1775 2488 1815 mos
2511 1770 2595 1815 est
2639 1761 2933 1831 Scriptura:
2963 1750 3156 1813 divinis
3198 1761 3380 1815 dicere
3410 1777 3507 1829 pro

220 1851 587 1908 obstinatione
611 1850 784 1904 durati
824 1858 968 1913 sunt,
1001 1848 1071 1902 ita
1096 1857 1150 1903 et
1180 1858 1306 1902 tunc
1349 1848 1469 1902 lidei
1501 1849 1807 1902 avidissima
1841 1850 1889 1908 Β
1917 1861 2063 1918 parte
2092 1860 2281 1916 totum,
2324 1853 2620 1907 secundum
2663 1852 2789 1906 illud
2843 1852 3049 1905 Domini
3096 1851 3295 1905 dictum
3324 1870 3337 1904 ;
3375 1851 3512 1905 Nam

221 1943 490 1999 desideria
516 1942 801 2011 patientur.
826 1941 922 2007 Qui
949 1939 1389 1996 merito'eanibus
1411 1951 1809 2010 comparantur,

221 2037 478 2104 quoniam
503 2032 889 2088 Antichristum
915 2032 1060 2086 illum
1086 2032 1529 2087 immanissimam
1557 2032 1812 2100 belluam,

222 2130 259 2181 ﬁ
284 2127 351 2180 tei
377 2127 556 2180 calore
580 2125 798 2195 raptati,
845 2123 1107 2193 religiosis
1138 2123 1419 2178 latratibus
1444 2124 1810 2195 insequentur.

224 2221 391 2274 Canes
409 2221 549 2274 enim
575 2234 605 2272 a
632 2217 876 2274 canendo
907 2218 1030 2271 dicti
1058 2229 1201 2274 sunt.
1229 2217 1477 2274 Meliores
1504 2229 1663 2272 erunt
1687 2227 1812 2272 tunc

223 2328 400 2378 canes,
432 2326 587 2381 quam
620 2324 761 2366 nunc
792 2309 899 2365 sint
946 2310 1187 2365 homines
1219 2326 1234 2366 :
1283 2310 1495 2379 quando
1544 2309 1712 2379 legem
1760 2311 1811 2363 in

221 2420 327 2473 qua
372 2402 531 2457 modo
558 2402 895 2473 delinquunt,
932 2414 1057 2456 tunc
1088 2401 1319 2456 ﬁdeliter
1347 2401 1626 2456 defensare
1660 2402 1816 2473 196

220 2494 569 2549 contendunt.
605 2492 736 2548 Nam
782 2492 923 2563 quod
954 2493 1104 2558 dicit,
1136 2493 1348 2561 famem,
1400 2494 1637 2546 «:mlestis
1666 2494 1810 2547 verbi

218 2586 492 2654 signiﬁcat
517 2586 856 2651 aviditatem,
902 2586 1040 2641 sicut
1076 2587 1151 2640 ait
1196 2587 1496 2656 propheta:
1547 2585 1679 2639 Ecce
1727 2587 1809 2639 in-

220 2678 363 2730 duco
390 2678 572 2746 famem
600 2693 745 2746 super
774 2688 983 2745 terram,
1012 2693 1113 2731 non
1137 2677 1320 2748 famem
1360 2677 1531 2747 panis,
1565 2694 1719 2746 neque
1740 2677 1784 2730 si
1799 2706 1813 2717 -

222 2773 323 2825 tim
354 2788 524 2841 aquae,
547 2773 633 2827 sed
659 2756 840 2843 famem
873 2774 1113 2828 audiendi
1139 2773 1341 2827 verbum
1371 2773 1464 2827 Dei
1496 2774 1673 2843 (Amos
1700 2791 1811 2840 vm,

224 2862 254 2915 1
274 2861 349 2931 Ι).
379 2861 617 2930 Addidit,
657 2874 702 2918 et
733 2865 1018 2919 circuibunt
1063 2866 1336 2919 civitatem.
1369 2866 1424 2920 In
1452 2866 1641 2921 eadem
1670 2882 1816 2943 com-

224 2952 510 3022 paratione
535 2957 845 3023 permansit.
866 2958 1068 3012 Canum
1092 2956 1232 3012 enim
1261 2958 1592 3013 consuetudo
1616 2968 1699 3014 est
1729 2960 1812 3014 illa

225 3045 349 3102 loca
378 3045 681 3113 defendere,
715 3052 764 3103 in
786 3049 983 3129 quibus
1010 3064 1068 3105 se
1095 3061 1289 3105 norunt
1318 3051 1626 3108 alimoniam
1659 3069 1815 3123 repe-

228 3137 341 3192 rire
365 3154 378 3191 :
404 3138 472 3192 ita
499 3148 552 3193 et
573 3138 743 3195 ιιι(ίωί
769 3139 879 3211 jam
905 3143 1151 3198 conversi
1180 3145 1469 3211 civitatem,
1507 3145 1560 3198 id
1581 3156 1664 3201 est
1691 3162 1813 3201 san-

1920 1960 2033 1996 cum
2078 1944 2265 1996 venerit
2299 1940 2467 1996 Filius
2515 1942 2755 2007 hominis,
2810 1952 2957 2013 putas
2997 1943 3209 1996 inveniet
3257 1942 3413 2009 fidem
3460 1942 3514 1995 in

1919 2042 2053 2087 terra
2097 2034 2250 2103 (Luc.
2283 2050 2444 2097 XVIII,
2496 2033 2598 2103 8)?
2641 2034 2795 2101 Quod
2851 2044 2906 2089 et
2959 2036 3003 2088 si
3040 2034 3141 2087 lmc
3194 2024 3515 2102 generaliter

1915 2125 2048 2180 velis
2071 2127 2331 2193 accipere,
2359 2126 2553 2195 quibus
2582 2125 2870 2181 dicendum
2901 2137 3025 2181 est:
3063 2124 3261 2187 Venite,
3307 2127 3514 2179 benedi-

1916 2218 1983 2270 cti
2013 2216 2182 2269 Patris
2206 2217 2324 2281 mei,
2354 2217 2605 2285 possidete
2635 2224 2874 2287 paratum
2918 2216 3056 2268 vobis
3085 2231 3295 2283 regnum
3331 2232 3363 2267 a
3394 2231 3487 2268 con

1915 2308 2174 2362 stitutione
2200 2307 2374 2361 mundi
2406 2306 2623 2379 (.«llatth.
2656 2323 2789 2373 xxv,
2822 2307 2957 2376 '55)?
2988 2308 3173 2362 Its-stat
3195 2324 3323 2375 ergo
3352 2316 3407 2361 ut
3434 2309 3518 2363 hic

1919 2414 2091 2452 omnes
2113 2410 2283 2469 gentes
2307 2413 2401 2453 eos
2427 2399 2691 2469 intelligas
2720 2399 2809 2469 qui
2852 2398 3069 2467 perﬁdia
3118 2398 3344 2452 faciente.
3369 2398 3516 2452 dam-

1917 2492 2079 2545 nandi
2121 2500 2267 2546 sunt.
2318 2490 2455 2546 Sunt
2482 2490 2626 2545 enim
2671 2504 2737 2545 ex
2786 2490 3038 2544 omnibus
3083 2490 3330 2559 gentibus
3378 2492 3512 2558 peri-

1919 2582 2045 2647 turi,
2069 2582 2207 2636 sicut
2226 2581 2402 2651 justos
2424 2589 2637 2635 constat
2661 2593 2729 2637 ex
2753 2580 3004 2635 omnibus
3038 2579 3345 2634 nationibus
3389 2594 3517 2636 cou~

2059 2691 2157 2730 an.

2059 2691 2157 2730 art.

1925 2688 2142 2823 9“vigens.
2197 2768 2281 2824 10.
2343 2766 2724 2824 Fortitudinem
2770 2786 2935 2824 meam
2986 2770 3054 2823 ad
3095 2781 3140 2823 te
3185 2771 3471 2824 custodiam
3500 2812 3516 2835 ,

1914 2866 2057 2937 quia,
2092 2864 2250 2933 Deus,
2277 2875 2536 2935 susceptor
2564 2882 2706 2919 meus
2754 2882 2829 2921 es.
2858 2866 3119 2933 Superius
3159 2870 3327 2919 lortes
3377 2866 3516 2919 disi-

1917 2972 2038 3011 mus
2073 2969 2194 3012 esse
2236 2955 2509 3011 diabolum
2537 2971 2661 3011 cum
2709 2955 2993 3019 ministris,
3025 2956 3114 3024 qui
3160 2954 3519 3026 fortitudinem

1916 3065 2066 3105 suam
2090 3051 2142 3105 in
2183 3064 2245 3106 se
2289 3059 2576 3120 ponentes,
2608 3049 2677 3107 ab
2708 3057 2910 3105 aeterna
2954 3047 3274 3104 celsitudine
3302 3062 3518 3103 corrue-

1919 3152 2060 3197 ruut.
2097 3141 2202 3197 Sed
2237 3141 2492 3197 Dominus
2522 3140 2769 3197 Christus
2793 3141 3043 3196 humana:
3075 3140 3388 3212 ignorantize
3412 3141 3520 3197 for-

227 3237 371 3282 ctatn
400 3227 694 3285 Ecclesiam
720 3230 1022 3293 defendent,
1075 3247 1233 3301 quam
1269 3235 1527 3290 correctis
1558 3238 1816 3303 praedico-
1848 3223 1894 3284 C
1927 3249 2066 3287 mam
2118 3233 2357 3289 veritatis
2406 3233 2724 3298 ostendens,
2773 3232 3126 3304 fortitudinem
3173 3231 3519 3287 humanitatis

227 3319 466 3376 tionibus
490 3322 792 3377 circuibunt.
817 3322 981 3378 Canes
1020 3326 1162 3379 enim
1191 3324 1442 3384 ﬁdelibus
1481 3339 1823 3398 comparatos

228 3409 509 3483 Evangelii
552 3413 826 3483 Scriptura
883 3424 1133 3470 testatur.
1193 3416 1329 3473 Dicit
1376 3420 1573 3489 quippe
1631 3422 1823 3478 mulit-r

226 3501 575 3560 Chananaaa:
608 3504 812 3575 Utique,
858 3503 1075 3563 Domine
1106 3522 1125 3562 :
1153 3524 1271 3562 nam
1290 3517 1338 3564 et
1376 3525 1526 3565 canes
1572 3514 1730 3566 edunt
1760 3514 1823 3568 de

229 3595 379 3648 micis
429 3610 545 3667 quia
594 3599 783 3650 cadunt
856 3594 920 3651 de
973 3611 1148 3652 mensa
1214 3598 1544 3655 dominorum
1608 3617 1824 3656 suorum

230 3688 433 3757 (Marc.
462 3704 569 3758 vn,
611 3688 729 3762 28).
764 3688 876 3747 Hoc
918 3689 1135 3747 schema
1163 3691 1357 3749 dicitur
1384 3695 1633 3765 :enigma,
1661 3694 1713 3749 id
1741 3704 1824 3751 est

228 3781 462 3835 obscura
491 3782 777 3849 sententia,
805 3797 926 3853 qua:
970 3790 1025 3839 et
1070 3784 1187 3854 ipsa
1240 3786 1474 3854 pertinet
1516 3787 1582 3841 ad
1622 3786 1823 3858 allego-

228 3872 405 3935 riam,
438 3872 583 3927 aliud
610 3873 753 3929 enim
782 3874 932 3940 dicit,
969 3884 1023 3931 et
1053 3875 1194 3932 aliud
1224 3878 1508 3947 signiﬁcat.

311 3968 462 4022 νει-ε.
491 3969 543 4023 8.
588 3966 722 4024 Ecce
755 3971 854 4041 ipsi
897 3971 1167 4041 loquentur
1196 3972 1249 4025 in
1272 3988 1359 4025 ore
1385 3989 1501 4038 sua,
1544 3984 1593 4026 et
1620 3973 1825 4042 gladius

229 4059 284 4113 in
312 4058 461 4113 labiis
505 4075 720 4114 eorum:
773 4063 1012 4131 quoniam
1058 4064 1171 4133 quis
1234 4065 1477 4119 audivit?
1527 4063 1826 4134 Loquentur

230 4153 396 4221 plane
423 4162 549 4208 tunc
574 4154 628 4207 in
655 4169 741 4207 ore
761 4170 875 4220 suo,
908 4154 1047 4224 quod
1076 4169 1219 4211 nunc
1250 4155 1446 4211 habere
1479 4171 1584 4211 non
1614 4172 1829 4213 meren-

231 4249 324 4296 tur
355 4242 408 4296 iu
438 4243 624 4312 corde,
656 4243 897 4314 aliosque
926 4245 992 4300 ad
1036 4247 1174 4301 bona
1205 4257 1537 4312 convertant,
1569 4264 1689 4319 quae
1724 4249 1826 4319 ipsi

230 4333 388 4402 prius
432 4334 653 4389 credere
684 4335 988 4391 noluerunt.
1024 4337 1297 4408 Sequitur,
1345 4350 1394 4393 et
1421 4340 1624 4413 gladius
1652 4341 1704 4393 in
1741 4340 1824 4394 la-

228 4422 328 4475 biis
364 4438 559 4477 eorum.
594 4423 709 4480 Erit
739 4427 919 4496 utique
947 4428 1001 4480 in
1045 4428 1193 4482 labiis
1219 4445 1395 4482 eorum
1423 4430 1628 4499 gladius
1657 4431 1822 4488 caele-

230 4515 355 4577 stis,
386 4513 480 4583 qui
508 4514 701 4585 legitur
746 4516 827 4571 his
868 4529 1074 4588 acutus,
1108 4534 1171 4575 ex
1204 4528 1431 4591 utroque
1478 4521 1824 4580 Testamento

1924 3340 2055 3393 sum,
2091 3325 2297 3380 Domini
2327 3324 2457 3381 dicit
2503 3324 2778 3381 beneﬁciis
2824 3324 3229 3394 applicandam;
3277 3335 3333 3378 ut
3380 3324 3520 3380 sicut

1926 3432 2023 3487 per
2053 3415 2201 3469 illum
2248 3415 2618 3471 insidiatorem
2650 3417 2808 3471 noxia
2836 3415 3144 3483 didicimus,
3178 3417 3250 3469 ita
3279 3431 3373 3485 per
3422 3431 3519 3470 ve-

1926 3525 2042 3563 rum
2073 3508 2510 3579 Redemptorem,
2551 3524 2669 3576 qua:
2718 3519 2841 3565 sunt
2888 3508 3164 3579 profutura
3207 3521 3520 3565 noscamus.

1924 3598 2056 3654 Nam
2088 3598 2230 3669 quod
2254 3600 2349 3665 ait,
2380 3600 2447 3654 ad
2470 3610 2517 3655 te
2545 3600 2853 3668 custodiant,
2884 3610 3084 3656 mutata
3117 3602 3323 3673 syllaba
3353 3599 3522 3671 s'gui-

1926 3692 2047 3747 ﬁcat
2067 3706 2160 3761 per
2185 3699 2237 3747 te
2260 3693 2547 3747 custodiam
2565 3693 2919 3764 fortitudinem
2942 3709 3129 3757 meam;
3147 3692 3288 3762 quod
3311 3694 3362 3746 in
3378 3676 3523 3748 Serio

1926 3784 2095 3853 pturis
2135 3784 2332 3839 divinis
2370 3785 2567 3853 saepius
2614 3784 2900 3840 invenitur.
2948 3784 3076 3849 Qua:
3118 3784 3284 3854 ﬁgura
3325 3785 3520 3838 dicitur

1927 3875 2228 3947 prothesios
2249 3875 2541 3946 parallage,
2570 3890 2693 3930 cum
2720 3876 2888 3930 altera
2917 3875 3210 3944 propositio
3235 3889 3333 3942 pro
3352 3876 3521 3927 altera

1928 3966 2157 4033 ponitur.
2190 3965 2464 4036 Sequitur,
2496 3966 2637 4033 quia,
2669 3965 2829 4029 Deus,
2849 3974 3114 4033 susceptor
3138 3980 3278 4017 meus
3300 3979 3373 4015 es.
3395 3963 3521 4017 Me-

1929 4059 2033 4114 rito
2074 4057 2152 4113 illi
2184 4071 2334 4112 suam
2386 4057 2739 4127 fortitudinem
2791 4056 3102 4126 pronuntiat
3139 4054 3519 4125 deputaudam,

1929 4165 2086 4222 quem
2117 4159 2459 4216 susceptorem
2479 4165 2635 4204 suum
2667 4163 2791 4205 esse
2814 4148 3091 4207 noscebat.

2003 4239 2153 4297 Vers.
2204 4241 2290 4296 11.
2332 4239 2468 4296 Deus
2510 4255 2671 4306 meus,
2717 4242 3069 4296 misericordia
3109 4242 3217 4312 ejus
3250 4242 3523 4312 prameniet

1930 4347 2009 4385 me
2038 4346 2056 4386 :
2081 4328 2219 4386 Deus
2241 4347 2401 4399 meus,
2432 4331 2639 4387 ostende
2658 4333 2786 4386 mihi
2814 4332 2945 4387 inter
2970 4333 3204 4387 inimicos
3230 4349 3382 4388 meos.
3418 4331 3524 4388 Ex-

1932 4424 2080 4494 ponit
2108 4423 2249 4493 quod
2289 4426 2542 4495 superius
2590 4423 2762 4481 dixit:
2815 4423 3202 4481 Fortitudinem
3249 4442 3414 4481 meam
3456 4426 3525 4481 tul

1932 4526 1980 4571 te
2013 4518 2318 4573 custodiam.
2346 4517 2483 4573 Nihil
2511 4518 2655 4574 enim
2697 4518 2747 4575 ei
2785 4517 3003 4589 dignum
3057 4520 3247 4573 obtulit
3291 4517 3524 4572 humana

230 4605 453 4669 feriens,
489 4612 545 4659 et
580 4604 647 4658 ad
675 4607 957 4662 sanitatem
987 4609 1170 4665 felices
1199 4612 1407 4665 animas
1448 4626 1541 4665 sua
1579 4613 1827 4669 vulnera-
1856 4610 1909 4671 D
1933 4609 2189 4677 conditio,
2208 4620 2266 4666 ut
2285 4618 2586 4666 mereretur
2615 4610 2855 4667 muneris
2871 4612 2988 4680 ejus
3008 4611 3249 4680 largitate
3270 4610 3521 4679 gaudere.

231 4694 381 4748 tiene
422 4696 741 4765 perducens,
776 4699 842 4754 de
889 4714 994 4768 quo
1023 4701 1099 4754 ait
1128 4703 1416 4768 Apostolus
1446 4720 1459 4755 :
1497 4703 1561 4757 Et
1600 4705 1832 4777 gladium

230 4787 471 4855 spiritus,
499 4788 638 4856 quod
669 4798 740 4841 est
787 4789 991 4844 verbum
1021 4789 1113 4845 Dei
1145 4790 1363 4861 (Ep/tes.
1391 4809 1477 4859 vt,
1516 4796 1627 4865 I7).
1662 4795 1830 4850 Addi-

231 4877 333 4944 dit,
368 4879 612 4945 quoniam
632 4880 744 4949 quis
773 4881 1007 4935 audivit?
1032 4884 1174 4938 Bene
1204 4885 1458 4952 praemisit
1485 4888 1537 4940 in
1570 4886 1716 4941 labiis
1741 4904 1821 4942 eo-

232 4984 493 5024 rum'esse
524 4970 774 5039 gladium,
808 4970 859 5026 id
886 4982 966 5027 est
998 4974 1051 5027 in
1081 4989 1175 5029 ore
1223 4977 1455 5045 ipsorum
1486 4980 1822 5047 praedicatio-

232 5074 328 5114 nes
352 5059 818 5128 frequentissimas
842 5102 857 5126 ,
889 5064 1137 5133 quoniam
1186 5080 1339 5121 rarus
1367 5068 1584 5138 gentilis
1615 5069 1824 5125 auditu-

233 5164 325 5203 rus
353 5158 461 5215 est,
490 5163 612 5205 cum
658 5151 710 5205 in
757 5154 1018 5209 scelerata
1065 5157 1379 5213 Antichristi
1421 5159 1679 5229 religione
1706 5174 1827 5231 per-

234 5241 553 5297 manserint.
586 5242 714 5309 Quis
762 5246 927 5312 enim,
983 5261 1106 5302 cum
1156 5250 1393 5317 pondere
1440 5251 1824 5320 proferendum

233 5345 336 5395 est,
361 5333 516 5403 quasi
548 5349 680 5402 pene
702 5336 898 5402 nullus,
929 5338 1082 5408 quasi
1112 5340 1334 5393 omnino
1378 5341 1706 5398 rarissimus.
1738 5344 1824 5400 Si-

233 5424 458 5492 gniﬁcat
504 5425 644 5480 enim
707 5429 821 5482 haec
866 5429 1069 5500 syllaba
1128 5430 1437 5499 frequenter
1486 5434 1712 5504 nullum,
1769 5445 1827 5491 ut

238 5514 387 5583 illud,
435 5514 564 5583 Quis
618 5519 797 5573 similis
837 5521 927 5574 tibi
967 5520 1151 5593 (Mich.
1203 5538 1306 5588 vn,
1364 5525 1491 5589 I8)?
1543 5527 1829 5598 aliquando

236 5621 428 5676 tmtnu,
456 5617 512 5662 ut
546 5608 673 5663 illud
706 5629 714 5662 ;
745 5613 870 5676 Quis
918 5612 1056 5666 dabit
1104 5630 1165 5668 ex
1210 5614 1338 5671 Sion
1382 5617 1612 5672 salutare
1659 5618 1828 5675 Israel

239 5694 414 5762 (I’sal.
450 5713 576 5765 xm,
609 5699 706 5769 7)?

316 5788 468 5845 Vcrs.
506 5790 560 5847 9.
606 5789 668 5847 Et
704 5801 778 5862 tu,
815 5791 1048 5859 Domine,
1083 5796 1331 5853 deridebis
1369 5815 1491 5862 eos;
1527 5815 1625 5863 pro
1666 5799 1827 5855 nihilo

1936 4700 1978 4756 0
2008 4716 2132 4757 vere
2178 4702 2348 4771 pietas
2384 4702 2645 4772 stupenda
2682 4694 2981 4758 Creatoris!
3019 4703 3091 4755 De
3119 4717 3177 4755 se
3225 4716 3321 4755 nos
3368 4701 3527 4757 docet

1930 4791 2073 4861 quod
2102 4791 2154 4845 in
2186 4793 2337 4848 nobis
2366 4793 2664 4864 intelligere
2688 4801 2743 4849 et
2780 4793 3055 4848 custodire
3079 4792 3393 4847 debeamus.
3421 4794 3527 4849 Sed

1931 4896 2012 4938 vae
2035 4882 2144 4938 illis
2170 4882 2263 4952 qui
2312 4884 2451 4940 hanc
2496 4885 2737 4957 regulam
2780 4885 3134 4949 declinantes,
3183 4884 3237 4939 in
3290 4885 3531 4941 hominis

1929 4985 2116 5045 putant
2135 4977 2357 5033 arbitrio
2382 4980 2706 5044 consistere,
2740 4988 2797 5033 ut
2821 4984 3092 5031 mereatur
3116 4976 3183 5030 ad
3213 4978 3385 5047 aliqua
3435 4980 3528 5032 Dei

1930 5082 2152 5124 munera
2197 5070 2516 5139 pervenire!
2548 5070 2672 5140 Ipse
2699 5069 2842 5124 enim
2887 5068 3071 5132 donat,
3123 5076 3182 5122 ut
3224 5068 3359 5123 bona
3394 5069 3528 5124 veli-

1932 5175 2078 5226 inus;
2113 5160 2228 5230 ipse
2259 5162 2487 5231 perﬁcit,
2516 5172 2573 5216 ut
2598 5161 2664 5215 ad
2693 5160 2812 5230 ejus
2838 5160 3058 5230 praemia
3088 5160 3375 5230 pervenire
3411 5175 3533 5230 pos—

1931 5253 2132 5319 simus;
2164 5254 2306 5322 quod
2334 5254 2624 5323 Apostolus
2649 5254 2976 5310 lucidissime
3006 5254 3305 5311 declaravit
3336 5271 3349 5307 :
3396 5254 3533 5320 Quid

1930 5354 2100 5401 autem
2143 5346 2300 5401 habes
2325 5346 2459 5417 quod
2501 5363 2601 5401 non
2626 5348 2904 5418 accepisti?
2944 5347 3006 5404 Si
3045 5356 3214 5402 autem
3260 5348 3529 5416 accepisti,

1931 5441 2054 5507 quid
2076 5439 2334 5509 gloriaris,
2367 5440 2516 5510 quasi
2538 5455 2641 5493 non
2660 5438 2982 5509 acceperis“
3007 5438 3127 5495 Cor.
3156 5456 3230 5506 tv,
3258 5439 3354 5509 7)?
3387 5438 3533 5492 Des-

1934 5539 2026 5584 nat
2063 5545 2193 5602 ergo
2240 5530 2525 5601 Pelagiana
2554 5530 2776 5587 heresis
2817 5531 3084 5587 redivivas
3121 5532 3386 5587 suscitare
3445 5542 3532 5580 ca-

1935 5622 2182 5677 lumnias.
2225 5621 2371 5676 Nihil
2401 5622 2525 5677 boni
2554 5636 2624 5679 ex
2672 5622 3072 5689 nobismetipsis
3104 5620 3303 5677 habere
3329 5634 3397 5688 po
3410 5633 3529 5672 ssu-

1935 5726 2070 5779 mus,
2106 5711 2205 5767 nisi
2259 5713 2360 5767 hoc
2405 5726 2432 5765 a
2488 5711 2716 5768 Domino
2767 5713 3178 5781 sumpserimus.
3239 5709 3518 5779 Sequitur.

1934 5803 2071 5860 Deus
2112 5820 2273 5865 meus.
2305 5805 2508 5861 ostende
2537 5805 2661 5860 mihi
2703 5805 2834 5860 inter
2860 5804 3091 5857 inimicos
3124 5818 3278 5856 meos.
3321 5801 3524 5856 Secun-
