4036 6342
484 385 590 448 4ιὸ

1695 377 1764 430 tu.
1811 371 2090 430 auattu
2135 341 2528 428 casstonom

3651 361 3762 426 HS

487 499 614 556 dum
661 499 794 552 dicit
827 509 1018 550 munus
1049 493 1312 556 beneﬁcii,
1361 499 1418 546 ut
1459 491 1618 544 etiam
1667 499 1800 542 lttlct’
1847 487 2079 540 inimicos
2115 489 2156 546 Λ
2187 499 2264 536 me
2291 483 2459 552 (l'sat.
2491 499 2562 550 γι,
2591 483 2646 552 ‘2,
2671 491 2718 537 et
2739 481 3026 554 sxxvuﬂ).
3053 483 3282 539 Ahusive
3311 483 3504 554 quippe
3527 493 3758 541 tractum

489 593 656 660 ipsius
701 591 868 644 virtus
913 587 1198 656 maiestatis
1229 583 1346 654 eius
1377 583 1546 652 possit
1587 583 1822 646 ostendi;
1867 581 2070 634 scilicet

489 690 548 734 ut
573 681 640 733 de
667 679 986 748 blasphemis
1009 677 1136 729 ﬁatut
1167 675 1421 744 religiosi,
1455 683 1510 728 ct
1543 673 1608 727 de
1641 673 1818 742 iniqua
1847 685 2072 724 conver-

493 772 700 824 satione
723 767 1020 840 iustissimi.

567 860 716 914 Vers.
755 859 834 912 l2.
883 857 966 910 Ne
1017 855 1260 910 occideris
1283 871 1388 922 eos,
1443 853 1710 922 nequando
1769 851 2070 905 obliviscor:-

489 957 572 1004 tnr
611 951 732 1019 legis
763 959 898 1002 nne:
945 947 1178 1018 disperge
1201 945 1322 1000 illos
1363 949 1415 1000 in
1443 947 1624 998 virtute
1661 955 1771 1009 tua,
1794 955 1842 998 et
1869 945 2072 998 destrue

491 1057 594 1108 eos,
637 1051 890 1110 protector
913 1055 1054 1094 mens
1103 1039 1340 1094 Domine.
1373 1037 1488 1092 lloc
1531 1047 1612 1092 est
1641 1037 1780 1106 quod
1825 1035 2072 1108 superius

489 1133 644 1196 dixit,
673 1133 878 1186 ostende
903 1131 1028 1186 mihi
1067 1133 1198 1184 inter
1241 1131 1476 1184 inimicos
1505 1145 1678 1192 meos;
1709 1127 1960 1196 quoniam
2003 1125 2072 1180 ab

489 1223 602 1278 istis
635 1223 884 1288 inimicis,
915 1223 1002 1292 qui
1049 1223 1160 1276 Deo
1189 1221 1452 1292 largiente
1491 1217 1742 1274 credituri
1775 1230 1922 1282 sunt,
1953 1217 2074 1272 ideo

489 1311 568 1366 ira
589 1311 950 1382 suspenditur,
979 1327 1046 1366 ne
1077 1311 1288 1364 Domini
1313 1311 1480 1379 legem
1507 1323 1672 1378 usque
1701 1307 1754 1362 in
1783 1307 1942 1362 tinem
1969 1321 2073 1362 sat-

491 1410 594 1464 culi
638 1411 884 1482 ignorare
933 1407 1230 1472 videantur,
1283 1413 1338 1460 et
1382 1404 1636 1474 incipiant
1665 1403 1740 1458 sic
1769 1401 1968 1471 perire,
2013 1409 2076 1456 ut

491 1501 668 1556 nullus
693 1515 762 1556 ex
789 1501 872 1558 eis
921 1500 1086 1570 possit
1133 1499 1302 1552 bonos
1345 1497 1547 1551 fructus
1591 1509 1882 1564 emergere.
1925 1492 2072 1546 Obti-

491 1591 700 1644 uiscitur
723 1591 863 1644 enim
901 1591 1060 1660 legem
1095 1589 1186 1659 qui
1233 1588 1350 1656 ejus
1381 1595 1642 1656 praecepta
1687 1601 1790 1640 non
1821 1585 2072 1654 complet,

492 1685 732 1754 quamvis
773 1685 950 1738 animo
977 1685 1136 1740 verba
1169 1683 1336 1750 ipsius
1363 1691 1544 1736 tenere
1573 1679 1838 1734 videatur.
1881 1679 2076 1732 Preca-

495 1785 580 1830 tur
609 1779 734 1846 ergo
761 1789 828 1830 ne
857 1789 986 1844 gens
1013 1775 1316 1830 Iudaeorum
1343 1771 1579 1828 funditus
1613 1779 1814 1840 pereat,
1843 1769 1936 1824 sed
1965 1785 2076 1824 ma-

2173 583 2257 632 est
2285 577 2352 630 ab
2399 577 2724 640 honuinilms,
2759 577 2878 644 quia
2907 573 3118 644 quando
3149 575 3374 644 aliquam
3397 575 3610 646 culpam
3639 577 3758 629 vin-

2173 669 2434 736 dicamus,
2469 683 2748 738 perperam
2785 667 2936 722 factis
2987 667 3290 722 irascimur.
3319 669 3582 723 Ctuterum
3613 667 3758 726 Deus

2173 761 2352 814 omnia
2405 763 2506 814 sub
2551 759 2934 828 tranquillitate
2969 757 3242 826 diiudicat,
3275 759 3395 828 quia
3427 759 3600 814 nescit
3631 757 3780 828 per?

2175 849 2496 904 turbationis
2529 851 2796 906 suatinere
2822 849 3066 905 confusa.
3099 849 3600 904 Consummotiouem
3629 865 3764 906 vero

2173 947 2322 1002 illam
2351 947 2500 1012 dicit,
2527 961 2683 1016 quam
2717 943 3082 1012 unusquisque
3120 941 3338 1012 patitur,
3373 941 3592 1010 quando
3641 957 3760 995 me-

2175 1053 2296 1094 mor
2345 1045 2684 1110 peccatorum
2735 1049 2954 1090 suorum
3017 1033 3226 1088 interna
3291 1047 3349 1086 se
3405 1033 3764 1100 castigatione

2175 1129 2484 1184 discruciat.
2509 1127 2556 1182 Ν
2563 1143 2626 1182 on
2653 1133 2802 1181 erunt
2831 1125 3012 1194 utique
3034 1123 3268 1192 superbi,
3293 1119 3417 1176 dum
3438 1135 3532 1174 eos
3547 1129 3765 1176 constet

2177 1221 2242 1274 ad
2291 1219 2602 1274 humilitatis
2633 1215 2998 1288 paenitentiam
3031 1227 3150 1268 esse
3177 1221 3450 1268 venturos.
3479 1209 3762 1281 Sequitur,

2177 1311 2406 1364 etscient
2425 1309 2546 1380 quia
2579 1305 2714 1362 Deus
2731 1305 3076 1360 dominabitur
3103 1303 3282 1362 Jacob.
3307 1311 3356 1356 et
3379 1303 3558 1369 ﬁnium
3587 1311 3764 1358 terra.

2183 1401 2314 1456 Cum
2343 1399 2512 1456 Judaei
2543 1399 2740 1454 fuerint
2785 1397 3013 1467 perlecta
3041 1395 3296 1464 religione
3320 1395 3584 1449 veraciter
3609 1393 3769 1448 insti-

2177 1495 2296 1558 tuti,
2333 1501 2458 1546 tunc
2507 1501 2800 1562 agnoscent
2829 1489 3098 1542 Christum
3137 1487 3416 1542 Dominum
3447 1501 3572 1542 esse
3597 1483 3768 1542 Jocob

2181 1583 2496 1652 patriarcha:
2547 1581 2652 1644 sui,
2701 1579 2842 1650 quod
2885 1579 3130 1648 primitus
3189 1593 3292 1632 non
3333 1577 3646 1632 credebant.
3699 1577 3768 1634 Et

2179 1677 2356 1746 ﬁnium
2403 1685 2569 1740 tcrrce,
2620 1673 2670 1728 id
2721 1681 2803 1727 est
2847 1671 3126 1728 catholica:
3171 1669 3444 1736 Ecclesiae,
3499 1685 3618 1740 quze
3649 1679 3770 1724 toto

2181 1765 2310 1820 orbe
2337 1767 2524 1820 dill'usa
2555 1773 2658 1830 est,
2697 1763 2836 1832 quod
2869 1761 3028 1816 modo
3079 1761 3269 1816 durato
3313 1759 3478 1816 corde
3517 1775 3628 1816 nos.
3673 1775 3768 1816 sa-

493 1869 574 1934 gis
603 1883 810 1924 errasse
835 1883 894 1924 se
923 1869 1158 1938 gloriosa
1181 1866 1544 1922 satisfactione
1575 1877 1882 1936 cognoscat.
1915 1863 2078 1919 Addi-
2115 1863 2163 1922 B
2191 1857 2360 1928 piunt-

495 1957 593 2024 dit,
637 1959 870 2030 disperge
907 1959 1026 2014 illos
1053 1961 1104 2013 in
1145 1959 1330 2012 virtute
1379 1967 1490 2014 tua.
1539 1959 1612 2012 De
1637 1957 1840 2012 Judatis
1871 1955 1972 2012 hoc
2001 1955 2082 2012 di-

495 2061 638 2106 ctum
681 2061 902 2106 testatur
949 2067 1134 2106 eorum
1185 2051 1322 2106 facta
1367 2051 1662 2119 dispersio,
1715 2057 1768 2104 ut
1813 2055 1946 2118 pene
1989 2063 2084 2118 per

497 2151 662 2196 totum
693 2145 946 2198 mundum
994 2144 1154 2200 divisi
1185 2143 1520 2214 dispersique
1555 2143 1912 2198 declarentur.
1949 2143 2078 2196 Nan

499 2234 856 2304 quamvisjuri
881 2235 1014 2308 [ed.,
1038 2233 1188 2304 iugo}
1213 2235 1454 2288 [tantane
1491 2235 1600 2289 sint
1629 2233 1844 2298 subditi,
1879 2247 1974 2286 suo
2005 2241 2084 2288 la-

498 2338 620 2376 mcn
673 2339 820 2378 more
849 2325 1028 2378 vivunt
1071 2327 1266 2395 ubique
1295 2325 1544 2394 dispersi.
1577 2325 1690 2380 lloc
1727 2333 1848 2379 est:
1895 2324 1978 2378 Ne
1999 2341 2082 2376 or-

499 2415 682 2468 cidcris
703 2429 784 2468 eos
805 2431 822 2480 ;
847 2429 970 2468 nam
989 2418 1030 2470 si
1055 2415 1304 2480 fuissent,
1333 2427 1388 2468 ut
1421 2415 1784 2478 merebantur,
1813 2415 2080 2478 exstincti,

501 2517 626 2572 spes
679 2505 1049 2560 conversionis
1091 2521 1276 2560 eorum
1321 2507 1554 2562 funditus
1595 2505 1904 2560 interiisset.
1965 2505 2084 2560 Dis-

501 2595 636 2666 parsi
665 2611 792 2666 ergo
821 2607 940 2651 sunt
964 2597 1156 2662 Judaei,
1185 2597 1300 2652 sive
1331 2608 1386 2652 ut
1407 2597 1472 2651 ad
1501 2597 1870 2652 conversionis
1893 2611 2084 2666 prove.

499 2695 752 2742 carcntur
777 2687 986 2754 studia;
1021 2703 1114 2744 seu
1145 2688 1308 2756 (sicut
1335 2687 1550 2758 quidam
1599 2687 1804 2756 volunt)
1851 2697 1908 2740 ut
1945 2687 2086 2742 inter

501 2780 872 2835 contentiones
917 2781 1312 2848 luereticorum,
1363 2781 1428 2836 ab
1473 2781 1698 2834 inimicis
1741 2779 1850 2834 suis
1893 2781 2084 2834 veteris

499 2867 632 2940 legis
657 2879 896 2938 paratum
931 2871 1294 2926 testimonium
1329 2871 1550 2926 haberet
1579 2869 1844 2936 Ecclesia;
1873 2871 2000 2925 dum
2023 2871 2082 2924 il-

500 2959 588 3014 lud
635 2961 998 3018 indubitanter
1047 2963 1305 3032 creditur,
1351 2963 1494 3034 quod
1546 2963 1852 3018 adversario
1891 2961 2084 3018 Suffra-

484 3061 664 3121 .gante
719 3053 980 3108 ﬁrmatur.
1033 3055 1302 3124 Sequitur.
1355 3065 1402 3108 et
1441 3053 1646 3108 ἄρδει-ιω
1683 3069 1792 3118 eos,
1833 3061 2086 3120 protector

503 3155 642 3193 meus
663 3139 896 3196 Domine.
927 3142 1116 3198 Adhuc
1157 3145 1210 3198 in
1241 3143 1424 3198 iisdem
1455 3143 1934 3214 supplicationibus
1965 3159 2084 3213 per-

2255 1959 2407 2012 Vers.
2445 1959 2528 2012 15.
2563 1955 2928 2012 Conuertentur
2956 1955 3026 2008 ad
3051 1970 3328 2024 vesperam,
3359 1947 3408 2008 et
3455 1958 3646 2022 [autem
3675 1971 3770 2024 pa-

2183 2051 2370 2104 tientur
2391 2059 2444 2102 ut
2473 2065 2640 2112 canes,
2671 2055 2720 2100 et
2769 2045 3050 2099 cii-auibunt
3079 2045 3350 2098 civitatem.
3385 2043 3512 2098 Post
3543 2043 3770 2098 secundi

2183 2141 2546 2210 diapiasmatis
2591 2139 3036 2208 interiectionem,
3093 2137 3160 2192 ad
3205 2135 3506 2204 ingressum
3543 2139 3764 2190 tertium

2183 2237 2330 2292 venit
2359 2253 2372 2290 :
2400 2235 2486 2288 ιιΙιί
2511 2237 2698 2296 iterum
2727 2232 3008 2286 conversio
3027 2229 3333 2286 Judazorum
3359 2239 3412 2284 et
3439 2231 3770 2283 resurrectio

2185 2327 2718 2382 Domini‘Salvatoris
2749 2323 3072 2378 ostenditur.
3133 2321 3200 2376 Et
3247 2322 3496 2390 quoniam
3529 2335 3770 2390 pratsens

2187 2437 2396 2484 versus,
2442 2421 2528 2490 qui
2558 2421 2612 2476 in
2641 2419 2875 2474 set-unda
2903 2425 3051 2486 parte
3095 2415 3206 2486 iam
3233 2415 3436 2483 positus
3461 2425 3546 2468 est
3577 2411 3766 2468 iisdem

2185 2511 2382 2578 verbis,
2403 2513 2494 2566 sed
2519 2527 2624 2564 nan
2645 2513 2760 2580 ipso
2784 2509 3052 2564 intellectu
3077 2505 3352 2574 repetitur,
3381 2503 3522 2576 quod
3547 2504 3598 2558 in
3621 2503 3768 2558 Scri-

2185 2604 2354 2674 pturis
2402 2601 2600 2656 divinis
2629 2601 2804 2654 inesse
2833 2613 3000 2668 ,sazpe
3043 2599 3152 2666 iam
3195 2597 3456 2652 diximus.
3493 2595 3592 2652 llic
3623 2595 3767 2652 enim.

2187 2697 2390 2766 primus
2422 2699 2650 2762 pertinet
2682 2693 2744 2746 ad
2769 2693 2926 2748 ﬁnem
2959 2691 3158 2756 surculi,
3189 2691 3291 2746 iste
3312 2689 3376 2744 ad
3403 2689 3615 2744 Domini
3651 2705 3768 2760 pas-

2185 2787 2424 2850 sionem;
2451 2787 2526 2840 sic
2551 2787 2692 2840 enim
2727 2793 3070 2852 utrorumque
3097 2781 3374 2848 sequentia
3399 2779 3766 2846 manifeStant,

2185 2887 2241 2934 et
2269 2879 2388 2932 ideo
2413 2875 2702 2930 secundum
2725 2887 2914 2928 causas
2945 2873 3226 2944 prazdictas
3263 2887 3447 2926 eorum
3475 2881 3562 2927 est
3593 2871 3768 2926 inten-

2189 2965 2260 3018 tio
2279 2965 2650 3034 perquirenda.
2675 2963 2728 3018 In
2760 2963 3022 3032 superiori
3055 2963 3197 3018 enim
3219 2963 3482 3018 divisione
3505 2979 3768 3032 uesper-nn

2188 3055 2426 3110 diximus
2469 3055 2628 3110 ﬁnem
2677 3055 2860 3110 saeculi
2913 3053 3248 3124 signiﬁcare;
3291 3051 3386 3107 sed
3435 3051 3520 3106 iric
3559 3051 3772 3116 initium

2189 3147 2362 3216 ipsum
2413 3153 2579 3201 sexu:
2633 3147 2806 3200 tutetis
2851 3145 3171 3212 ostenditur,
3205 3143 3346 3214 quod
3399 3153 3486 3198 est
3533 3159 3766 3210 vespera,

503 3239 734 3298 severat,
769 3242 826 3286 ut
855 3233 1100 3287 destructi
1149 3233 1318 3288 Judaei
1349 3234 1402 3288 in
1451 3235 1638 3290 melius
1685 3243 2082 3302 construantur,
2111 3225 2156 3288 C
2191 3236 2404 3307 quando
2433 3235 2688 3290 Dominus
2713 3235 2962 3294 Salvator
2991 3233 3190 3290 mundo
3233 3231 3489 3288 salutaris
3518 3231 3766 3286 advenit.

503 3319 678 3390 sitque
707 3323 958 3376 salutaris
983 3323 1211 3378 elevatio
1241 3335 1360 3394 post
1384 3325 1610 3379 ruinam.
1643 3323 1756 3380 Non
1777 3329 1920 3382 enim
1951 3325 2086 3380 Pau-

509 3413 594 3468 lus
621 3414 892 3482 apostolus
925 3427 1232 3470 surrexerat
1275 3417 1340 3470 ad
1381 3417 1624 3482 salutem,
1661 3417 1760 3474 nisi
1801 3419 1868 3473 ad
1899 3433 2082 3473 vocem

505 3505 714 3560 Domini
741 3505 934 3562 cadere
955 3507 1256 3562 meruisset.

583 3599 735 3669 197
765 3599 918 3654 Vers.
937 3601 1018 3654 15.
1055 3599 1252 3652 Delicta
1281 3601 1384 3654 oris
1411 3615 1606 3670 eorum,
1631 3615 1798 3654 sermo
1823 3601 2073 3656 labiorum

506 3692 754 3762 ipsorum,
791 3701 838 3746 et
879 3691 1372 3760 comprehendantur
1409 3691 1464 3745 in
1513 3691 1752 3760 superbia
1797 3709 1922 3756 sua,
1953 3703 2000 3746 et
2027 3695 2090 3746 de

507 3785 850 3840 exsecratione
891 3793 938 3838 et
985 3781 1252 3836 mendacio
1275 3781 1570 3838 avellantur.
1621 3781 1820 3838 Delicta
1865 3789 1970 3838 oris
1999 3799 2084 3836 eo-

507 3889 646 3938 rum,
681 3873 730 3928 id
757 3883 842 3928 est
893 3873 1274 3942 cogitationum
1323 3871 1544 3930 insania:
1597 3875 1828 3938 fuerunt,
1875 3875 2090 3944 quando

512 3965 796 4018 consilium
825 3963 1066 4018 fecerunt
1093 3973 1152 4016 ut
1179 3963 1298 4018 neci
1345 3965 1616 4020 traderent
1657 3965 1942 4020 Dominum
1975 3965 2092 4020 Sal-

513 4065 774 4108 vatorcm.
807 4053 988 4108 Sermo
1010 4067 1218 4122 quoque
1244 4053 1492 4108 labiornm
1511 4055 1738 4123 ipsorum
1763 4055 2092 4112 detestabilis

514 4141 634 4208 fuit,
661 4145 870 4212 quando
893 4145 1142 4200 dixerunt
1169 4161 1186 4201 :
1219 4145 1356 4200 Reus
1397 4153 1470 4200 est
1501 4147 1674 4202 mortis
1699 4145 1914 4216 (Matth.
1945 4163 2090 4214 xxvi,

517 4235 630 4304 66).
661 4233 726 4288 In
756 4237 992 4304 superbia
1009 4237 1352 4308 comprehensi
1375 4239 1740 4308 sunt,quando
1765 4237 1920 4292 iidem
1943 4239 2094 4294 dixe-

515 4335 640 4380 runt
666 4343 680 4378 :
713 4325 838 4388 Quis
867 4327 956 4378 tibi
998 4326 1136 4378 dedit
1177 4325 1308 4380 hanc
1337 4329 1670 4396 potestatem?
1701 4327 1768 4380 Et
1797 4329 1848 4382 in
1875 4345 1976 4396 qua
1999 4345 2092 4396 po-

519 4425 696 4470 testate
717 4417 822 4470 Ita'c
849 4419 976 4486 facis
999 4415 1052 4486 (Ι
1059 4417 1142 4470 bid
1151 4455 1188 4482 ς,
1219 4433 1334 4486 nt,
1351 4417 1479 4488 25)?
1503 4419 1700 4488 Captos
1721 4423 1864 4476 enim
1885 4429 2098 4476 constat.

517 4507 572 4560 in
603 4507 838 4578 superbia
866 4523 979 4573 sua,
1005 4507 1214 4575 quando
1236 4509 1480 4563 viderunt
1501 4519 1682 4578 postea
1703 4521 2091 4582 resurgentem,

2189 3329 2280 3386 Sic
2315 3327 2456 3384 enim
2485 3326 2554 3382 de
2601 3327 2718 3396 ipso
2747 3325 2878 3382 dicit
2907 3325 3121 3396 Moyses
3153 3343 3166 3378 :
3197 3323 3450 3378 ()ccidetis
3481 3339 3680 3396 agnum
3707 3321 3774 3375 ad

2189 3435 2446 3490 vesperam
2491 3415 2688 3492 (Exod.
2721 3433 2818 3484 xu,
2867 3417 2956 3486 6);
3005 3423 3123 3486 post
3155 3413 3306 3484 cuius
3357 3414 3768 3468 resurrectionis

2193 3513 2512 3568 miraculum
2533 3509 2814 3564 multitudo
2837 3505 3400 3564 crediditJudaeorum.
3425 3505 3700 3574 Sequitur,
3727 3511 3774 3558 et

2191 3609 2380 3674 famem
2404 3603 2660 3674 patientur
2685 3611 2740 3656 ut
2763 3617 2928 3656 canes.
2957 3599 3558 3666 Canis,voracissimum
3577 3597 3774 3652 attinuit

2193 3705 2354 3766 atque
2379 3695 2762 3764 importunum,
2791 3693 3072 3749 consuevit
3097 3691 3218 3746 illas
3247 3689 3438 3746 dumos
3487 3691 3768 3745 latratibus

2193 3785 2480 3842 delendere
2507 3783 2560 3840 in
2587 3783 2780 3854 quibus
2827 3783 3143 3838 edacitatem
3197 3795 3348 3836 suam
3379 3783 3528 3835 novit
3552 3777 3772 3848 accepto

2195 3893 2330 3948 pane
2349 3877 2554 3932 satiari.
2575 3875 2670 3930 His
2685 3875 2878 3930 merito
2893 3883 3272 3944 comparantur
3297 3871 3490 3936 ludrei,
3509 3873 3600 3941 qui
3623 3869 3772 3926 Chri-

2195 3969 2384 4024 stianae
2411 3967 2536 4024 lidci
2565 3981 2788 4022 munere
2815 3965 3062 4034 saginati,
3101 3965 3392 4020 Ecclesium
3419 3963 3510 4017 Dei
3539 3963 3772 4018 clamosa

2195 4059 2578 4130 praedicatione
2603 4055 2893 4112 defendere
2917 4055 3268 4120 festinabant;
3297 4055 3435 4108 sicut
3459 4053 3626 4106 l‘aulo
3643 4067 3768 4121 apo-

2197 4149 2336 4204 stole
2361 4147 2606 4216 ccutigit,
2635 4157 2692 4202 ut
2721 4147 2810 4217 qui
2853 4159 2978 4202 ante
3015 4148 3110 4202 luit
3139 4157 3452 4217 persecutor
3473 4145 3770 4200 Christiani

2198 4239 2450 4304 nominis,
2485 4247 2668 4306 postea
2695 4235 2876 4292 divino
2903 4251 3124 4292 munere
3147 4237 3466 4306 iungeretur
3493 4237 3772 4306 apostolis.

2199 4331 2434 4398 Addidit,
2465 4341 2512 4386 et
2565 4333 2849 4386 circuibunt
2897 4333 3168 4387 civitatem.
3197 4333 3476 4388 Civitatem
3507 4335 3772 4402 significat

2197 4423 2516 4490 Jerusalem,
2539 4439 2660 4493 quae
2713 4425 3086 4480 universaliter
3123 4439 3218 4493 per
3249 4425 3506 4478 mundum
3539 4425 3772 4478 nnscimr

2199 4529 2320 4572 esse
2343 4513 2553 4570 diﬂ'usa.
2587 4513 2734 4570 Hanc
2781 4529 2910 4584 ergo
2935 4517 3174 4569 circuisse
3219 4515 3470 4578 Paulum,
3511 4514 3770 4568 salutare.-

521 4611 676 4668 quem
705 4599 848 4668 prius
879 4599 1166 4652 facientem
1195 4599 1450 4654 miracula
1465 4611 1804 4670 respueruut.
1819 4603 2090 4674 Sequitur,
2121 4601 2174 4662 D
2199 4607 2385 4679 generi
2405 4611 2640 4662 humano
2657 4615 2917 4662 testantur
2941 4607 3214 4678 Epistolte,
3243 4621 3364 4676 qua:
3383 4621 3476 4673 per
3495 4607 3772 4660 universas

517 4699 564 4744 et
589 4691 652 4744 de
677 4693 1018 4746 exsecratione
1031 4700 1076 4744 et
1095 4691 1356 4746 mendacio
1377 4691 1650 4747 euellentur
1661 4711 1678 4758 ;
1699 4693 1904 4750 scilicet
1929 4713 2094 4766 (illiill-

519 4781 590 4836 do
613 4783 680 4838 ab
701 4784 778 4838 eis
803 4793 918 4852 post
940 4783 1342 4838 conversionem
1375 4783 1610 4840 dedecus
1635 4797 1930 4854 amovetnr,
1953 4789 2090 4856 quod

519 4873 572 4928 in
603 4875 810 4928 cunctis
831 4871 1076 4942 gentibus
1103 4887 1244 4930 nunc
1273 4873 1472 4930 habere
1499 4886 1810 4930 noscuntur.
1845 4877 1920 4931 De
1953 4895 2092 4932 men-

517 4964 665 5018 dacio
717 4965 874 5020 iidem
923 4968 1216 5030 credentur,
1277 4969 1488 5038 quando
1531 4970 1834 5040 Scriptores
1881 4977 2086 5030 divinas

517 5055 696 5110 veraci
721 5057 1104 5114 illutninationc
1124 5061 1490 5130 cognoverint,
1517 5077 1648 5131 quas
1669 5079 1807 5118 nunc
1835 5067 1934 5120 sub
1961 5083 2002 5118 .u
2027 5083 2084 5120 sa

515 5145 953 5216 interpretatione
983 5149 1295 5218 suscipiunt.

589 5237 740 5292 Vers.
778 5237 864 5292 H.
899 5233 966 5292 1η
1003 5239 1082 5292 ira
1111 5241 1562 5296 consummationis
1601 5253 1646 5296 et
1689 5259 1792 5297 non
1835 5257 2014 5312 erunt;
2045 5257 2090 5300 et

517 5329 674 5382 scient
700 5329 822 5398 quia
871 5331 1010 5384 Deus
1051 5331 1391 5386 dominabitur
1419 5333 1603 5398 Iacob,
1637 5345 1682 5388 et
1709 5335 1892 5402 finium
1921 5347 2086 5391 terrae.

519 5417 614 5472 Ira
639 5417 848 5474 Domini
879 5419 1089 5476 duobus
1133 5421 1326 5476 dicitur
1355 5423 1525 5478 modis
1549 5439 1564 5478 :
1597 5425 1712 5480 sive
1739 5426 1952 5494 quando
1979 5427 2092 5478 viu-

519 5511 740 5566 dicatad
763 5513 1010 5576 salutem,
1041 5523 1098 5568 ut
1117 5524 1198 5568 est
1229 5515 1356 5570 illud
1391 5533 1404 5570 :
1441 5515 1700 5588 Flogellat
1721 5517 1862 5572 enim
1893 5533 2092 5572 omnem

519 5607 687 5676 ﬁlium
709 5625 860 5678 quem
885 5611 1064 5678 recipit
1091 5609 1278 5680 (Hebr.
1317 5629 1410 5678 xu,
1443 5613 1532 5682 0);
1561 5613 1674 5668 sive
1699 5617 1910 5684 quando
1935 5615 2094 5670 mittit

521 5701 576 5756 in
601 5701 772 5772 ignem
798 5711 1080 5764 reteruum,
1097 5703 1164 5758 de
1189 5719 1292 5772 quo
1309 5703 1444 5758 alius
1469 5705 1704 5772 psalmus
1729 5707 1804 5760 ait
1823 5725 1834 5760 :
1855 5705 2086 5772 Domine,

525 5809 586 5862 ῃ
615 5799 668 5852 in
697 5799 768 5850 ἐτη
797 5803 882 5852 tua
911 5809 1098 5864 omnes
1127 5809 1224 5858 me,
1255 5811 1410 5862 neque
1435 5797 1484 5848 in
1517 5799 1692 5864 furore
1731 5805 1818 5852 tuo
1847 5799 2092 5866 corripio:

2197 4711 2384 4772 gentes
2415 4701 2564 4756 velut
2585 4713 2736 4754 sacra
2781 4699 2958 4756 divina
3005 4709 3314 4756 tenuerunt.
3345 4699 3392 4754 0
3421 4715 3594 4754 canem
3621 4701 3772 4753 istum

2197 4791 2444 4846 beatum!
2499 4791 2585 4860 qui
2633 4789 2862 4858 populos
2911 4793 3244 4862 persequitur
3295 4791 3542 4846 inﬁdeles
3571 4835 3584 4859 ,
3635 4791 3774 4846 fures

2196 4883 2382 4953 abigit,
2425 4891 2479 4936 et
2519 4881 2678 4934 ovilia
2726 4891 2908 4936 sam-ta
2955 4883 3218 4950 custodit;
3251 4887 3402 4954 cujus
3433 4883 3660 4938 latratus
3689 4899 3772 4952 per

2195 4983 2362 5026 totum
2389 4971 2644 5026 mundum
2669 4971 2818 5040 quasi
2849 4973 3170 5042 grandisona
3199 4973 3322 5027 tuba
3348 4975 3692 5042 contempnit.

2269 5073 2420 5130 Vers.
2473 5073 2560 5130 16.
2595 5073 2706 5146 Ipsi
2735 5075 3094 5147 dispergant-ur
3125 5079 3192 5132 ad
3237 5077 3688 5144 manducandum;
3738 5079 3784 5138 si

2193 5181 2310 5220 vero
2339 5181 2440 5220 non
2469 5167 2656 5236 fuerint
2685 5169 2924 5234 saturati,
2955 5178 3004 5222 et
3055 5171 3464 5222 murmurobunt.
3513 5168 3604 5224 lati
3657 5185 3776 5236 ergo

2195 5256 2284 5324 qui
2307 5269 2486 5310 veram
2517 5267 2834 5312 meruerunt
2885 5257 3082 5312 habere
3113 5257 3434 5322 doctrinam,
3465 5259 3536 5312 ad
3567 5261 3776 5313 mandu-

2195 5347 2416 5400 candum
2449 5347 2837 5418 disperguntur,
2867 5349 3046 5405 cibum
3101 5349 3306 5406 scilicet
3329 5351 3706 5420 spiritualcm;
3729 5361 3776 5406 ut

2199 5445 2580 5492 convertantur
2609 5447 2796 5507 gentes
2843 5439 2914 5494 ad
2937 5441 3096 5496 tidem
3117 5441 3436 5498 catholicam
3463 5443 3772 5498 venientes:

2200 5525 2344 5580 sicut
2373 5525 2534 5582 Petro
2555 5529 2799 5596 apostolo
2821 5545 2874 5584 tn
2899 5531 3103 5586 visione
3119 5531 3314 5586 dictum
3347 5543 3430 5586 est
3469 5549 3481 5584 :
3515 5533 3708 5592 Macta.
3733 5541 3774 5586 et

2201 5618 2452 5672 manduca
2487 5619 2622 5691 (Act.
2665 5637 2718 5684 κ,
2753 5621 2866 5692 t5).
2911 5621 3187 5694 Sequitur,
3239 5625 3282 5678 si
3329 5641 3444 5678 vero
3470 5641 3572 5680 non
3595 5629 3772 5694 fuerint

2202 5709 2434 5770 saturati,
2465 5719 2508 5760 et
2537 5712 2946 5766 murmurabunt.
2973 5712 3286 5768 Soturantur
3313 5715 3584 5780 doctores,
3609 5733 3766 5785 quan-

2203 5799 2270 5850 do
2293 5799 2696 5868 prutdicatiouus
2719 5815 2844 5858 suas
2885 5801 3114 5860 viderint
3143 5805 3366 5876 populos
3405 5805 3772 5870 desideranter.
