4020 6348
194 289 295 344 417

1131 281 1490 337 EXPOSIHU
1531 280 1594 335 IN
1635 281 2090 337 PSALTﬁliiUll.
2138 282 2323 339 PSAL.
2370 276 2497 338 LIX.
3381 289 3483 355 ιιι

192 416 502 460 assumere.
560 403 756 456 (.ontra
813 399 980 469 jejuni
1030 409 1370 466 mttrttturuttt,
1405 399 1448 453 si
1502 399 1663 454 verba
1687 415 1780 453 sua
1814 406 1861 463 Λ
1887 402 2249 455 confitentium
2298 403 2724 469 desperandum!
2757 401 2799 454 0
2829 418 2920 470 μιν
2950 401 3251 470 benignitas
3285 411 3337 455 et
3382 418 3468 467 pi.

194 499 531 554 fructificare
559 510 664 549 non
695 493 1043 562 cognoverint
1061 493 1113 547 in
1140 493 1404 548 mentibus
1427 490 1779 562 perfidorum.

195 591 311 646 llos
334 604 460 658 ergo
484 587 629 642 verbi
654 585 862 641 Domini
880 584 1258 639 distributores
1276 599 1595 638 murmurare
1622 598 1784 653 posse

192 682 353 748 dicit,
388 680 431 733 si
465 693 567 733 non
602 676 800 732 fuerint
830 677 1147 746 populorum
1176 676 1487 731 credulitate
1531 679 1787 741 saturati;

190 773 340 825 sicut
382 770 498 840 ipse
526 766 655 825 dicit
683 776 737 823 et
779 766 835 821 in
868 767 1143 837 trigesimo
1191 774 1383 835 quarto
1413 767 1657 836 psalmo:
1688 767 1790 822 Re.

192 863 492 916 tribuebant
514 861 638 914 mihi
660 860 796 913 mala
815 874 910 930 pro
935 858 1097 924 bonis,
1124 858 1437 913 sterilitatem
1458 860 1643 914 anima:
1668 876 1791 914 metu

194 953 378 1024 (l’sal.
412 967 597 1020 xxxiv,
618 950 731 1021 12).

278 1042 434 1097 Vers.
484 1042 569 1095 17.
629 1038 741 1111 Ego
773 1046 941 1093 autem
987 1040 1203 1094 cantabo
1255 1040 1490 1093 virtutem
1533 1046 1691 1108 tuam,
1746 1051 1792 1095 et

197 1132 474 1188 exsultnbo
526 1146 671 1184 mane
717 1130 1117 1185 misericordiam
1146 1141 1284 1183 luant
1330 1146 1347 1186 :
1397 1132 1514 1200 quin
1544 1132 1711 1200 factus
1741 1149 1792 1185 cs

199 1235 470 1294 susceptor
500 1238 659 1285 meus,
688 1230 733 1277 et
760 1223 1018 1293 refugium
1048 1239 1210 1276 meum
1240 1225 1290 1276 in
1320 1224 1401 1275 die
1447 1224 1793 1277 tribulationis

201 1333 355 1374 metr.
387 1318 674 1386 Postquam
717 1315 783 1369 de
837 1312 1138 1369 Juda-oruin
1189 1314 1541 1369 conversione
1588 1316 1795 1392 locutus

202 1418 315 1475 est,
346 1409 410 1464 ad
449 1407 660 1463 Patrem
707 1406 882 1460 subito
933 1405 1088 1458 verba
1128 1405 1412 1459 convertit.
1464 1403 1593 1469 Qua:
1625 1405 1793 1474 figura

202 1501 406 1556 dicitur
458 1497 832 1568 prophonesis,
875 1496 1059 1549 Latine
1107 1496 1444 1550 exclamatio.
1495 1495 1609 1564 Ipse
1653 1495 1794 1549 enim

203 1593 438 1647 tantabit
464 1592 516 1647 in
537 1590 734 1647 sanctis
762 1590 895 1657 suis,
916 1590 1042 1643 dum
1071 1590 1188 1659 ejus
1212 1590 1447 1645 membra
1468 1588 1793 1659 gaudebunt.

211 1686 285 1740 Et
303 1684 461 1754 quale
504 1692 584 1738 est
613 1682 745 1738 illud
787 1681 1035 1752 gaudium
1078 1681 1144 1735 de
1174 1680 1384 1736 Domini
1422 1696 1636 1750 semper
1665 1696 1795 1735 eon-

209 1775 560 1845 templatione
588 1772 851 1844 gaudere!
912 1772 1041 1825 Nam
1070 1770 1207 1826 sicut
1248 1772 1414 1827 virtus
1458 1772 1633 1827 divina
1668 1774 1801 1826 n'un-

209 1881 372 1937 quam
405 1867 605 1933 deficit,
637 1866 707 1920 ita
736 1880 834 1920 nec
864 1866 1111 1935 gaudium
1143 1865 1284 1935 quod
1313 1866 1377 1919 de
1406 1865 1575 1933 ipsius
1620 1866 1796 1934 inspe-

209 1962 389 2014 ctione
413 1958 736 2027 provenerit.
773 1958 1043 2027 Sequitur,
1088 1968 1133 2012 et
1163 1958 1427 2013 exsultabo
1458 1975 1604 2012 mane
1648 1958 1795 2012 mise-

210 2051 490 2104 ricordiam
523 2060 684 2102 tuam.
712 2048 866 2101 Mane
895 2048 1116 2113 scilicet,
1152 2065 1271 2103 cum
1297 2058 1401 2103 nox
1431 2050 1609 2102 saeculi
1642 2049 1794 2102 istius

210 2142 441 2197 obscura
480 2140 776 2204 transierit,
817 2139 1025 2209 quando
1064 2140 1172 2209 jam
1207 2140 1559 2193 misericordia
1584 2139 1794 2193 Domini

214 2234 270 2287 in
299 2240 601 2286 sanctorum
635 2228 1065 2285 remuneratione
1094 2230 1379 2294 elucescit;
1414 2227 1484 2283 ibi
1508 2231 1648 2284 enim
1680 2229 1793 2297 ipse

215 2323 574 2378 exsultaturus
594 2331 676 2376 est
701 2333 945 2390 tanquam
985 2322 1100 2376 ilex
1134 2329 1187 2376 et
1219 2319 1495 2389 Dominus,
1524 2320 1611 2375 ubi
1639 2334 1793 2374 suum

215 2414 466 2482 papulum
510 2412 561 2465 in
611 2428 671 2467 se
712 2412 940 2479 gaudere
988 2413 1344 2481 conspexerit.
1392 2412 1627 2478 Addidit,
1675 2412 1794 2477 quia

223 2505 390 2575 factus
419 2520 469 2557 es
498 2520 674 2573 susccp
699 2517 753 2554 or
794 2518 949 2555 mens.
989 2501 1242 2572 Exposuit
1291 2517 1455 2572 quare
1497 2502 1550 2555 in
1585 2501 1794 2557 Chtisto

218 2594 450 2649 D03ltitt0
471 2595 732 2649 exsultavit
764 2594 1082 2659 humanitas,
1102 2595 1221 2664 quia
1252 2595 1417 2665 factus
1436 2605 1506 2648 est
1535 2600 1796 2665 susceptor

213 2703 382 2741 meus.
417 2686 534 2755 Ipse
572 2686 707 2740 enim
739 2684 1045 2754 suscipitur,
1079 2685 1290 2754 quando
1340 2686 1574 2739 Ecclesia
1605 2695 1795 2739 cuncta

213 2778 487 2842 salvatur;
514 2777 664 2846 quale
693 2787 768 2831 est
804 2776 930 2831 illud
960 2777 1053 2831 ;Si
1084 2778 1195 2846 quis
1226 2779 1343 2847 fecit
1375 2778 1461 2830 uni
1482 2795 1544 2830 ea:
1572 2778 1793 2831 minimis

212 2873 352 2937 istis,
384 2871 509 2923 mihi
534 2870 650 2939 fecit
680 2869 889 2937 (Matth.
917 2886 1040 2934 xxv,
1078 2870 1188 2938 tit).
1211 2870 1439 2939 Adjecit,
1465 2881 1513 2922 et
1538 2870 1795 2939 refugium

213 2982 383 3019 meum
433 2964 485 3017 in
532 2964 613 3016 die
653 2963 995 3016 tribulationis
1024 2979 1166 3016 mete.
1200 2962 1242 3016 Ο
1270 2974 1426 3031 quam
1474 2974 1680 3032 gratum
1712 2972 1794 3015 est

213 3057 492 3126 refugium,
539 3053 751 3123 quando
780 3052 1132 3108 tribulationis
1161 3064 1398 3123 tempore
1420 3055 1789 3109 condonatur!

215 3147 401 3203 Unmis
430 3147 569 3201 enim
596 3162 721 3202 caro
745 3154 985 3215 suspecta
1034 3153 1136 3211 est,
1170 3146 1401 3215 quandiu
1430 3145 1610 3200 audiat
1640 3162 1654 3201 :
1699 3135 1792 3199 Ve-

213 3241 340 3305 nite,
370 3239 613 3294 benedicti
650 3238 824 3293 Patris
869 3240 963 3293 mei
1006 3236 1194 3310 (Ibid,
1246 3240 1363 3309 51),
1396 3250 1499 3295 etc.
1533 3238 1638 3294 Sed
1668 3248 1792 3294 tunc

213 3340 472 3387 atteruum
501 3332 757 3403 refugium
783 3330 1033 3395 efficitur,
1086 3331 1298 3399 quando
1328 3333 1393 3384 ad
1422 3331 1576 3383 istam
1606 3345 1791 3384 vocem

214 3421 721 3476 desideratissimam
756 3422 1081 3491 pervenitur.
1120 3421 1248 3486 lloc,
1280 3421 1419 3475 sicut
1450 3431 1500 3475 ct
1556 3420 1606 3474 in
1638 3435 1794 3489 supe-

214 3516 445 3570 rioribus
474 3516 724 3582 diximus,
752 3514 1114 3584 aecipientlum
1146 3524 1226 3570 est
1264 3529 1293 3567 a
1327 3523 1473 3583 parte
1516 3513 1788 3569 membro-

214 3623 354 3662 I‘UM.
1137 3664 1140 3669 .

291 3699 444 3754 \‘ers.
484 3700 565 3755 2'8.
594 3700 811 3771 Adjutor
864 3716 1023 3765 meus,
1058 3702 1146 3753 tibi
1191 3701 1439 3769 psallam,
1460 3701 1598 3770 quia,
1634 3700 1793 3766 Deus,

212 3801 478 3859 susceptor
506 3806 644 3845 meus
675 3808 752 3857 es,
785 3789 921 3845 Deus
945 3796 1082 3845 meus
1106 3791 1452 3843 misericordia
1479 3796 1609 3863 mea.
1648 3789 1794 3844 Dixi-

214 3898 337 3936 mus
367 3881 628 3950 psalmum
661 3878 725 3935 ad
752 3882 1011 3936 actualem
1041 3880 1309 3950 pertinere
1338 3882 1607 3944 virtutem,
1637 3897 1796 3951 quam

214 3986 347 4025 caro
391 3966 598 4024 Domini
648 3969 939 4025 Salvatoris
985 3971 1142 4035 etiam
1174 3971 1225 4023 in
1256 3972 1353 4022 hoc
1384 3972 1581 4024 nmndo
1613 3982 1797 4025 saneta

214 4073 269 4117 et
298 4062 589 4117 venerabili
638 4062 946 4131 operatione
992 4062 1328 4115 monstravit.
1378 4061 1589 4130 Repetit
1634 4062 1796 4117 etiam

214 4154 525 4221 frequenter
557 4150 830 4217 beneficia,
850 4162 905 4206 ut
928 4153 1099 4218 nobis,
1118 4152 1562 4221 quemadmodum
1596 4154 1798 4224 gratias

211 4260 375 4315 agere
403 4244 710 4310 debeamus,
740 4245 1007 4300 ostendat.
1060 4245 1339 4315 Susceptor
1368 4246 1509 4299 enim
1540 4245 1792 4300 humani-

212 4340 341 4392 tatis
391 4336 587 4392 noitrte
633 4336 789 4408 198
815 4337 1047 4392 Verbum
1079 4345 1181 4401 est,
1216 4336 1354 4406 quod
1396 4352 1513 4391 eam
1539 4339 1588 4392 in
1620 4337 1797 4393 Maria:

218 4429 453 4500 Virginis
486 4440 638 4484 utero
660 4429 757 4483 sibi
781 4429 990 4483 sociare
1021 4438 1178 4498 atque
1209 4429 1365 4482 unire
1386 4428 1657 4499 dignatum
1690 4433 1794 4497 est,

212 4530 551 4592 nequaquam
572 4521 703 4577 facta
730 4518 1045 4577 confusione
1070 4523 1150 4577 vel
1174 4521 1531 4592 permixtione
1550 4524 1788 4579 substau.

212 4618 429 4681 tiarum,
461 4614 556 4670 sed
580 4617 782 4669 unitate
807 4612 1058 4669 ineffabili
1099 4624 1258 4684 atque
1291 4610 1632 4679 inenarrabili
1667 4632 1791 4685 per-

211 4715 487 4761 manente.
516 4706 590 4759 Ad
593 4707 741 4774 jecit,
766 4706 903 4760 Deus
926 4723 1087 4771 meus,
1114 4707 1462 4761 misericordia
1484 4723 1613 4762 utea.
1637 4708 1794 4763 Mira-

212 4796 339 4851 bilis
369 4806 421 4850 et
448 4795 809 4865 amplectenda
833 4794 1118 4851 sententia.
1139 4795 1269 4849 Nam
1300 4811 1418 4851 cum
1443 4798 1607 4852 multa
1630 4797 1795 4854 dixis-

210 4896 316 4951 set,
352 4902 450 4941 nec
478 4897 652 4941 tamen
685 4888 908 4942 fuissent
929 4887 1105 4940 omnia
1147 4888 1565 4957 comprehensa,
1598 4890 1662 4944 ad
1702 4906 1794 4959 po-

209 4988 473 5031 stremum
524 4989 631 5030 uno
681 4976 844 5030 verbo
865 4975 1177 5045 complexus
1230 4987 1347 5031 est:
1384 4979 1521 5046 Quid
1549 4988 1629 5035 est
1660 4980 1795 5035 Deus

210 5086 373 5133 meus,
399 5069 448 5123 id
476 5077 576 5133 est,
610 5069 967 5122 Misericordia
994 5084 1124 5122 mea.
1158 5069 1229 5123 lbi
1268 5075 1446 5124 omnia
1476 5083 1603 5127 sunt
1632 5074 1796 5128 bene-

211 5162 356 5225 ficia,
386 5161 479 5215 ubi
498 5160 744 5214 universa
764 5166 983 5223 munera
1017 5159 1310 5228 designata.
1343 5161 1479 5228 Quid
1505 5165 1647 5219 enim
1666 5166 1793 5219 boni

211 5269 316 5307 non
350 5252 601 5319 sentitur,
631 5252 719 5307 ubi
745 5251 1093 5306 misericordia
1115 5252 1307 5307 donata
1340 5256 1722 5325 cognoscitur?

746 5393 1015 5449 Conclusio
1056 5400 1260 5468 psalmi.

280 5534 597 5602 Didicimus,
626 5536 851 5592 Domine
874 5537 1107 5605 Christe,
1154 5556 1312 5611 quam
1359 5538 1530 5593 multa
1555 5539 1606 5594 in
1633 5555 1793 5597 carne

212 5627 517 5693 pertuleris,
548 5640 599 5683 et
639 5630 760 5699 quia
806 5646 900 5698 pro
944 5633 1378 5702 persecutoribus
1421 5633 1525 5687 tuis
1579 5647 1792 5700 semper

210 5723 465 5776 oraveris.
517 5721 558 5775 υ
611 5737 733 5777 vere
787 5722 1023 5781 indicem
1075 5726 1240 5796 piutn,
1291 5726 1390 5782 sub
1415 5741 1522 5797 quo
1554 5728 1679 5785 nulli
1711 5739 1791 5784 εει

1893 493 2088 545 testas!
2120 490 2251 545 Nam
2282 493 2370 560 qui
2406 510 2497 559 pro
2518 494 2747 547 inimicis
2775 495 3279 561 oras,quistuorum
3305 494 3469 560 possit

1891 582 2178 636 formidare
2208 585 2344 649 quod
2385 585 2594 650 pereat?
2627 585 2770 639 Dona
2830 586 3002 640 facere
3032 598 3149 655 quze
3183 584 3468 654 praecipis;

1891 674 2025 727 dona
2057 674 2279 742 implere
2309 676 2446 740 quod
2477 678 2691 744 expedit
2726 697 2736 731 :
2764 678 2886 744 quia
2917 680 3053 732 sicut
3100 678 3233 733 nihil
3271 687 3466 745 praeter

1894 775 1944 819 te
1969 781 2171 824 sumus,
2206 766 2273 817 ita
2306 776 2478 818 tecum
2522 768 2643 821 boni
2701 779 2866 822 Iotunt
2918 783 3201 838 possumus
3239 767 3466 836 implere

1892 857 2032 927 quod
2066 857 2300 910 nitimur.

2182 956 2537 1021 EXPOSITIO
2580 968 2641 1021 IN
2682 960 3000 1026 PSALuUM
3043 971 3176 1027 th.

1896 1052 1961 1108 In
1988 1056 2161 1123 ﬁnem,
2188 1060 2280 1126 pro
2302 1054 2380 1110 Itis
2421 1058 2509 1125 qui
2555 1059 2977 1126 immutabuntur,
3027 1062 3080 1113 in
3110 1072 3127 1112 t
3153 1063 3246 1115 tuli
3274 1062 3464 1115 inscri-

1965 1131 2135 1195 ptione
2160 1128 2257 1193 ipsi
2290 1126 2450 1180 David
2473 1130 2522 1179 iu
2557 1129 2842 1182 doctrinam
2876 1145 2891 1181 :
2925 1146 3039 1182 cum
3069 1133 3324 1185 succendit
3360 1132 3469 1186 Me~

1966 1199 2301 1267 impotentiam
2335 1198 2520 1266 Syria’,
2565 1209 2611 1251 et
2670 1202 2873 1267 Syriam
2926 1200 3103 1263 Sobal,
3138 1209 3183 1253 et
3227 1204 3471 1255 convertit

1966 1264 2120 1342 .l‘oab,
2152 1276 2197 1317 et
2223 1264 2466 1342 porcussit
2486 1264 2859 1342 ﬁdenti-[edn
2914 1269 3221 1342 Idumwam]
3259 1278 3313 1326 in
3341 1272 3472 1326 valle

1970 1336 2267 1390 Salinarum
2285 1339 2552 1391 duodecim
2575 1336 2755 1393 millid.

1970 1446 2177 1500 Titulus
2197 1448 2302 1513 hic,
2325 1448 2426 1501 nisi
2460 1449 2835 1517 compendium
2859 1466 3181 1520 qumramus,
3206 1452 3471 1522 interpre-

1900 1537 2098 1591 tatione
2156 1540 2429 1593 nominum
2497 1550 2550 1594 et
2633 1544 3143 1598 commemoratione
3197 1544 3465 1599 bellorum

1906 1627 2130 1681 omnino
2151 1628 2385 1694 prolixus
2408 1638 2509 1684 est.
2537 1630 2590 1683 In
2622 1632 2793 1698 primo
2825 1634 3051 1701 positum
3075 1642 3156 1687 e-t
3186 1652 3197 1686 :
3233 1633 3297 1687 In
3319 1636 3472 1702 linem

1904 1717 1982 1771 Itis
2005 1719 2092 1786 qui
2121 1719 2537 1773 immutabuntur.
2579 1722 2962 1777 Commutantur
2994 1735 3171 1779 autem
3200 1724 3252 1777 in
3298 1727 3471 1791 ﬂuent,

1837 1790 1875 1849 Β
1904 1809 1994 1876 qui
2014 1810 2212 1865 veteris
2239 1811 2472 1866 hominis
2499 1827 2685 1868 errore
2737 1815 3001 1883 deposito,
3036 1817 3259 1870 Domino
3289 1790 3476 1872 Salva-

1900 1899 1998 1953 tori
2054 1914 2183 1969 pura
2227 1902 2421 1956 mentis
2477 1902 2776 1960 intentione
2805 1904 3161 1973 famulantur;
3192 1908 3258 1962 de
3284 1909 3477 1977 quibus

1898 1987 2091 2044 dicitur
2116 2007 2129 2042 :
2158 1987 2352 2044 Fuistis
2381 1993 2514 2046 enim
2543 1995 2823 2064 aliquando
2867 1998 3106 2064 tenebris,
3140 2015 3273 2052 nunc
3303 2009 3474 2053 autem

1897 2079 1989 2134 tua:
2012 2082 2064 2134 in
2094 2080 2312 2137 Domino
2354 2083 2574 2153 (Ephss.
2628 2102 2678 2149 v,
2721 2087 2799 2158 8).
2844 2088 3301 2153 Quemadmodum
3350 2105 3477 2144 vero

1898 2173 2102 2241 possint
2134 2174 2412 2235 immutari,
2438 2176 2623 2231 subter
2645 2182 2957 2247 exponit,in
2984 2182 3121 2234 tituli
3149 2182 3478 2251 inscriptione

1903 2259 2067 2315 David
2094 2262 2147 2316 in
2174 2262 2480 2319 doctrinam.
2501 2266 2569 2318 Τί.
2582 2266 2654 2335 uti
2676 2269 2965 2338 inscriptio,
2990 2272 3173 2326 Jesum
3206 2270 3475 2327 Christum

1898 2353 2160 2423 significat
2189 2356 2406 2426 ltegem.
2442 2358 2534 2414 Sic
2580 2375 2709 2429 ergo
2738 2372 3032 2426 mutentur,
3066 2375 3125 2418 ut
3165 2365 3477 2421 deserentes

1898 2444 2196 2513 diabolum,
2248 2446 2445 2517 ltegem
2490 2449 2595 2504 sibi
2638 2450 2907 2506 Christum
2959 2467 3078 2507 esse
3130 2464 3476 2522 cognoscmt.

1901 2535 2065 2589 David
2090 2538 2235 2591 enim
2262 2552 2405 2607 sape
2433 2539 2665 2595 diximus
2730 2542 3012 2597 Dominum
3042 2545 3363 2611 significare.
3412 2544 3476 2598 In

1898 2629 2201 2693 doctrinam,
2227 2630 2362 2685 adde
2384 2631 2588 2687 scilicet
2609 2633 2964 2689 Christianam
2999 2652 3014 2689 :
3048 2636 3171 2705 quia
3196 2653 3297 2690 non
3321 2636 3475 2690 suffi-

1898 2718 1970 2771 cit
1990 2719 2232 2787 cuiquam
2270 2721 2414 2793 illum
2461 2723 2656 2791 Regem
2705 2739 2860 2778 suum
2891 2726 3093 2791 dicere,
3141 2727 3240 2782 nisi
3272 2740 3325 2782 et
3359 2742 3474 2791 aut

1897 2808 1987 2876 qui
2016 2808 2229 2865 studeat
2253 2815 2532 2881 prmeeptis
2554 2814 2792 2869 obedire.
2816 2815 3089 2884 Sequitur,
3120 2833 3234 2869 cum
3258 2834 3470 2871 succen-

1897 2901 1970 2953 dit
1992 2899 2409 2970 Mcwpotamiam
2441 2903 2627 2974 Syrica,
2646 2917 2749 2959 etc.
2772 2906 2875 2959 llas
2902 2907 3168 2975 vict0rias,
3191 2917 3470 2976 postquam

1901 2992 2043 3047 Sauli
2068 2994 2321 3048 successit
2348 2994 2399 3048 in
2422 3009 2610 3064 regno,
2642 2996 2832 3051 fecisse
2864 2998 3025 3050 David
3061 2997 3261 3067 Regum
3295 2998 3461 3051 histo-

1903 3084 1978 3137 ria
2006 3086 2408 3151 comprehendit
2437 3085 2523 3155 (Il
2559 3086 2688 3159 Reg.
2735 3092 2868 3153 νηί),
2928 3104 3060 3158 quas
3118 3090 3467 3157 incongruum

1823 3166 1868 3227 C
1900 3174 2104 3230 videtur
2132 3176 2234 3230 sub
2257 3178 2354 3231 hac
2377 3179 2740 3232 concinnitate
2759 3178 3097 3248 depromere,
3130 3181 3345 3249 quando
3395 3180 3468 3232 ibi

1899 3267 2153 3324 latissime
2202 3279 2413 3324 narrata
2456 3280 2768 3326 noscuntur.
2817 3271 2928 3325 floc
2973 3281 3151 3325 tamen
3201 3273 3460 3326 debemur

1897 3360 2192 3423 advertere,
2226 3362 2362 3415 bella
2391 3361 2487 3415 ista
2515 3360 2806 3430 figuraliter
2852 3362 3018 3427 posita
3054 3372 3269 3429 propter
3301 3363 3467 3415 victo-

1898 3450 2002 3502 rias
2036 3450 2245 3504 Domini
2272 3449 2590 3517 Salvatoris,
2621 3467 2753 3520 quas
2780 3454 2829 3506 in
2865 3462 2974 3506 toto
2996 3454 3195 3507 mundo
3223 3454 3291 3506 de
3314 3469 3470 3524 paga-

1899 3542 1985 3596 nis
2013 3543 2120 3611 agit
2146 3551 2197 3597 et
2223 3544 2457 3611 perfidis,
2485 3559 2711 3612 quorum
2735 3544 2892 3599 verba
2914 3545 3146 3613 psalmus
3172 3545 3271 3599 iste
3296 3545 3470 3599 dictu-

1904 3652 1996 3690 rus
2022 3647 2130 3701 est,
2163 3648 2216 3691 ut
2267 3653 2453 3693 revera
2481 3638 2737 3693 destructi
2788 3654 2815 3691 a
2870 3640 3252 3706 supers‘titione
3280 3643 3470 3707 veteri,

1901 3734 2205 3783 mereantur
2235 3744 2330 3797 per
2358 3730 2582 3800 gratiam
2612 3731 2733 3785 novi
2764 3730 2995 3785 hominis
3026 3732 3311 3787 immutari.

2472 3843 2665 3896 Divisio
2696 3844 2901 3913 psalmi.

1971 3950 2200 4020 Populus
2224 3951 2312 4007 ille
2340 3953 2428 4022 qui
2459 3962 2576 4007 erat
2609 3954 2797 4023 priscis
2825 3955 3096 4008 erratibus
3127 3955 3377 4026 illigatus,
3413 3960 3467 4013 in

1902 4056 2092 4094 novam
2122 4042 2347 4110 gratiam
2382 4051 2580 4096 sancta:
2630 4043 2906 4112 religionis
2957 4044 3265 4111 adveniens,
3304 4048 3473 4114 prima

1900 4131 2071 4199 capite
2096 4131 2375 4199 supplicat,
2421 4142 2477 4186 ut
2507 4143 2625 4198 post
2670 4132 3041 4199 afflictionem,
3074 4150 3232 4203 quam
3257 4138 3471 4194 satisfa-

1901 4221 2093 4275 ciendo
2122 4236 2308 4290 passus
2339 4232 2441 4289 est,
2479 4224 2722 4279 beneficii
2771 4228 3007 4280 novitate
3050 4236 3345 4297 reparetur.
3375 4230 3475 4285 Se-

1902 4312 2097 4377 eundo,
2150 4312 2556 4381 interpositione
2605 4316 2973 4386 diapsalmatis
3018 4319 3297 4383 collocata,
3335 4321 3476 4377 idem

1904 4404 2130 4472 populus
2159 4416 2311 4474 rogat
2345 4415 2401 4458 ut
2432 4416 2549 4475 post
2579 4407 2950 4463 tribulationes
2979 4424 3111 4478 quas
3135 4410 3369 4478 pertulit,
3394 4411 3478 4466 de

1904 4498 2127 4552 ducatur
2150 4515 2177 4551 a
2200 4499 2425 4553 Domino
2453 4500 2504 4554 in
2538 4488 2946 4555 munitissimam
2963 4502 3230 4555 civitatem
3251 4543 3265 4567 ,
3292 4511 3478 4570 petens

1901 4588 2154 4641 auxilium
2186 4587 2287 4643 sibi
2310 4589 2377 4645 de
2416 4592 2759 4645 tribulatione
2800 4591 3043 4658 concedi,
3068 4592 3208 4661 quod
3239 4591 3338 4645 soli
3373 4591 3478 4647 1)οε

1900 4680 2043 4733 mino
2076 4681 2329 4750 probatur
2359 4696 2478 4737 esse
2508 4682 2783 4752 possibile.

2433 4794 2699 4865 Expositio
2730 4794 2935 4865 psalmi.

1970 4902 2120 4958 Vers.
2159 4905 2206 4957 1.
2241 4902 2399 4970 Deus,
2435 4906 2660 4976 repulisti
2688 4922 2780 4959 nos
2808 4918 2853 4960 et
2886 4904 3182 4960 destruxisti
3213 4923 3337 4974 nos;
3363 4908 3470 4962 ira-

1905 5002 1989 5048 tus
2049 5010 2103 5048 es
2159 5006 2206 5048 ct
2262 4998 2498 5051 misertus
2540 5015 2594 5052 es
2634 4999 2796 5053 nobis.
2854 4998 3085 5066 Papulus
3126 4999 3214 5054 ille
3239 5002 3474 5073 quierat

1900 5085 2092 5155 priscis
2122 5088 2396 5142 erroribus
2426 5089 2679 5158 illigatus,
2711 5090 2972 5159 repulsum
2996 5105 3056 5145 se
3092 5100 3139 5144 et
3164 5092 3479 5147 destructum

1897 5178 1997 5234 sub
2026 5180 2317 5251 gratiarum
2348 5183 2559 5235 actione
2593 5192 3012 5248 commemorat;
3040 5192 3094 5237 ut
3123 5193 3329 5253 strages
3358 5186 3478 5241 illas

1900 5272 2289 5329 debellatarum
2331 5276 2590 5343 gentium,
2652 5290 2787 5344 quas
2836 5275 3021 5329 titulus
3074 5292 3254 5346 regem
3316 5278 3480 5335 David

1903 5365 2093 5421 fecisse
2126 5366 2408 5435 prmcinuit
2440 5365 2602 5436 (sicut
2641 5365 2841 5420 dictum
2876 5365 2981 5436 est)
3014 5382 3176 5421 mauu
3223 5366 3378 5422 fortis
3427 5381 3481 5424 et

1901 5457 2273 5513 desiderabilis
2308 5455 2557 5513 Christus
2589 5460 2640 5512 in
2674 5459 2928 5514 universo
2959 5459 3159 5513 mundo
3188 5461 3363 5527 potius
3392 5474 3481 5531 pe-

1900 5551 2102 5620 regisse
2128 5550 2454 5616 declaretur,
2505 5566 2610 5605 non
2647 5552 2812 5614 ferro,
2848 5551 2943 5606 sed
2972 5552 3344 5607 conversionis
3368 5562 3481 5607 stus

1899 5642 2019 5706 dio;
2045 5656 2149 5696 non
2182 5658 2276 5710 per
2309 5642 2481 5712 ignem
2517 5643 2806 5707 visibilem,
2833 5642 2926 5698 sed
2960 5658 3054 5711 per
3083 5640 3358 5695 citaritatis
3389 5658 3480 5695 ar-

1903 5731 2117 5797 iorem;
2150 5733 2417 5800 quomodo
2454 5736 2710 5791 νίνὶιιίιιιε
2739 5734 3008 5790 debellare
3041 5747 3101 5786 ac
3134 5732 3352 5787 vincere
3395 5732 3473 5786 isto
