4020 6348
551 383 650 439 ΜΩ

1782 368 1848 422 Μ.
1892 367 2168 425 Αυιιιειιι
2205 365 2598 424 CASSIODORI

3708 369 3818 425 420

550 491 839 548 visibiliter
885 491 1184 546 consuevit.
1246 488 1343 556 Qui
1401 489 1622 558 populus
1671 471 1930 556 supplicat
1981 497 2035 541 ut
2088 504 2114 542 a
2153 493 2195 551 Λ
2224 488 2433 544 devoto.
2480 487 2710 542 Ostendit
2753 486 2894 543 enim
2947 487 3076 542 dura
3129 485 3370 542 ﬁdelibus
3414 487 3543 555 suis,
3591 491 3815 558 quando

551 595 734 640 vetere
751 583 1130 654 superstitione
1154 583 1478 644 destructus,
1498 589 1550 633 ct
1579 581 1628 633 in
1646 589 1827 635 sancta
1848 581 2119 648 proposito

550 684 932 740 commutatus,
977 687 1128 727 novae
1175 671 1601 740 regenerationis
1657 672 1880 740 gratiam
1933 686 2121 725 conse-

551 777 762 836 quatur.
781 767 888 822 Nec
919 773 1131 818 moveat
1151 762 1293 836 quod
1327 776 1579 816 numerus
1601 762 1819 832 pluralis
1839 759 2123 830 adjunctus

551 870 654 915 est.
688 859 921 927 Papinius
947 857 1090 912 enim
1115 870 1234 910 cum
1285 856 1500 921 dicitur,
1533 857 1709 925 plures
1740 856 1791 909 in
1822 870 1888 910 ea
1917 855 2121 922 signiﬁ-

551 949 657 1002 cari
689 961 844 1016 posse
885 961 990 1002 non
1021 945 1242 999 dubium
1273 953 1375 999 est.
1420 945 1549 998 Nam
1579 959 1701 1000 cum
1730 945 1932 1011 dicunt,
1961 961 2116 1014 rt'ptt-

550 1039 675 1102 hsti,
709 1035 994 1091 ostendunt
1055 1035 1241 1090 divino
1291 1051 1514 1090 munere
1558 1049 1588 1088 a
1643 1035 1819 1090 studio
1859 1035 2122 1092 scelerum

550 1143 610 1182 se
637 1127 802 1180 fuisse
833 1134 1134 1188 revocatos,
1195 1141 1259 1178 ne
1293 1125 1343 1178 in
1377 1125 1556 1193 pravis
1588 1123 1925 1192 dogmatibus
1941 1139 2123 1178 eorum

548 1220 650 1273 \ita
689 1217 953 1271 finiretur.
992 1215 1264 1286 Sequitur,
1297 1225 1344 1269 et
1379 1215 1678 1270 destrttxistt'
1704 1231 1815 1269 nos.
1848 1215 2036 1269 Merito
2058 1214 2124 1268 ad

546 1309 842 1381 gratiarum
871 1307 1135 1362 actionem
1187 1308 1331 1361 venit
1389 1312 1487 1363 ista
1519 1307 1834 1371 destructio,
1891 1323 2008 1376 quae
2049 1307 2126 1363 sic

546 1385 825 1455 evertit-ut
857 1409 1170 1468 construat,
1191 1401 1266 1453 sic
1284 1398 1505 1469 deponit
1546 1408 1601 1454 ut
1625 1399 1822 1467 erigat,
1856 1399 1932 1452 sic
1957 1398 2127 1451 burni-

547 1496 642 1548 liat
677 1501 735 1547 ut
784 1492 1140 1546 adcmlorum
1177 1505 1338 1560 regna
1382 1489 1655 1559 perducat.
1681 1490 1806 1543 Haac
1832 1489 1974 1544 enim
2006 1503 2127 1543 ver-

553 1588 616 1640 ha
649 1601 756 1638 non
787 1585 1113 1655 ingratorum
1150 1584 1428 1660 suscipias,
1463 1582 1555 1635 sed
1589 1581 1758 1650 magis
1781 1579 2124 1650 gaudentium

545 1690 667 1730 rsse
694 1685 1011 1744 cognoscas.
1033 1672 1270 1736 Addidit,
1295 1673 1457 1725 iratus
1483 1688 1535 1725 es
1558 1683 1602 1726 et
1626 1673 1861 1726 misertus
1885 1686 1936 1725 es
1959 1671 2121 1725 nobis.

551 1765 748 1829 tratus,
771 1765 1085 1819 adversatos
1100 1763 1356 1819 debemus
1373 1763 1675 1826 advertere,
1691 1777 1914 1834 quorum
1931 1777 2122 1834 super-

2227 590 2518 650 martyrum
2582 589 2820 634 catervas
2881 581 3036 635 saevis
3101 581 3436 650 passionibus
3498 582 3808 653 acquisivit.

2229 666 2458 723 Ostendit
2488 669 2629 724 enim
2666 669 2718 723 in
2761 669 2863 724 hoc
2894 671 3180 724 transitura
3229 672 3425 724 mundo
3459 671 3622 746 iustis
3653 673 3811 736 dura,

2226 768 2284 813 ut
2309 759 2496 815 reddat
2527 761 2578 814 in
2611 760 2698 814 illa
2727 762 3024 816 aeternitate
3046 763 3299 832 pretiosa.
3325 764 3438 818 Non
3477 767 3621 819 enim
3653 765 3815 834 jubet

2226 863 2415 904 vacare
2449 849 2675 904 famulos
2706 865 2850 914 suos,
2882 864 2980 904 nec
3008 848 3076 906 de
3106 850 3384 907 latitudine
3407 867 3466 907 se
3493 855 3662 908 otiosa
3697 864 3813 908 lm-

2227 947 2371 994 ctare
2395 958 2408 992 :
2435 939 2528 994 sed
2562 949 2638 1003 ut,
2663 940 2811 994 duris
2840 941 3111 998 laboribus
3138 943 3432 1010 exercitati,
3463 945 3528 998 ad
3568 946 3813 1012 palmam

2226 1028 2344 1098 ejus
2394 1030 2774 1084 misericordia:
2822 1042 3126 1088 mereantur
3173 1032 3383 1090 adduci.
3436 1035 3522 1091 Sic
3557 1037 3708 1092 enim
3761 1047 3819 1092 et

2228 1113 2420 1176 Paulus
2445 1122 2570 1177 dicit
2604 1137 2620 1176 :
2654 1121 2820 1177 Nemo
2857 1132 3151 1192 coronatur,
3183 1125 3283 1179 nisi
3322 1126 3538 1198 legitime
3580 1139 3817 1185 certatus

2228 1215 2380 1285 fuerit
2407 1213 2494 1286 (II
2526 1215 2659 1270 Tim.
2699 1231 2756 1281 tt,
2792 1215 2870 1286 5).
2901 1217 3135 1282 Addidit,
3181 1215 3374 1272 Potasti
3403 1236 3493 1273 nos
3522 1221 3640 1274 vino
3669 1238 3814 1275 com-

2230 1306 2539 1374 punctionis.
2569 1305 2701 1360 Vino
2728 1315 3033 1376 comparata
3056 1316 3138 1372 est
3156 1309 3343 1374 virtus,
3373 1324 3494 1380 quae
3520 1309 3570 1364 in
3604 1311 3824 1370 bonum.

2228 1397 2557 1466 propositum
2608 1397 2842 1451 studium
2892 1407 3090 1452 nostra:
3127 1398 3417 1455 voluntatis
3459 1401 3732 1467 immutat,
3761 1413 3814 1460 et

2227 1485 2352 1541 facit
2397 1496 2538 1541 recta
2585 1502 2790 1556 sapere,
2824 1496 3099 1558 postquam
3130 1503 3188 1543 se
3219 1489 3342 1546 inde
3381 1494 3677 1548 meruerint
3703 1493 3810 1550 lio-

2229 1577 2399 1633 mincs
2424 1579 2606 1632 divina
2635 1579 2875 1649 largitate
2901 1578 3190 1648 complere.
3236 1580 3430 1646 Contra
3475 1583 3575 1638 hoc
3617 1584 3812 1639 huma-

2229 1685 2354 1724 num
2387 1670 2634 1738 poculum
2674 1670 2956 1726 sanitatem
2994 1671 3184 1726 mentis
3213 1675 3506 1738 excutiens,
3537 1674 3811 1732 intromit-

2228 1762 2289 1815 tit
2313 1761 2474 1815 verba
2497 1761 2763 1818 vanitatis.
2787 1761 2893 1818 Sed
2916 1773 3072 1834 potus
3093 1765 3183 1820 ille
3204 1781 3306 1820 non
3333 1767 3462 1834 oris,
3488 1766 3584 1824 sed
3608 1771 3809 1825 mentis

554 1855 799 1910 stitiones
824 1864 876 1910 et
901 1855 1026 1908 vitia
1039 1854 1262 1924 justitite
1283 1869 1394 1908 sute
1411 1855 1608 1909 virtute
1629 1853 1939 1922 prostravit.
1962 1853 2126 1910 Nmis
2155 1866 2202 1926 Β
2227 1860 2337 1916 est;
2379 1866 2477 1908 nec
2528 1851 2758 1906 humana
2803 1853 3061 1909 industria
3107 1867 3456 1925 prta-paratur,
3487 1857 3582 1914 sed
3625 1860 3808 1917 divina

549 1961 778 2016 congrue
803 1947 1030 2017 populus
1058 1954 1114 2001 et
1151 1946 1346 2000 iratum
1371 1946 1470 2001 sibi
1511 1945 1638 2000 dicit
1668 1945 1970 2010 Dominum,
2003 1959 2122 1999 cum

549 2048 814 2109 peccaret,
846 2049 893 2092 et
922 2040 1208 2105 misertum,
1240 2039 1368 2092 dum
1395 2038 1461 2092 ad
1489 2039 1858 2092 conversionis
1888 2039 2123 2092 remedia

549 2130 900 2200 confugisset.
925 2132 1013 2188 Sic
1036 2139 1290 2201 utrasque
1320 2145 1510 2186 causas
1531 2129 1757 2200 singulis
1787 2129 2125 2184 sermonibus

549 2223 675 2280 iecit
705 2224 953 2294 intelligi.
997 2223 1129 2292 Qua:
1175 2223 1340 2293 figura
1391 2223 1585 2277 dicitur
1641 2219 1933 2290 emphasis,
1965 2221 2014 2274 id
2044 2227 2127 2276 est

549 2315 910 2385 exaggeratio,
965 2313 1250 2368 clariorem
1303 2310 1549 2381 praibens
1598 2310 1926 2366 intellectum
1966 2325 2124 2379 quam

550 2407 709 2461 verba
741 2421 835 2474 per
863 2406 1040 2474 seipsa
1073 2404 1367 2460 declarant.
1418 2402 1497 2456 Ira
1530 2403 1856 2461 misericors.
1885 2401 2127 2472 indigna-

551 2499 626 2551 tio
651 2497 921 2564 salutaris,
946 2495 1238 2566 captivitas
1265 2495 1454 2558 libera,
1487 2494 1796 2550 adversatio
1835 2494 2123 2549 fructuosa.

551 2587 722 2642 Iratus
751 2596 1002 2657 estergo,
1046 2585 1263 2657 quando
1309 2587 1724 2654 superstitiones
1777 2600 1961 2642 eorum
1993 2586 2126 2641 sub.

550 2678 744 2745 vertit;
775 2680 1038 2742 misertus,
1067 2677 1282 2746 quando
1299 2692 1394 2732 eos
1423 2676 1490 2732 ad
1514 2678 1713 2732 cultum
1742 2692 1881 2732 vera:
1913 2677 2127 2746 religio-

553 2772 634 2826 nis
658 2771 901 2827 adduxit.

625 2864 776 2920 Vers.
799 2865 855 2917 2.
888 2863 1216 2918 Commovisti
1241 2871 1429 2918 terram
1462 2873 1508 2917 et
1538 2863 1854 2917 conturbasti
1879 2878 2124 2916 eamne-

549 2970 616 3008 na
646 2956 973 3010 contritiones
999 2956 1131 3024 ejus,
1162 2956 1282 3024 quia
1312 2964 1452 3009 mata
1499 2964 1591 3008 est.
1633 2953 1867 3022 Terram,
1915 2957 2128 3008 univer-

549 3059 668 3100 sum
709 3057 1044 3113 peccatorem
1076 3046 1336 3100 debemus
1380 3044 1703 3114 intelligere,
1757 3047 1844 3114 qui
1899 3049 2125 3099 adventu

555 3137 764 3190 Domini
782 3149 1085 3193 commatus
1108 3149 1220 3205 est;
1252 3140 1391 3194 sicut
1419 3148 1474 3193 et
1502 3141 1553 3194 in
1583 3141 1689 3193 alio
1721 3141 1928 3208 psalmo
1948 3142 2123 3196 dictu-

2229 1941 2572 2012 inspiratione
2600 1942 2934 2013 conceditur,
2974 1945 3112 2002 sicut
3156 1950 3401 2018 superius
3447 1951 3650 2007 dictum
3675 1963 3806 2012 cst:

2229 2033 2298 2088 Et
2325 2037 2567 2104 poculum
2593 2046 2734 2092 tuum
2761 2038 3018 2095 inebrians
3037 2057 3188 2111 quam
3207 2043 3512 2112 praclarum
3530 2058 3602 2101 est
3627 2045 3808 2119 (Psal.

2227 2142 2356 2196 xsu,
2387 2129 2478 2198 5)!
2508 2129 2639 2186 Nam
2669 2131 2794 2202 quid
2830 2134 2902 2188 sit
2943 2133 3084 2190 istud
3130 2137 3394 2206 poculum,
3437 2138 3661 2208 pulchre
3686 2141 3808 2198 bre-

2227 2219 2466 2299 viterque
2491 2221 2769 2280 definitum
2799 2231 2904 2290 est,
2936 2226 2990 2281 id
3025 2235 3126 2293 est,
3151 2227 3324 2282 vinum
3353 2230 3405 2283 in
3447 2245 3555 2300 quo
3584 2247 3694 2287 non
3721 2243 3808 2290 est

2227 2311 2413 2366 vitiosa
2444 2313 2620 2382 copia,
2647 2314 2742 2368 sed
2768 2317 3175 2394 compunctionis
3205 2319 3439 2374 ubertas.

2299 2403 2452 2460 Vers.
2494 2404 2548 2460 4.
2591 2405 2792 2464 Dedisti
2838 2409 3171 2464 metuentibus
3195 2420 3243 2465 te
3269 2413 3718 2481 signiﬁcationem,
3751 2423 3804 2468 ut

2227 2497 2429 2568 fugiant
2465 2511 2498 2550 a
2536 2497 2668 2566 [acie
2711 2514 2883 2552 arcus.
2931 2499 3086 2555 Dedit
3114 2499 3426 2557 timentibus
3451 2501 3802 2574 signiﬁcatio-

2227 2601 2373 2654 nem,
2416 2587 2630 2656 quando
2676 2603 2771 2656 per
2817 2589 3120 2660 Scripturas
3167 2606 3292 2647 suas
3335 2591 3551 2648 edocuit
3597 2593 3652 2648 in
3704 2594 3804 2649 hac

2228 2677 2430 2732 mundo
2460 2679 2737 2749 passiones
2781 2679 3102 2749 multiplices
3125 2695 3251 2736 suos
3282 2680 3619 2738 ﬁdelissimos
3643 2685 3801 2738 susti-

2227 2783 2380 2836 nere,
2403 2770 2542 2824 sicut
2568 2771 2620 2824 in
2648 2769 2932 2841 Evangelia
2960 2771 3090 2827 dicit
3114 2789 3128 2825 :
3163 2771 3385 2826 Tradent
3411 2774 3547 2829 enim
3573 2790 3663 2830 vos
3689 2786 3802 2829 ante

2227 2877 2369 2934 reges
2397 2871 2444 2916 et
2469 2863 2731 2934 prmities,
2757 2873 2804 2919 et
2835 2863 2890 2918 in
2911 2865 3183 2937 synagogis
3204 2866 3308 2920 suis
3335 2865 3673 2938 ﬂagellabant
3699 2883 3800 2932 vos.

2227 2962 2276 3006 et
2304 2952 2444 3007 eritis
2473 2954 2592 3007 odio
2631 2954 2864 3010 omnibus
2902 2956 3134 3028 gentibus
3179 2965 3386 3026 propter
3421 2973 3606 3014 nomen
3637 2975 3800 3013 meum

2232 3045 2448 3116 (Matth.
2492 3063 2547 3113 ι,
2590 3046 2676 3113 17,
2708 3048 2822 3113 18).
2862 3047 3054 3104 Petrus
3090 3064 3300 3120 quoque
3327 3051 3600 3120 apostolus
3623 3051 3800 3108 dicit:

2235 3135 2454 3206 Tempus
2489 3147 2563 3192 est
2597 3147 2654 3192 ut
2679 3139 2938 3209 judicium
2969 3141 3180 3208 incipiat
3209 3158 3241 3194 ιι
3269 3141 3419 3196 doma
3447 3141 3543 3196 Dei
3574 3141 3627 3215 (I
3659 3141 3801 3198 Petr.

551 3242 642 3282 rus
664 3236 748 3282 est
776 3246 789 3280 :
823 3227 987 3295 Vidit,
1013 3238 1058 3283 et
1089 3238 1342 3282 commota
1385 3239 1458 3283 est
1492 3240 1623 3283 terra
1666 3228 1836 3300 (Psal.
1870 3246 2012 3294 xcw,
2043 3230 2123 3300 Α).
2155 3225 2201 3288 C
2233 3241 2310 3294 tv,
2334 3228 2447 3300 17).
2481 3228 2639 3284 Vides
2662 3244 2788 3298 ergo
2816 3229 2935 3300 quia
2961 3231 3379 3302 signiﬁcationem
3409 3233 3548 3288 dedit
3580 3235 3776 3314 timenti
3788 3266 3801 3276 -

555 3315 806 3372 Commcti
828 3327 948 3373 sunt
974 3333 1101 3389 ergo
1129 3329 1462 3389 peccatores,
1486 3320 1700 3392 quando
1741 3327 1975 3376 culturas
2001 3339 2124 3378 suas

551 3407 661 3462 Deo
687 3421 1049 3479 cognoverunt
1079 3411 1465 3466 abominabiles
1488 3414 1778 3482 exstitisse,
1807 3417 2021 3484 quando
2053 3415 2126 3469 si-

550 3499 779 3554 tnularra
827 3516 920 3555 sua
965 3501 1179 3556 tandem
1233 3504 1519 3573 aliquando
1570 3506 1952 3561 intellexerunt
2006 3525 2127 3564 esse

550 3592 778 3662 lapidea.
810 3593 1318 3650 Animadvertcrunt
1343 3598 1503 3652 etiam
1527 3599 1740 3652 divitias
1771 3609 1821 3654 et
1869 3603 2126 3668 honores,

547 3697 846 3754 cmteraque
877 3685 1056 3739 mundi
1091 3686 1246 3756 hujus
1290 3689 1425 3756 apud
1463 3691 1625 3742 Deum
1675 3701 1960 3759 postrema,
1992 3707 2111 3761 quae

550 3785 674 3832 ante
718 3787 970 3847 putaverc
1022 3781 1309 3850 prmcipua.
1362 3779 1668 3836 Canturbati
1717 3794 1836 3836 sunt
1890 3799 2124 3854 quoque,

545 3871 762 3938 quando
791 3872 930 3926 inter
957 3872 1228 3928 doctrinas
1257 3874 1392 3930 alias
1415 3861 1718 3931 audierunt.
1754 3877 2127 3949 Appreltcndite

545 3962 893 4030 disciplinam,
945 3965 1102 4036 199
1141 3967 1409 4036 nequando
1459 3969 1715 4022 irascatur
1765 3968 2028 4035 Dominus,
2078 3980 2126 4024 et

545 4056 764 4124 pereatis
793 4056 858 4110 de
887 4057 968 4110 via
990 4059 1137 4128 justa
1167 4057 1340 4130 (Psal.
1389 4075 1447 4127 ll,
1493 4059 1606 4130 12).
1640 4061 1706 4116 Et
1734 4061 1854 4116 vide
1881 4064 2126 4117 ordinem

547 4143 736 4213 psalmi
801 4146 1163 4216 pulcherrima
1212 4152 1522 4206 narratione
1570 4151 1923 4222 disposillllll;
1981 4155 2126 4223 prius

544 4234 691 4289 enim
719 4235 838 4300 fuit,
868 4245 927 4290 ut
959 4251 1463 4305 commoverentur;
1498 4255 1635 4308 p05t,
1670 4254 1727 4296 ut
1755 4245 2120 4298 conturbat-en-

543 4333 650 4376 tur.
703 4327 975 4394 Sequitur,
1031 4346 1158 4382 sana
1187 4334 1516 4385 contritiones
1551 4337 1686 4404 ejus,
1715 4335 1834 4403 quia
1865 4348 1997 4388 mota
2026 4345 2120 4392 est.

541 4411 766 4475 Caelesti
799 4416 1003 4470 Medico
1023 4419 1320 4485 produntur
1347 4423 1588 4487 vulnera,
1619 4433 1676 4477 ιιι
1702 4425 1948 4478 contritis
1968 4426 2128 4494 agris-

541 4510 858 4574 co‘mpetens
920 4507 1186 4562 medicina
1244 4522 1542 4566 succurrat.
1600 4513 1704 4569 Sed
1762 4515 2119 4584 intelligamus

2232 3319 2323 3374 bus
2354 3335 2426 3374 se.
2458 3319 2582 3375 lima
2613 3319 2733 3375 ideo
2778 3320 2890 3376 fieri
2935 3331 2992 3376 ut
3033 3321 3194 3377 futuri
3234 3323 3421 3393 judicii
3451 3339 3610 3396 plena
3639 3339 3798 3396 posd

2229 3407 2401 3464 evadi.
2429 3408 2543 3478 ipsa
2565 3410 2706 3464 enim
2734 3423 2894 3465 causa
2921 3410 3282 3483 subsequitur,
3315 3423 3370 3467 ut
3396 3413 3603 3484 fugiant
3625 3433 3658 3470 a
3681 3418 3748 3486 fa.
3765 3421 3801 3472 is

2229 3513 2398 3552 arcus.
2431 3495 2611 3553 Facies
2640 3515 2789 3554 arcus
2819 3499 2958 3556 diem
3001 3501 3190 3572 judicii
3228 3504 3508 3562 evidenter
3551 3509 3802 3569 ostendit,

2231 3589 2318 3644 ubi
2345 3589 2474 3646 Novi
2505 3601 2557 3647 et
2587 3591 2792 3648 Veteris
2817 3593 3144 3651 Testamenti
3179 3596 3330 3666 quasi
3357 3597 3567 3654 duobus
3598 3598 3804 3655 inﬂesz

2222 3681 2367 3753 iugis
2406 3685 2581 3740 omnis
2624 3685 2850 3754 populus
2883 3684 3169 3756 iudicatur.
3201 3687 3306 3746 Sed
3334 3688 3426 3745 ille
3453 3689 3521 3745 ab
3547 3689 3656 3746 ista
3687 3707 3804 3744 arcu

2229 3774 2498 3844 sagittam,
2547 3774 2602 3828 id
2651 3785 2734 3830 est
2771 3778 3088 3832 sententiam
3129 3792 3235 3833 non
3265 3779 3508 3848 suscipit,
3541 3779 3636 3851 qui
3665 3796 3727 3836 se
3758 3785 3803 3834 in

2231 3864 2577 3920 humilitatem
2607 3865 2957 3924 confessionis
2985 3867 3174 3924 devota
3224 3870 3520 3926 intentione
3567 3880 3803 3940 prostrao

2228 3953 2384 4008 verit.
2418 3956 2650 4025 Agamus
2678 3970 2808 4027 ergo
2850 3957 3074 4014 Domino
3111 3961 3330 4032 gratias,
3357 3960 3449 4030 qui
3480 3975 3580 4031 per
3605 3963 3802 4033 signiﬁ-

2226 4046 2448 4100 cationes
2478 4047 2914 4115 praedicationum
2954 4049 3131 4106 timeri
3159 4050 3282 4107 fecit
3311 4050 3452 4106 hunc
3478 4067 3686 4121 meum,
3713 4068 3802 4123 per

2225 4149 2383 4203 quem
2411 4135 2462 4188 in
2489 4134 2686 4204 judicio
2715 4135 2926 4192 Domini
2957 4141 3132 4195 omnis
3177 4141 3473 4210 percutitur
3499 4141 3798 4199 indevotus.

2297 4225 2450 4281 Vera.
2490 4225 2544 4280 5.
2577 4226 2645 4282 Ut
2678 4229 2951 4283 liberentur
2993 4230 3169 4286 dilecti
3209 4231 3286 4286 tui
3316 4247 3337 4287 :
3362 4232 3561 4287 salvum
3600 4251 3683 4288 me
3726 4236 3798 4302 [ac

2227 4318 2437 4372 dextera
2467 4328 2572 4386 tua,
2599 4330 2649 4374 et
2671 4321 2857 4374 exaudi
2880 4337 2978 4376 me.
2998 4321 3231 4392 Populus
3258 4322 3349 4377 ille
3377 4323 3644 4391 fidelium,
3671 4325 3796 4379 divi-

2227 4409 2308 4466 nis
2351 4411 2462 4480 jam
2509 4411 2794 4468 virtutibus
2846 4413 3194 4484 subiugatus,
3247 4415 3540 4470 secundam
3597 4425 3793 4487 partem

2226 4505 2625 4574 supplicationis
2664 4505 2988 4576 ingreditur,
3043 4507 3338 4576 deprecans
3382 4516 3440 4563 ut
3493 4505 3589 4563 Dei
3639 4509 3796 4563 virtus

539 4596 778 4666 quandiu
809 4611 903 4652 eos
932 4598 1063 4653 dicit
1101 4599 1356 4666 afﬂictos,
1379 4613 1436 4656 ut
1478 4618 1645 4672 usque
1671 4603 1736 4658 ad
1761 4606 2122 4662 contritiones

2229 4595 2596 4650 tribulationes
2625 4611 2810 4652 eorum
2841 4596 2893 4650 in
2917 4597 3094 4666 gaudii
3137 4597 3462 4653 alacritatem
3503 4608 3792 4655 convertat.

544 4691 854 4759 pervenisse
885 4691 1184 4746 videantur.
1214 4694 1315 4746 Ista
1345 4705 1430 4748 est
1458 4695 1710 4749 contritio
1735 4712 1852 4764 qua:
1879 4712 1978 4752 nos
1999 4698 2119 4752 efﬁ-

539 4784 615 4837 cit
638 4783 891 4838 fortiores
918 4799 933 4836 :
965 4782 1066 4838 ista
1094 4793 1179 4838 est
1202 4784 1638 4854 debilitatioqua:
1662 4786 1833 4840 reddit
1859 4788 2118 4842 valentes.

537 4873 882 4929 Conterimur
898 4875 1039 4930 enim
1067 4885 1269 4942 mente,
1302 4877 1515 4946 quando
1538 4878 1603 4931 ad
1632 4878 1984 4935 humilitatem
2011 4890 2119 4936 tota

544 4966 712 5020 animi
759 4967 1058 5022 intentione
1106 4967 1516 5035 descendimus,
1547 4971 1686 5026 sicut
1715 4972 1765 5026 in
1796 4973 2123 5043 quinquage-

539 5056 678 5111 simo
733 5059 938 5125 psalmo
968 5059 1164 5115 dictum
1195 5069 1316 5116 est:
1350 5061 1449 5115 Cor
1490 5065 1764 5117 contritum
1805 5074 1851 5119 et
1875 5064 2120 5120 humilia-

536 5155 645 5199 tum
680 5146 816 5202 Dens
847 5165 947 5202 non
977 5153 1166 5219 spernit
1193 5151 1366 5219 (I’sal.
1403 5168 1450 5212 ι.
1506 5152 1614 5219 lli).
1647 5153 1708 5206 Et
1741 5165 1796 5207 ut
1819 5153 2123 5208 misericor-

538 5237 681 5288 diam
712 5237 1117 5292 clemi-ntissimi
1156 5233 1360 5294 Judicis
1392 5241 1722 5309 impetraret,
1746 5242 1972 5308 addidit,
1997 5245 2121 5310 quia

537 5335 682 5379 mota
705 5338 797 5394 est,
821 5328 872 5382 id
899 5337 980 5381 est
1004 5344 1031 5381 a
1057 5331 1283 5398 pristino
1304 5346 1493 5387 errore
1519 5333 1777 5386 translata
1800 5342 1916 5396 est;
1949 5343 2000 5385 ut
2028 5333 2120 5386 tibi

539 5417 768 5473 Domino
799 5428 1006 5489 pareat,
1033 5435 1152 5490 qua:
1185 5429 1309 5476 ante
1337 5423 1494 5477 idolis
1515 5423 1800 5477 serviebat.

612 5507 762 5564 Vers.
810 5511 862 5564 5.
919 5510 1193 5564 Ostendisti
1232 5512 1420 5581 papula
1467 5521 1556 5564 tuo
1601 5515 1767 5575 dura;
1805 5510 1992 5579 potasti
2021 5527 2115 5564 nos

537 5602 656 5656 vino
702 5605 1125 5675 compunctionis.
1179 5601 1306 5655 Post
1352 5603 1604 5657 victorias
1670 5603 1931 5656 salutares
1977 5614 2114 5670 quas

537 5694 792 5752 Dominus
821 5695 889 5752 de
921 5693 1102 5750 mundi
1134 5693 1292 5749 i3tius
1317 5693 1750 5748 reconciliatione
1774 5691 1990 5761 perfecit
2022 5707 2117 5760 per

531 5791 780 5856 gratiam,
809 5789 934 5844 dicit
966 5788 1156 5861 populo
1185 5794 1292 5851 tuo,
1323 5783 1372 5840 id
1402 5792 1485 5841 est
1515 5783 1604 5840 tibi
1646 5783 1928 5854 subiugata
1955 5793 2114 5852 atque

1395 6007 1439 6038 ο

2225 4685 2290 4738 Ει
2332 4684 2468 4740 bene
2499 4696 2747 4755 precatur
2776 4688 3002 4756 populus
3038 4688 3137 4744 iste
3167 4697 3223 4742 ut
3253 4691 3422 4743 salvus
3451 4690 3544 4759 ﬁat
3569 4691 3792 4754 dextera,

2222 4777 2343 4847 quia
2371 4778 2422 4831 in
2446 4777 2560 4846 ipsa
2585 4787 2731 4845 parte
2757 4778 2941 4833 staturi
2967 4788 3110 4843 sunt,
3142 4780 3229 4848 qui
3258 4790 3516 4850 perpetua
3550 4781 3794 4836 felicitate

2220 4871 2545 4940 gaudebunt.
2589 4871 2802 4926 Poterat
2849 4871 3153 4941 supplicare
3183 4881 3239 4925 ut
3277 4873 3456 4928 salvus
3488 4871 3644 4928 fleret
3668 4883 3720 4928 et
3749 4875 3794 4924 in

2227 4959 2329 5015 hoc
2369 4961 2593 5029 saeculo,
2639 4963 2776 5016 sicut
2822 4961 2876 5016 in
2913 4962 3251 5032 languoribus
3299 4963 3521 5032 petitur,
3565 4965 3706 5020 sicut
3748 4965 3794 5017 in

2224 5050 2650 5107 tribulationibus
2680 5052 2980 5122 postulatur
3012 5071 3024 5106 :
3051 5053 3145 5108 sed
3188 5055 3397 5108 dextera
3439 5055 3656 5110 Domini
3700 5057 3797 5109 sat-

2220 5157 2339 5195 vum
2368 5154 2429 5196 se
2457 5142 2572 5210 ﬁeri
2591 5141 2926 5212 deprecatur,
2960 5144 3048 5200 ubi
3076 5151 3276 5200 aeterna
3306 5147 3452 5200 salus
3480 5158 3587 5214 εει,
3609 5157 3668 5203 et
3689 5151 3800 5202 sine

2221 5230 2328 5288 fine
2355 5231 2554 5288 laetitia.

2295 5320 2450 5378 Vers.
2483 5321 2535 5378 6.
2570 5321 2706 5377 Deus
2733 5324 2931 5378 locutus
2971 5333 3043 5378 est
3082 5325 3134 5378 in
3168 5334 3343 5379 sancto
3370 5342 3462 5380 suo
3489 5342 3510 5380 :
3542 5326 3800 5394 Lee'abor,

2217 5420 2264 5465 et
2308 5413 2536 5467 dividam
2591 5413 2904 5478 Sichimam,
2945 5423 2995 5468 et
3036 5415 3315 5468 convallem
3357 5415 3804 5472 tabernaculorum

2219 5505 2447 5560 metibor.
2475 5506 2611 5561 Deus
2641 5505 2795 5562 Pater
2820 5507 3016 5561 locutus
3037 5517 3109 5561 est
3137 5507 3189 5560 in
3216 5495 3392 5561 sancti)
3419 5524 3536 5575 suo,
3568 5510 3618 5564 id
3643 5518 3731 5564 est
3751 5511 3805 5564 in

2218 5593 2448 5659 Christo,
2487 5597 2699 5665 quando
2731 5596 2958 5649 Verbum
3003 5610 3128 5651 caro
3171 5597 3367 5651 factum
3416 5605 3500 5651 est
3531 5607 3591 5652 et
3619 5600 3805 5655 mundi

2217 5687 2458 5742 Salvator
2485 5688 2753 5758 apparuit.
2789 5687 3010 5742 Locutus
3035 5697 3106 5743 est
3135 5697 3311 5743 autem
3342 5689 3614 5758 significat
3641 5705 3807 5746 evan-

2217 5780 2440 5850 gelicam
2469 5781 2768 5850 veritatem,
2811 5794 2907 5850 per
2948 5793 3104 5850 quam
3155 5781 3304 5836 venit
3333 5778 3639 5852 redemptio
3665 5781 3800 5841 tide—
