4020 6348
212 347 316 403 821

1176 330 1536 389 EXPUSlTlU
1575 328 1640 387 ΙΝ
1679 328 2135 392 ΡεΑιτΕιὶιυΜ.
2186 335 2381 393 ISAL.
2427 337 2541 394 LIX

3387 344 3495 399 422

212 462 347 514 tium
395 466 451 513 et
494 456 765 512 beatitudo
818 465 1140 512 sanctorum.
1195 456 1433 521 Addidit,
1484 455 1711 516 lititahor,
1755 460 1804 507 et
1834 452 1878 510 Α
1908 449 2176 506 sissimam
2206 456 2655 510 resurrectionem
2698 470 2851 511 suam
2885 459 3105 514 contulit
3148 462 3264 528 spei
3297 471 3497 519 nostra:

212 551 447 603 dividam
500 548 804 603 Sichimam.
863 534 1011 603 Just'e
1069 547 1351 602 hctabatur
1408 548 1665 617 populus,
1720 546 1804 600 cui

212 658 478 713 prospere
522 642 721 696 locutus
756 641 921 712 fuerat
964 641 1238 697 Dominus.
1277 642 1381 697 Sed
1429 642 1543 696 haec
1586 642 1805 696 llebrtea

211 734 460 800 nomina,
496 747 590 802 per
614 731 752 787 hunc
780 742 833 787 et
855 733 987 787 alios
1015 740 1122 788 tres
1149 746 1333 787 versus
1364 733 1453 799 qui
1485 741 1804 801 sequuntur,

212 825 382 886 mista
407 824 607 879 Graecis
629 824 936 894 Latinisque
964 827 1325 891 sermonibus,
1356 828 1577 894 ﬁguram
1608 825 1809 880 faciunt

211 919 536 984 sardismos,
564 932 685 986 qua:
712 917 768 971 ﬁt
794 917 1126 972 diversarum
1176 918 1562 973 commixtione
1607 918 1808 987 lingua-

214 1025 360 1064 rum.
405 1009 558 1064 Nunc
602 1008 668 1063 ad
713 1010 1024 1077 exponenda
1056 1010 1214 1063 verba
1244 1010 1539 1065 veniamus.
1575 1009 1807 1064 Sicltima

213 1099 608 1170 interpretatur
632 1099 870 1164 humeri;
894 1107 947 1154 et
971 1100 1220 1170 quoniam
1242 1099 1306 1154 ad
1328 1114 1464 1155 onus
1490 1100 1807 1169 portandum

214 1189 463 1244 divinum
501 1188 709 1243 humeri
754 1189 1007 1244 decenter
1046 1198 1313 1259 aptantur,
1345 1189 1430 1244 hic
1457 1190 1630 1244 dixit:
1666 1189 1807 1243 Divi-

219 1281 345 1333 dam
380 1279 695 1345 ,Sicltimam,
729 1280 777 1333 id
806 1290 886 1336 est
910 1295 1051 1352 pnus
1080 1282 1381 1337 devotionis
1421 1282 1634 1349 divinat,
1668 1284 1808 1352 quod

217 1372 512 1443 unicuique
551 1374 755 1429 caelesti
804 1346 1179 1427 diSIi'ihutione
1224 1374 1553 1428 conceditur.
1590 1374 1699 1429 lloc
1726 1384 1809 1431 est

220 1475 366 1518 onus
386 1462 523 1532 quod
552 1464 593 1516 si
618 1462 839 1520 defuerit
866 1462 1126 1533 eadimus,
1154 1464 1198 1518 si
1227 1474 1497 1533 portamus
1520 1466 1805 1535 erigimur;

218 1549 291 1605 de
321 1566 428 1621 quo
456 1552 712 1620 scriptum
741 1560 822 1605 est
854 1570 867 1605 :
895 1549 1086 1623 Jugum
1116 1569 1279 1607 meum
1301 1570 1454 1608 suave
1482 1566 1573 1616 est,
1606 1563 1652 1608 et
1681 1572 1808 1611 onus

218 1659 399 1697 meum
417 1644 517 1698 leve
536 1642 753 1716 (Matth.
780 1661 854 1712 at,
887 1644 997 1716 30).
1029 1646 1204 1701 Laetus
1250 1662 1379 1719 ergo
1427 1648 1647 1718 pupulas
1678 1650 1808 1703 divi-

220 1733 352 1789 dere
378 1748 438 1790 se
467 1733 593 1789 dicit
636 1749 797 1806 supra
838 1734 1094 1792 humeros
1130 1752 1256 1793 suos
1283 1739 1507 1809 gratiam
1537 1740 1806 1795 servitutis

222 1927 275 1973 et
293 1918 575 1973 convallem
598 1920 1045 1976 tabernaculorum
1067 1925 1294 1979 metibor.
1321 1925 1625 1981 Patr'archa
1648 1928 1813 1983 Jacnb

226 2010 549 2079 Supellectili
580 2012 969 2083 pecoribusque
996 2014 1308 2083 ditissimus,
1335 2031 1455 2071 cum
1485 2033 1544 2072 se
1569 2034 1596 2072 a
1631 2017 1810 2073 Laban

225 2114 421 2156 socero
452 2115 551 2157 suo
579 2102 809 2172 migrare
851 2104 1193 2172 decrevisset,
1223 2107 1367 2162 venit
1404 2108 1467 2163 ad
1513 2110 1810 2166 conval'em

226 2191 422 2263 Syrize,
475 2192 567 2247 ulti
600 2194 929 2250 mansionem
964 2211 1185 2264 ponens,
1218 2210 1345 2253 oves
1391 2198 1506 2268 ejus
1547 2200 1814 2269 quievisse

231 2298 537 2356 narrantur,
584 2287 703 2343 loco
733 2288 832 2358 ipsi
879 2304 944 2345 ex
994 2289 1320 2347 habitatione
1349 2308 1441 2347 sua
1474 2292 1815 2349 tabernacula

230 2391 428 2433 nomen
476 2380 791 2449 imponens;
824 2390 875 2435 et
906 2381 1025 2452 quia
1059 2396 1188 2438 oves
1233 2382 1401 2439 Jacob
1449 2384 1537 2442 hic
1579 2383 1815 2441 Judaicze

231 2467 375 2537 plebi
421 2472 804 2527 convenienter
858 2479 1144 2542 aptantur,
1200 2474 1453 2543 populum
1496 2475 1585 2543 qui
1629 2484 1812 2547 typum

229 2569 433 2614 sancta:
484 2570 630 2615 tenet
678 2560 929 2617 Ecclesia:
969 2561 1099 2618 dicit
1134 2580 1149 2617 :
1187 2564 1402 2619 Metibor
1446 2574 1493 2620 et
1538 2571 1814 2622 convallem

229 2649 697 2717 tabernaculorum,
725 2653 774 2707 id
804 2660 904 2718 est,
934 2654 1001 2709 de
1022 2654 1239 2710 Judaica
1264 2657 1581 2712 collectione
1607 2657 1814 2713 habebo

232 2755 348 2795 non
382 2741 650 2796 minimam
678 2744 1000 2813 portionem.
1030 2746 1249 2801 Constat
1277 2748 1417 2802 enim
1444 2747 1512 2802 de
1538 2748 1698 2802 variis
1723 2763 1810 2802 na-

233 2831 479 2887 tionibus
504 2833 782 2889 Ecclesiam
806 2836 1042 2904 Domini,
1068 2839 1220 2908 quasi
1236 2852 1301 2893 ex
1316 2837 1542 2892 diversis
1570 2838 1810 2905 floribus,

230 2922 286 2974 in
324 2937 430 2976 una
462 2937 669 2978 corona:
698 2925 879 2995 specie
905 2940 1024 2982 esse
1055 2926 1354 2983 formatam.
1385 2927 1643 2983 Com-allis
1672 2931 1814 2985 enim

231 3011 375 3067 dicta
401 3022 488 3069 est
507 3015 658 3085 quasi
688 3026 873 3072 cavata
903 3017 1072 3073 vallis.

306 3104 462 3162 Vers.
490 3108 545 3162 ’1.
574 3106 722 3164 Meas
752 3118 826 3164 est
854 3106 1078 3179 Galaad,
1108 3118 1155 3167 et
1180 3127 1320 3166 meus
1349 3122 1422 3167 est
1451 3110 1738 3181 Manasses,
1767 3122 1815 3168 et

1908 543 2338 611 cOpiosissimum
2368 546 2629 602 fructum?
2662 550 2800 603 sicut
2836 551 2888 603 in
2917 550 3204 620 Evangelio
3237 553 3496 611 Dominus

1907 634 2076 689 dicit:
2105 635 2223 690 Nisi
2258 655 2474 709 granum
2514 642 2672 695 tritici
2706 642 2893 697 cadens
2933 646 2986 699 in
3014 654 3203 699 terram
3236 659 3495 703 mortuum

1915 727 2094 796 fuerit,
2125 728 2293 797 ipsum
2329 732 2495 785 solum
2525 743 2723 798 manet;
2749 736 2793 788 si
2828 747 2995 791 autem
3030 748 3286 793 mortuum
3317 743 3492 811 fuerit,

1909 818 2125 871 multum
2152 819 2379 889 fructum
2413 820 2565 889 a/Tcrt
2590 823 2766 891 (Joan.
2816 843 2908 893 xu,
2941 827 3055 897 2i).
3089 830 3321 902 Adjeeit,
3349 834 3495 888 Iuda

1909 921 1999 961 rea
2039 924 2202 964 meus.
2249 907 2392 964 Juda
2418 910 2664 969 Christus
2691 916 2805 985 sign
2835 915 3037 983 ﬁeatur,
3075 920 3162 989 qui
3196 923 3493 978 secundum

1910 1013 2126 1055 can-em
2156 1000 2225 1057 de
2253 1001 2406 1058 Iudae
2444 1004 2613 1074 stirpe
2648 1005 2943 1065 descendit.
2978 1011 3080 1066 Iste
3107 1027 3235 1083 ergo
3268 1017 3493 1084 populus

1910 1106 1939 1146 a
1984 1092 2123 1148 tituli
2169 1094 2259 1150 illa
2310 1096 2657 1166 inscriptione
2705 1116 2809 1155 non
2854 1101 3143 1173 discrepat,
3182 1108 3269 1173 qui
3312 1123 3491 1178 regem

1910 1180 2009 1235 sibi
2036 1181 2249 1252 ludam,
2287 1185 2337 1240 id
2367 1194 2452 1241 est
2478 1186 2813 1244 Salvatorem
2854 1206 2975 1246 esse
3002 1202 3244 1249 testatur.
3276 1197 3342 1253 Et
3370 1214 3493 1253 cum

1912 1274 2265 1333 exsultatione
2292 1278 2576 1335 dicendum
2609 1292 2691 1338 est
2724 1301 2735 1337 :
2762 1282 2904 1339 Juda
2932 1302 3025 1340 rem
3051 1304 3210 1355 meus,
3240 1294 3493 1361 quoniam

1868 1424 1869 1427 η
1913 1365 2025 1421 haec
2048 1377 2131 1422 est
2161 1368 2392 1425 ﬁdelium
2414 1372 2646 1440 gloriosa
2675 1375 2942 1431 confessio

1985 1457 2139 1513 Vera.
2177 1459 2231 1515 8.
2272 1459 2423 1515 Moab
2454 1462 2560 1518 olla
2586 1467 2696 1533 spei
2716 1483 2871 1532 mete;
2909 1470 2963 1523 in
2996 1470 3280 1528 ldummam
3318 1486 3492 1532 eaten-

1912 1550 2033 1604 dam
2052 1552 2449 1608 calccamentum
2477 1573 2642 1611 meum
2657 1574 2676 1624 ,°
2709 1558 2835 1614 mihi
2860 1562 3109 1633 allaphyli
3135 1567 3324 1621 subditi
3353 1580 3489 1624 sunt.

1915 1637 2068 1694 Moab
2094 1655 2191 1711 pro
2214 1644 2460 1711 gentibus
2483 1649 2720 1717 ponitur,
2745 1650 2886 1708 unde
2905 1658 3328 1725 congregandam
3358 1675 3495 1729 prte-

1911 1731 2122 1787 dicebat
2161 1732 2482 1790 Ecclesiam.
2527 1737 2645 1793 Olla
2684 1742 2793 1812 spei
2835 1743 3108 1800 tribulatio
3135 1748 3491 1815 signiﬁcatur,

130 1828 143 1833 “
220 1833 281 1881 et
305 1825 452 1892 ﬁdei,
478 1840 637 1896 quam
667 1825 817 1883 novit
839 1827 1110 1885 levissimo
1134 1829 1279 1887 fasce
1307 1841 1538 1902 portare.
1568 1832 1805 1903 Addidit,
1840 1822 1888 1880 Β
1913 1824 2007 1878 εθά
2060 1823 2151 1878 illa
2196 1840 2354 1894 quam
2386 1827 2440 1881 in
2477 1829 2579 1884 hoc
2621 1830 2820 1887 mundo
2863 1835 3183 1890 sanctissimi
3232 1840 3498 1897 susﬁnrnt

1916 1914 2227 1983 Christiani,
2260 1933 2381 1987 qua:
2410 1919 2475 1975 ad
2502 1918 2654 1991 spem
2683 1923 2807 1981 vita:
2833 1934 3066 1991 aeternae,
3101 1928 3324 1985 Domino
3355 1948 3495 2000 prm-
3550 1922 3551 1925 “

1915 2015 2112 2073 stante,
2144 2008 2454 2080 porrigitur,
2481 2012 2620 2068 sicut
2654 2014 2784 2070 dicit
2826 2017 3118 2086 Apostolus
3153 2042 3167 2073 :
3199 2021 3497 2077 Glorientur

1914 2096 1969 2151 in
1995 2098 2424 2169 tribulationibus,
2466 2103 2677 2158 scientes
2717 2105 2838 2174 quia
2886 2107 3147 2163 tribulatio
3196 2112 3497 2181 patientiam

1915 2200 2155 2261 operatur
2181 2208 2200 2247 :
2230 2194 2477 2263 patientia
2499 2206 2670 2251 autem
2699 2198 3071 2271 probationem,
3106 2203 3338 2271 probatio
3376 2222 3497 2260 veno

1914 2298 2077 2352 spem,
2102 2299 2217 2356 spes
2238 2293 2408 2339 autem
2434 2301 2535 2340 non
2563 2288 2829 2358 confundit
2853 2289 3032 2359 (Rom.
3053 2308 3108 2358 v,
3135 2291 3216 2362 ὁ),
3244 2302 3349 2349 etc.
3374 2294 3499 2350 Olla
3596 2282 3601 2287 ’

1917 2388 2045 2430 vero
2072 2383 2127 2429 et
2157 2376 2210 2429 in
2242 2376 2432 2430 malam
2472 2388 2676 2444 partem
2725 2379 2963 2449 ponitur,
2990 2396 3057 2438 eo
3079 2384 3220 2453 quod
3252 2387 3305 2440 in
3332 2401 3497 2442 sensu

1918 2481 2081 2535 pravo
2110 2467 2256 2523 velut
2290 2468 2425 2522 unda
2456 2467 2786 2527 decoctionis
2814 2481 3108 2541 exaestuat;
3140 2475 3208 2531 de
3238 2476 3336 2532 hac
3366 2478 3498 2533 scri-

1915 2567 2064 2627 ptttm
2100 2567 2182 2613 est
2214 2575 2228 2611 :
2263 2556 2382 2613 0lla
2419 2575 2664 2618 succensa
2709 2563 2762 2617 in
2808 2563 3058 2633 Aquilone
3098 2565 3231 2637 (Jer.
3281 2584 3319 2634 ι,
3372 2570 3497 2639 13);

1916 2647 2058 2716 quod
2104 2647 2286 2718 utique
2336 2649 2531 2705 diaboli
2591 2653 2854 2719 signiﬁcat
2908 2656 3363 2726 machinationes,
3405 2663 3495 2729 qui

1917 2736 2051 2791 dixit
2082 2754 2095 2791 :
2130 2737 2332 2791 Ponant
2370 2740 2539 2793 sedem
2570 2757 2733 2794 meam
2761 2743 2829 2796 ad
2856 2744 3162 2815 Aquilonem
3187 2747 3341 2819 (lsai.
3387 2766 3493 2813 xw,

1919 2829 2032 2900 15).
2062 2829 2336 2900 Sequitur,
2376 2832 2429 2884 in
2466 2829 2753 2886 Idumaaam
2796 2836 3065 2890 extendam
3102 2840 3497 2894 calceamentum

1916 2933 2101 2972 meum.
2152 2916 2386 2973 Idumam
2431 2927 2640 2975 terrena
2690 2920 2977 2990 signiﬁcat,
3026 2925 3219 2994 quibus
3267 2930 3498 2984 mundus

1919 3018 2129 3064 tenetur
2174 3009 2456 3064 obnoxius.
2518 3009 2598 3065 Ad
2652 3009 2767 3065 haec
2816 3013 3060 3081 pervenit
3115 3014 3494 3087 Evangelium,

1918 3100 2129 3171 quando
2159 3099 2531 3169 peccatoribus
2560 3101 2843 3158 clementia
2877 3104 3056 3161 divina
3087 3107 3353 3164 subvenit.
3379 3110 3499 3165 Cal-

237 3196 579 3273 επηπιμηε,
610 3200 702 3265 Αη
733 3199 1003 3274 Ephrem]
1034 3204 1281 3274 [οηίιαάο
1311 3203 1643 3273 capitam,-
1673 3205 1815 3260 ,ιυάα
1844 3200 1889 3262 C
1922 3203 2238 3248 ceamentum
2293 3194 2436 3249 enim
2490 3196 2924 3264 praedicationem
2984 3199 3257 3270 Evangelii
3307 3218 3500 3261 convc~

233 3305 330 3343 rex
370 3306 530 3346 meas.
577 3291 941 3347 Discutiamus
987 3294 1101 3349 hate
1151 3296 1385 3359 nomina,
1428 3296 1680 3366 quoniam
1727 3312 1811 3363 ea,

232 3381 375 3436 sicut
412 3382 522 3450 jam
565 3382 817 3450 diximus,
865 3385 1277 3455 signiﬁcationes
1318 3401 1494 3442 rerum
1539 3386 1817 3443 enntinere

234 3471 576 3527 utanil'esmm
611 3482 720 3530 est.
757 3474 958 3529 Galaad
1000 3477 1380 3545 interpretatur
1416 3492 1637 3533 acervus
1670 3480 1819 3533 testi-

233 3563 427 3631 monii,
454 3564 596 3634 quod
636 3564 702 3620 ad
741 3576 1003 3637 martyres
1048 3567 1237 3623 referri
1279 3583 1435 3637 posse
1463 3585 1567 3624 non
1600 3570 1816 3625 dubium

233 3665 337 3713 est.
380 3657 570 3713 Testes
615 3659 758 3714 enim
804 3660 987 3716 Graeca
1034 3662 1208 3732 lingua
1248 3673 1509 3732 martyres
1549 3662 1816 3718 dicuntur.

234 3749 381 3819 Ergo
407 3763 631 3805 acervus
654 3751 742 3806 ille
769 3753 1079 3820 testimonii,
1104 3753 1193 3823 qui
1214 3754 1509 3809 cmlestium
1530 3769 1817 3823 granorum

232 3844 625 3898 numerositate
670 3842 927 3899 collectus
965 3854 1067 3910 est,
1107 3859 1351 3914 magnam
1396 3843 1660 3914 signiﬁcat
1698 3858 1821 3901 esse

233 3940 535 4001 martyrum
585 3934 1075 4003 congregationem.
1124 3937 1362 3989 Acervus
1405 3934 1547 3990 enim
1597 3936 1664 3990 de
1711 3935 1821 3992 imo

234 4035 487 4090 surgens,
519 4023 584 4077 ad
622 4037 888 4080 summum
944 4024 1140 4089 tendit;
1185 4026 1272 4094 qui
1312 4025 1453 4094 jnste
1497 4026 1822 4095 martyribus

236 4123 603 4184 comparatur,
634 4115 884 4186 quoniam
929 4118 993 4171 ad
1040 4117 1359 4171 immortalia
1384 4118 1522 4171 dona
1558 4116 1819 4185 perducti,

236 4205 448 4262 cmlesti
493 4207 799 4263 summitate
856 4210 1148 4277 potiuntur.
1203 4208 1353 4263 Hunc
1399 4220 1529 4278 ergo
1574 4222 1822 4263 acervum

236 4301 439 4355 merito
481 4314 635 4355 suum
682 4301 856 4357 ﬁdelis
905 4302 1129 4372 populus
1171 4301 1321 4366 dicit,
1360 4316 1429 4357 ex
1471 4316 1575 4371 quo
1615 4309 1824 4356 constat

236 4389 486 4445 enectus.
526 4391 803 4461 Sequitur,
832 4400 880 4445 et
923 4408 1062 4445 mcus
1098 4400 1173 4446 est
1222 4389 1508 4445 Monaeses.
1554 4390 1823 4445 Manasses

238 4483 625 4550 interpretatur
650 4482 869 4537 oblitus.
901 4482 1045 4537 Inter
1079 4481 1195 4537 illas
1239 4482 1379 4537 enim
1428 4482 1823 4552 persecutiones

1920 3284 2129 3341 nienter
2154 3283 2501 3351 advertimus,
2528 3285 2651 3356 quia
2680 3285 2820 3342 sicut
2846 3289 3069 3356 pedibus
3100 3293 3296 3348 nostris
3328 3296 3500 3349 muni-

1919 3377 2059 3430 mina
2101 3376 2560 3430 calceamentorum
2608 3376 2881 3432 molestias
2937 3380 3207 3451 spinarum
3261 3386 3501 3456 aliasque

1919 3466 2141 3537 injurias
2166 3467 2455 3536 repellunt,
2506 3469 2577 3523 ita
2604 3478 2657 3523 et
2680 3470 2804 3526 vite
2826 3480 3025 3527 nostra:
3051 3473 3498 3543 gloriosissimum

1919 3558 2242 3623 institutum,
2274 3558 2416 3628 quod
2467 3560 2775 3631 frequenter
2817 3563 3094 3632 gressibus
3136 3578 3499 3636 comparatur,

1920 3650 2222 3719 evangelica
2282 3650 2569 3719 praemunit
2623 3652 2948 3721 auctoritas,
2998 3663 3056 3708 ut
3108 3656 3197 3710 tali
3239 3658 3503 3716 beneﬁcio

1920 3740 2257 3802 commoniti.
2291 3741 2430 3796 hunc
2458 3741 2717 3798 mundum
2740 3744 2855 3798 sine
2877 3744 3143 3816 aliquibus
3171 3748 3501 3818 ltesionibus,

1923 3834 2202 3889 muniente
2231 3834 2479 3902 Domino,
2509 3843 2865 3891 transeamus.
2906 3837 3172 3908 Scriptum
3202 3850 3287 3896 est
3314 3845 3456 3899 enim
3484 3863 3498 3899 :

1926 3925 2094 3993 Quam
2116 3927 2330 3997 speciosi
2354 3926 2504 3997 pedes
2534 3943 2709 3981 eorum
2736 3928 2824 3997 qui
2848 3932 3154 3983 annuntiant
3183 3949 3378 4001 pacem,
3404 3939 3500 4005 qui

1922 4018 2227 4072 anttuntiant
2275 4018 2407 4072 bona
2455 4016 2609 4087 (Isai.
2660 4034 2753 4085 LII,
2803 4021 2898 4089 7)!
2931 4006 2978 4074 et
3020 4025 3229 4076 calceati
3271 4004 3422 4095 pedes
3451 4029 3504 4083 in

1923 4106 2346 4177 preparationem
2374 4106 2634 4176 Evangelii
2656 4105 2872 4178 (Ephes.
2904 4124 2976 4174 νι,
3005 4108 3111 4181 15).
3142 4113 3250 4169 lloc
3270 4108 3503 4185 estergo

1924 4200 2320 4252 calceamentum
2351 4199 2490 4268 quod
2530 4214 2625 4254 nos
2664 4200 2833 4255 munit
2875 4212 3060 4257 contra
3093 4205 3239 4269 vitia,
3270 4206 3383 4263 lucc
3412 4211 3505 4265 de.

1925 4290 2096 4345 fensio
2144 4307 2263 4361 qua:
2307 4291 2488 4347 szeculi
2552 4292 2709 4364 hujus
2770 4295 2985 4364 spinosa
3044 4300 3405 4367 transcendit,
3451 4311 3505 4359 ut

1925 4381 2121 4436 laedere
2148 4397 2250 4434 non
2281 4392 2501 4451 queant,
2531 4399 2650 4454 quae
2679 4387 2993 4440 acuminatis
3020 4387 3227 4443 insidiis
3271 4392 3504 4459 proban-

1926 4480 2011 4525 tttr
2042 4480 2263 4525 armata.
2302 4472 2532 4541 Atljecit,
2568 4474 2692 4528 mihi
2724 4476 2976 4548 allophyli
3009 4481 3199 4533 subditi
3227 4492 3366 4536 sunt.
3396 4484 3506 4537 Hoc

240 4574 516 4641 ﬁdelium,
566 4589 815 4644 magnum
861 4575 1202 4643 opprobrium
1255 4574 1535 4630 videbam,-
1585 4576 1820 4631 εςοιεείε
1850 4573 1904 4634 1)
1929 4565 2067 4618 idem
2098 4565 2224 4620 dicit
2249 4566 2475 4634 pupulus
2497 4566 2832 4623 Christianus
2861 4570 3172 4640 allapltylos,
3201 4571 3249 4624 id
3277 4582 3357 4627 cst
3379 4573 3506 4627 alie-

238 4669 533 4732 sustinere,
564 4667 776 4736 quando
816 4667 1120 4737 quicunque
1162 4669 1325 4741 200
1368 4668 1702 4722 Christianus
1743 4668 1823 4722 in-

240 4766 435 4812 ventus
467 4757 674 4826 luisset,
703 4768 969 4828 praecepto
998 4759 1295 4829 principum
1325 4775 1648 4830 paganorum
1678 4758 1824 4830 capi-

240 4848 333 4902 tali
364 4848 593 4903 crimine
620 4847 989 4904 damnabatur.
1033 4848 1146 4904 Hoc
1185 4863 1313 4921 ergo
1340 4848 1685 4920 opprobrium
1707 4849 1819 4919 jam

240 4941 501 5009 probatur
547 4940 803 4995 abolitum
844 4949 901 4997 et
937 4941 1078 4996 felici
1116 4941 1385 4997 oblivione
1422 4950 1818 5010 consumptum,

239 5032 460 5107 quando
496 5032 857 5089 Christianum
886 5049 1007 5089 esse
1033 5035 1084 5088 in
1115 5033 1243 5090 orbe
1275 5033 1517 5089 Romano
1546 5048 1684 5089 nunc
1712 5034 1825 5103 glo-

238 5126 317 5179 ria
360 5135 467 5180 est.
512 5124 697 5180 Merito
733 5141 860 5197 ergo
899 5126 1069 5181 ﬁdelis
1106 5126 1329 5196 populus
1350 5126 1481 5182 dicit
1504 5126 1822 5182 oblivionem

241 5217 391 5271 illam
430 5231 554 5273 esse
592 5234 767 5288 suam,
804 5234 922 5289 quae
960 5229 1074 5274 erat
1113 5218 1180 5273 de
1225 5218 1487 5273 scelerum
1534 5218 1825 5274 abolitione

239 5316 496 5375 ventura,
525 5310 664 5364 sicut
691 5309 887 5379 Joseph
918 5310 1045 5364 dicit
1079 5326 1091 5362 :
1126 5309 1365 5364 Oblivisci
1410 5324 1487 5363 me
1528 5309 1646 5379 fecit
1686 5309 1825 5364 Deus

239 5397 471 5452 dolorem
494 5408 541 5453 et
571 5400 777 5453 domum
809 5401 969 5468 patris
997 5400 1094 5453 ntei
1121 5398 1272 5472 (Gen.
1306 5413 1415 5463 xu,
1442 5399 1552 5468 51).
1583 5400 1821 5468 Addidit,

241 5498 288 5541 et
334 5486 537 5555 Eﬂ'rem
566 5490 813 5557 fortitudo
852 5491 1036 5560 capitis
1076 5491 1195 5545 mei.
1243 5489 1435 5556 E/frem
1488 5489 1825 5546 fructiﬁcatio

244 5580 471 5649 dicitur;
508 5582 601 5637 sed
641 5596 760 5652 qua
800 5582 870 5637 sit
913 5583 1013 5637 ista
1060 5580 1400 5636 lrnctiﬁcatio
1436 5588 1827 5649 consequenter

246 5674 553 5743 exponitur,
587 5674 833 5742 fortitudo
872 5674 1050 5745 capitis
1094 5673 1212 5727 mei.
1252 5672 1382 5741 Quis
1409 5670 1545 5725 alter
1583 5670 1682 5725 nisi
1712 5669 1827 5725 Sal-

250 5780 399 5826 vator
425 5776 509 5825 est
552 5769 827 5835 Dominus,
857 5769 944 5840 qui
992 5780 1151 5824 carne
1193 5765 1470 5822 moriendo
1500 5778 1594 5837 per
1619 5761 1825 5834 glorio-

1928 4658 2147 4727 nigenas
2177 4657 2277 4712 sibi
2307 4657 2557 4725 subditos,
2586 4675 2717 4728 quos
2756 4660 2865 4727 jam
2896 4662 3108 4729 quidem
3141 4671 3353 4716 constat
3386 4680 3506 4719 esse

1927 4747 2222 4803 confessos.
2274 4748 2380 4803 Sed
2428 4753 2558 4803 istos
2601 4749 2892 4819 allopltylos
2925 4751 3075 4805 fictos
3119 4751 3233 4805 vult
3281 4753 3505 4823 intelligi

1928 4842 2278 4908 Christianos,
2322 4844 2411 4913 qui
2460 4844 2596 4898 inter
2646 4845 2826 4899 fideles
2877 4846 3087 4899 assidua
3132 4845 3347 4914 quidem
3399 4848 3506 4903 fre-

1930 4937 2272 5007 quentatione
2301 4938 2658 5003 conveniunt;
2696 4937 2788 4993 sed
2826 4938 3075 5006 quoniam
3114 4940 3297 4994 vivunt
3326 4940 3506 4996 animo

1930 5043 2205 5097 perverso,
2235 5043 2339 5082 non
2371 5039 2494 5083 sunt
2522 5029 2789 5098 regnaturi
2821 5043 2940 5080 cum
2974 5027 3219 5083 Domino.

2007 5120 2158 5173 Vers.
2188 5120 2241 5174 9.
2275 5118 2399 5185 Quis
2424 5120 2637 5173 deducet
2659 5136 2738 5173 me
2756 5120 2807 5171 in
2840 5119 3088 5171 civitatem
3112 5121 3393 5175 munitam?
3418 5131 3507 5176 aut

1929 5210 2042 5280 quis
2068 5208 2277 5261 deducet
2300 5225 2376 5260 nte
2402 5224 2556 5277 usque
2586 5208 2639 5260 in
2671 5205 2989 5259 ldumwam?
3022 5207 3291 5264 Desiderio
3316 5210 3507 5265 futura:

1930 5299 2273 5354 beatitudinis
2317 5299 2489 5353 ﬁdelis
2517 5298 2741 5366 pepnlns
2775 5297 3038 5352 exclamat
3070 5300 3134 5351 ad
3172 5299 3454 5356 Dominum
3489 5321 3504 5357 :

1936 5391 2061 5457 Quis
2097 5391 2307 5443 deducet
2346 5391 2461 5443 me?
2502 5390 2550 5443 id
2598 5398 2679 5442 est
2710 5388 2904 5455 nullus,
2939 5390 3044 5445 nisi
3082 5400 3134 5445 tu
3164 5393 3312 5447 solus
3341 5392 3507 5450 Dens.

1929 5483 2195 5539 Civitatem
2236 5482 2483 5534 munitam
2510 5478 2806 5535 Jerusalem
2848 5482 3074 5537 futuram
3105 5482 3256 5551 dicit,
3286 5500 3403 5555 quas
3430 5486 3507 5542 sic

1934 5576 2137 5630 munita
2177 5582 2338 5641 atque
2385 5570 2619 5641 perfecta
2648 5574 2771 5639 erit,
2805 5583 2862 5628 ut
2904 5575 3045 5630 nulla
3076 5576 3298 5633 ulterius
3332 5593 3507 5645 perse~

1935 5667 2147 5723 cutione
2192 5664 2490 5734 quatiatur,
2536 5680 2633 5719 nec
2684 5666 2979 5738 allaphylos
3034 5668 3226 5725 habeat
3279 5671 3507 5735 mixtos,

1933 5773 2067 5833 quos
2098 5772 2235 5816 nunc
2258 5756 2485 5812 sustinet
2514 5757 2774 5828 patienter
2803 5759 3059 5815 Ecclesia.
3092 5760 3345 5843 Sequitur
3371 5780 3382 5815 :
3408 5764 3504 5833 Aut
