4036 6342
519 345 620 402 £23
1731 348 1801 406 tt.
1848 348 2130 405 AURELll
2170 349 2568 410 CASSIODURI
3697 344 3802 409 tat

517 464 633 530 quis
659 465 872 517 deducet
916 479 992 516 me
1031 479 1186 530 usque
1225 463 1274 514 in
1313 461 1637 515 Idunurmn?
1685 463 1937 526 Idumam.
1971 464 2108 518 sicut
2140 466 2184 523 Α
2213 463 2366 528 sime,
2399 479 2532 531 opus
2560 476 2677 518 sunt
2711 481 2879 534 arma,
2911 467 2998 537 qui
3038 465 3236 521 habere
3269 466 3390 519 talia
3421 465 3668 534 probaris
3711 481 3805 520 au-

521 559 770 625 superius
817 559 1066 621 divinius,
1120 567 1328 611 terrena
1378 555 1659 624 signiﬁcat.
1720 557 1846 621 Quis
1895 558 2108 610 deducet

524 651 641 702 me?
680 649 781 702 sub
823 647 1238 715 interrogatione
1286 647 1566 716 legendum
1597 657 1701 714 est,
1736 649 1870 716 ipse,
1905 649 2107 702 scilicet

524 741 683 806 Dens,
727 758 883 810 quem
925 741 1050 794 dicit
1099 740 1340 796 inferius.
1397 741 1676 798 Desiderat
1718 743 1858 796 enim
1894 753 1945 796 et
1986 741 2107 797 illos

524 834 747 902 pepulos
773 834 869 888 sibi
891 833 1168 902 applicari,
1195 835 1285 904 qui
1315 835 1489 889 adhuc
1515 850 1622 890 non
1653 846 1960 891 meruerunt
1986 852 2106 891 esse

524 927 774 993 perfecti,
808 935 862 979 ut
897 927 1163 995 cmnpleto
1204 941 1427 981 numero
1474 927 1992 996 praedestinatorum,
2031 928 2106 981 si-

520 1018 628 1071 mul
661 1019 724 1069 ad
757 1027 974 1072 mternaa
1006 1018 1351 1074 beatitudinis
1377 1020 1567 1090 gaudia
1596 1022 1958 1089 pervenirent.

594 1109 739 1162 Vers.
775 1111 862 1165 lt).
899 1109 1086 1164 Nonne
1115 1121 1189 1177 tu,
1226 1109 1381 1175 Deus,
1402 1113 1491 1182 qui
1513 1113 1741 1184 repuliin
1779 1128 1906 1177 nos;
1929 1125 1975 1165 et
2005 1129 2102 1167 nox

515 1202 804 1270 egredieris,
835 1201 991 1268 Deus,
1019 1203 1070 1254 in
1095 1204 1361 1257 virtutibus
1385 1205 1607 1259 nostris?
1629 1204 1884 1269 Dicendo,
1921 1203 2105 1258 Nonne

515 1302 592 1358 tu,
622 1293 798 1349 Deus?
823 1296 1059 1352 ostendit
1083 1297 1148 1348 de
1173 1313 1276 1364 quo
1299 1298 1568 1366 superius,
1601 1299 1736 1368 quis,
1762 1297 2102 1352 diccbat..Tu

517 1406 723 1451 revera.
758 1390 1003 1454 Domine,
1037 1391 1292 1459 per-duces
1333 1391 1396 1443 ad
1438 1405 1597 1460 regna
1632 1401 1742 1456 tua,
1775 1391 1864 1460 qui
1896 1406 1990 1445 nos
2021 1390 2102 1445 l'e-

514 1482 592 1533 c‘s
619 1481 632 1533 i
664 1482 920 1536 damnare
966 1483 1286 1546 simulacra,
1316 1493 1366 1534 ut
1403 1483 1567 1551 prosit
1599 1482 1751 1536 nobis
1789 1491 1841 1537 te
1870 1493 2101 1548 secutos,
2139 1507 2142 1510 ’

514 1586 672 1640 quem
722 1571 1002 1625 evidenter
1053 1574 1372 1640 agnovimus
1429 1574 1599 1627 solum
1649 1571 1957 1628 Creatorem
2008 1590 2106 1628 no-

515 1670 707 1720 strum,
742 1661 916 1713 solum
964 1661 1161 1715 debere
1211 1677 1330 1717 esse
1381 1664 1694 1732 propitium.
1739 1663 1875 1718 Dicit
1911 1665 2051 1719 enim
2087 1683 2101 1720 :

517 1752 620 1816 Qui
662 1753 896 1822 repulisti
938 1769 1050 1816 nos,
1096 1752 1277 1832 idest
1313 1769 1343 1806 a
1389 1756 1531 1808 malo
1581 1755 1918 1825 prohibuiSti,
1953 1773 2020 1811 ne
2049 1757 2103 1810 in

521 1852 699 1896 nostra
746 1846 1015 1900 voluntate
1056 1853 1393 1901 versaremur
1431 1848 1662 1902 erronei.
1714 1848 1922 1916 Repulit
1963 1851 2104 1904 enim
2139 1834 2186 1893 Β

518 1935 775 1988 Dominus
818 1951 846 1988 a
889 1938 1145 2007 re'igione
1193 1953 1464 2008 perversa,
1495 1956 1652 2010 quem
1689 1941 1936 2010 dignatur
1980 1957 2105 2012 per-

516 2029 713 2081 ducere
765 2028 829 2082 ad
884 2029 1131 2099 dogmata
1179 2030 1505 2096 Christiana,
1557 2034 1694 2086 sicut
1741 2041 1795 2087 et
1837 2034 1888 2086 in
1934 2033 2106 2100 primo

518 2132 676 2172 versu
709 2119 864 2188 hujus
897 2121 1089 2186 psalmi
1137 2121 1340 2177 dictum
1383 2132 1466 2176 est
1503 2140 1516 2175 :
1556 2122 1719 2189 Deus,
1751 2126 1984 2193 rcpulisti
2013 2141 2106 2180 nos

513 2218 559 2261 et
589 2210 888 2264 destruxisti
915 2227 1006 2266 nos
1033 2227 1052 2265 :
1081 2213 1241 2265 iratus
1274 2230 1346 2274 es,
1379 2223 1424 2266 et
1471 2214 1705 2267 misertus
1732 2229 1784 2268 es
1814 2215 1978 2268 nobis.
2011 2214 2107 2268 Se-

512 2301 713 2368 quitur,
748 2301 810 2354 Et
847 2319 948 2356 non
985 2303 1276 2371 egredieris,
1322 2303 1473 2363 Deus,
1517 2305 1568 2356 in
1604 2291 1868 2358 virtutibus
1895 2305 2100 2359 nostris.

513 2393 719 2448 Sensus
749 2393 869 2448 talis
899 2403 982 2450 est
1010 2412 1023 2447 :
1055 2397 1297 2465 quamvis
1331 2395 1381 2450 in
1413 2395 1590 2450 futuro
1625 2398 1691 2452 de
1724 2396 2104 2451 misericordia:

516 2493 618 2537 tua:
667 2499 762 2553 spe
811 2500 998 2555 magna
1029 2486 1293 2548 laetemur,
1326 2495 1502 2540 tamen
1548 2489 1597 2540 in
1628 2489 1875 2556 prmsenti
1908 2487 2104 2542 saaéulo

517 2591 624 2630 non
671 2576 738 2630 ita
786 2591 884 2631 nos
914 2579 1184 2632 cernimus
1217 2578 1477 2647 adjuvari,
1519 2589 1575 2633 ut
1617 2581 1954 2636 adversarios
2002 2596 2101 2636 no-

512 2677 672 2732 stros,
709 2669 1104 2739 te'0pitulante,
1139 2672 1432 2725 vincamus.
1465 2673 1590 2726 llm'c
1631 2688 1751 2726 eum
1798 2687 1902 2727 non
1952 2675 2098 2741 liant,

511 2761 604 2815 scd
653 2763 820 2832 magis
863 2762 1244 2818 afﬂictionibus
1287 2779 1647 2832 exponuntur,
1688 2765 1955 2818 mSIimaut
1996 2766 2098 2819 ini-

511 2856 658 2919 mici,
686 2856 826 2926 quod
857 2873 959 2910 non
989 2858 1266 2928 egrediaris
1297 2859 1348 2911 in
1378 2859 1601 2912 virtutib;
1624 2875 1648 2912 s
1671 2860 1877 2912 nostris.
1907 2857 2099 2914 Verum

511 2945 610 2999 ista
655 2945 1010 3002 dissimulatio
1051 2948 1302 3002 salutaris
1348 2957 1402 3001 et
1447 2948 1679 3018 gloriosa
1724 2949 1967 3015 probatio
1995 2960 2098 3013 est,

512 3043 648 3094 sicut
677 3041 805 3094 dir-it
839 3043 1126 3110 Apostolus
1159 3060 1172 3097 :
1206 3042 1270 3095 Id
1313 3044 1444 3096 enim
1483 3044 1617 3111 quod
1662 3043 1711 3094 in
1760 3042 1995 3110 ρτιωρηιὶ
2027 3050 2098 3094 est

511 3140 915 3185 titomenlaneutn
957 3143 1002 3186 et
1048 3135 1150 3189 leve
1191 3134 1527 3186 tribulationis
1562 3142 1764 3196 nostra},
1798 3149 1954 3197 supra
1989 3149 2098 3186 mo-

512 3225 634 3276 dum
666 3225 714 3275 in
747 3225 1058 3278 sublimitate
1087 3235 1287 3278 (eterna:
1323 3227 1501 3294 g'oria:
1541 3224 1738 3291 pondus
1771 3233 2014 3294 Operatur
2047 3225 2098 3278 in
2127 3201 2172 3264 ϐ

513 3316 656 3370 nobis
689 3313 777 3388 (II
809 3316 929 3370 Cor.
964 3333 1034 3382 Iv,
1072 3317 1180 3385 l7).

588 3407 738 3463 Vcrs.
777 3410 856 3462 ll.
891 3405 968 3462 Da
993 3409 1133 3462 nobis
1160 3409 1413 3462 auxilium
1437 3409 1498 3463 de
1517 3405 1877 3474 tribulatione,
1904 3420 1949 3464 et
1970 3426 2099 3464 vana

481 3525 483 3528 ι
510 3499 650 3552 salus
675 3500 916 3554 hominis.
957 3499 1242 3569 Postquam
1274 3501 1408 3556 dixit
1449 3509 1630 3556 sancta
1661 3503 2004 3572 congregatio
2029 3502 2099 3555 ab

509 3587 742 3643 inimicis
772 3605 829 3644 se
859 3589 911 3644 in
944 3590 1045 3644 hoc
1075 3592 1272 3647 sacculo
1303 3593 1519 3647 minime
1546 3593 1824 3661 vindicari,
1861 3595 2004 3648 venit
2030 3594 2096 3649 ad

508 3682 923 3737 consolatoriam
952 3684 1282 3748 oratiunem,
1317 3696 1370 3738 ut
1408 3686 1476 3740 de
1525 3683 1869 3741 tribulatione
1911 3687 2095 3742 mundi

508 3772 694 3839 istius,
725 3790 882 3843 quam
929 3775 1128 3846 jugiter
1173 3775 1486 3842 sustinebat,
1537 3777 1744 3831 Domini
1793 3779 2096 3846 proveniret

506 3866 770 3921 auxilium
806 3884 819 3921 :
851 3869 1028 3922 sciens
1080 3877 1226 3922 tanto
1274 3883 1710 3940 unumquemque
1760 3870 1866 3923 illic
1905 3885 2095 3924 conso-

505 3958 748 4022 landum,
775 3971 974 4030 quanto
999 3960 1082 4016 hic.
1115 3979 1208 4030 pro
1233 3963 1348 4031 ejus
1382 3963 1599 4018 nomine
1625 3961 1783 4018 fuerit
1809 3962 2095 4018 vehemen-

504 4060 586 4106 ter
639 4052 889 4117 aﬂlictus,
941 4054 1077 4108 sicut
1127 4054 1179 4107 in
1229 4053 1520 4124 Evangelia
1575 4054 1704 4108 dicit
1751 4072 1766 4107 :
1810 4051 1958 4107 Beati
2004 4056 2092 4124 qui

502 4144 901 4210 persecutionem
951 4147 1213 4214 patiuntur
1267 4158 1473 4214 prapter
1519 4147 1798 4214 justitiam,
1849 4147 2091 4217 quoniam

500 4235 730 4304 ipsorum
757 4243 831 4290 est
859 4251 1072 4307 regnum
1103 4239 1346 4293 cwlorum
1378 4238 1595 4310 (Matth.
1641 4257 1692 4305 ν,
1738 4242 1847 4312 10).
1901 4241 2090 4312 Sequi-

501 4335 606 4391 tur,
637 4335 684 4380 et
711 4342 842 4380 vana
872 4330 1012 4380 satus
1040 4331 1272 4383 hominis.
1307 4330 1546 4386 Salutem
1591 4346 1695 4386 non
1736 4343 1914 4402 potest
1950 4347 2087 4402 pra:-

496 4429 643 4477 stare
673 4418 884 4489 indigus
915 4422 1124 4488 salutis,
1152 4422 1377 4492 ideoque
1407 4439 1626 4492 sperare
1657 4425 1709 4478 in
1737 4423 1956 4481 homine
1980 4441 2088 4480 non

495 4514 680 4583 debet,
713 4512 806 4583 qui
836 4513 1068 4583 propriis
1108 4511 1308 4570 viribus
1355 4515 1613 4583 probatur
1652 4531 1773 4572 esse
1819 4517 2084 4572 inﬁrmus.

497 4603 630 4660 lline
669 4614 754 4660 est
795 4605 935 4676 quod
982 4605 1243 4659 Jeremias
1285 4605 1543 4674 propheta
1578 4604 1706 4661 dicit
1737 4622 1751 4661 :
1781 4605 2086 4660 Maledicta:
2121 4583 2169 4641 Ῐ)

495 4701 643 4753 homo
673 4699 761 4768 qui
791 4714 928 4770 spem
971 4715 1115 4751 suam
1157 4699 1298 4769 ponit
1327 4699 1380 4752 in
1422 4696 1646 4765 homine,
1695 4709 1742 4753 et
1785 4717 1816 4752 a
1865 4699 2086 4754 Domino

494 4791 682 4843 recedit
712 4805 800 4844 eor
826 4792 934 4862 ejus
959 4785 1090 4860 (Jer.
1131 4805 1264 4856 xvtt,
1296 4791 1372 4858 5).

569 4881 722 4936 Vers.
759 4875 846 4937 i2.
881 4880 947 4934 In
979 4879 1085 4934 Deo
1117 4882 1363 4952 faciemus
1385 4879 1644 4947 virtutem,
1678 4891 1725 4935 et
1761 4883 1869 4951 ipse
1906 4880 1974 4934 ad
2003 4883 2056 4936 ni
2068 4911 2083 4923 -

497 4972 660 5026 hilum
702 4975 915 5028 deducet
972 4974 1270 5027 tribulantes
1324 4989 1435 5026 nos.
1491 4972 1726 5041 Populus
1783 4973 2082 5039 beatorum,

498 5063 732 5118 humana
760 5065 1083 5119 conﬁdentia
1126 5063 1406 5124 derelicta.
1445 5062 1506 5116 In
1542 5063 1646 5116 Deo
1673 5080 1730 5118 se
1764 5065 1889 5119 dicit
1920 5063 2086 5135 facere

497 5171 656 5224 posse
685 5155 940 5209 virtutem.
963 5159 1077 5210 Non
1110 5158 1250 5210 enim
1280 5173 1400 5210 cum
1420 5155 1656 5218 diabolo,
1686 5156 1950 5215 incendio.
1975 5158 2085 5226 gla-

493 5248 689 5314 diuque
735 5247 1049 5302 certandum
1092 5262 1165 5301 est
1193 5289 1208 5313 ,
1250 5249 1342 5302 sed
1396 5247 1500 5301 illis
1558 5247 1846 5301 virtutibus
1891 5250 2086 5316 quibus

493 5337 743 5393 Christus
771 5340 882 5408 ipse
916 5341 1195 5407 pugnavit,
1233 5349 1290 5397 ut.
1320 5336 1624 5407 superbiam
1653 5336 1948 5390 humilitate
1972 5325 2106 5390 vin-'

491 5443 707 5495 camus,
756 5427 969 5482 divitias
1021 5427 1202 5480 mundi
1256 5437 1566 5496 paupertate
1619 5440 1952 5496 superemus.
2001 5425 2078 5479 Ad

494 5526 820 5588 postremum
857 5521 968 5588 ipse
1012 5518 1064 5571 in
1113 5517 1218 5570 Deo
1259 5519 1417 5588 201
1457 5518 1582 5587 facit
1621 5519 1871 5582 virtutem,
1908 5519 1995 5586 qui
2026 5519 2077 5572 in

492 5617 758 5671 mandatis
788 5616 903 5684 ejus
937 5615 1136 5686 jugiter
1176 5629 1550 5686 perseverans,
1575 5609 1867 5670 diabolicas
1907 5621 2077 5665 tenta-

492 5711 663 5762 tinnes
691 5709 880 5764 eodem
915 5709 1204 5764 miserante
1236 5709 1544 5763 calcaverit.
1580 5709 1852 5775 Sequitur.
1886 5713 1931 5757 et
1973 5705 2078 5772 ipse

491 5799 557 5852 ad
588 5801 800 5856 ηἱι¹ιριαηι
831 5800 1042 5856 deducet
1093 5800 1390 5854 tribulantcs
1423 5816 1529 5853 nos.
1565 5799 1700 5867 Quid
1734 5796 1848 5867 tibi,
1883 5793 2079 5849 ﬁdelis-

2214 555 2375 609 xilia?
2421 556 2538 624 Ipse
2583 559 2726 611 enim
2777 574 2871 626 pro
2905 567 2955 612 te
2977 569 3215 627 ~pugnat,
3247 559 3331 611 cui
3363 557 3540 613 nullus
3569 558 3806 620 resistit,-

2210 645 2325 714 ipse
2365 647 2682 715 insequitur,
2717 665 2876 718 quem
2929 649 3105 703 nullus
3152 647 3407 703 declinat.
3459 649 3538 702 Ad
3587 649 3805 702 nihilum

2211 737 2409 806 quippe
2441 740 2670 806 perducit
2714 741 2941 792 inimicos
2993 738 3228 793 ﬁdelium
3275 754 3518 804 suorum,
3548 742 3803 810 quoniam

2209 828 2352 882 delet
2379 845 2473 882 eos
2501 830 2567 883 de
2593 830 2729 884 li‘hru
2761 831 3072 896 viventium,
3099 830 3187 886 ubi
3212 831 3312 886 sibi
3336 832 3518 902 scripti
3546 831 3810 886 videban-

2211 929 2298 974 tur
2327 921 2475 974 elati.

2728 1012 2994 1068 Conclusio
3051 1013 3234 1084 psalms

2281 1125 2418 1180 Ecce
2449 1123 2629 1180 mundi
2674 1128 2847 1193 istius,
2876 1128 2920 1182 si
2951 1126 3246 1183 secundum
3289 1127 3500 1182 Domini
3533 1128 3810 1182 toleretur

2209 1218 2517 1296 imperium,
2544 1217 2696 1274 beata
2719 1220 2992 1274 contritio.
3014 1219 3152 1274 Ecce
3183 1219 3538 1273 humilitatem
3564 1230 3810 1275 terrens

2207 1308 2527 1363 culminibus
2569 1311 2876 1375 celsiorem,
2911 1311 3124 1382 quando
3173 1326 3279 1365 non
3329 1320 3500 1378 potest
3538 1311 3810 1375 deﬁcere,

2206 1400 2290 1452 cui
2326 1401 2471 1454 venit
2493 1400 2746 1455 auxilium
2778 1401 2844 1456 de
2873 1402 3238 1466 tribulatione;
3266 1412 3319 1456 et
3341 1401 3392 1454 in
3416 1401 3531 1472 ipso
3556 1404 3812 1471 perieulu

2208 1492 2524 1548 beneﬁcium
2557 1497 2781 1564 reperit,
2812 1495 2954 1564 quod
2985 1501 3216 1549 atterere
3251 1495 3547 1548 consuevit.
3585 1495 3712 1549 Sine
3746 1505 3812 1549 te

2206 1586 2348 1639 enim
2393 1587 2555 1651 Deus,
2588 1587 2873 1639 universus
2918 1585 3097 1639 mundi
3146 1600 3268 1639 reus
3316 1592 3399 1639 est
3445 1585 3810 1653 principatus.

2206 1677 2379 1735 Anxia
2419 1680 2522 1734 sibi
2552 1690 2636 1734 est
2678 1681 2928 1748 quaslibet
2967 1687 3227 1749 potestas,
3258 1690 3313 1734 et
3361 1696 3457 1749 per
3500 1690 3552 1736 te
3594 1682 3814 1751 gaudet

2211 1779 2505 1832 humilitas.
2561 1776 2841 1831 Reconditi
2887 1788 3046 1845 sunt,
3098 1777 3352 1840 Domine,
3397 1776 3630 1830 thesauri
3681 1779 3810 1840 tui;

2210 1869 2350 1924 aliud
2382 1869 2593 1924 videtur
2618 1869 2683 1922 ad
2714 1867 2929 1933 faciem,
2960 1866 3102 1921 aliud
3134 1865 3264 1920 facis
3306 1866 3446 1920 intus
3477 1866 3669 1920 habere
3699 1883 3814 1921 ve-

2210 1963 2443 2016 ritatem.
2477 1960 2604 2026 Quis
2633 1962 2802 2028 possit
2841 1974 3095 2014 enarrare
3141 1957 3586 2028 magniﬁcentiam
3617 1968 3808 2026 tuam,

2209 2053 2296 2122 qui
2340 2052 2479 2106 nosti
2525 2051 2848 2118 temporales
2888 2051 3258 2105 tribulationes
3289 2051 3340 2102 in
3372 2050 3561 2119 gaudia
3589 2059 3812 2107 alterna

2209 2141 2559 2200 convertere?
2611 2143 2676 2198 Et
2724 2143 2850 2198 illud
2901 2143 3039 2211 apud
3081 2152 3135 2197 te
3175 2151 3262 2197 est
3311 2143 3618 2212 pretiosum,
3649 2143 3812 2210 quod

2208 2239 2262 2292 in
2311 2238 2413 2293 hoc
2462 2237 2662 2292 mundo
2711 2237 2989 2292 sceleratis
3037 2229 3341 2291 horninibus
3399 2235 3604 2290 videtur
3649 2236 3812 2304 abjc~

2208 2337 2371 2384 dum.
2498 2411 2858 2473 EXPOSITIU
2898 2407 2961 2470 ΙΝ
3006 2415 3328 2471 ρδΑωιυδι
3380 2415 3488 2471 LX.

2601 2509 2667 2564 In
2695 2509 2870 2579 finem,
2898 2509 2950 2562 in
2977 2509 3178 2578 hymnis
3209 2507 3378 2562 David

2277 2626 2594 2680 Absolutum
2646 2634 2701 2680 et
2731 2624 3102 2680 brevissimum
3143 2623 3406 2695 psalmum
3448 2623 3711 2681 Latinitas
3735 2635 3805 2682 es

2203 2719 2576 2790 compendium
2629 2719 2768 2772 tituli
2819 2717 3093 2772 evidenter
3137 2716 3390 2771 insinuat.
3459 2715 3576 2771 Non
3622 2719 3804 2784 enim,

2208 2820 2267 2865 ut
2293 2825 2450 2878 supra
2469 2851 2482 2873 ,
2513 2808 2816 2864 nominibus
2844 2807 3084 2862 obscuris
3115 2805 3446 2876 historiaque
3490 2807 3802 2876 completus

2204 2914 2312 2964 est,
2348 2911 2403 2956 ut
2429 2902 2704 2956 evidenter
2752 2907 3008 2970 appareat
3060 2899 3332 2958 titulorum
3373 2898 3566 2952 indicia
3599 2914 3794 2954 revera

2202 2995 2512 3048 salutarium
2541 3007 2814 3061 praecones
2837 3006 2958 3046 esse
2979 2991 3325 3061 psalmorum.
3356 2989 3420 3044 In
3442 2991 3600 3058 ﬁnem
3621 2991 3798 3061 signi.

2206 3086 2369 3140 ﬁcare
2399 3085 2683 3138 Dominum
2711 3084 3043 3138 Salvatorcm
3074 3083 3250 3137 nullus
3280 3083 3508 3152 ignorat,
3532 3097 3654 3136 cum
3681 3083 3799 3151 jam

2208 3177 2306 3230 hoc
2341 3177 2603 3244 Loquenti
2635 3174 2970 3244 expositione
3005 3175 3278 3230 claruerit.
3313 3173 3378 3227 In
3409 3174 3612 3244 hymnis
3639 3173 3800 3230 Crte-‘—

2205 3284 2324 3321 cum
2359 3268 2673 3321 voeabulum
2705 3275 2815 3332 est;
2846 3269 3226 3332 interpretatur
3256 3265 3396 3320 enim
3431 3267 3480 3318 in
3513 3265 3798 3334 laudibus,

2203 3359 2324 3429 quia
2358 3367 2498 3412 [Otus
2531 3359 2764 3424 psalmus
2789 3357 2982 3412 Christi
3017 3359 3279 3426 pr‘nconia
3314 3357 3642 3426 personabit.
3673 3355 3794 3410 Da-

2201 3453 2284 3504 vid
2324 3459 2498 3506 autem
2550 3449 2722 3517 ipsum
2782 3447 3042 3518 signiﬁcat
3095 3449 3375 3502 Dominum
3424 3447 3798 3512 Salvatorem,

2203 3544 2355 3608 cujus
2383 3543 2592 3597 lamlem
2640 3541 2890 3596 decantat
2923 3543 3150 3611 populus
3171 3541 3529 3607 ChriStianus,
3561 3544 3649 3611 qui
3675 3553 3798 3600 toto

2200 3636 2330 3690 orbe
2360 3634 2586 3689 dtll‘usus
2614 3642 2716 3688 est.

2769 3727 2964 3780 Divisio
3007 3727 3211 3796 psalmi.

2274 3841 2328 3893 In
2363 3839 2532 3908 prima
2577 3846 2725 3907 parte
2775 3837 2962 3906 psalmi
2996 3851 3023 3889 a
3056 3835 3251 3890 ﬁnibus
3283 3844 3438 3890 terra:
3467 3834 3798 3904 deprecatur

2200 3932 2424 4000 populus
2477 3930 2670 3992 ﬁdelis,
2704 3936 2761 3982 ut
2789 3927 2908 3996 ejus
2935 3927 3182 3982 audiatur
3209 3927 3704 3996 oratio;'quatenus
3734 3928 3794 3981 in

2197 4033 2380 4078 salicta
2430 4022 2666 4076 Ecclesia
2699 4034 3077 4090 perseverans,
3107 4020 3313 4073 alarum
3357 4019 3471 4088 ejus
3517 4017 3795 4072 velamine

2196 4123 2524 4184 protcgatnr.
2569 4112 2813 4167 Secunda
2859 4118 3012 4178 parte
3052 4110 3250 4179 gratias
3293 4108 3419 4178 agit,
3451 4109 3588 4176 quod
3614 4110 3794 4178 just‘s

2197 4205 2563 4260 lttcreditatem
2595 4218 2746 4258 suam
2779 4203 2897 4272 pius
2927 4201 3204 4256 Miserator
3234 4199 3470 4264 indulsit,
3499 4206 3552 4254 et
3580 4214 3796 4255 nomen

2193 4311 2346 4350 suum
2397 4297 2449 4348 in
2498 4305 2752 4350 aeternam
2805 4293 3026 4365 gloriam
3073 4295 3541 4348 consecravitms
3587 4305 3692 4360 qua
3728 4308 3796 4347 re

2193 4402 2250 4441 se
2323 4385 2506 4441 laudes
2581 4386 2912 4440 redditurum
2987 4381 3189 4453 jugiter
3250 4381 3476 4437 Domino
3549 4380 3796 4452 pollice-'-

2193 4487 2296 4535 ιω..
2730 4567 2995 4640 Expositio
3032 4566 3235 4636 psalmi.

2266 4679 2419 4736 Vers.
2453 4680 2506 4734 i.
2546 4677 2785 4745 Eiaudi,
2815 4675 2978 4746 Deus,
3015 4679 3420 4748 deprecationem
3460 4693 3657 4742 meam;
3687 4662 3822 4754 ist-5

2193 4775 2340 4828 tende
2367 4773 2585 4827 orationi
2610 4788 2755 4826 mete.
2789 4771 2987 4826 Fidelis
3015 4771 3266 4841 populus,
3287 4773 3376 4841 qui
3408 4780 3579 4826 tamen
3605 4755 3810 4826 mean

2191 4865 2286 4920 bra
2314 4873 2440 4919 sunt
2469 4864 2694 4927 Domini,
2728 4871 2908 4916 sancta
2937 4863 3197 4917 charitate
3224 4876 3534 4930 succensus,
3561 4860 3695 4930 pe:it
3721 4869 3792 4918 ut

2191 4957 2311 5027 ejus
2335 4957 2582 5011 audiatur
2613 4956 2808 5012 oratio.
2833 4955 2938 5012 Sed
2968 4957 3372 5010 consideremus
3401 4955 3526 5023 quid
3550 4953 3619 5008 sit
3653 4957 3790 5018 hoc,

2192 5050 2333 5120 quod
2375 5049 2610 5104 exaudiri
2651 5049 3059 5116 deprecationem
3103 5064 3252 5102 suatn
3308 5050 3468 5116 petit,
3498 5054 3550 5100 et
3577 5047 3789 5098 intendi

2192 5141 2412 5197 orationi
2455 5155 2564 5195 sua:
2588 5157 2602 5194 :
2629 5141 2674 5196 si
2705 5156 2804 5210 qua
2854 5143 2966 5194 ha-c
2998 5144 3288 5210 poterimus
3317 5137 3604 5194 subtilitate
3635 5137 3788 5191 divi-

2193 5233 2342 5288 dere.
2375 5229 2681 5301 Deprecatio
2725 5240 2807 5287 est
2848 5233 3062 5285 assidua
3102 5232 3318 5302 quidem
3369 5231 3788 5296 communisque

2193 5323 2536 5396 supplicatio,
2565 5338 2724 5394 qnam
2754 5332 2808 5379 et
2838 5322 3145 5377 hominibus
3169 5339 3198 5376 a
3230 5323 3420 5392 quibus
3456 5320 3653 5390 aliquid
3684 5335 3786 5390 pe-
3811 5375 3822 5396 ι

2189 5417 2373 5481 timus,
2403 5414 2711 5483 frequenter
2743 5413 3050 5480 oderimus;
3085 5415 3220 5469 hanc
3261 5429 3290 5468 a
3333 5414 3552 5468 Domino
3581 5410 3782 5480 depre-
3827 5410 3836 5415 ’

2188 5521 2339 5564 catur
2367 5509 2558 5564 audiri.
2595 5509 2830 5561 Orationi
2849 5523 2975 5562 vero
2999 5522 3130 5575 sum,
3157 5523 3314 5578 quam
3345 5516 3548 5559 tantum
3570 5514 3780 5560 sancta

2189 5604 2432 5660 Trinitati
2460 5603 2579 5672 jure
2609 5601 2987 5673 persolvimus,
3019 5600 3306 5672 postulavit
3348 5599 3566 5663 intendi,
3604 5596 3657 5652 id
3688 5606 3778 5654 est

2189 5698 2416 5768 proSpici
2464 5706 2624 5765 atque
2665 5695 2932 5761 misereri,
2977 5696 3228 5764 quoniam
3273 5709 3392 5748 eam
3433 5689 3778 5760 purissimam

2188 5793 2384 5848 divinis
2412 5787 2786 5858 conspectibus
2816 5786 3096 5843 oﬁerebat.
3122 5787 3285 5856 Cujus
3315 5783 3436 5841 talis
3467 5783 3634 5838 virtus
3661 5785 3773 5848 est,
