4036 6342
230 392 322 449 ιῖὃ

1169 385 1530 444 EXPOSITIO
1568 384 1632 440 IN
1675 377 2133 439 PSAL'I’ERIUM.
2177 374 2365 430 PSAL.
2410 373 2521 429 LX.

3375 366 3479 420 426

228 516 279 562 ut
314 518 425 561 cum
463 479 688 558 lidelitér
730 496 1061 572 depromitur
1084 541 1097 565 ,
1129 500 1408 571 probabile
1455 497 1783 556 desiderium
1818 466 1877 554 Α⁵
1893 488 2079 544 Omnis
2096 487 2185 557 qui
2209 484 2548 541 iuhahitatin
2571 480 2915 539 tabernaculo
2941 477 3174 574 Domini,
3201 478 3254 533 in
3282 478 3479 574 stccula
3524 568 3530 574 ἡ

226 601 446 657 obtinere
475 586 821 652 mu..stretur.

293 693 433 747 Vers.
460 689 514 743 2.
541 690 585 742 Α
610 688 798 758 ﬁnibus
835 696 999 742 teme.
1017 687 1085 741 ad
1109 688 1156 741 te
1178 680 1429 752 clamavi;
1460 675 1585 739 dum
1608 682 1793 738 ινιτ-ία-

226 794 349 838 retur
380 796 464 835 cor
488 796 681 843 meum,
713 781 766 833 in
814 788 957 850 petra
993 780 1230 834 exaltasti
1259 796 1335 832 me
1358 795 1376 833 :
1397 777 1663 831 deduxisti
1688 791 1789 831 me.

224 871 561 943 Congregatio
612 879 794 925 Sancta
836 868 1141 940 iustorum,
1178 866 1303 939 iquze
1360 869 1447 924 est
1504 866 1793 922 haereditas

227 961 438 1027 Domini,
460 956 718 1030 depressa
751 962 903 1014 malis
923 961 1127 1028 saeculi,
1154 962 1206 1014 in
1240 960 1504 1014 universis
1530 960 1631 1014 sita
1662 972 1791 1027 gen-

224 1056 353 1111 tibus
396 1050 820 1124 congemiscens,
870 1052 1059 1105 clamat
1103 1053 1169 1105 ad
1220 1040 1530 1115 Dominum,
1576 1062 1694 1121 qua:
1741 1048 1796 1101 et

223 1147 387 1203 carnis
434 1141 844 1200 necessitatibus
895 1141 1239 1211 subiacebat,
1272 1152 1325 1198 et
1369 1143 1437 1197 ab
1484 1143 1600 1212 ejus
1650 1135 1797 1196 vitiis

223 1245 327 1292 toto
369 1230 563 1313 mentis
612 1232 880 1291 desiderio
926 1227 1171 1290 desinere
1228 1225 1537 1289 festinabat.
1596 1230 1796 1291 Clamat

224 1331 352 1385 enim
378 1345 409 1381 a
441 1320 632 1396 ﬁnibus
677 1316 855 1394 terra,
881 1326 933 1381 id
961 1320 1044 1383 est
1070 1318 1136 1381 ab
1164 1329 1418 1382 universo
1458 1329 1589 1383 orbe
1627 1336 1798 1381 terra-

222 1435 352 1485 rum,
377 1420 427 1473 in
459 1433 568 1487 quo
602 1427 687 1473 est
727 1418 1113 1486 omnipotentis
1142 1411 1355 1473 Domini
1388 1413 1630 1473 Ecclesia
1669 1419 1804 1473 ροιιέ

223 1497 414 1566 stituta.
465 1506 575 1565 Sed
602 1506 705 1565 nan
737 1501 926 1585 asolis
954 1496 1143 1579 finibus
1173 1508 1276 1564 hoc
1303 1508 1579 1574 clamatur,
1610 1508 1798 1563 verum

221 1591 372 1659 eiiam
417 1596 485 1657 ab
536 1602 913 1669 interioribus,
947 1610 1003 1656 et
1045 1602 1297 1657 umbilico
1344 1600 1462 1670 ipso
1504 1604 1797 1666 terrarum,

223 1688 351 1749 sicut
373 1694 425 1748 in
448 1694 664 1749 decimo
686 1701 876 1749 octavo
896 1682 1101 1764 psalmo
1130 1693 1329 1747 dictum
1362 1702 1446 1747 est
1472 1710 1484 1744 ε
1511 1692 1577 1745 In
1600 1709 1798 1746 omnem

221 1795 397 1841 terram
432 1786 601 1840 exivit
644 1801 799 1840 sonus
845 1802 1021 1840 eorum
1068 1784 1242 1856 (Psal.
1276 1800 1427 1850 xvnl,
1466 1784 1544 1854 5).
1593 1782 1802 1838 Clamat

1897 582 2189 653 protegitur
2228 580 2280 633 in
2325 579 2622 633 velamento
2670 576 2875 629 alarum
2916 574 3055 644 ejn=.
3104 571 3290 627 Justus
3320 571 3484 642 igitur

1894 677 1948 732 in
1975 675 2172 732 stecula
2202 672 2499 743 protegitur
2524 670 2579 725 in
2604 669 2908 725 velamento
2930 668 3130 722 alarum
3158 668 3294 733 ejus.
3328 665 3482 721 Nune

1894 768 1961 823 ad
1991 765 2304 836 exponenda
2336 765 2498 819 verba
2530 761 2832 818 redeamus.
2868 761 3017 815 Mens
3049 770 3234 814 sancta
3267 756 3485 814 Domini

1894 855 2088 914 Christi
2110 851 2211 911 sibi
2244 852 2503 910 beneﬁcia
2534 851 2805 921 largienda
2830 850 3070 914 conlidit,
3095 866 3201 920 quo
3233 851 3285 903 in
3318 848 3477 919 hujus

1896 948 2081 1004 mundi
2114 946 2364 1017 periculis
2386 946 2438 999 in
2468 943 2799 998 tabernaculo
2824 942 3034 997 Domini
3067 932 3336 998 tutissime
3365 940 3488 1012 per-

1896 1039 2139 1103 severet;
2165 1042 2219 1091 et
2261 1038 2359 1092 hoc
2389 1050 2494 1091 non
2527 1036 2592 1089 ad
2625 1036 2790 1090 breve
2824 1044 3056 1105 tempus,
3082 1035 3178 1091 sed
3203 1046 3484 1107 quousque

1897 1130 2091 1184 arcula
2123 1130 2245 1185 vita)
2287 1130 2440 1184 istius
2487 1127 2667 1181 divina
2714 1125 3178 1183 administratione
3209 1128 3477 1198 peragan-

1899 1227 2007 1275 tur.
2049 1217 2123 1273 Ita
2169 1211 2311 1275 enim
2359 1211 2595 1274 ﬁdelium
2644 1219 2875 1288 populus
2924 1219 3152 1274 decursa
3197 1220 3298 1274 sibi
3332 1229 3490 1275 :etate

1899 1312 2217 1378 succedens,
2250 1312 2303 1363 in
2351 1310 2678 1363 tabernaculo
2708 1304 2923 1364 Domini
2958 1326 3053 1379 per
3083 1310 3281 1365 smcula
3313 1314 3490 1366 cunti-

1902 1412 2078 1457 netur.
2117 1401 2222 1457 Sed
2253 1401 2591 1456 intendamus
2624 1416 2787 1469 quare
2816 1401 3123 1469 frequenter
3154 1402 3493 1456 velamentum

1902 1497 2105 1551 alarum
2167 1494 2380 1549 Domini
2441 1493 2611 1548 sacris
2669 1491 3067 1550 defensionibus
3125 1504 3489 1565 Comparetur.

1905 1590 2165 1655 Primum,
2189 1587 2329 1659 quod
2359 1586 2457 1641 al:e
2487 1588 2663 1640 avium
2694 1585 2751 1640 in
2776 1586 2988 1641 modum
3018 1587 3316 1656 palmarum
3340 1590 3495 1659 quasi

1906 1680 2147 1750 qiuedam
2203 1688 2367 1735 costa:
2417 1677 2792 1747 pulcherrima:
2846 1679 3209 1750 porriguntur.
3261 1680 3497 1749 Deinde,

1906 1773 2027 1843 quia
2059 1768 2137 1825 sic
2165 1768 2477 1837 detendunt,
2522 1778 2578 1822 ut
2607 1780 2835 1824 onerare
2880 1786 2984 1824 non
3030 1771 3257 1839 possint.
3289 1771 3515 1840 Tertio,

222 1893 341 1947 ergo
378 1878 482 1932 iste
520 1878 750 1948 populus
788 1879 877 1948 qui
922 1880 1169 1947 superius
1205 1878 1380 1933 dictus
1415 1888 1535 1932 est:
1564 1870 1795 1946 Exaudi,
1833 1870 1878 1929 B
1904 1864 2154 1935 quoniam
2204 1873 2370 1919 ωειιιε
2409 1875 2463 1919 et
2506 1864 2716 1932 frigoris
2768 1864 3164 1919 inclementiam
3210 1882 3241 1920 a
3284 1865 3501 1921 dilectis

223 1964 373 2033 Deus,
421 1968 835 2037 deprecationem
883 1986 1044 2023 meam
1085 1985 1104 2023 :
1144 1969 1347 2023 intende
1388 1967 1608 2021 orationi
1655 1978 1800 2021 metu.

226 2048 355 2114 Dicit
401 2063 570 2114 etiam
619 2059 834 2130 quando
881 2053 983 2115 iste
1032 2060 1237 2115 clamOr
1285 2058 1430 2115 velut
1482 2056 1805 2115 sacriﬁcium

225 2147 328 2203 Deo
374 2146 536 2205 fuerit
583 2148 891 2205 immolatus
934 2152 986 2205 in
1030 2143 1301 2218 anxietate
1346 2145 1807 2220 cordiszquando

220 2240 426 2297 enixius
454 2242 722 2298 clamatur
749 2243 816 2298 ad
849 2242 1155 2311 Dominum,
1188 2256 1307 2298 cum
1339 2241 1662 2313 periclitanti
1692 2243 1810 2296 ani-

224 2349 319 2390 mat
348 2336 591 2391 remedia
613 2332 915 2392 necessaria
946 2337 1306 2407 postulantur.
1331 2336 1584 2407 Sequitur
1606 2335 1810 2390 clamo.

220 2415 292 2480 ris
341 2420 639 2493 exauditio,
681 2430 735 2484 et
782 2424 1063 2499 praemium
1112 2428 1380 2500 singulare
1422 2429 1711 2498 iustorum,
1757 2431 1810 2483 in

221 2520 364 2585 petra
392 2512 641 2572 exaltasti
668 2520 765 2573 me.
809 2517 970 2574 Petra
999 2510 1261 2590 signiﬁcat
1302 2515 1585 2576 Dominum
1627 2519 1812 2577 Salva-

219 2606 387 2663 torem
406 2652 422 2677 ,
456 2610 595 2666 sicut
623 2607 752 2667 dicit
794 2610 1086 2679 Apostolus
1112 2629 1124 2664 :
1151 2601 1310 2666 Petra
1335 2610 1501 2667 autem
1527 2610 1637 2668 erat
1661 2610 1812 2668 Chri-

217 2696 316 2754 stus
362 2700 414 2772 (Ι
466 2700 585 2755 Cor.
621 2716 675 2768 ι,
707 2700 786 2772 4).
836 2696 905 2755 In
951 2702 1051 2756 hac
1095 2712 1239 2769 petra
1279 2718 1343 2759 se
1381 2702 1660 2757 exaltatum
1692 2717 1811 2758 esse

215 2793 553 2859 pronuntiat,
579 2794 632 2848 in
668 2797 773 2864 qua
809 2794 982 2849 omnis
1012 2794 1308 2851 aediﬁcatus
1338 2794 1423 2850 est
1449 2795 1807 2851 Christianus.

215 2881 444 2939 Censtat
499 2884 643 2940 enim
683 2885 988 2952 exaltatum,
1020 2887 1108 2955 qui
1154 2886 1226 2941 ibi
1273 2888 1511 2942 noscitur
1546 2902 1664 2942 esse
1695 2888 1815 2941 fun-

216 2977 391 3032 datus.
425 2976 714 3048 Adjectum
748 2987 851 3046 est,
876 2978 1135 3034 deduxisti
1164 2997 1278 3046 me;
1315 2980 1368 3034 in
1414 2974 1557 3035 illam
1609 2978 1813 3036 scilicet

217 3067 451 3124 futuram
488 3068 729 3140 requiem
768 3085 929 3138 quam
961 3070 1132 3125 beatis
1160 3072 1272 3126 suis
1298 3066 1557 3127 Dominus
1588 3067 1811 3141 pollice-

217 3158 318 3213 t'ur.
363 3159 507 3215 Nam
557 3160 700 3231 quod
743 3159 903 3226 dixit,
934 3161 1192 3215 deduxisti
1229 3178 1327 3228 me,
1360 3178 1489 3218 usus
1532 3154 1639 3218 iste
1686 3178 1811 3234 pro-

1912 1960 2068 2030 pullis
2096 1959 2388 2014 aﬂ'ectuosa
2436 1959 2768 2029 protectione
2814 1958 3108 2030 depellunt.
3154 1959 3230 2014 lta
3261 1960 3506 2016 defensio

1911 2048 2142 2119 Domini,
2164 2052 2210 2107 si
2234 2051 2299 2107 ad
2321 2067 2443 2106 eum
2475 2053 2559 2121 pie
2585 2050 2976 2122 confugiamus,
3000 2060 3293 2122 potestates
3319 2061 3507 2107 aereas

1911 2157 1940 2196 a
1971 2143 2127 2199 nobis
2153 2135 2319 2198 eiticit
2363 2140 2599 2209 alienas,
2629 2146 2687 2197 ut
2716 2158 2816 2198 nec
2862 2137 3011 2198 l'uror
3038 2159 3223 2199 eorum
3256 2144 3507 2199 incensus

1912 2250 2125 2314 noceat,
2157 2257 2258 2298 nec
2282 2257 2550 2297 venenum
2577 2241 2825 2312 [rigidum
2856 2240 3070 2310 viperea
3098 2239 3353 2311 qualitate
3384 2248 3507 2311 pcr-

1912 2338 2098 2392 Cutiat.
2148 2325 2340 2392 Merito
2381 2350 2511 2406 ergo
2557 2336 2814 2405 protectio
2858 2330 3069 2389 Domini
3121 2335 3220 2388 alis
3266 2333 3507 2389 noscitur

1912 2439 2244 2500 comparata,
2279 2436 2398 2500 qua:
2431 2440 2531 2484 nec
2560 2413 2832 2498 subiectos
2871 2432 3119 2493 onerant,
3148 2434 3202 2481 et
3231 2423 3505 2480 laesionem

1915 2504 2078 2579 totius
2107 2522 2507 2579 contrarietatis
2532 2519 2840 2577 emendant.

1986 2613 2141 2669 Vers.
2183 2614 2236 2669 5.
2291 2605 2548 2679 Quoniam
2590 2624 2675 2681 tu,
2727 2608 2888 2677 Deus,
2931 2605 3188 2666 exaudisti
3227 2612 3507 2665 orationem

1915 2720 2078 2759 meam
2107 2719 2127 2759 :
2157 2696 2341 2758 dedisti
2385 2696 2729 2758 ha'reditatem
2776 2701 3067 2757 timentibus
3115 2720 3299 2756 nomen
3337 2712 3504 2757 tuum.

1916 2791 2236 2865 Interposito
2266 2792 2637 2865 diapsalmate,
2670 2792 2898 2862 populus
2945 2793 3120 2847 ﬁdelis
3146 2794 3292 2847 venit
3320 2792 3385 2845 ad
3417 2805 3511 2846 se-

1915 2880 2143 2944 condam
2174 2885 2378 2957 partem
2412 2887 2565 2941 laetus
2606 2897 2660 2941 et
2708 2884 3003 2950 exsultans,
3051 2884 3176 2955 quia
3208 2883 3507 2939 orationem

1916 2996 2068 3036 suam
2098 2981 2356 3051 gloriatdr
2379 2981 2650 3045 auditam;
2687 2994 2780 3047 per
2815 2972 3034 3049 ﬁguram
3067 2968 3269 3033 scilicet
3296 2978 3506 3031 aetiolo-

1914 3056 2077 3144 giam,
2104 3088 2318 3128 causam
2364 3072 2441 3126 rei
2491 3068 2861 3139 rationemque
2906 3070 3180 3141 subiungit
3206 3080 3301 3123 cur
3331 3069 3383 3123 in
3411 3076 3507 3123 Ve-

1917 3166 2150 3221 Iamento
2207 3165 2414 3218 alarum
2485 3162 2695 3218 Domini
2761 3152 3195 3231 protectioncqt’te
3262 3162 3509 3215 lmtetur:

218 3252 412 3320 phetite
444 3260 569 3317 est,
601 3256 659 3307 ut
687 3252 777 3307 illa
814 3267 932 3322 qua:
962 3251 1187 3307 ventura
1226 3252 1352 3307 sunt
1391 3269 1487 3323 pro
1525 3254 1811 3323 praeteritis
1842 3250 1887 3313 C
1919 3247 2130 3325 merito,
2157 3260 2407 3329 quoniam
2438 3244 2554 3327 ejus
2604 3246 2850 3311 exaudita
2880 3257 3157 3321 probatur
3190 3255 3381 3310 oratio.
3412 3250 3510 3309 Sc-

215 3332 382 3411 dicat;
416 3344 564 3398 sicut
601 3345 657 3399 in
695 3340 960 3411 vigesimo
1004 3345 1178 3414 primo
1217 3345 1421 3415 pSalmo
1460 3340 1567 3416 iam
1605 3346 1812 3402 dictum

215 3444 329 3491 est:
358 3435 637 3492 Fuderunt
666 3446 851 3491 manus
878 3444 1015 3493 meas
1044 3448 1092 3493 et
1122 3439 1274 3509 pedes
1314 3455 1451 3492 meos
1469 3480 1484 3506 ,
1519 3440 1814 3493 dinumera-

214 3539 388 3584 rerunt
436 3531 620 3585 omnia
661 3545 780 3584 ossa
827 3546 939 3584 mea
969 3524 1143 3601 (Psal.
1185 3546 1295 3596 tm,
1333 3531 1441 3600 18).
1487 3527 1618 3599 Quae
1646 3534 1812 3603 ﬁgura

218 3617 412 3678 dicitur
445 3622 742 3693 prolepsis,
774 3622 825 3677 id
853 3624 938 3679 est
964 3624 1354 3693 prmoccupatio
1384 3623 1703 3681 futurorum.

287 3713 440 3770 νοτε.
475 3715 538 3771 3.
570 3714 703 3781 Quia
728 3718 900 3785 factus
928 3731 983 3769 es
1012 3731 1127 3782 spes
1154 3732 1287 3779 mea,
1310 3717 1464 3769 turris
1492 3717 1821 3787 fortitudinis

214 3821 246 3858 a
272 3806 409 3876 [acie
439 3807 662 3862 inimici.
709 3806 885 3862 Causa
910 3806 1151 3863 redditur
1177 3794 1343 3878 quare
1369 3807 1439 3863 sit
1462 3809 1722 3864 deductus
1748 3811 1814 3863 ad

214 3899 505 3966 prtemium
531 3917 542 3951 :
567 3897 692 3967 quia
722 3912 874 3967 spem
916 3914 1067 3953 suam
1109 3898 1466 3954 constituerat
1491 3900 1592 3954 sibi
1639 3900 1817 3954 Domi-

214 4005 367 4056 num,
396 3992 493 4061 qui
527 3989 859 4046 conﬁdentes
888 3990 1139 4057 aediﬁcat,
1171 4000 1225 4046 et
1261 3992 1314 4046 in
1347 4005 1406 4045 se
1433 4002 1817 4059 praesumentrs

210 4088 436 4153 semper
467 4081 702 4150 exultat,
734 4082 873 4138 sicut
912 4079 1043 4137 dicit
1083 4083 1377 4149 ApOstnlus
1403 4101 1415 4134 :
1441 4064 1737 4139 Gloriamur
1766 4086 1817 4137 in

210 4169 660 4241 tribulationibus,
675 4176 887 4230 scientes
926 4166 1046 4246 quia
1086 4164 1347 4229 tribulatio
1372 4176 1674 4246 patientiam
1696 4192 1819 4244 ope-

208 4274 386 4334 ratur,
421 4256 671 4338 patientia
696 4268 1064 4338 probationem,
1094 4267 1326 4338 probatio
1365 4282 1482 4321 vero
1510 4282 1672 4339 spem,
1705 4284 1818 4336 spes

207 4368 388 4415 autem
416 4379 525 4416 non
555 4353 823 4432 confundit
858 4350 1037 4431 (Rom.
1071 4377 1124 4425 ν,
1153 4360 1206 4425 ’5,
1235 4359 1291 4426 4,
1326 4359 1405 4427 5),
1430 4370 1531 4414 etc.
1566 4359 1819 4430 Sequitur

207 4450 439 4508 omnino
468 4456 663 4523 magna
688 4452 1021 4521 comparatio
1047 4469 1059 4503 :
1087 4448 1266 4506 Turris
1288 4452 1606 4521 fortitudinis
1630 4470 1661 4506 a
1685 4449 1818 4522 facie

206 4544 430 4621 inimici.
458 4538 571 4602 Per
594 4548 751 4601 turris
773 4545 1130 4616 fortitudinem
1151 4546 1323 4614 ipsum
1347 4541 1630 4601 Dominum
1654 4547 1817 4617 signi-

1918 3351 2119 3421 quitur,
2152 3334 2336 3405 dedisti
2384 3343 2732 3403 hwreditatem
2779 3340 3071 3401 timentibus
3112 3354 3294 3401 nomen
3343 3358 3504 3401 timur.

1922 3438 2287 3498 Haredita'em
2332 3432 2595 3511 signiﬁcat
2649 3439 2810 3495 futuri
2863 3439 3043 3494 saeculi
3092 3436 3509 3510 regnum,quod

1918 3533 2089 3588 hcatis
2121 3532 2332 3587 fanmlis
2374 3520 2678 3599 pollicetur.
2728 3528 3024 3587 [hereditas
3052 3548 3169 3602 qua:
3200 3547 3304 3588 no"
3337 3546 3513 3588 morte

1918 3614 2254 3694 relinquitur,
2282 3618 2375 3679 sed
2419 3638 2539 3679 cum
2572 3623 2825 3694 largitore
2851 3640 2948 3679 suo
2980 3635 3240 3695 perpetuo
3284 3641 3509 3682 munere

1922 3716 2250 3785 possidetur;
2301 3731 2421 3785 quae
2471 3715 2548 3771 sic
2592 3716 2738 3769 venit
2778 3716 2843 3769 ad
2896 3716 3141 3779 lilios,ut
3176 3731 3205 3769 a
3256 3725 3511 3771 trstatm-e

1920 3806 2140 3861 minime
2168 3806 2469 3863 deseratur.
2514 3807 2639 3861 Htec
2667 3806 2957 3862 btet-editas
2985 3822 3091 3863 non
3124 3808 3282 3862 habet
3313 3809 3510 3872 linem;

1919 3898 2014 3953 sed
2058 3913 2180 3953 cum
2225 3901 2389 3954 semel
2439 3908 2685 3967 suscrpta
2731 3899 2925 3969 fuerit,
2978 3915 3247 3971 nunquam
3287 3916 3318 3955 a
3358 3902 3514 3957 nobis

1918 3989 2096 4060 aliqua
2127 3991 2521 4058 permutatione
2547 3991 2797 4046 discedit.

1992 4082 2144 4147 Vcrs.
2173 4090 2227 4145 6.
2260 4078 2382 4143 Dies
2420 4107 2574 4159 super
2602 4090 2709 4143 dies
2742 4081 2893 4164 Regis
2938 4082 3187 4163 adficies;
3209 4108 3372 4148 annos
3401 4088 3514 4167 ejus

1921 4198 2079 4250 usque
2100 4172 2151 4234 in
2175 4176 2309 4233 diem
2333 4171 2507 4235 surculi
2534 4190 2581 4234 et
2605 4177 2811 4236 sarcula.
2846 4180 3223 4238 Eternilatem
3249 4180 3516 4255 significat

1923 4264 2132 4327 Domini
2162 4268 2471 4339 Salvatoris,
2502 4274 2589 4343 qui
2621 4289 2746 4329 vere
2774 4268 2885 4330 Rex
2919 4285 3102 4330 noster
3132 4277 3348 4346 d'citur,
3380 4296 3504 4350 quo-

1921 4368 2062 4422 niam
2093 4356 2160 4423 ab
2186 4368 2302 4438 ipso
2332 4358 2589 4439 regimur,
2617 4377 2673 4424 et
2700 4367 2818 4439 ejus
2848 4370 3044 4425 virtute
3066 4361 3357 4429 salvamur.
3389 4372 3515 4429 Dies

1920 4458 2061 4514 enim
2089 4474 2242 4530 supra
2272 4457 2379 4512 dies
2405 4473 2556 4514 more
2586 4459 2934 4517 humanitatis
2963 4460 3247 4531 profertur,
3274 4457 3371 4533 qui
3392 4466 3513 4519 ideo

1922 4545 2139 4619 plurimi
2167 4548 2437 4615 dicuntur,
2466 4551 2715 4621 quoniam
2749 4540 2856 4606 illis
2902 4552 2956 4607 et
2992 4562 3177 4609 noetcs
3222 4552 3513 4610 succedere

210 4627 339 4691 licet
367 4630 734 4695 Salvatorem.
788 4632 968 4693 Turris
993 4630 1140 4692 enim
1169 4629 1404 4691 civitatis
1436 4651 1617 4692 muros
1643 4633 1819 4691 vindi-
1846 4630 1899 4691 Ι)
1922 4633 2360 4709 comprobantur.
2400 4630 2456 4695 ln
2489 4631 2580 4695 illa
2611 4654 2739 4697 vero
2763 4642 3062 4699 aeternitate
3099 4660 3236 4698 unus
3262 4654 3345 4699 est
3369 4646 3511 4712 dies,

209 4739 320 4797 cat,
350 4741 408 4787 et
438 4724 713 4787 irruentes
743 4726 930 4786 hostes
970 4746 1034 4785 cx
1066 4726 1178 4785 alto
1208 4729 1486 4794 Vulnerat;
1512 4720 1597 4784 'sic
1644 4731 1813 4783 virtus

210 4819 432 4884 Domini
468 4828 728 4899 populum
773 4841 929 4882 suum
978 4823 1237 4889 defendit,
1266 4839 1387 4879 cum
1415 4828 1599 4894 aperte
1629 4814 1814 4877 inimi-

207 4934 335 4977 cum
378 4912 506 4992 ejus
550 4922 663 4976 oris
708 4908 794 4976 sui
842 4906 1267 4975 contradictione
1306 4916 1674 4988 prostraverit.
1705 4916 1811 4971 Sed

208 5002 375 5072 turris
430 5018 529 5073 illa
582 5016 868 5072 virtutibus
907 5024 988 5071 est
1022 5013 1197 5085 plena,
1226 5027 1332 5067 non
1361 5008 1580 5081 gladiis;
1613 5019 1815 5080 pugnat

206 5107 410 5176 verbo,
459 5122 571 5163 non
618 5110 829 5178 praelio;
863 5099 1061 5177 jubens
1104 5103 1303 5167 omnia,
1336 5108 1444 5156 non
1492 5101 1811 5157 decertans:

210 5214 377 5265 quam
413 5216 530 5256 non
576 5201 718 5256 aries
764 5209 1013 5269 quassat,
1045 5211 1149 5250 non
1182 5194 1355 5261 aliqua
1388 5192 1813 5249 machinamenta

206 5292 542 5358 debilitant,
600 5308 698 5349 nec
746 5293 987 5347 localiter
1031 5279 1305 5354 defendit,
1355 5283 1449 5339 sed
1501 5300 1596 5354 per
1640 5295 1817 5341 totum

204 5384 489 5440 mundum
550 5382 775 5439 famulos
828 5397 955 5439 suos
1008 5380 1202 5435 invicta
1254 5374 1587 5448 protectione
1634 5378 1817 5433 custo—

205 5475 311 5532 dit.
374 5535 380 5539 t

280 5564 452 5628 Vera.
491 5572 544 5626 4.
590 5571 893 5627 Iultabitabo
934 5572 987 5625 in
1026 5559 1349 5625 tabernaculo
1380 5574 1470 5621 tuo
1500 5568 1552 5621 in
1580 5567 1770 5621 swcula
1792 5584 1811 5623 :

207 5678 469 5738 protegar
501 5668 553 5721 in
579 5668 857 5722 uelamento
886 5664 1089 5719 alarum
1119 5673 1341 5719 tuarum.
1389 5652 1455 5719 Et
1487 5661 1571 5716 hic
1599 5674 1810 5731 queque

208 5760 381 5830 202
414 5758 752 5829 categoricus
773 5756 1113 5828 syllogismus
1135 5756 1425 5821 enascitur,
1446 5754 1533 5822 qui
1560 5767 1625 5807 eo
1654 5752 1811 5805 modo

205 5847 504 5923 colligitur
563 5849 747 5903 Justus
778 5847 1034 5903 inhabitat
1082 5847 1132 5901 in
1179 5845 1524 5905 tabernaculo
1572 5842 1809 5901 Domini.

553 5944 825 6004 Paeon.
877 5932 1074 6004 LXX.

1924 4728 2013 4798 qui
2042 4730 2188 4784 nullo
2217 4732 2445 4785 termino
2475 4722 2715 4795 ﬁnietur;
2745 4730 2879 4787 sicut
2907 4733 2958 4786 in
2985 4726 3091 4788 alio
3115 4736 3323 4804 psalmo
3347 4736 3505 4793 dicit:

1927 4816 2060 4886 Quia
2086 4822 2264 4875 melior
2284 4833 2356 4877 est
2384 4818 2491 4876 dies
2520 4840 2626 4878 una
2645 4824 2695 4877 in
2717 4822 2863 4879 atriis
2889 4825 2990 4878 tuis
3020 4842 3171 4895 super
3200 4822 3364 4882 millia
3387 4823 3507 4904 (Ps.

1922 4931 2145 4981 Lxxxtn,
2176 4916 2289 4987 ll).
2334 4916 2445 4973 Hoc
2473 4920 2635 4974 etiam
2677 4930 2732 4973 et
2770 4918 2837 4975 de
2874 4921 3030 4973 annis
3066 4920 3326 4977 debemus
3370 4927 3516 4982 accie-

1923 5019 2083 5080 pere,
2129 5013 2379 5081 quoniam
2433 4999 2558 5067 talia
2617 5013 2820 5082 tropice
2866 5007 3114 5068 dicuntur
3165 5013 3233 5070 de
3286 5008 3514 5076 Domino

1922 5099 2158 5158 Christo.
2209 5090 2443 5174 Denique
2472 5112 2531 5158 et
2558 5110 2745 5158 versus
2789 5103 2904 5173 ipse
2947 5105 3026 5157 sic
3055 5107 3317 5176 sequitur,
3352 5122 3511 5179 usque

1922 5196 1978 5251 in
2002 5196 2136 5251 diem
2165 5197 2342 5251 seaculi
2378 5207 2425 5251 et
2461 5190 2675 5261 swcula,
2710 5204 2770 5251 ut
2798 5195 3108 5253 oatenderet
3156 5215 3318 5255 unum
3365 5202 3508 5259 diem

1921 5280 2042 5343 e550
2090 5287 2230 5357 apud
2278 5279 2583 5352 Dominum,
2633 5276 2722 5358 qui
2771 5288 2965 5343 srecula
3014 5290 3112 5344 ista
3160 5294 3509 5348 transcendit.

1925 5376 2069 5434 Dicta
2098 5388 2223 5436 sunt
2248 5378 2445 5449 quippe
2486 5379 2695 5446 stecula,
2722 5376 2866 5450 quod
2897 5380 2951 5435 in
2983 5397 3041 5438 se
3068 5379 3345 5438 revolvant
3374 5394 3510 5440 tem-

1924 5484 2073 5540 pora.

1993 5558 2145 5618 Vers.
2180 5562 2234 5616 7.
2274 5552 2595 5619 Permanebit
2623 5565 2677 5621 in
2705 5576 2949 5623 teternum
2979 5570 3032 5624 in
3061 5580 3331 5637 conspectu
3368 5571 3463 5626 Dei
3486 5592 3504 5627 :

1919 5662 2323 5717 misericordiam
2363 5672 2411 5717 et
2445 5664 2704 5719 veritatem
2745 5672 2854 5739 ejus
2894 5670 3007 5737 quis
3037 5671 3255 5735 requiret
3283 5659 3512 5724 eorum?

1922 5754 2060 5811 Ecce
2100 5755 2191 5810 illa
2235 5756 2345 5813 diei
2371 5758 2641 5813 aeternitas
2683 5762 2957 5817 evidenter
2984 5775 3237 5829 expressa
3268 5770 3378 5818 esu
3409 5767 3507 5816 sed

1921 5846 2021 5903 hoc
2047 5847 2155 5919 jam
2188 5864 2218 5904 a
2252 5858 2399 5922 parte
2428 5849 2787 5907 membrorum
2835 5860 3190 5917 congruenter
3223 5850 3512 5919 accipitur,

2918 5943 2991 5999 1'4
