4020 6348
499 434 601 489 4‘27

1715 434 1759 487 Μ
1773 474 1787 489 .
1832 433 1969 489 AUR
1981 432 2106 486 ELII
2154 431 2551 489 CASSIUDORI

3673 426 3779 480 4‘28

500 550 642 606 sicut
686 550 866 605 multis
909 548 1040 605 locis
1069 555 1279 602 constat
1315 544 1617 615 expositum
1645 561 1657 598 :
1683 544 1934 616 quoniam
1966 559 2084 615 quae
2117 549 2161 604 Α
2190 559 2309 598 rum
2379 551 2558 614 potest
2604 543 2916 613 specialiter
2966 550 3021 600 et
3077 543 3419 598 continentes
3469 540 3781 612 huiusmodi

503 648 799 709 sequuntur
826 641 985 710 capiti
1015 637 1304 695 convenire
1333 652 1438 693 non
1469 645 1710 706 possunt.
1747 636 1883 691 Dicit
1909 638 2084 691 enim:

508 730 835 787 Per-manebit
877 733 930 785 in
973 738 1222 786 internum
1263 732 1317 784 in
1352 736 1629 797 conspectu
1675 726 1806 792 Dei;
1838 727 1980 797 quod
2022 726 2091 783 de

509 822 710 893 populo
770 820 1140 891 ﬁdelitmagis
1199 827 1555 889 congruenter
1619 818 1943 879 advertitur;
1992 816 2094 872 hoc

506 914 671 969 etiam
700 921 755 967 et
778 912 1055 981 sequentia
1082 911 1375 965 declarant.
1423 910 1653 980 Adjeeit,
1682 908 2094 963 misericordiam

506 1015 553 1058 et
583 1005 842 1059 veritatem
861 1004 973 1073 quis
994 1002 1211 1071 requiret
1232 1002 1438 1055 eorum?
1458 1001 1632 1068 Quare
1652 1000 1794 1056 enim
1823 1008 2094 1071 qnmratur

508 1094 899 1161 miwricordia,
940 1094 1032 1148 ubi
1074 1094 1249 1148 nullus
1288 1102 1372 1147 est
1407 1091 1601 1146 miser?
1643 1092 1818 1158 Quare
1860 1090 2087 1156 veritas,

511 1187 598 1251 ubi
641 1186 821 1242 cuncti
861 1185 1031 1241 Deum
1074 1184 1365 1239 videbunt?
1398 1183 1584 1237 Nullus
1614 1182 1874 1252 siquidem
1907 1197 2094 1238 eorum

510 1278 725 1351 indigus
752 1278 856 1333 erit
884 1276 1145 1332 bonorum
1199 1273 1404 1337 talium,
1442 1288 1564 1328 cum
1599 1272 1647 1326 in
1683 1280 1939 1326 aeternum
1973 1287 2097 1342 pos-

512 1374 723 1431 sideant
749 1386 913 1442 regna
941 1371 1230 1434 cmlorum;
1254 1368 1395 1423 sicut
1419 1369 1531 1437 ipse
1557 1366 1818 1421 Dominus
1839 1365 2097 1434 apostolis

452 1496 459 1499 -
512 1446 623 1522 suis
636 1462 795 1520 dicit:
814 1462 970 1516 Nunc
990 1461 1191 1529 quidem
1207 1459 1465 1513 tristitiam
1479 1457 1697 1524 habetis;
1712 1474 1911 1511 rursum
1927 1467 2097 1509 autent

510 1556 691 1615 videbo
711 1573 819 1621 vos,
836 1565 881 1609 et
900 1553 1157 1609 laetabitur
1170 1568 1256 1605 cor
1275 1562 1514 1612 vestrum,
1538 1560 1584 1604 et
1602 1550 1849 1620 gaudium
1871 1560 2098 1603 vestrum

513 1668 661 1707 nemo
695 1650 890 1718 auferet
915 1665 945 1703 α
974 1647 1111 1703 vobis
1143 1645 1324 1715 (Joan.
1356 1660 1465 1709 xvi,
1496 1642 1610 1713 ἰαὶ).
1657 1639 1724 1695 In
1754 1641 1846 1696 illa
1885 1641 1968 1694 die
1996 1658 2099 1694 non

513 1744 758 1819 rogabitis
793 1760 873 1798 me
919 1741 1215 1813 quidquam.
1265 1738 1355 1794 Sic
1387 1737 1445 1791 ﬁt
1490 1745 1549 1793 ut
1595 1751 1754 1793 nemo
1783 1744 2095 1790 sanctorum

514 1832 916 1890 misericordiam
948 1841 1041 1887 aut
1067 1831 1321 1884 veritatem
1355 1828 1611 1898 requirat,
1644 1842 1766 1881 cum
1800 1826 1941 1881 illius
1970 1841 2099 1882 con-

516 1924 880 1995 templationis
906 1921 1269 1978 intestimahili
1300 1935 1521 1976 munere
1552 1919 1878 1989 perfruatur.

584 2014 743 2071 Vers.
775 2013 826 2067 8.
862 2011 951 2068 Sic
977 2010 1196 2083 psallam
1225 2010 1419 2065 nomini
1444 2019 1552 2077 tuo,
1589 2009 1746 2074 Deus,
1779 2008 1832 2062 in
1857 2009 2102 2063 saxulum

512 2104 687 2162 saeculi
706 2120 726 2159 :
750 2112 805 2157 ut
843 2102 1053 2158 reddam
1083 2110 1198 2155 vota
1228 2117 1338 2157 mea
1367 2100 1429 2154 de
1455 2099 1537 2153 die
1564 2100 1615 2152 in
1639 2099 1793 2152 diem.
1824 2097 1912 2154 Sic
1938 2100 2102 2169 signi-

516 2200 643 2257 ﬁcat
662 2199 756 2266 ita,
772 2195 1219 2268 quemadmodum
1241 2194 1293 2248 in
1312 2191 1761 2260 subsequentibus
1782 2191 2097 2247 declarabit.

514 2295 751 2353 Psallere
770 2294 912 2350 enim
943 2307 1001 2347 se
1041 2290 1174 2347 dicit
1204 2289 1429 2360 populus
1458 2287 1737 2342 beatorum
1767 2287 2099 2355 sempiterno

510 2389 745 2455 nomini;
774 2402 960 2444 verum
991 2385 1095 2441 hoc
1123 2398 1231 2439 non
1261 2381 1410 2438 brevi
1444 2388 1708 2450 tempore,
1737 2379 1832 2435 sed
1862 2380 1913 2433 in
1936 2394 2100 2434 sarcu—

513 2488 621 2538 lum
650 2480 847 2547 seaculi,
897 2476 1200 2548 signiﬁcans
1224 2473 1567 2530 devotionem
1600 2487 1749 2527 suam
1780 2471 2096 2527 immutabili

510 2573 849 2644 perennitate
899 2583 1233 2625 mansuram.
1294 2567 1568 2636 Sequitur,
1620 2573 1676 2618 ut
1727 2563 1944 2619 reddam
1981 2575 2097 2618 vota

510 2684 622 2723 utea
650 2667 712 2721 de
736 2666 819 2719 die
847 2665 898 2718 in
938 2663 1091 2717 diem.
1137 2660 1263 2715 llaec
1307 2659 1494 2714 eadem
1542 2657 1738 2714 decora
1784 2656 2098 2711 diversitate

508 2766 844 2828 repetuntur.
877 2755 1007 2809 Nam
1036 2753 1177 2824 quod
1205 2752 1472 2821 signiﬁcat
1500 2750 1744 2804 saeuiunt
1772 2750 1968 2817 saeculi,
1997 2751 2096 2803 hoc

507 2850 744 2907 declarat
772 2848 836 2902 de
865 2848 950 2902 die
976 2848 1030 2901 in
1053 2845 1210 2910 diem,
1243 2845 1294 2899 id
1321 2853 1406 2900 est
1427 2858 1671 2912 semper;
1706 2850 1764 2897 ut
1793 2850 1847 2898 et
1875 2842 1961 2897 hic
1980 2852 2095 2897 vota

507 2951 692 2997 nostra
723 2940 1021 3005 reddamus,
1054 2946 1110 2992 et
1141 2936 1210 2991 ibi
1243 2935 1427 2989 laudes
1457 2934 1667 2988 Domini
1716 2941 1971 3003 perpetua
2013 2932 2095 2987 hi-

510 3033 722 3087 }aritate
748 3039 1043 3084 cantemus.
1084 3027 1215 3082 Vota
1239 3028 1381 3081 enim
1414 3040 1506 3081 sua
1538 3040 1597 3081 se
1628 3025 1852 3080 Domino
1882 3025 2095 3079 reddere

508 3122 917 3192 compromittit',
947 3127 1008 3174 ut
1032 3120 1080 3174 ei
1111 3128 1341 3175 aeternas
1381 3117 1583 3186 gratias
1622 3116 1955 3171 sultirienter
2000 3132 2096 3172 ex-

508 3217 712 3279 solvat;
745 3212 883 3266 sicut
913 3220 969 3266 et
993 3210 1130 3264 alius
1176 3208 1412 3278 psalmus
1458 3207 1623 3263 dicit:
1653 3206 1786 3261 Vota
1828 3225 1939 3263 mea
1987 3208 2093 3263 Do-

2195 638 2408 708 aliquos
2447 637 2708 691 indicare.

2402 728 2561 800 203
2595 728 2949 783 EXPOSITIO
2978 728 3044 784 iN
3068 726 3388 784 PSALMUM
3428 727 3562 782 LXI.

2404 825 2472 878 In
2505 825 2681 895 ﬁnem,
2706 842 2799 894 pro
2846 822 3082 879 Iditlrum
3121 824 3347 898 psalmus
3377 823 3562 879 David.

2267 917 2410 973 Inter
2454 918 2615 972 verba
2665 917 2940 973 notissima
2990 919 3131 973 tituli
3183 918 3377 987 repetit
3426 915 3696 981 lditlzam,
3725 917 3792 972 de

2195 1023 2302 1079 quo
2345 1007 2588 1078 proxime
2629 1008 2681 1063 in
2725 1010 2997 1078 trigesimo
3028 1018 3216 1064 octavo
3246 1009 3454 1081 psalmo
3494 1010 3601 1076 jam
3649 1007 3794 1061 dixi-

2197 1116 2335 1154 mus.
2359 1100 2471 1155 Sub
2494 1100 2647 1154 istius
2670 1100 2867 1170 quippe
2894 1102 3127 1156 nominis
3151 1099 3538 1171 signiﬁcatione
3563 1113 3795 1169 semper

2196 1191 2394 1260 aliquid
2426 1190 2729 1245 declaratur
2758 1192 3035 1246 eximium.
3069 1192 3163 1246 Est
3191 1191 3333 1246 enim
3361 1191 3477 1262 ejus
3505 1192 3787 1259 interpre~

2202 1285 2351 1345 tatio,
2387 1283 2694 1338 transiliens
2732 1297 2827 1337 eos
2848 1324 2862 1346 ,
2896 1283 2949 1336 id
2974 1292 3057 1337 est
3087 1292 3357 1337 amatores
3389 1281 3549 1353 hujus
3572 1280 3794 1347 seaculi,

2199 1390 2332 1443 quos
2358 1374 2513 1429 miles
2539 1375 2738 1429 Christi
2770 1382 3074 1444 contempta
3105 1374 3286 1429 mundi
3310 1376 3581 1443 voluptate
3614 1378 3799 1427 trans-

2200 1466 2402 1522 cendit.
2451 1466 2557 1523 Sed
2609 1468 2859 1538 quoniam
2903 1468 3001 1521 ista
3044 1468 3331 1521 transilitio
3367 1467 3579 1521 beatum
3635 1466 3799 1520 nobis

2200 1561 2413 1615 videtur
2442 1560 2745 1631 signiﬁcare
2775 1559 3150 1630 propositum,
3184 1558 3540 1615 introducitur
3565 1557 3797 1629 qnidam

2198 1664 2441 1719 sanctus,
2489 1655 2578 1725 qui
2627 1664 2678 1709 et
2726 1654 2910 1709 mundi
2952 1653 3218 1709 desideria
3265 1653 3587 1723 reliquerat,
3638 1659 3696 1706 et
3746 1650 3801 1706 in

2204 1748 2435 1801 Domino
2494 1762 2590 1815 spe
2648 1747 2958 1801 ﬁrmissima
3008 1746 3381 1817 permanebat.
3437 1744 3581 1798 Talis
3643 1746 3797 1799 enim

2203 1839 2479 1910 przemittit
2507 1838 2688 1907 ﬁnem,
2714 1839 2766 1893 id
2793 1847 2875 1893 est
2900 1837 3181 1893 Dominum
3207 1838 3500 1892 Christum.
3532 1835 3798 1904 Sequitur

2131 1927 2178 1985 Β
2206 1947 2419 2002 quoque
2450 1932 2698 2001 psalmus,
2720 1933 2821 1986 hoc
2843 1940 2927 1986 est
2959 1931 3252 2000 probabilis
3280 1931 3409 1996 vita,
3429 1944 3548 2000 qua:
3573 1924 3799 1984 Domini

2206 2026 2404 2095 regulis
2434 2025 2783 2080 obseeundat.
2815 2022 3168 2093 Conjnngitur
3193 2023 3352 2079 etiam
3380 2021 3566 2089 David,
3595 2031 3657 2076 ut
3684 2022 3796 2075 vita

2206 2117 2486 2172 laudabilis
2518 2116 2583 2171 ad
2616 2116 2901 2170 Dominum
2934 2116 3208 2171 Christum
3258 2114 3476 2171 tendere
3518 2114 3794 2179 videatur,

2203 2214 2291 2265 ubi
2319 2220 2403 2267 est
2423 2211 2677 2267 salutaris
2709 2218 2761 2266 et
2792 2210 3035 2265 absoluta
3068 2212 3343 2281 perfectio.

2768 2301 2965 2357 Divisio
2999 2303 3205 2374 psalmi.

2272 2393 2595 2450 Transilitor
2620 2394 2741 2460 iste,
2775 2410 2934 2466 quem
2968 2395 3218 2459 diximus,
3253 2393 3591 2449 srecularium
3624 2394 3794 2448 vitio:

2200 2503 2339 2553 rum,
2371 2502 2489 2540 cum
2540 2486 2725 2541 orbem
2778 2496 3039 2540 terrarum
3093 2486 3305 2554 plenum
3358 2484 3521 2538 suavis
3578 2482 3792 2538 videret

2202 2578 2494 2644 erroribus,
2528 2577 2663 2631 alios
2707 2586 3099 2647 persecutores,
3134 2576 3269 2629 alios
3301 2574 3609 2639 haereticos,
3649 2572 3791 2627 alios

2199 2670 2351 2724 vanis
2392 2668 2674 2724 desideriis
2704 2668 2984 2738 implicari.
3016 2667 3070 2722 In
3105 2666 3279 2737 primo
3326 2665 3571 2720 membro
3596 2664 3788 2734 psalmi

2199 2760 2431 2814 animam
2460 2775 2611 2813 suam
2658 2760 2766 2814 Deo
2805 2759 3086 2829 proﬁtetur
3132 2773 3250 2812 esse
3298 2757 3595 2826 subjccmm
3622 2758 3786 2827 ,quia

2199 2868 2294 2925 per
2342 2851 2535 2906 Filium
2578 2852 2909 2920 unigenitum
2976 2867 3167 2905 munus
3218 2851 3456 2905 salutare
3509 2865 3574 2903 su
3606 2851 3785 2920 cepit,

2198 2959 2430 3013 arguens
2486 2958 2582 2999 eos
2630 2944 2720 3013 qui
2767 2944 2883 2998 solo
2932 2943 3149 2998 nomine
3199 2958 3259 2998 se
3312 2942 3416 2998 dici
3473 2941 3786 2997 desiderant

2198 3035 2553 3092 Christianos.
2602 3035 2855 3092 Secunda
2905 3045 3054 3105 parte
3105 3035 3299 3090 iterum
3350 3034 3583 3089 animam
3629 3050 3782 3089 suam

2196 3126 2461 3181 subditam
2491 3125 2621 3180 dicit
2649 3141 2769 3181 esse
2796 3126 3024 3182 Domino
3060 3127 3226 3193 Patri,
3256 3128 3505 3196 quoniam
3539 3142 3633 3192 per
3668 3126 3783 3197 ejus

2201 3218 2432 3272 Verbum
2485 3218 2770 3289 salutarem
2821 3219 3125 3286 patientiam
3171 3219 3488 3287 conquisiVIt
3529 3235 3543 3271 :
3585 3215 3781 3272 contir-

506 3308 644 3362 mino
686 3305 896 3359 reddam
942 3305 996 3357 in
1043 3302 1191 3355 atriis
1235 3301 1417 3355 domus
1464 3300 1696 3366 Domini,
1722 3300 1775 3354 in
1824 3310 2097 3370 conspectu
2127 3307 2170 3371 ρ
2204 3325 2355 3365 mnus
2393 3310 2603 3381 plebem
2652 3311 2995 3366 confessione
3045 3312 3210 3378 ﬁdeli,
3241 3320 3297 3366 οι
3337 3321 3448 3365 ιοιο
3487 3311 3666 3367 cordis
3706 3311 3783 3366 af.

505 3400 667 3455 omnis
693 3396 871 3469 pOpuli
901 3399 1035 3468 ejus,
1055 3395 1106 3448 in
1138 3394 1304 3448 medio
1339 3393 1432 3456 tui,
1451 3390 1741 3446 Jerusalem
1768 3392 1940 3464 (Psal.
1967 3408 2090 3464 cxv,

507 3490 597 3557 18,
633 3489 745 3558 19).
780 3487 1076 3543 Reddamus
1102 3499 1228 3555 ergo
1258 3494 1376 3539 vota
1408 3493 1589 3539 nostra
1622 3484 1674 3539 in
1707 3484 1813 3539 isto
1841 3484 2090 3540 transito-

507 3583 590 3638 rio
618 3582 738 3647 die,
767 3588 826 3635 ut
855 3581 906 3635 in
931 3579 1019 3633 illa
1051 3577 1389 3647 pereunitate
1413 3576 1601 3633 laudes
1631 3576 1869 3644 Domini,
1900 3577 2088 3633 eodem

506 3680 827 3744 prmstante,
856 3671 1145 3729 decantare
1171 3685 1491 3727 mereamur.

1036 3812 1308 3869 Conclusio
1354 3811 1560 3883 psalmi.

562 3955 809 4014 .Audiant
859 3954 1148 4011 Donatistae
1175 3971 1208 4007 a
1237 3951 1426 4023 ﬁnibus
1456 3961 1605 4006 teme
1634 3950 1934 4007 Eeclesiam
1981 3951 2092 4005 cla-

504 4066 679 4116 mare,
720 4057 777 4106 et
830 4048 933 4120 ipsi
984 4063 1105 4105 eam
1152 4046 1379 4103 localem
1427 4045 1610 4101 dicere
1661 4045 1908 4115 protinus
1953 4058 2089 4100 con-

502 4146 804 4217 quiescant.
855 4140 1055 4198 Contra
1084 4155 1274 4196 vocem
1324 4138 1505 4195 mundi
1536 4138 1657 4209 quis
1685 4140 1852 4208 possit
1880 4137 2091 4192 audiri?

505 4234 1027 4305 lmpudentissimum
1059 4242 1142 4289 est
1171 4232 1457 4287 adversum
1506 4231 1666 4286 trium
1721 4230 2087 4287 testimonium

505 4326 649 4396 loqui
666 4366 683 4392 ,
706 4336 758 4379 et
773 4333 958 4379 contra
976 4324 1280 4393 generalem
1301 4323 1624 4377 sententiam
1645 4339 1751 4376 non
1768 4323 2092 4377 erubescunt

504 4416 841 4487 impudenter
870 4414 1107 4469 armari?
1133 4413 1245 4469 Cur
1274 4415 1428 4469 novis
1456 4413 1855 4469 inventionibus
1882 4416 2091 4468 animas

501 4507 757 4578 fatigant?
807 4505 1081 4574 Accipient
1120 4512 1270 4559 certe
1313 4505 1454 4575 quod
1503 4503 1756 4569 credant,
1791 4519 1898 4558 non
1943 4504 2086 4575 quod

498 4616 595 4656 sua
623 4598 903 4669 iniquitate
932 4604 1260 4667 pervertant.
1290 4597 1421 4650 Orat
1452 4596 1626 4651 ﬁdelis
1646 4594 1881 4665 populus
1912 4613 1943 4655 a
1969 4596 2091 4665 ﬁni-

2194 3408 2334 3461 leetu
2366 3420 2584 3475 stu-rare
2606 3405 2799 3460 debeat
2821 3420 3036 3476 seraper
3059 3408 3109 3460 in
3141 3405 3383 3461 Domino.
3404 3405 3588 3461 Tertio
3616 3421 3781 3460 mem-

2194 3499 2292 3553 bro
2322 3509 2566 3553 errantes
2611 3497 2834 3569 populos
2876 3507 3057 3551 monet
3088 3506 3144 3551 ut
3176 3498 3227 3551 in
3269 3498 3378 3551 Deo
3408 3490 3577 3568 magis
3622 3512 3778 3569 quam

2195 3591 2246 3645 in
2288 3590 2471 3645 mundi
2516 3588 2669 3644 istius
2696 3589 2897 3643 caduca
2929 3590 3161 3644 debeant
3192 3588 3445 3645 le'icitate
3485 3588 3775 3645 conﬁdere.

2208 3756 2213 3759 _
2726 3682 2999 3752 Expositio
3038 3682 3245 3753 psalmi.

2266 3775 2420 3830 Vers.
2452 3776 2503 3831 i.
2540 3773 2729 3829 Nonne
2756 3772 2860 3828 Deo
2882 3774 3084 3829 subdita
3107 3773 3263 3847 [mss.
3300 3776 3391 3839 A.,
3422 3774 3512 3843 F.,
3534 3773 3777 3847 subjecta]

2194 3867 2285 3920 erit
2316 3868 2491 3921 anima
2520 3868 2669 3920 mea?
2694 3868 2755 3919 ab
2784 3866 2895 3936 ipso
2924 3866 3058 3920 enim
3096 3866 3324 3920 salutare
3349 3882 3539 3920 meum.
3576 3867 3677 3923 Per
3704 3876 3777 3918 to~

2196 3968 2306 4012 tum
2343 3959 2604 4027 p~almum
2635 3971 2730 4026 pro
2762 3956 3054 4011 universali
3098 3970 3248 4026 parte
3275 3965 3612 4023 sanctorum,
3645 3971 3776 4010 unus

2202 4046 2559 4101 introducitur
2606 4046 2866 4113 ﬁdelium,
2898 4047 2989 4117 qui
3038 4048 3217 4100 saeculi
3268 4046 3392 4100 vitia
3443 4048 3772 4118 relinquens,

2196 4138 2296 4193 soli
2340 4136 2452 4191 Deo
2494 4152 2556 4192 se
2603 4137 2875 4192 subditum
2919 4151 3041 4193 esse
3086 4148 3491 4193 commemorat.
3536 4139 3651 4193 Hoc
3698 4148 3777 4194 est

2194 4232 2332 4286 enim
2362 4229 2588 4285 Domino
2622 4230 2725 4284 dici
2754 4230 3077 4300 subjectum,
3111 4245 3141 4285 a
3184 4230 3467 4284 mundanis
3490 4230 3630 4285 vitiis
3660 4246 3773 4285 esse

2195 4335 2441 4385 Vacuiun,
2468 4331 2522 4376 et
2561 4330 2744 4376 sancta
2777 4321 3091 4377 credulitate
3120 4321 3468 4391 completum.
3515 4323 3606 4377 Est
3634 4323 3767 4377 enini

2195 4413 2549 4483 increpativus
2581 4414 2773 4469 modus
2802 4423 2987 4469 contra
3016 4430 3111 4470 eos
3135 4415 3224 4485 qui
3253 4424 3439 4485 putant
3464 4430 3587 4470 eum
3618 4416 3769 4471 nimia

2196 4509 2550 4575 prOspi-ritate
2580 4503 2917 4571 feriatum,et
2941 4507 3092 4575 quasi
3122 4505 3175 4561 in
3205 4506 3434 4576 quadam
3458 4506 3654 4576 quietis
3669 4520 3769 4561 suae

2195 4599 2423 4651 otiosum
2472 4612 2596 4652 esse
2641 4598 2847 4653 ltetitia.
2882 4597 3071 4652 Nonne
3104 4598 3527 4654 eonvertendnm
3584 4610 3681 4661 est,
3718 4605 3771 4650 ut

499 4693 589 4747 bus
616 4699 785 4756 terra’,
807 4689 928 4759 quia
964 4690 1128 4759 factus
1154 4697 1228 4741 est
1266 4686 1519 4741 Dominus
1546 4702 1661 4756 spes
1687 4686 1835 4755 ejus;
1864 4695 2082 4756 postea-
2112 4693 2162 4753 ι)
2191 4689 2397 4757 planius
2428 4690 2537 4743 llat.
2575 4680 2824 4745 Dicamus
2850 4690 2997 4745 enim
3028 4704 3045 4746 :
3078 4690 3163 4744 Ne
3186 4707 3286 4745 non
3326 4690 3435 4744 Deo
3457 4692 3657 4745 subdita
3684 4691 3767 4743 erit

498 4799 603 4855 que
640 4799 699 4838 se
736 4782 975 4837 auditum
1011 4780 1320 4852 hymnidica
1366 4779 1735 4835 exsultatione
1764 4779 2084 4851 gratulatur,

454 4876 751 4947 .quoniam
808 4874 860 4928 in
908 4880 1202 4941 constructa
1264 4871 1473 4927 Domini
1531 4871 1732 4941 jugiter
1782 4869 2080 4941 apparebit.

501 4966 639 5035 Quid
681 4967 789 5037 jam
836 4964 1150 5031 satisfaciat,
1198 4963 1244 5018 si
1286 4964 1389 5019 hoc
1431 4978 1539 5018 non
1589 4961 1783 5017 satiat?
1828 4961 2083 5016 Videmus

499 5060 739 5133 quotidie
785 5060 899 5114 ﬁeri
940 5059 1081 5129 quod
1131 5056 1393 5127 promisit,
1425 5056 1670 5110 videmus
1717 5054 1973 5110 mundum
2016 5055 2082 5109 ad

497 5152 819 5208 Christiana:
849 5150 970 5206 ﬁdei
1017 5151 1227 5221 regulas
1257 5150 1568 5206 convenire.
1602 5148 1686 5213 Et,
1728 5148 1861 5217 proh
1893 5146 2080 5201 dolor!

496 5246 701 5301 falsitas
753 5243 807 5299 ni
836 5244 941 5299 itur
993 5242 1329 5297 abscondere
1393 5238 1537 5310 quod
1595 5238 1840 5299 decrevit
1887 5237 2083 5291 veritas

496 5337 757 5393 indicare.
805 5335 974 5404 liuius
1002 5344 1180 5391 autem
1220 5333 1409 5405 psalmi
1437 5346 1536 5388 nec
1564 5331 1872 5401 supputatio
1903 5339 2080 5385 vacat.

498 5429 899 5501 Sexagenarius
922 5429 1066 5486 enim
1097 5442 1354 5483 numerus
1386 5428 1617 5495 pertinet
1645 5423 1711 5479 ad
1747 5424 2084 5479 continentes

495 5529 550 5574 et
572 5518 780 5589 viduas,
810 5518 953 5591 quod
982 5520 1274 5590 digitorum
1320 5515 1559 5585 ipsorum
1608 5524 1790 5570 mutua
1838 5514 2086 5583 designat

494 5612 683 5669 inﬁsio
711 5610 828 5687 [ms.
860 5613 949 5679 A.,
978 5610 1073 5677 F.,
1106 5607 1369 5679 inﬁesio].
1402 5606 1553 5664 Unde
1577 5608 1811 5677 psalmus
1834 5608 1934 5661 iste
1952 5607 2083 5662 ﬁde-

494 5704 635 5762 libus
682 5704 895 5760 Domini
945 5702 1294 5773 sexagenaria
1351 5702 1570 5770 prtemia
1622 5701 1937 5770 pollicetur;
1974 5717 2080 5754 non

494 5800 638 5869 quod
671 5800 739 5854 ibi
766 5807 859 5854 aut
883 5808 1146 5867 martyres
1186 5802 1279 5849 aut
1309 5794 1545 5865 virgines
1568 5795 1766 5861 desint,
1793 5795 1884 5866 qui
1910 5795 2078 5867 fructu

494 5889 807 5944 centenario
837 5887 1166 5958 gloriantur;
1192 5885 1287 5941 sed
1338 5887 1392 5941 in
1436 5888 1857 5957 congregatione
1886 5888 2081 5942 multo-

2187 4783 2361 4835 anima
2407 4783 2564 4836 mea?
2591 4781 2720 4848 Quae
2769 4781 2937 4852 ﬁgura
2981 4782 3176 4837 dicitur
3218 4784 3567 4852 anastrophe,
3617 4782 3664 4837 id
3694 4789 3768 4836 est

2186 4874 2488 4929 conversio.
2524 4873 2779 4928 Subditus
2808 4881 2893 4928 est
2932 4874 3115 4944 utique
3146 4874 3258 4928 Deo
3286 4875 3374 4943 qui
3419 4890 3637 4945 semper
3673 4874 3764 4928 hu-

2189 4966 2389 5020 militer
2435 4974 2597 5036 atque
2638 4974 2860 5021 strenue
2900 4968 3026 5022 illud
3058 4968 3168 5037 agit
3207 4968 3445 5035 quodad
3480 4969 3598 5037 ejus
3629 4982 3765 5023 man-

2187 5056 2310 5111 data
2338 5059 2647 5128 cognoverit
2674 5059 2961 5127 pertinere.
2988 5058 3044 5112 In
3075 5060 3127 5127 ip
3158 5073 3190 5113 ο
3226 5058 3544 5123 delectatur,
3578 5060 3631 5115 in
3661 5060 3765 5131 ipso

2186 5148 2447 5215 reﬁcitur,
2481 5158 2536 5203 et
2566 5159 2761 5219 printer
2789 5166 2912 5205 eum
2941 5149 3074 5203 nihil
3117 5148 3260 5203 aliud
3291 5164 3443 5205 mens
3469 5150 3764 5205 beatissima

2189 5241 2540 5309 concupiscit.
2587 5240 2705 5295 Erit
2749 5242 3011 5296 inlinitum
3061 5252 3268 5310 tempus
3315 5241 3603 5312 signiﬁcat,
3635 5237 3767 5311 quod

2189 5334 2340 5388 nullo
2375 5336 2479 5389 ﬁne
2524 5335 2879 5389 claudendum
2930 5344 3033 5390 est.
3074 5335 3328 5405 Sequitur
3376 5350 3538 5390 causa
3592 5332 3768 5403 justis-

2195 5425 2353 5488 sima,
2395 5441 2561 5496 quarc
2612 5425 2719 5479 Deo
2760 5426 2902 5481 Patri
2950 5428 3154 5481 subdrta
3184 5428 3248 5479 sit
3293 5426 3468 5480 animo
3495 5424 3658 5481 beati.
3688 5423 3769 5479 Dio

2191 5516 2558 5583 citautem,ab
2588 5519 2700 5588 ipso
2728 5519 2862 5571 enim
2897 5518 3127 5573 salutare
3153 5535 3353 5584 meum;
3378 5520 3428 5572 id
3458 5528 3562 5584 est,
3589 5518 3771 5588 unigeo

2191 5610 2334 5663 nitus
2376 5607 2565 5676 Fillus,
2605 5610 2694 5680 qui
2727 5621 2869 5664 recte
2914 5612 3258 5666 credentibus
3295 5611 3540 5664 salutaris
3567 5609 3766 5665 existit.

2187 5702 2261 5756 Ab
2299 5705 2412 5773 ipso
2452 5705 2585 5758 enim
2628 5720 2748 5760 cum
2795 5705 3011 5769 dicitur,
3058 5704 3229 5759 Filius
3257 5705 3610 5774 signiﬁcatur.
3651 5702 3771 5757 Hart:

2185 5799 2327 5853 enim
2361 5800 2572 5869 propria
2604 5814 2742 5853 unus
2776 5801 2913 5854 Deus
2945 5808 3129 5854 sancta
3158 5798 3392 5853 Trinitas
3420 5798 3599 5865 habet,
3632 5794 3785 5867 quod

2187 5887 2346 5945 Pater
2391 5889 2682 5959 ingenitus,
2733 5889 2896 5947 Filius
2935 5890 3169 5961 genitus,
3201 5889 3431 5960 Spiritus
3478 5895 3696 5944 sanctus
3737 5896 3797 5940 δ’
