4036 6342
288 401 385 459 429

1213 395 1572 461 ΕΧΡΟΒΙΤΙΟ
1608 400 1672 457 ιιι
1712 362 2174 458 rsamsntuu.
2215 393 2406 457 esst.
2448 392 2584 456 LXI.

3434 402 3543 464 430

286 525 434 581 Patre
459 531 511 578 et
539 519 673 576 Filio
693 518 958 591 procedit.
977 518 1090 574 lloc
1115 518 1251 576 ﬁdes
1278 521 1506 590 integra,
1535 519 1636 575 hoc
1659 518 1848 573 catho-
1876 519 1928 577 Α
1952 514 2197 583 pulsione
2236 525 2565 585 quassatum.
2606 513 2713 572 Sed
2755 514 2872 572 iitze
2910 509 3344 588 comparationes
3374 517 3538 595 205

286 617 379 670 rea
413 612 698 687 proﬁtetur
740 611 1003 666 Ecclesia.
1037 610 1180 667 Bene
1232 612 1415 681 itaque
1463 608 1698 664 Idithum
1741 610 1852 664 Deo

282 706 545 761 subditum
571 711 625 758 te
649 716 772 758 esse
796 702 1086 773 proﬁteris,
1108 717 1138 757 a
1158 718 1266 773 quo
1295 703 1666 758 ittastimabile
1688 702 1851 759 bene-

282 799 452 853 ﬁcium
484 806 535 851 te
554 795 855 865 suscepisse
878 794 1231 851 testaris.Sed
1259 803 1316 850 ut
1342 803 1586 850 sanetum
1620 794 1850 850 Verbum

283 903 385 947 una
413 898 573 960 atque
600 888 852 957 aequabili
880 889 1007 963 [ηις.
1030 890 1121 956 Α.,
1153 886 1366 960 aequali]
1395 887 1741 944 veneratione
1767 901 1855 942 co-

282 981 497 1050 leretur,
522 982 744 1036 intende
769 981 898 1050 qutd
924 982 1189 1051 sequitur.

348 1072 501 1128 Vera.
532 1072 589 1127 2.
622 1070 827 1127 Etenim
871 1075 982 1142 ipse
1028 1079 1103 1127 est
1152 1072 1292 1126 Deus
1335 1087 1477 1125 meas
1515 1080 1563 1125 et
1609 1070 1854 1125 salutaris

281 1180 448 1229 meus;
474 1163 690 1234 adjator
710 1178 867 1228 meus,
893 1176 995 1217 non
1016 1163 1247 1217 movebar
1265 1164 1504 1234 amplius.
1522 1162 1737 1217 Dixerat
1758 1176 1853 1216 su-

282 1253 455 1324 perius
482 1269 511 1308 a
554 1254 713 1309 Patre
748 1256 989 1324 genitum
1024 1254 1216 1309 salutis
1243 1262 1540 1319 auctorem,
1573 1267 1717 1307 nunc
1763 1252 1853 1321 qui

279 1348 347 1402 sit
396 1346 500 1401 iste
545 1346 799 1402 salutaris
857 1348 996 1402 trina
1054 1346 1394 1403 confessione
1454 1347 1852 1416 compleantur.

279 1436 453 1493 Primo
497 1448 569 1493 ne
619 1438 879 1494 minorem
920 1438 1172 1495 crederes
1218 1439 1389 1495 dicit:
1438 1438 1561 1510 Ipse
1600 1450 1674 1494 est
1717 1440 1855 1493 Deus

253 1538 443 1595 ’nteus;
472 1530 618 1586 sicut
644 1547 803 1601 supra
848 1531 916 1588 de
962 1533 1120 1588 Patre
1171 1534 1333 1589 Deum
1374 1533 1525 1588 dicit.
1556 1534 1856 1602 [Equalitas

277 1620 412 1675 enim
442 1622 642 1675 summi
672 1622 906 1676 nominis
934 1622 1287 1677 substantiam
1316 1631 1370 1678 et
1408 1629 1698 1693 potentiam
1740 1622 1860 1678 uni-

279 1712 398 1766 tatis
415 1713 671 1767 ostendit.
687 1712 840 1767 Unde
863 1713 1023 1768 Pater
1053 1714 1381 1785 Augustinus
1406 1716 1458 1768 in
1483 1714 1620 1769 libro
1647 1714 1859 1769 decimo

277 1803 458 1873 quinto
499 1801 573 1859 de
608 1803 872 1859 Trinitate
904 1802 1075 1875 (Cap.
1109 1806 1163 1872 3,
1198 1815 1316 1860 ante
1358 1805 1534 1875 med.)
1567 1807 1638 1861 ita
1678 1805 1808 1861 dicit
1840 1825 1853 1859 :

1950 606 2098 659 ilum
2130 606 2286 661 nobis
2315 621 2532 662 sensum
2556 606 3134 664 indicatenoscuntur.
3167 609 3369 667 Putatis
3394 612 3539 670 isses

1950 706 2168 752 cutores
2212 698 2458 768 sacrilegi
2500 698 2867 753 Christianum
2897 700 3151 769 populum
3192 701 3539 760 defensorem
3574 768 3577 773 _

1953 788 2321 845 ﬁrmissimum
2349 806 2459 846 non
2485 792 2703 857 habere,
2733 808 2893 863 quem
2922 792 3001 847 sic
3027 794 3227 863 passim
3253 794 3415 866 impia
3444 810 3541 853 νο·-
3576 844 3581 851 .

1953 880 2160 936 luntate
2188 881 2507 936 trucidatis?

2027 972 2181 1028 Vere.
2210 974 2265 1028 4.
2307 971 2666 1028 Verumtamen
2693 972 2936 1029 honorem
2978 992 3146 1031 meum
3185 977 3541 1049 conﬂaverant
3570 1040 3573 1043 ,

1953 1063 2226 1129 repellere,
2250 1064 2457 1118 cucurri
2483 1064 2537 1118 in
2560 1064 2648 1118 siti
2667 1080 2685 1127 ;
2706 1081 2792 1119 ora
2808 1082 2902 1120 suo
2921 1065 3300 1135 benedieebant,
3321 1077 3369 1129 et
3386 1070 3542 1125 corde
3574 1108 3577 1111 -

1953 1169 2047 1207 suo
2075 1154 2467 1210 maledicebaut.
2509 1154 2766 1233 Superior
2794 1172 2981 1213 versus
3025 1158 3242 1229 respicit
3272 1159 3338 1215 ad
3377 1175 3541 1231 paga-

1955 1259 2076 1306 nos,
2106 1245 2210 1300 iste
2239 1257 2419 1302 autem
2448 1247 2514 1301 ad
2540 1247 2754 1302 Judaros
2775 1258 2829 1304 et
2851 1248 3001 1307 ﬁctos
3030 1251 3263 1318 pertinet
3285 1250 3544 1309 Christiaa-

1957 1350 2074 1389 nos.
2093 1334 2306 1390 Duobus
2322 1335 2465 1392 enim
2490 1336 2661 1391 modis
2689 1336 2897 1392 laborat
2916 1339 3303 1409 Ecclesia,siv_e
3324 1344 3541 1412 quando

1956 1442 2075 1481 eam
2113 1428 2331 1497 gentilis
2365 1441 2518 1482 error
2558 1429 2881 1499 insequitur,
2909 1432 3023 1487 sive
3051 1434 3266 1503 quando
3303 1435 3539 1492 hmretici

1961 1534 2117 1587 prava
2148 1518 2493 1574 contentione
2518 1518 2839 1575 dilacerant.
2871 1520 3055 1576 Ilonor
3082 1533 3200 1579 erat
3234 1528 3408 1581 sancti
3438 1528 3551 1601 viii

1958 1609 2216 1663 catholica
2232 1621 2284 1665 et
2306 1610 2475 1663 ﬁdelis
2502 1610 2760 1677 Ecclesia,
2779 1611 3023 1668 Οιιτὶριιιε
3040 1613 3153 1683 ipse
3176 1617 3263 1684 qui
3283 1617 3545 1695 membris
3570 1680 3573 1687 λ

1960 1702 2070 1755 suis
2094 1708 2150 1755 et
2173 1710 2337 1770 caput
2359 1709 2415 1756 et
2444 1701 2676 1771 dignitas
2701 1711 2802 1757 est.
2833 1703 2983 1758 Hunc
3014 1704 3277 1779 inﬁdeles,
3300 1709 3546 1785 repellere

1960 1791 2291 1861 cogitabant,
2320 1791 2555 1862 quando,
2587 1807 2655 1846 ne
2688 1806 2819 1862 puro
2847 1795 3010 1849 corde
3039 1796 3328 1862 coleretur,
3372 1798 3547 1853 sacri-

277 1892 497 1950 Ratione
534 1894 695 1949 etiam
729 1895 937 1950 reddita
983 1895 1424 1966 intelligentibus,
1448 1896 1655 1950 clarum
1692 1901 1777 1949 est
1804 1896 1855 1949 in
1890 1893 1936 1953 B
1962 1883 2097 1953 iesis
2115 1883 2457 1953 dosmatibus
2478 1884 2953 1943 οδνίθδειηιοτιιηο
2982 1902 3197 1945 Sanetus
3227 1890 3309 1944 Vir
3329 1904 3545 1946 Cursum

274 1986 573 2041 substantia
619 1986 885 2053 veritatis,
928 2002 1037 2042 non
1082 1988 1258 2043 solum
1303 1987 1521 2043 Patrem
1570 1987 1709 2043 Filio
1749 2001 1856 2042 nou

276 2082 391 2133 esse
420 2076 704 2148 majorem,
728 2079 823 2134 sed
854 2094 954 2135 nec
982 2080 1168 2137 ambos
1189 2081 1351 2136 simul
1374 2080 1577 2151 aliquid
1601 2095 1725 2136 esse
1747 2095 1859 2135 ma—

273 2166 357 2236 jus
394 2184 557 2238 quam
603 2172 778 2225 solum
826 2172 1085 2241 Spiritum
1137 2182 1417 2241 sanctum;
1448 2184 1541 2227 aut
1591 2174 1860 2244 quoslibet

276 2257 407 2317 duos
452 2260 506 2314 iu
554 2262 745 2317 eadem
775 2264 1032 2320 'l‘rinitate
1074 2264 1250 2335 majus
1293 2280 1414 2322 esse
1455 2267 1652 2336 aliquid
1698 2283 1857 2338 quam

277 2353 468 2415 unum;
518 2358 612 2404 aut
650 2366 839 2407 omnes
884 2355 1043 2409 simul
1094 2363 1204 2411 tres
1259 2358 1432 2427 majus
1489 2357 1688 2427 aliquid
1720 2373 1859 2414 esse

276 2456 432 2512 quam
463 2443 724 2514 singulos.
750 2444 841 2500 Sic
871 2447 1161 2515 perlectam
1191 2458 1355 2518 atque
1381 2449 1711 2519 singularem
1757 2465 1858 2505 na-

276 2541 446 2591 turam
474 2545 672 2593 sanctae
702 2538 981 2596 Trinitatis
1006 2542 1241 2596 mirabili
1263 2545 1491 2598 veritate
1519 2544 1855 2599 monstravit.

274 2627 492 2699 Repetit
531 2632 772 2686 salutaris
799 2650 939 2688 meus
968 2650 988 2688 :
1014 2637 1160 2690 salus
1202 2638 1345 2692 enim
1391 2637 1608 2693 humani
1646 2639 1860 2709 generis

273 2734 394 2789 quae
415 2722 470 2774 in
494 2721 663 2776 Adam
689 2725 945 2792 perierat,
960 2727 1320 2798 redintegrata
1342 2739 1427 2785 est
1450 2745 1547 2800 per
1570 2731 1856 2787 Dominum

272 2806 569 2866 Christum.
618 2814 894 2883 Sequitur,
935 2818 1148 2888 adjuter
1190 2834 1333 2873 meus
1360 2835 1380 2875 :
1410 2821 1536 2890 quia
1578 2822 1631 2875 in
1672 2823 1857 2878 mundi

275 2906 431 2961 istius
480 2909 973 2963 concertationibus
1018 2910 1296 2979 implicato
1337 2914 1484 2968 solus
1532 2910 1856 2984 adiutorium

218 3044 225 3049 .
276 2997 553 3068 praestitit,
580 3005 639 3053 ut
667 3000 853 3059 mundi
873 3001 1001 3056 vitia
1032 3004 1419 3059 transcendere
1440 3008 1720 3074 potuisset.
1740 3005 1861 3060 Non

277 3090 506 3144 movebar
521 3091 766 3161 amplius,
782 3107 887 3147 non
913 3093 1141 3161 superba
1164 3094 1428 3163 professio
1454 3105 1555 3151 est.
1575 3096 1690 3151 Non
1708 3097 1854 3152 enim

276 3183 459 3237 moueri
478 3192 699 3252 poterat,
720 3184 871 3254 cujus
904 3186 1046 3241 Deus
1074 3195 1130 3241 et
1156 3186 1411 3243 salutaris
1424 3194 1480 3244 et
1507 3189 1724 3258 adjutor
1742 3198 1860 3245 erat

1961 1976 2085 2031 vitae
2114 1990 2226 2032 suae
2260 1977 2313 2031 in
2342 1979 2455 2032 sitis
2483 1978 2766 2034 sterilitate
2808 1994 2971 2053 perag
3007 1984 3117 2046 bat,
3153 1984 3275 2055 quia
3308 1984 3569 2057 invenire

1961 2082 2068 2123 non
2101 2076 2310 2137 poterat
2338 2084 2495 2139 quem
2518 2078 2750 2140 potaret.
2776 2071 2887 2127 Hoc
2906 2072 3051 2128 enim
3081 2074 3193 2129 sitis
3220 2076 3348 2145 agit,
3379 2088 3435 2130 ut
3465 2078 3546 2130 [οι

1960 2162 2035 2215 ris
2076 2164 2306 2231 positum
2338 2162 2618 2219 humorem
2649 2164 2922 2221 desideret
2948 2166 3002 2221 in
3041 2182 3137 2223 sua
3169 2170 3411 2224 membra
3441 2179 3549 2224 tra-

1953 2252 2143 2320 jicere.
2175 2253 2303 2308 Inde
2332 2264 2415 2310 est
2445 2256 2570 2309 illud
2601 2257 2993 2328 evangelicum,
3026 2258 3161 2316 Sitio
3205 2260 3401 2333 (Joan.
3432 2279 3545 2329 xu.

1959 2342 2086 2412 28);
2135 2342 2344 2410 Mulier,
2368 2345 2435 2399 da
2465 2347 2593 2400 mihi
2618 2348 2782 2402 bibite
2810 2347 2992 2419 (locu.
3022 2364 3096 2418 tv,
3123 2352 3223 2423 7);
3251 2369 3353 2406 non
3387 2365 3444 2407 ut
3479 2357 3547 2411 ab

1960 2434 2049 2490 illa
2071 2448 2267 2505 aquam
2297 2439 2668 2495 tantummodo
2698 2441 2994 2512 perciperet
3025 2445 3333 2514 postulavit,
3367 2446 3463 2501 sed
3492 2456 3550 2502 ut
3576 2506 3579 2511 λ

1959 2525 2009 2581 ei
2036 2527 2158 2583 ﬁdei
2189 2540 2395 2598 potum,
2427 2546 2533 2602 quo
2556 2532 2669 2602 ipsa
2700 2534 3008 2599 sedaretur,
3034 2535 3322 2604 ingereret.
3360 2539 3552 2609 Sequi-

1963 2627 2049 2672 tur
2069 2621 2231 2675 etiam
2267 2636 2433 2678 causa
2457 2623 2589 2688 sitis,
2624 2639 2711 2677 ore
2742 2640 2838 2679 suo
2865 2626 3247 2683 benedicebant.
3265 2628 3416 2696 Quod
3445 2630 3549 2685 illis

1960 2710 2155 2766 accidit
2174 2713 2264 2782 qui
2282 2714 2452 2784 legem
2479 2715 2686 2769 Domini
2705 2716 2879 2772 la!laci
2902 2718 3251 2777 meditatione
3278 2732 3551 2790 pertrans-

1960 2813 2113 2868 eunt,
2151 2811 2209 2858 et
2264 2820 2373 2859 non
2417 2804 2521 2860 hoc
2557 2805 2810 2875 operibus
2857 2808 3228 2864 demenstrant
3271 2810 3413 2880 quod
3456 2825 3571 2887 ore,

1964 2892 2328 2960 pronuntiant.
2358 2894 2613 2950 Additqu
2644 2907 2747 2963 est,
2776 2910 2823 2951 et
2849 2899 3004 2951 corde
3036 2917 3127 2954 suo
3158 2890 3577 2962 maledicebaat.‘

1960 2980 2126 3037 Corde
2151 2983 2295 3041 enim
2326 2986 2638 3040 maledicunt
2679 2988 2767 3055 qui
2813 2998 3026 3047 sanctas
3071 2990 3377 3062 Scripturas
3419 2994 3549 3049 vitio

1962 3087 2233 3143 perversa:
2261 3075 2517 3130 novitatis
2546 3077 2869 3147 intelligunt.
3146 3150 3149 3153 Α
3277 3121 3286 3132 .
3430 3148 3435 3151 _
3564 3066 3569 3073 ’

2006 3176 2007 3179 ‘
2060 3166 2215 3223 Vers.
2266 3169 2322 3224 5.
2379 3167 2737 3225 Verumtamen
2797 3170 2908 3226 Deo
2958 3173 3165 3229 subdita
3215 3177 3312 3230 erit
3380 3180 3467 3231 arti
3485 3192 3553 3232 na

275 3267 536 3327 Dominus
574 3271 842 3329 Christus.
871 3274 989 3342 Quo
1020 3275 1147 3330 loco
1170 3275 1389 3345 ﬁguram
1421 3292 1704 3347 possumus
1742 3278 1857 3334 for-

1962 3270 2096 3323 mea,
2125 3260 2363 3329 quoniam
2384 3260 2449 3314 ab
2491 3262 2605 3332 ipso
2627 3271 2701 3317 est
2722 3266 2967 3333 patientia
2997 3281 3130 3322 mea.
3161 3266 3287 3322 Post
3314 3268 3544 3338 diapsal-

272 3365 424 3419 lassis
480 3363 769 3421 advertere
813 3381 931 3436 quae
983 3366 1183 3422 dicitur
1222 3367 1629 3438 epidiorthosis,
1673 3370 1871 3426 Latine

271 3456 569 3525 superioris
598 3456 676 3511 rei
706 3459 991 3513 correctio.
1023 3457 1153 3513 Nam
1185 3457 1331 3530 quod
1366 3460 1586 3529 adjecit,
1616 3461 1859 3532 amplius,

271 3549 549 3620 signiﬁcas
582 3548 879 3616 armanda.
914 3564 976 3607 se
1019 3559 1246 3607 motum.
1278 3553 1401 3607 Fuit
1449 3554 1594 3609 enim
1647 3562 1860 3623 tempus

272 3639 488 3707 quando
518 3638 623 3693 iste
663 3635 897 3693 Iditltunt
936 3650 1305 3710 prargravatus
1342 3642 1525 3697 carnis
1575 3642 1862 3697 imbecilli-

275 3735 375 3783 tate
400 3729 659 3785 titubavit
684 3745 700 3783 :
723 3730 819 3785 sed
844 3741 1123 3801 postquam
1152 3732 1264 3788 veri
1293 3733 1561 3803 dogmatis
1590 3734 1867 3791 illumina-

273 3817 413 3874 tione
438 3820 745 3888 completus
768 3831 871 3886 est,
895 3825 1083 3877 moueri
1113 3839 1219 3879 non
1240 3834 1472 3893 poterat,
1500 3827 1612 3896 qui,
1637 3827 1869 3897 juvantis

276 3904 524 3978 Domino,
557 3912 679 3968 ﬁdei
712 3914 964 3971 ﬁrmitate
985 3917 1291 3974 constabat.

345 4002 579 4060 Vers.3.
606 4005 878 4076 Quousque
928 4008 1127 4062 inuitis
1176 4009 1231 4062 in
1278 4010 1526 4075 homines,
1576 4010 1863 4079 interﬁcitis

277 4096 536 4152 universos
559 4138 574 4164 ,
604 4107 847 4168 tanquam
895 4100 1077 4168 parieti
1113 4100 1358 4153 inclinato
1395 4109 1444 4155 et
1487 4104 1719 4156 oratoria:
1764 4105 1863 4158 iut-

279 4186 477 4257 pulsc.’
527 4187 810 4259 Postquam
859 4190 1017 4244 ﬁdem
1071 4205 1223 4245 suam
1288 4192 1423 4246 trina
1477 4193 1859 4261 prmdicatione

276 4278 534 4348 vulgavit,
562 4281 628 4335 ad
669 4290 1044 4351 persecutores
1082 4282 1509 4339 Christianorum
1550 4284 1712 4340 verba
1732 4300 1862 4341 cou-

276 4354 453 4425 vertit.
486 4370 625 4426 Dicit
646 4373 789 4426 enim
814 4389 828 4425 :
858 4372 1104 4441 Quaudiu
1147 4374 1359 4444 agmine
1384 4373 1528 4430 facto
1558 4390 1717 4446 supra
1764 4376 1860 4433 lto-

276 4461 447 4518 mines
489 4462 804 4520 innocentes
840 4466 1079 4521 inuitis?
1128 4466 1246 4520 Non
1286 4481 1385 4522 vos
1438 4478 1653 4523 revocat
1699 4469 1863 4524 timor

274 4550 519 4620 divinus,
545 4564 604 4609 ut
643 4556 769 4611 inde
822 4556 989 4625 magis
1019 4558 1271 4623 smviatis,
1305 4559 1428 4629 quia
1465 4559 1703 4616 culturas
1747 4561 1859 4615 die.

1965 3347 2126 3403 matis
2177 3350 2575 3417 pausationem,
2629 3354 2774 3407 venit
2841 3350 3076 3407 Idithum
3132 3355 3200 3409 ad
3256 3357 3551 3413 secundum

1966 3440 2265 3497 membrum
2318 3444 2542 3513 psalmi,
2592 3443 2787 3499 similia
2842 3455 3093 3511 repetens
3138 3464 3257 3518 quae
3303 3452 3553 3522 superius

1964 3533 2119 3601 dixit,
2150 3535 2377 3587 animant
2404 3551 2556 3589 suam
2602 3535 2710 3589 Deo
2747 3552 2853 3591 esse
2893 3538 3207 3609 subjectum;
3236 3548 3292 3594 ut
3321 3541 3434 3610 ipsa
3467 3558 3553 3600 re-

1963 3622 2152 3690 petitio
2177 3624 2344 3678 menti
2374 3636 2572 3679 nostris
2604 3624 2767 3679 robur
2792 3626 3129 3684 credulitatis
3152 3630 3415 3699 inﬁgeret.
3443 3632 3549 3688 Sed

1965 3714 2104 3770 istud
2137 3715 2445 3788 diligentius
2487 3728 2907 3787 perscrutemur,
2939 3721 3062 3788 quia
3106 3736 3265 3777 causa
3307 3727 3552 3794 gratu|a~

1966 3811 2151 3879 tionis,
2182 3824 2440 3881 quantum
2471 3813 2537 3865 ad
2567 3813 2750 3881 verba,
2784 3829 2887 3868 ιιοιι
2917 3815 3127 3870 videtur
3153 3831 3275 3872 esse
3301 3820 3553 3874 consimi-

1963 3904 2050 3959 lis.
2077 3905 2155 3961 lbi
2199 3908 2342 3963 enim
2372 3906 2525 3973 dicit,
2556 3914 2620 3959 ab
2662 3908 2774 3974 ipso
2816 3907 3041 3961 salutare
3087 3925 3251 3961 meum
3274 3926 3294 3974 ;
3327 3910 3412 3965 hic
3453 3911 3549 3976 ait,

1961 4000 2206 4069 quoniam
2243 3999 2307 4052 ab
2331 4001 2444 4068 ipso
2477 4000 2725 4068 patientia
2759 4016 2889 4053 mea.
2922 4001 3027 4054 Sed
3069 4001 3340 4057 licetaliis
3369 4006 3550 4062 verbis

1962 4091 2194 4157 dicatur,
2221 4108 2382 4147 unum
2410 4103 2585 4147 tamen
2618 4108 2743 4153 esse
2780 4094 3130 4164 intelligimus
3159 4096 3204 4151 si
3235 4098 3394 4153 altius
3424 4115 3551 4169 pera-

1961 4195 2285 4239 scrutemur.
2315 4185 2578 4240 Patientia
2615 4188 2814 4255 quippe
2844 4196 3027 4243 nostra
3056 4189 3304 4246 Christus
3332 4201 3414 4246 est
3444 4192 3552 4248 Da!-

1964 4276 2165 4342 minus,
2204 4285 2423 4348 propter
2470 4290 2628 4346 quem
2657 4288 2709 4335 et
2753 4279 2980 4336 adversa
3025 4281 3254 4338 libenter
3294 4285 3548 4354 patimur,

1962 4376 2018 4423 et
2036 4378 2304 4437 suscepta:
2332 4369 2530 4440 regula:
2557 4369 2937 4427 observatione
2960 4372 3277 4444 gaudemus.
3293 4375 3385 4433 Sic
3404 4378 3548 4433 enim

1961 4461 2093 4517 etin
2123 4462 2521 4534 septuagesimo
2550 4463 2758 4533 psalmo
2795 4470 3043 4519 cantatur
3072 4482 3088 4520 :
3120 4466 3376 4533 Quoniam
3400 4478 3456 4522 tu
3496 4478 3551 4523 es

1963 4555 2207 4625 patientia
2254 4570 2390 4619 mea,
2426 4554 2643 4610 Domine
2668 4554 2840 4626 (Paul.
2875 4572 3000 4625 us,
3025 4557 3105 4628 5).
3135 4559 3265 4612 Nam
3297 4567 3355 4614 ut
3391 4574 3546 4613 eum-

276 4658 493 4701 mouum
541 4654 875 4717 contemptus
915 4662 1037 4702 esse
1085 4650 1435 4718 cognoscitis.
1473 4649 1538 4704 Et
1589 4664 1658 4705 ne
1705 4662 1859 4720 puta-
1890 4651 1939 4713 Ι)
1964 4646 2087 4702 dem
2115 4648 2172 4701 in
2199 4645 2302 4702 hoc
2328 4660 2577 4703 sermone
2598 4662 2816 4704 sensum
2843 4650 3021 4717 possis
3046 4648 3549 4719 advertere,aperte

274 4751 360 4794 res
406 4740 837 4809 persecutionem
881 4742 1037 4796 istam
1079 4752 1172 4796 aut
1200 4742 1531 4799 nuditatibus
1579 4744 1716 4810 ﬁeri,
1766 4754 1860 4801 aut

273 4834 555 4887 tormentis
586 4831 795 4888 levibus
836 4833 1063 4901 actitari,
1093 4834 1317 4901 addidit,
1344 4836 1630 4905 inter/Scitis
1656 4839 1858 4891 univer-

273 4938 383 4990 sos,
417 4935 475 4979 ut
504 4940 672 4995 usque
701 4926 767 4979 ad
794 4936 1019 4981 mortem
1053 4926 1425 4997 perducerent,
1455 4942 1592 4998 quos
1624 4928 1733 4984 Deo
1764 4929 1860 4985 dca-

275 5011 413 5069 ditos
437 5029 560 5071 esse
601 5002 889 5071 sentirent:
918 5016 1191 5074 Universos
1218 5027 1417 5089 autem,
1450 5019 1671 5076 devotos
1702 5021 1859 5077 intel‘

275 5104 436 5176 ligere
464 5108 1062 5180 debemus.Sequuutur
1092 5112 1379 5183 aptissimae
1403 5114 1854 5183 comparationes.

272 5192 543 5268 Tanquam
588 5200 770 5267 parieti
812 5201 1077 5267 inclinato,
1126 5202 1217 5271 qui
1258 5205 1359 5258 etsi
1408 5219 1514 5258 non
1555 5205 1871 5273 impellatur.

276 5290 578 5343 occumbit:
603 5292 724 5360 quia
749 5294 801 5346 in
829 5306 1012 5348 casum
1040 5292 1213 5363 vergit
1241 5294 1498 5364 quidquid
1527 5310 1557 5349 a
1589 5296 1858 5351 soliditate

278 5393 371 5436 sua
416 5382 578 5438 luerit
605 5385 940 5441 inclinatum.
969 5386 1208 5454 Addidit,
1234 5397 1282 5441 et
1320 5389 1554 5443 maceria
1596 5387 1853 5459 impulsa.

278 5472 507 5531 Macerio
557 5488 643 5535 est
682 5494 935 5535 saxorum
990 5480 1129 5535 sicca
1175 5479 1528 5545 constructio,
1568 5494 1689 5551 quae
1740 5484 1858 5536 sine

275 5568 452 5640 aliquo
473 5571 721 5640 ligamine
745 5572 1089 5642 impensze,in
1118 5574 1286 5627 altum
1310 5572 1468 5626 ducta
1497 5574 1853 5642 componitur.

278 5657 345 5714 Et
370 5678 443 5717 ne
464 5663 532 5718 de
558 5668 673 5734 ipsa
703 5666 936 5721 novitate
967 5667 1166 5721 habere
1195 5681 1313 5720 eam
1342 5666 1593 5721 crederes
1621 5666 1854 5736 aliquam

278 5750 601 5821 ﬁrmitatem,
630 5756 787 5823 dixit,
814 5756 1069 5828 ἱηιριιιεω,
1097 5770 1152 5812 ιιι
1180 5758 1334 5812 facile
1357 5756 1423 5812 ad
1458 5756 1624 5823 imum
1666 5771 1859 5828 verge-

279 5852 363 5901 ret
389 5849 526 5917 quod
545 5857 636 5905 aut
653 5860 932 5922 ventorum
960 5850 1193 5920 ﬂatibus,
1222 5858 1314 5905 aut
1334 5850 1510 5921 aliqua
1548 5848 1718 5906 fuerat
1750 5850 1856 5905 im-

1964 4739 2244 4810 séquentia
2274 4740 2552 4795 declarare
2581 4750 2905 4797 noscuntur.

2039 4839 2187 4897 Vers.
2227 4840 2280 4897 6.
2313 4840 2516 4897 Etenim
2558 4841 2666 4911 ipse
2711 4852 2783 4897 est
2823 4836 2963 4896 Deus
3000 4852 3160 4910 meus,
3212 4848 3259 4897 et
3306 4843 3549 4899 salutaris

1964 4948 2139 5000 meus;
2166 4934 2376 5004 adjutor
2402 4948 2567 5001 meus,
2596 4949 2699 4987 non
2737 4933 3013 5002 emigrabo.
3058 4932 3123 4986 lu
3171 4932 3279 4988 Deo
3320 4934 3548 4990 salutare

1964 5037 2130 5079 meum
2157 5032 2203 5079 et
2224 5025 2390 5095 gloria
2417 5040 2568 5088 mea;
2601 5024 2740 5079 Deus
2777 5024 2960 5078 auxilii
2990 5024 3107 5088 mei,
3137 5033 3185 5079 et
3208 5038 3325 5096 spes
3351 5042 3462 5081 mea
3493 5028 3548 5081 in

1964 5115 2072 5169 Dco
2094 5125 2187 5170 est.
2218 5115 2271 5169 In
2301 5115 2384 5170 his
2413 5115 2621 5171 duobus
2645 5115 2891 5171 versibus
2913 5114 3160 5171 Christus
3187 5118 3441 5172 Dominus
3464 5119 3547 5173 io-

1961 5208 2189 5272 dlcatur,
2212 5206 2281 5263 de
2301 5221 2408 5276 quo
2437 5208 2686 5275 superius
2714 5206 2868 5270 dixit,
2899 5208 3145 5275 patientia
3169 5224 3303 5263 mea.
3334 5210 3394 5263 Et
3419 5220 3542 5264 tan-

1959 5312 2118 5368 quam
2158 5300 2205 5353 si
2247 5299 2295 5352 ei
2332 5298 2599 5353 diceretur
2631 5312 2645 5349 :
2677 5296 2808 5363 Quis
2852 5306 2938 5353 est
2975 5297 3077 5353 iste
3116 5301 3371 5368 patientia
3415 5301 3544 5354 tua?

1960 5391 2237 5461 respondit
2268 5408 2283 5445 :
2316 5389 2341 5445 1
2349 5408 2438 5459 pse
2483 5401 2555 5444 est
2602 5390 2742 5444 Deus
2774 5404 2937 5455 meus,
2965 5402 3011 5447 et
3058 5395 3305 5449 salutaris
3354 5411 3495 5448 meus
3523 5409 3543 5450 :

1962 5482 2084 5549 quia
2109 5496 2293 5535 revera
2317 5480 2510 5535 animae
2537 5496 2648 5536 sute
2686 5483 2911 5537 salutem
2935 5483 3047 5552 jam
3090 5494 3218 5539 tunc
3244 5499 3338 5555 per
3366 5485 3539 5540 incar—

1965 5573 2195 5628 nandum
2227 5571 2459 5626 Verbum
2491 5572 2778 5638 provenire
2817 5574 3093 5628 noscebat.
3121 5575 3362 5638 Addidit,
3391 5576 3538 5645 adju.

1967 5674 2045 5721 tor
2070 5683 2211 5721 meus
2240 5681 2259 5721 :
2289 5681 2355 5721 ne
2393 5667 2508 5721 suis
2533 5667 2822 5737 applicaret
2852 5666 3138 5722 virtutibus
3171 5668 3310 5738 quod
3351 5669 3540 5722 evasit.

1966 5758 2240 5829 Sequitur,
2273 5773 2373 5811 non
2417 5757 2694 5828 emigrabo,
2724 5757 2928 5814 scilicet
2968 5756 3036 5811 de
3085 5758 3182 5811 hac
3221 5756 3544 5811 credulitate

1965 5868 2122 5923 quam
2153 5861 2339 5919 teneo;
2364 5851 2503 5927 sicut
2529 5851 2580 5906 in
2610 5850 2817 5907 decimo
2842 5851 3048 5921 psalmo
3068 5849 3178 5921 jam
3203 5848 3399 5921 diuum
3428 5859 3542 5902 est:
