4020 6348
299 375 407 430 455

1257 379 1616 438 EKPOSITIO
1655 381 1719 437 IN
1761 382 2212 443 PSALTERIUM.
2254 387 2444 445 PSAI..
2490 390 2640 445 LXII.

3479 394 3582 448 454

298 495 467 548 minus
491 493 620 548 dixit
647 492 713 546 ad
740 509 849 548 nte:
873 491 1043 547 Filius
1074 511 1215 549 meus
1255 512 1308 550 es
1331 509 1400 558 tu,
1441 514 1532 568 ego
1561 497 1715 551 hodie
1739 502 1890 569 genui
1924 501 1973 559 A
1999 500 2089 568 qui
2111 500 2263 555 bonis
2293 503 2664 570 spiritualibus
2689 503 2905 558 omnino
2933 504 3116 558 nudati
3144 514 3287 560 sunt.
3322 505 3458 562 llinc
3498 517 3578 563 est

296 596 365 641 te.
397 586 568 658 (Psal.
603 603 660 652 tt,
688 587 765 656 7).
818 587 928 641 lloc
956 589 1096 642 enim
1143 588 1269 643 nulli
1320 589 1474 643 alteri
1519 590 1752 645 locutum
1790 591 1888 644 Pa-

295 685 435 731 trem
465 675 632 730 l‘uisse
655 677 993 732 manifestum
1020 687 1120 732 est.
1154 680 1216 732 Et
1240 690 1292 733 ut
1320 680 1533 749 quidam
1564 681 1768 735 sentire
1791 697 1889 734 vo-

295 769 534 837 luerunt,
567 772 765 826 locutus
795 781 868 825 est
888 773 1042 826 semel
1071 771 1242 826 Deus:
1269 776 1521 841 quoniam
1562 791 1726 828 unum
1759 776 1890 831 Ver-

291 861 424 918 bum
457 874 583 916 ante
623 874 864 932 tempora
900 865 1084 933 genuit
1130 866 1592 921 cunsubstantiale
1631 867 1750 929 sibi,
1783 868 1886 922 im-

290 967 565 1018 mensum,
591 962 939 1020 comternum,
969 963 1022 1008 et
1061 957 1403 1024 cozequaliter
1424 940 1633 1026 potens.
1663 957 1889 1012 Genitus

290 1053 380 1096 est
401 1045 548 1098 enim
583 1043 722 1100 Deus
751 1060 908 1099 verus
938 1046 1004 1099 de
1037 1045 1146 1101 Deo
1185 1063 1334 1111 vero,
1363 1048 1538 1102 lumen
1571 1049 1638 1103 de
1666 1049 1887 1117 lumine,

292 1134 620 1188 immortalis
676 1135 744 1190 de
786 1135 1107 1203 immortali,
1163 1138 1450 1192 invisibilis
1494 1154 1558 1193 ex
1615 1141 1886 1205 invisibili,

291 1230 642 1298 omnipotens
671 1231 737 1286 de
777 1233 1164 1299 omnipotente,
1200 1243 1253 1287 et
1292 1244 1505 1298 caetera,
1549 1250 1666 1304 qua:
1713 1236 1888 1290 unitas

291 1318 386 1374 illa
442 1320 1003 1388 incomprehensibilis
1059 1339 1182 1378 vere
1230 1324 1467 1378 creditur
1505 1325 1701 1381 habere
1741 1342 1889 1382 com-

291 1410 500 1462 munia.
534 1409 888 1464 Discutiamus
916 1413 1072 1466 etiam
1106 1429 1224 1481 qua:
1251 1423 1375 1467 sunt
1403 1414 1502 1469 ista
1534 1417 1638 1470 duo
1677 1433 1796 1486 qua:
1830 1433 1889 1473 se

290 1498 533 1554 Iditltum
583 1499 713 1555 dicit
757 1504 1016 1568 audiisse,‘
1055 1504 1140 1572 qui
1175 1516 1454 1574 postquam
1484 1508 1607 1562 vitia
1656 1508 1885 1563 humana

290 1595 616 1661 calcaverat,
650 1605 934 1663 provectus
982 1597 1050 1650 ad
1093 1599 1600 1668 contemplationem
1628 1601 1883 1669 divinam,

295 1699 396 1754 per
417 1699 594 1739 aurem
617 1687 813 1740 mentis
830 1687 1158 1752 auscultans,
1182 1691 1428 1758 cognovit
1447 1699 1764 1761 potestatem
1791 1692 1886 1746 ba-

291 1775 426 1830 bere
451 1775 644 1830 Filium
673 1776 725 1830 in
757 1778 1046 1848 semetipso
1066 1819 1081 1844 ,
1111 1780 1250 1835 sicut
1281 1789 1364 1836 est
1403 1781 1532 1837 illud
1576 1783 1879 1853 Evangelii:

287 1865 606 1922 Potestatem
625 1869 783 1923 habeo
798 1871 1023 1940 ponendi
1045 1873 1276 1926 animam
1298 1891 1484 1940 nteant,
1505 1883 1551 1927 et
1581 1886 1878 1944 potestatem
1910 1870 1960 1929 Β

289 1961 452 2014 habeo
502 1962 685 2015 iterum
728 1964 964 2017 sumendi
999 1972 1109 2017 eam
1151 1964 1330 2036 (Joan.
1363 1983 1416 2031 x,
1470 1968 1580 2037 18).
1630 1969 1884 2040 Sequitur

287 2056 424 2110 illud
452 2056 767 2123 secundum,
803 2065 852 2110 et
900 2057 1010 2122 tibi,
1055 2056 1295 2125 Domine,
1329 2062 1698 2127 misericordia,
1750 2062 1881 2116 sub-

285 2147 614 2202 audiendum
641 2147 832 2216 placet.
856 2147 1151 2219 Utrumque
1183 2151 1325 2204 enim
1356 2151 1580 2205 Deitatis
1610 2163 1713 2219 est,
1746 2164 1802 2207 ut
1827 2164 1882 2208 et

287 2239 711 2295 misericorditer
739 2240 905 2309 possit
933 2239 1080 2311 [mss.
1112 2243 1198 2305 A.,
1230 2241 1324 2308 F.,
1357 2242 1578 2315 prosit],
1608 2255 1663 2299 et
1693 2257 1880 2314 poten-

292 2343 376 2388 tcr
398 2334 737 2387 misereatur.
761 2331 864 2386 Sed
895 2340 951 2385 ut
974 2331 1074 2387 hoc
1098 2332 1166 2388 de
1191 2334 1414 2390 Domino
1438 2335 1566 2390 Cltri
1601 2345 1655 2390 to
1678 2337 1877 2391 dictum

285 2427 496 2497 planius
532 2425 800 2493 potuisses
822 2423 1131 2489 advertere,
1163 2427 1409 2495 sequitur
1431 2435 1640 2496 tempus
1662 2427 1874 2496 judieii,

282 2521 410 2588 quia
441 2529 494 2574 tu
524 2521 706 2574 reddes
733 2520 952 2591 singulis
976 2521 1256 2585 secundum
1299 2537 1452 2590 opera
1496 2538 1704 2586 eorum;
1741 2522 1878 2576 sicut

283 2616 518 2684 legitur:
554 2613 709 2668 Pater
733 2631 834 2668 non
857 2615 1064 2684 judicat
1093 2633 1420 2686 quemquam,
1446 2618 1533 2671 sed
1561 2634 1708 2671 omne
1720 2619 1874 2688 judi-

285 2708 427 2762 cium
456 2707 588 2760 dedit
621 2705 754 2760 Filio
785 2705 968 2776 (Joan.
998 2722 1052 2771 v,
1082 2705 1200 2776 ‘22).

855 2825 1126 2882 Conclusio
1172 2822 1378 2894 psalmi.

359 2937 724 3008 Respiciamus
749 2939 800 2993 in
843 2939 942 2993 hoc
979 2938 1186 3009 psalmo
1217 2938 1611 2994 sententiarum
1638 2939 1868 3006 lumina,

278 3030 434 3100 quasi
464 3031 722 3100 quasdam
757 3031 1003 3086 relucere
1031 3030 1310 3086 candelas.
1347 3032 1571 3101 Lampat
1599 3032 1752 3099 ﬁdes,
1781 3048 1872 3086 co-

281 3131 466 3177 ruscat
493 3123 692 3177 veritas
721 3137 878 3188 quam
906 3123 1103 3177 debeat
1123 3123 1461 3178 ChriStianus
1507 3124 1733 3192 populus
1790 3123 1872 3177 in-

282 3216 458 3272 tueri:
501 3231 571 3271 ne
603 3217 788 3270 mundi
847 3217 1003 3271 istius
1056 3216 1296 3271 tenebris
1323 3215 1654 3281 obcaecatus,
1708 3227 1868 3272 recta:
1899 3241 1946 3304 ρ

277 3307 406 3364 ﬁdei
431 3308 699 3362 tramitem
731 3323 835 3362 non
857 3316 1130 3377 sequatur.
1155 3307 1428 3362 Abscedat
1453 3307 1666 3376 gentilis
1693 3322 1865 3370 error,

278 3401 660 3456 hereticorum
691 3414 963 3454 murmura
993 3401 1416 3467 conquiescant,
1445 3398 1655 3452 vanitas
1688 3398 1866 3454 homi-

275 3508 408 3549 num
441 3492 752 3562 lallaciaque
779 3493 1086 3547 deseratur.
1121 3492 1236 3546 Non
1281 3492 1334 3548 in
1377 3491 1616 3562 ingenio,
1676 3507 1781 3546 non
1814 3493 1866 3546 in

278 3584 466 3639 saeculi
495 3584 834 3655 dogmatibus
863 3592 1264 3654 prtesumatur;
1297 3582 1391 3638 sed
1425 3583 1478 3637 in
1498 3598 1626 3637 vera
1649 3583 1869 3651 sapien-

279 3679 352 3732 tia
384 3687 617 3748 ponatur
643 3691 790 3746 spes,
822 3692 941 3746 qua:
976 3676 1099 3729 talia
1126 3676 1263 3729 solet
1303 3676 1435 3730 dare
1485 3677 1657 3745 qualia
1691 3677 1869 3730 nullus

279 3772 454 3840 possit
475 3784 724 3840 arguere.
761 3767 886 3833 Fac,
920 3768 1166 3832 Domine,
1195 3777 1250 3822 et
1271 3783 1367 3822 nos
1398 3768 1524 3822 vitia
1578 3770 1866 3836 transilire,

279 3875 339 3920 ut
367 3864 438 3919 ad
467 3874 519 3920 te
549 3863 813 3934 possimus
842 3861 1076 3932 purgatis
1115 3861 1386 3916 mentibus
1415 3861 1716 3928 pervenire.

501 4019 504 4022 .
567 3972 928 4029 EXPOSITIO
959 3971 1022 4025 IN
1047 3970 1376 4027 PSALMUM
1414 3970 1574 4026 LXII.

392 4067 636 4122 Psalmus
665 4065 855 4131 David,
884 4080 1001 4118 cum
1031 4073 1157 4118 esset
1185 4063 1238 4116 in
1267 4063 1467 4116 deserto
1489 4061 1755 4115 Iduma'te.

357 4182 597 4237 Psalmus
621 4190 675 4238 et
720 4178 888 4233 David
937 4178 1246 4248 frequenter
1289 4177 1525 4230 indicant
1580 4177 1866 4232 Dominum

273 4275 587 4339 Christum,
632 4273 940 4341 frequenter
1000 4270 1329 4324 Ecclesium:
1369 4268 1491 4337 quia
1535 4267 1782 4322 Christus
1815 4268 1866 4322 in

275 4365 539 4421 membris
557 4367 670 4419 suis
692 4373 795 4431 est,
815 4373 870 4417 et
900 4361 1137 4417 membra
1166 4363 1218 4415 in
1248 4374 1344 4414 suo
1375 4361 1549 4428 capite
1577 4360 1864 4413 continen-

275 4470 388 4514 tur.
411 4457 545 4513 Nam
573 4459 616 4512 si
647 4456 771 4527 quid
792 4456 1022 4526 patiatur
1042 4462 1220 4524 caput,
1254 4452 1494 4508 membra
1526 4451 1869 4520 compatiun-

275 4562 403 4619 tur;
428 4552 691 4607 etiterum
715 4550 759 4605 si
790 4549 1029 4604 membra
1060 4557 1339 4611 vexentur,
1370 4555 1531 4615 caput
1559 4546 1676 4599 sine
1701 4545 1860 4598 dubi-

276 4643 484 4698 talione
513 4640 865 4710 co‘mpatitur;
893 4639 1032 4693 sicut
1071 4645 1124 4692 et
1157 4637 1449 4706 Apostolus
1496 4637 1596 4691 ait:
1633 4635 1694 4690 Si
1747 4637 1867 4705 quid
1897 4623 1949 4684 D

276 4736 479 4806 patitur
504 4750 663 4788 unum
688 4733 987 4797 ntembrum,
1009 4731 1387 4800 compatiuntur
1415 4731 1585 4783 omnia
1608 4732 1867 4795 membra;

277 4829 385 4882 sive
432 4826 755 4897 gloriﬁcatur
802 4841 962 4879 unum
1007 4826 1304 4888 membrum,
1337 4824 1658 4895 congaudent
1699 4825 1867 4877 omnia

276 4918 507 4970 membra
538 4914 591 4986 (Ι
625 4915 745 4970 Cor.
779 4932 876 4981 xtt,
921 4915 1038 4984 9.6).
1066 4915 1404 4984 Quapropter
1435 4916 1713 4978 Ecclesiae,
1747 4931 1868 4986 quae

277 5009 334 5063 in
383 5008 489 5064 hoc
544 5009 754 5078 psalmo
797 5009 1038 5064 locutura
1087 5018 1191 5072 est,
1228 5009 1419 5062 merito
1443 5011 1714 5078 proposita
1744 5019 1868 5064 sunt

277 5097 466 5165 verba,
513 5113 633 5167 qua:
677 5097 980 5167 significant
1015 5096 1295 5149 Dominum
1336 5097 1693 5153 Salvatorem.
1740 5097 1863 5153 Hrec

279 5187 440 5256 igitur
467 5188 520 5240 in
544 5188 743 5241 deserta
770 5185 1017 5241 Idumaece
1048 5186 1271 5249 habitat,
1306 5187 1357 5240 id
1390 5197 1471 5241 est
1499 5188 1549 5240 in
1583 5187 1740 5257 hujus
1761 5204 1866 5242 sm-

277 5277 385 5331 culi
415 5276 681 5342 ariditate,
714 5277 802 5330 ubi
828 5278 959 5340 sitit,
992 5277 1078 5329 ubi
1109 5276 1401 5342 desiderat,
1429 5278 1518 5332 ubi
1547 5279 1858 5333 misericor-

277 5370 420 5424 diam
470 5369 681 5424 Domini
724 5371 932 5437 expetit
981 5366 1310 5430 ambienter,
1367 5368 1543 5423 donec
1599 5369 1665 5424 ad
1716 5371 1863 5424 illaut

277 5472 533 5519 aeternam
547 5463 769 5534 gloriam
788 5463 970 5516 venire
992 5470 1280 5515 mereatur.
1301 5456 1532 5514 Idumam
1553 5462 1696 5515 enim
1715 5462 1864 5518 locus

277 5564 358 5609 est
386 5555 474 5609 ubi
501 5553 672 5609 David
699 5555 907 5624 fugiens
943 5552 1372 5622 persecutionem
1415 5553 1594 5608 Saulis
1641 5553 1867 5612 latuisse

277 5652 639 5724 cognoscitur.
687 5650 930 5706 Nominis
977 5650 1121 5706 enim
1169 5650 1333 5719 ipsius
1375 5650 1752 5716 interpretatio
1781 5660 1864 5705 est

205 5757 208 5760 ί
281 5744 441 5813 (sicut
465 5743 574 5813 jam
607 5759 750 5814 saepe
789 5743 1042 5812 diximus)
1081 5752 1334 5806 terrena;
1369 5750 1426 5795 ut
1470 5742 1748 5796 evidenter
1781 5744 1861 5796 in—

282 5839 583 5910 telligamus
604 5838 871 5894 desertum
904 5836 1045 5892 istud
1076 5837 1380 5907 signiﬁcare
1414 5846 1659 5890 terrenos
1686 5845 1863 5905 actus,

1993 592 2132 658 quod
2159 592 2394 647 diluculo
2422 595 2486 648 ad
2516 595 2799 650 Dominum
2842 597 3025 665 vigilat
3065 597 3302 654 Ecclesia
3329 639 3345 665 ,
3386 599 3553 670 depre

1993 694 2122 734 cans
2153 697 2220 738 ne
2247 685 2427 739 mundi
2453 685 2611 755 hujus
2633 687 2906 742 erroribus
2943 690 3272 758 implicetur.

2565 807 2758 862 Divisio
2786 810 2993 878 psalmi.

2067 916 2272 985 Sponsa
2301 918 2390 972 illa
2419 919 2736 986 spiritualis,
2764 937 2880 990 qua:
2909 924 3150 976 membra
3181 926 3422 981 continet
3478 928 3581 983 Do-

1993 1008 2123 1062 mini
2155 1008 2473 1074 Salvatoris,
2511 1011 2684 1079 primo
2710 1011 2869 1065 modo
2903 1013 3189 1068 insatiabili
3222 1015 3491 1071 desiderio
3519 1033 3579 1072 se

1991 1096 2120 1150 dicit
2170 1112 2291 1152 esse
2342 1107 2628 1167 raptatam,
2695 1108 2752 1152 ut
2794 1101 3045 1156 virtutem
3090 1103 3303 1158 Domini
3348 1120 3575 1161 cernere

1992 1187 2290 1257 potuisset:
2317 1203 2508 1258 optans
2554 1200 2609 1244 ut
2648 1191 2763 1260 ejus
2801 1193 2977 1246 anima
3027 1194 3304 1255 bonorum.
3329 1200 3570 1253 omnium

1991 1280 2311 1348 pinguedine
2357 1281 2662 1351 repleatur,
2713 1293 2978 1353 quatenus
3026 1284 3143 1354 ejus
3201 1287 3360 1357 digna
3404 1290 3579 1358 possit

1991 1369 2240 1424 laudibus
2278 1371 2528 1426 inveniri.
2559 1372 2806 1428 Secundo
2845 1376 3006 1430 modo
3040 1379 3240 1448 gratias
3284 1381 3412 1448 agit,
3449 1383 3573 1450 quia

1987 1462 2088 1515 sub
2131 1464 2294 1534 206
2331 1464 2595 1520 velamine
2651 1467 2855 1521 alarum
2904 1470 3139 1538 Domini,
3185 1474 3369 1528 mundi
3419 1475 3576 1531 istius

1990 1558 2254 1624 procellas
2295 1559 2548 1625 evaserit,
2574 1560 2934 1631 inimicosque,
2952 1577 3077 1618 suos
3101 1566 3152 1618 in
3185 1565 3436 1622 inferiora
3466 1577 3576 1622 ter-

1986 1662 2061 1702 NB
2098 1663 2348 1704 asserens
2373 1665 2492 1705 esse
2522 1651 2889 1719 damnandos;
2923 1654 3122 1723 Regem
3146 1672 3273 1711 vero
3297 1656 3572 1714 Christum

1985 1739 2041 1794 in
2084 1739 2194 1796 Deo
2216 1739 2375 1798 Patre
2404 1757 2526 1798 cum
2549 1745 2749 1798 sanctis
2775 1747 3030 1815 praedicat
3054 1763 3177 1804 esse
3206 1749 3530 1804 laetaturum.

2527 1864 2801 1936 Expositio
2827 1867 3034 1938 psalmi.

2057 1976 2210 2031 Vers.
2242 1976 2291 2030 I.
2323 1976 2480 2044 Deus,
2506 1976 2640 2032 Deus
2662 1995 2819 2047 meus,
2851 1983 2920 2034 ad
2947 1991 2993 2036 te
3027 1984 3089 2037 de
3124 1985 3232 2038 luce
3264 1986 3453 2057 vigilo;
3483 1990 3557 2043 si-

1987 2069 2095 2121 tiuit
2117 2069 2169 2121 in
2188 2077 2235 2121 te
2247 2069 2420 2122 anima
2439 2086 2570 2124 mea.
2599 2069 2832 2125 Primum
2859 2072 2970 2143 ipsa
2995 2076 3243 2145 repetitio
3269 2082 3560 2135 venerandi

1984 2161 2214 2216 nominis
2235 2163 2481 2218 all'ectum
2507 2166 2607 2234 piae
2626 2165 3019 2235 deprecationis
3045 2170 3300 2228 ostendit.
3331 2171 3569 2232 Dicendo

1945 2254 2146 2323 .Cuim,
2197 2252 2358 2318 Deus,
2404 2253 2542 2310 Deus
2591 2273 2753 2324 meus,
2795 2276 2949 2314 suum
2999 2263 3394 2331 quodammodo
3439 2265 3574 2320 dicit

1982 2363 2144 2415 esse;
2185 2356 2241 2403 ut
2265 2349 2382 2416 ejus
2411 2363 2472 2402 se
2501 2349 2670 2418 magis
2721 2353 2811 2405 tali
2847 2352 3116 2408 desiderio
3161 2355 3332 2424 possit
3381 2366 3568 2412 osten-

1979 2440 2127 2494 dere.
2159 2440 2397 2504 Addidit,
2428 2440 2498 2493 ad
2529 2450 2574 2494 te
2597 2443 2658 2494 de
2687 2441 2799 2495 luce
2839 2444 3009 2512 vigilo.
3057 2445 3138 2499 Ad
3167 2446 3341 2513 ipsum
3367 2447 3559 2517 vigila-

1980 2538 2089 2598 tur,
2120 2530 2330 2599 quoties
2357 2528 2409 2584 in
2441 2530 2624 2585 mundi
2682 2531 2976 2589 ambitione
2996 2534 3295 2603 dormitur;
3323 2552 3445 2591 nam
3477 2537 3567 2592 illa

1977 2619 2055 2673 sic
2085 2618 2483 2689 consequimur,
2511 2621 2554 2674 si
2587 2621 2690 2675 ista
2726 2623 2981 2678 deserere
3024 2624 3368 2681 festinemus.
3420 2628 3566 2683 Bene

1977 2720 2154 2765 autem
2184 2710 2399 2779 adjecit,
2444 2710 2699 2777 diluculo,
2750 2713 2966 2782 quando
3019 2721 3229 2781 tempus
3277 2717 3564 2773 dominicas

1976 2801 2384 2858 resurrectionis
2432 2803 2629 2867 eluxit,
2658 2812 2715 2856 ut
2763 2812 2888 2857 tunc
2934 2803 3052 2872 ejus
3100 2803 3289 2858 laudes
3315 2812 3560 2868 caneret,

1975 2893 2189 2964 quando
2213 2906 2382 2964 genus
2412 2892 2702 2947 humanum
2731 2895 2982 2964 exemplo
3008 2911 3118 2949 sua:
3149 2895 3564 2952 resurrectionis

1975 2989 2250 3044 animavit.
2303 2989 2574 3059 Sequitur,
2607 2989 2758 3042 sitiuit
2803 2990 2856 3042 in
2899 3001 2947 3043 te
2977 2990 3148 3043 anima
3175 3006 3305 3043 mea.
3365 2989 3558 3056 Sitivit,

1977 3092 2193 3150 promer
2222 3095 2414 3151 aquam
2449 3081 2678 3150 positum
2702 3090 2804 3144 est,
2842 3096 3000 3147 quam
3051 3082 3104 3136 in
3161 3081 3448 3150 Evangelio
3474 3080 3558 3135 di-

1975 3175 2088 3230 cit:
2124 3173 2336 3240 Mulier,
2363 3175 2408 3227 si
2436 3174 2588 3227 scires
2616 3175 2806 3226 don-unt
2840 3173 2955 3238 Dei,
2996 3184 3043 3227 et
3077 3174 3191 3244 quis
3217 3183 3292 3227 est
3322 3176 3410 3242 qui
3446 3190 3476 3226 α
3513 3181 3561 3225 te

1977 3279 2166 3335 aquam
2188 3265 2330 3333 petit,
2358 3274 2410 3318 tu
2434 3265 2639 3334 petisses
2683 3263 2745 3316 ab
2791 3281 2866 3326 eo,
2900 3276 2945 3318 et
2986 3265 3208 3319 dedisset
3252 3265 3339 3318 tibi
3368 3280 3558 3335 aquam

1972 3359 2136 3411 vivam
2164 3356 2341 3428 (Joan.
2372 3371 2444 3422 tv,
2473 3356 2583 3425 lO).
2611 3355 2731 3411 Sitit
2753 3371 2880 3425 ergo
2903 3356 3073 3410 anima
3090 3355 3324 3412 ﬁdelium
3367 3355 3558 3418 Deum,

1973 3450 2185 3519 quando
2216 3447 2459 3502 mandata
2482 3449 2598 3519 ejus
2624 3458 2676 3503 et
2703 3449 2930 3503 virtutes
2951 3449 3177 3505 eximias
3203 3449 3558 3517 concupiscit,

1974 3540 2188 3610 quando
2240 3540 2413 3608 ipsum
2458 3539 2730 3594 desiderat
2779 3539 2982 3607 videre,
3039 3556 3067 3595 a
3123 3557 3230 3609 quo
3283 3541 3550 3596 bonorum

1972 3634 2151 3686 omnia
2183 3630 2381 3684 ﬂuenta
2407 3639 2619 3706 constat
2643 3645 2915 3687 emanare.
2951 3631 3068 3701 Ipsa
3097 3640 3181 3686 est
3229 3647 3358 3702 ergo
3383 3632 3556 3685 anima

1972 3740 2091 3793 quae
2122 3725 2261 3777 culta
2289 3723 2449 3779 rebus
2474 3722 2806 3790 caelestibus,
2833 3725 3103 3778 desertum
3135 3723 3362 3778 insumat
3402 3740 3559 3778 mun-

1974 3815 2121 3881 dum,
2151 3831 2269 3884 qua:
2297 3829 2511 3884 semper
2537 3822 2818 3882 exasstuat,
2867 3829 3084 3882 semper
3114 3814 3240 3881 sitit,
3269 3813 3444 3869 donec
3489 3812 3558 3867 ad

1975 3906 2173 3962 fontem
2230 3908 2376 3962 illum
2437 3905 2822 3961 misericordia:
2869 3905 3066 3961 diviuzc
3113 3905 3392 3975 pervenire
3444 3919 3557 3959 tne-

1972 4011 2173 4053 reatur.

2045 4089 2199 4144 \‘crs.
2229 4088 2284 4142 2.
2344 4087 2511 4153 Quam
2559 4087 2909 4155 multipliciter
2938 4087 3028 4139 tibi
3069 4103 3191 4140 caro
3223 4086 3371 4140 mea!
3396 4086 3446 4140 in
3469 4088 3556 4142 de-

1973 4195 2129 4247 serto,
2161 4192 2204 4236 et
2237 4183 2286 4234 in
2314 4183 2467 4247 invio,
2496 4192 2542 4236 et
2568 4182 2837 4251 inaquoso.
2868 4182 3127 4250 Superius
3155 4181 3290 4235 dixit
3313 4181 3364 4234 in
3388 4182 3550 4236 Deum

1971 4276 2136 4328 sitisse
2157 4274 2383 4326 animant
2409 4288 2596 4338 suam;
2630 4288 2772 4327 nunc
2798 4283 2851 4327 et
2877 4289 3080 4327 carnem
3110 4273 3457 4342 multipliciter
3486 4273 3557 4326 si-

1972 4367 2100 4421 mile
2123 4365 2447 4420 desiderium
2483 4366 2679 4420 habere
2714 4375 2940 4420 testatur
2965 4381 2981 4422 :
3009 4375 3064 4420 ut
3113 4359 3251 4420 sicut
3288 4376 3558 4421 utrarum-

1971 4474 2074 4526 que
2106 4473 2284 4511 rerum
2313 4467 2496 4512 auctor
2517 4466 2600 4512 83'.
2641 4458 2803 4522 Deus,
2835 4458 2906 4512 ita
2934 4456 3001 4512 ab
3042 4457 3286 4527 utrisque
3317 4457 3558 4527 partibus

1974 4557 2280 4618 expetatur.
2295 4549 2399 4604 Sed
2419 4548 2759 4604 intendamus
2777 4548 2916 4617 quod
2931 4548 3279 4618 multipliciter
3300 4547 3552 4614 dicendo,

1979 4641 2097 4709 plus
2118 4640 2251 4694 dicit
2282 4641 2332 4694 in
2358 4640 2466 4695 Deo
2496 4640 2676 4695 sitisse
2701 4655 2942 4705 carnem,
2973 4649 3032 4693 ut
3075 4647 3278 4707 quanto
3319 4638 3560 4706 fragilior

1977 4740 2082 4798 est,
2115 4741 2260 4786 tanto
2283 4732 2556 4787 ardentius
2584 4733 2727 4801 pium
2753 4731 3018 4786 medicum
3052 4730 3340 4800 appetiissc
3370 4729 3553 4783 videac

1983 4832 2088 4876 tur.
2139 4821 2263 4877 Sitit
2285 4837 2416 4892 ergo
2447 4823 2620 4876 aninta
2652 4823 2829 4892 populi
2863 4823 3001 4876 beati
3030 4821 3256 4876 virtutes
3275 4835 3408 4891 quas
3435 4835 3558 4875 san-

1977 4921 2060 4968 cta
2085 4915 2357 4984 Scriptura
2389 4918 2727 4969 commendat
2755 4932 2769 4981 ;
2796 4915 2889 4969 sed
2920 4915 3112 4967 iteium
3145 4913 3558 4969 innumerabilis

1979 5015 2104 5060 sunt
2155 5023 2275 5076 qua:
2327 5022 2457 5062 caro
2505 5009 2603 5062 sibi
2653 5023 2681 5060 a
2731 5007 2839 5061 Deo
2885 5007 3229 5076 cognoscitur
3262 5007 3555 5078 postulare.

1978 5100 2215 5170 Utraque
2262 5102 2404 5155 enim
2457 5101 2699 5169 indigent
2744 5099 2939 5154 salvari
2965 5117 2979 5165 ;
3010 5098 3106 5155 sed
3127 5114 3258 5154 caro
3289 5099 3412 5169 plus
3437 5109 3560 5169 eget

1978 5197 2124 5260 cibo,
2160 5194 2847 5263 potu,vestitu,vehiculo,
2894 5210 3105 5263 somno,
3153 5196 3415 5266 temperie
3461 5196 3562 5251 Itu-

1981 5302 2217 5352 morum,
2248 5286 2565 5342 salubritate
2594 5285 2753 5351 aeris,
2795 5299 3033 5357 sumptu,
3079 5289 3395 5356 caeterisque
3441 5291 3562 5360 qui-

1982 5380 2081 5434 bus
2105 5380 2282 5433 anima
2313 5395 2418 5432 non
2448 5377 2676 5447 indiget;
2711 5379 2803 5434 sed
2832 5379 2947 5434 hinc
2989 5383 3284 5436 necessitas
3316 5384 3559 5451 co'poris

1976 5478 2232 5538 expetere
2263 5468 2586 5524 declaratur.
2623 5468 2840 5524 Addidit
2872 5471 2962 5524 ubi
3010 5473 3364 5542 multipliciter
3395 5473 3557 5526 sitiret

1975 5577 2093 5616 caro
2121 5561 2268 5631 ejus,
2297 5559 2500 5615 scilicet
2527 5560 2578 5614 in
2618 5561 2815 5614 deserto
2847 5561 3005 5630 (sicut
3048 5573 3104 5618 et
3147 5563 3333 5616 titulus
3373 5562 3554 5630 dixit),

1982 5652 2082 5707 hoc
2103 5660 2187 5708 est
2228 5652 2281 5706 in
2314 5649 2496 5706 mundi
2530 5651 2684 5707 istius
2723 5651 3016 5723 indigentia
3061 5663 3117 5708 et
3147 5653 3432 5707 sterilitate
3475 5652 3557 5720 je-

1969 5743 2119 5812 juna.
2152 5742 2438 5811 Sequitur,
2465 5743 2586 5796 etin
2613 5743 2769 5809 invio,
2815 5747 2935 5812 quia
2977 5744 3209 5801 mundus
3257 5746 3398 5798 inse
3449 5760 3553 5796 non

1981 5835 2142 5892 habet
2162 5834 2324 5903 viam,
2358 5833 2462 5890 nisi
2489 5835 2772 5893 Dominum
2817 5835 3168 5896 Salvatorem,
3195 5839 3280 5905 qui
3335 5837 3433 5889 iter
3470 5844 3552 5889 est
