4020 6348
524 336 631 393 ὶδό

1754 331 1824 384 n.
1867 324 2149 411 anniaut
2184 321 2587 383 cassronoru
3665 323 3748 383 tas

524 466 814 516 amcorum,
845 459 899 507 et
938 465 1032 522 per
1085 463 1143 505 se
1184 446 1480 505 errantium
1532 444 1800 502 rectitude
1826 443 2098 499 salutaris.
2131 457 2180 517 Α
2286 434 2514 493 Vers.6.
2541 436 2690 492 Sicut
2719 434 2871 506 adipe
2897 443 2955 497 et
2985 433 3297 505 pinguedine
3330 434 3577 506 repleatur
3607 436 3748 499 enim

525 542 762 609 Addidit,
796 552 844 596 et
872 543 1140 613 inaquoso,
1177 540 1226 594 id
1255 548 1338 595 est
1358 538 1526 594 sterili
1564 546 1724 608 atque
1748 534 2105 590 infructuose.

524 638 804 707 Aquosum
838 634 982 689 enim
1024 633 1274 696 dicimus,
1305 630 1446 702 quod
1491 630 1644 701 aquis
1698 626 1936 684 abundat
1982 624 2109 681 irri-

525 729 680 800 guis;
710 730 1014 798 inaquosum
1030 743 1158 782 vero
1178 727 1386 780 aridum
1414 735 1573 797 atque
1594 724 1803 786 sterile,
1832 733 1889 777 ut
1915 721 2112 777 merito

525 821 648 891 ejus
677 821 857 875 anima
879 819 1043 875 nimia
1090 818 1332 873 siccitate
1370 816 1641 872 durescat.
1676 814 1831 871 Unde
1860 828 1954 881 per
1996 812 2110 866 lucc

528 914 631 970 tria
663 912 878 971 nomina
910 910 1094 965 mundi
1125 910 1283 969 istius
1310 909 1607 963 necessitas
1648 906 1932 962 indicatur.

602 1003 754 1059 Vera.
782 1004 839 1057 '5.
876 1001 968 1058 Sic
988 1003 1040 1056 in
1064 1009 1242 1055 sancto
1267 999 1485 1076 apparyi
1514 999 1622 1063 tibi,
1656 1006 1710 1050 ut
1752 996 1974 1049 uiderent
2012 991 2116 1046 vir-

534 1102 694 1149 tutem
716 1105 857 1148 tuam
884 1102 930 1148 et
960 1093 1177 1166 gloriam
1211 1103 1373 1145 tuam.
1402 1089 1730 1147 Sustinendo
1760 1088 1927 1153 sitim,
1956 1098 2114 1155 quam

534 1189 767 1252 dixerat,
795 1188 975 1242 carnis
1005 1197 1060 1241 et
1090 1186 1281 1241 anima
1328 1187 1380 1239 in
1409 1185 1646 1247 deserto,
1678 1193 1731 1237 et
1761 1183 1815 1237 in
1842 1182 2008 1247 invio,
2061 1189 2117 1234 et

532 1278 819 1348 inaquoso,
842 1277 985 1348 quod
1010 1278 1075 1333 ad
1101 1278 1258 1347 bujus
1279 1275 1465 1331 mundi
1485 1275 1821 1330 sterilitatem
1848 1273 2117 1343 pertinere

527 1371 915 1440 cognovimus:
945 1380 1071 1424 tunc
1097 1370 1400 1441 apparuisse
1419 1383 1479 1424 se
1503 1367 1638 1423 dicit
1667 1366 1905 1422 Ecclesia
1928 1367 1981 1420 in
2003 1382 2118 1421 san-

531 1470 616 1515 eto
665 1459 918 1530 ﬁdelique
970 1462 1284 1530 propesito,
1331 1461 1548 1530 quando
1601 1459 1874 1515 Christum
1926 1473 2114 1514 verum

531 1553 701 1608 Deum
724 1568 848 1609 esse
869 1553 1142 1624 cognovit.
1176 1552 1521 1608 lntendamus
1558 1560 1734 1606 autem
1761 1549 1905 1621 quod
1960 1549 2113 1614 dicit,

531 1645 751 1716 apparari
779 1644 888 1713 tibi,
911 1655 968 1698 ut
986 1645 1207 1701 viderem
1226 1647 1461 1698 uirtutem
1481 1654 1654 1709 tuam,
1683 1642 1810 1712 quia
1839 1655 1999 1697 nemo
2026 1654 2121 1697 ve-

533 1738 747 1793 ritatem
772 1739 936 1807 videt,
966 1738 1071 1794 nisi
1100 1738 1211 1793 Deo
1237 1738 1383 1807 prius
1412 1750 1662 1807 apparere
1690 1734 1938 1805 potuerit.
1982 1733 2117 1787 Nam

2214 546 2360 595 mea;
2405 538 2451 584 et
2506 530 2644 585 labia
2694 528 3052 591 exsuL'ationis
3097 527 3383 583 laudabunt
3421 544 3588 581 nomen
3615 538 3747 585 tuum.

2213 623 2516 692 Scripturas
2543 623 2751 678 divinas
2784 623 3035 678 novimus
3076 638 3173 692 per
3200 621 3571 676 similitudines
3613 630 3751 678 term-

2215 730 2311 771 nas
2344 714 2661 786 plerumque
2684 715 2927 770 coelestia
2952 724 3294 770 sacramenta
3320 722 3623 775 monstrare.
3653 714 3751 767 Atli-

2215 823 2303 878 pes
2343 806 2503 876 igitur
2531 806 2954 867 suntviscerum
3001 821 3181 861 crassa
3226 805 3512 872 velamina,
3554 820 3660 873 qtae
3697 807 3754 861 in-

2218 907 2367 952 terna
2402 897 2607 966 jecoris
2634 897 2887 967 operiunt
2925 908 3091 967 atque
3128 895 3480 952 concludunt.
3530 893 3753 966 Pinguedo

2216 1003 2347 1045 vero
2369 997 2451 1043 est
2477 989 2729 1058 saginata:
2756 988 2977 1058 pecudis
2997 989 3197 1043 nutrita
3227 988 3365 1043 cibis
3403 986 3645 1042 obesitas.
3665 986 3753 1055 Ipsa

2218 1079 2316 1135 fuit
2336 1080 2615 1135 sacriﬁciis
2643 1080 2825 1149 digna,
2847 1090 2905 1135 et
2926 1079 3384 1149 immolationibus
3412 1092 3649 1146 congrua.
3667 1079 3752 1143 Qua

2217 1170 2571 1229 similitudine
2611 1170 2742 1239 petit
2775 1170 3012 1227 Ecclesia
3067 1170 3299 1224 animm
3349 1182 3497 1223 suam
3544 1169 3755 1222 virtutum

2221 1265 2528 1335 pinguedine
2551 1265 2812 1334 saginari,
2841 1274 2900 1318 ut
2930 1264 3090 1334 digna
3118 1263 3352 1318 Domino
3395 1261 3560 1331 possit
3590 1261 3754 1316 offerri.

2220 1356 2439 1424 Pinguis
2467 1355 2611 1411 enim
2638 1355 2816 1411 anima
2845 1371 2965 1412 esse
2995 1371 3101 1411 non
3128 1364 3332 1425 potest.
3361 1354 3464 1409 nisi
3500 1368 3545 1409 θη
3573 1353 3756 1407 Domino

2221 1456 2369 1516 pasta
2384 1447 2623 1517 nituerit.
2649 1446 2756 1503 Sed
2784 1447 3040 1518 pinguedo
3070 1448 3267 1511 animae
3295 1445 3587 1500 divinarum
3614 1458 3753 1501 rerum

2220 1530 2439 1593 scientia
2460 1545 2567 1605 est.
2599 1546 2746 1595 recta
2780 1539 2939 1613 Iides,
2966 1537 3294 1593 inconcussa
3322 1535 3591 1606 patientia,
3612 1543 3659 1587 et
3680 1550 3757 1589 ea-

2222 1644 2358 1699 tera,
2403 1633 2547 1688 unde
2586 1633 2770 1689 saeculi
2810 1633 2966 1688 istius
3018 1632 3222 1687 macies
3269 1631 3456 1700 jejuna
3499 1637 3753 1699 superator.

2222 1725 2493 1805 sequitur,
2519 1732 2566 1777 et
2587 1724 2723 1781 labia
2747 1724 3104 1778 exsultatianis
3124 1722 3412 1777 laudabunt
3434 1736 3603 1775 nomen
3628 1731 3753 1773 tanta.

538 1830 584 1888 si
613 1833 694 1887 sol
717 1834 817 1887 iste
839 1847 938 1887 nos
970 1832 1155 1888 videre
1183 1834 1311 1887 facit
1328 1831 1544 1903 quando
1574 1830 1775 1886 lumine
1806 1844 1916 1884 sure
1951 1828 2112 1891 clari-

2229 1817 2371 1872 Sicca
2403 1816 2545 1871 enim
2588 1815 2724 1869 labia
2764 1814 3013 1871 ariditate
3038 1813 3271 1884 peccati,
3303 1812 3495 1868 divinis
3525 1826 3620 1866 non
3646 1819 3757 1879 pote-

533 1924 657 1978 tatis
686 1922 972 1989 iniulserit,
1005 1933 1207 1995 quanto
1238 1924 1407 1994 magis
1442 1922 1600 1977 uirtus
1629 1920 1831 1986 divina,
1863 1919 1981 1974 sine
2010 1932 2116 1989 qna

536 2011 669 2067 nihil
696 2012 894 2068 bonum
928 2030 1028 2069 nec
1054 2015 1296 2084 accipere
1318 2028 1627 2085 possumus,
1652 2026 1753 2069 nec
1781 2021 1964 2067 tenere
1991 2012 2013 2066 ε.

606 2102 764 2165 Vers.
793 2104 847 2158 4.
877 2103 1012 2169 Quia
1038 2103 1220 2159 melior
1253 2115 1328 2159 est
1368 2104 1722 2159 misericordia
1751 2113 1838 2159 tua
1865 2120 2016 2174 super
2043 2102 2119 2157 ui-

536 2204 640 2248 tam
661 2210 680 2249 :
712 2194 849 2249 labia
877 2212 988 2253 mea
1015 2196 1300 2251 laudabunt
1331 2207 1397 2251 te.
1430 2196 1839 2252 Misericordiam
1867 2194 1999 2249 dicit
2020 2194 2129 2261 Do"

537 2285 668 2340 mini
697 2286 939 2356 prtemia,
974 2303 1093 2358 qua:
1122 2289 1324 2344 sanctis
1351 2290 1463 2344 suis
1494 2288 1635 2359 larga
1670 2288 1865 2358 pietate
1892 2288 2119 2357 proruit-

538 2375 624 2443 tit,
657 2391 777 2446 qute
809 2377 966 2450 longe
994 2379 1172 2448 potior
1198 2387 1282 2435 est
1309 2394 1337 2433 a
1368 2379 1471 2435 vita
1489 2379 1761 2449 praesenti.
1797 2379 1957 2434 Istam
1978 2379 2120 2443 enim

540 2466 961 2526 innumerabiles
983 2485 1238 2528 aerumnae
1279 2471 1575 2548 possident,
1605 2470 1748 2533 illam
1768 2470 2124 2541 tranquillitas

539 2567 740 2617 eterna
758 2561 1080 2626 comitatur;
1110 2577 1229 2632 qua:
1244 2571 1446 2617 tantum
1471 2561 1634 2637 distat
1652 2577 1683 2617 a
1700 2561 1956 2621 mundiali
1980 2563 2120 2626 luce,

539 2660 793 2719 quantum
818 2660 1081 2712 tormenta
1110 2664 1332 2725 possunt
1370 2655 1437 2711 ab
1467 2664 1668 2711 aeterna
1698 2654 1882 2725 requie
1912 2654 2122 2711 discre-

540 2754 691 2816 pare.
725 2741 861 2803 Hinc
882 2752 964 2801 est
992 2744 1133 2814 quod
1178 2754 1232 2799 et
1272 2754 1568 2816 martyrum
1618 2754 1849 2801 catervas
1895 2755 2123 2801 mortem

543 2829 701 2901 hujus
726 2834 908 2889 atcculi
938 2834 1167 2891 libenter
1196 2835 1484 2907 affectant,
1518 2836 1640 2907 quia
1670 2846 1867 2892 norunt
1898 2852 1993 2906 pro
2020 2836 2126 2907 isto

540 2921 763 2983 interitu
794 2927 1072 2996 temporali
1115 2938 1368 2997 perpetua
1409 2910 1629 2991 seesse
1666 2927 1937 2997 victuros;
1988 2927 2127 2983 sicut

539 3013 671 3071 dicit
698 3017 992 3085 Apostolus
1020 3036 1032 3071 :
1068 3018 1191 3072 Non
1235 3031 1352 3073 sunt
1396 3018 1662 3091 condigna
1686 3020 1944 3091 passiones
1970 3018 2124 3091 hujus

542 3108 788 3174 tentporis
820 3110 887 3162 ad
927 3112 1157 3179 futuram
1186 3111 1404 3181 gloriam
1432 3129 1547 3183 quia
1575 3114 1877 3168 revelabitur
1906 3115 1957 3168 in
1979 3114 2125 3168 nabis

2221 1918 2342 1963 rant
2361 1908 2518 1979 207
2548 1907 2789 1962 laudibus
2817 1905 3100 1975 occupari;
3125 1905 3267 1961 sicut
3290 1915 3347 1960 et
3371 1905 3424 1959 in
3453 1903 3556 1959 alio
3582 1903 3752 1973 psalmo

2221 2002 2412 2072 legitur
2435 2018 2448 2053 :
2474 1997 2743 2055 Peccaturi
2763 2011 2930 2055 autem
2954 2000 3087 2055 dixit
3111 1997 3255 2053 Deus
3285 2014 3305 2053 :
3331 1999 3499 2066 Quare
3516 2007 3566 2052 tu
3591 2012 3757 2052 enarras

2210 2093 2442 2165 justitias
2470 2109 2605 2160 meas
2628 2090 2795 2162 (Psal.
2829 2107 2971 2157 ιω,
3006 2091 3133 2161 tu)?
3163 2100 3279 2163 etc.
3309 2089 3415 2147 Sed
3438 2104 3552 2145 cum
3583 2088 3758 2157 pingue-

2222 2186 2401 2240 dinem
2430 2183 2814 2241 misericordiae
2830 2182 3039 2236 Domini
3063 2181 3246 2236 anima
3268 2182 3459 2235 devota
3488 2178 3757 2249 perceperit,

2224 2289 2423 2329 nomen
2452 2274 2571 2343 ejus
2601 2273 2761 2343 digna
2794 2273 3159 2329 exsultatione
3185 2271 3450 2328 laudabit.

2298 2373 2450 2448 Ycrs.
2483 2374 2537 2427 7.
2564 2372 2625 2429 Si
2653 2389 2847 2433 memor
2891 2373 2967 2439 [ui
2997 2375 3073 2426 tui
3103 2389 3264 2439 super
3297 2380 3512 2429 atratum
3538 2386 3699 2434 meum,
3723 2372 3761 2424 in

2224 2464 2489 2523 matutinis
2510 2464 2791 2519 meditabor
2803 2465 2857 2517 in
2879 2472 2946 2520 te.
2970 2462 3024 2516 In
3042 2464 3150 2518 isto
3174 2472 3238 2518 ea
3262 2464 3316 2517 in
3344 2464 3588 2518 inferiore
3613 2477 3757 2526 versu,

2224 2557 2327 2613 isto
2356 2556 2517 2611 modo
2564 2555 2943 2627 bypotbeticus
2985 2556 3140 2611 nobis
3168 2555 3521 2629 syllogismus
3565 2562 3757 2623 apparet.

2224 2646 2281 2701 Si
2315 2661 2519 2702 memor
2550 2645 2624 2700 fui
2652 2647 2727 2700 tui
2752 2661 2915 2715 super
2942 2655 3169 2702 stratum
3239 2663 3443 2712 meum,
3473 2656 3525 2701 et
3555 2646 3601 2701 in
3629 2653 3760 2699 matu-

2227 2737 2353 2792 tinis
2376 2735 2676 2791 meditabor
2702 2737 2752 2791 in
2784 2747 2836 2792 te
2861 2755 2875 2790 :
2900 2738 3020 2808 quia
3046 2736 3221 2794 factus
3254 2754 3315 2793 es
3335 2738 3539 2807 adjutor
3562 2742 3761 2798 meus,et

2228 2830 2281 2885 in
2338 2828 2643 2883 velamento
2700 2829 2903 2882 alarum
2952 2838 3162 2883 tuarum
3202 2829 3511 2884 exsultabo.
3563 2828 3757 2881 Attamen

2230 2936 2436 2977 memor
2459 2923 2527 2975 fui
2568 2920 2642 2974 tui
2673 2935 2833 2988 super
2864 2931 3091 2975 stratum
3133 2938 3343 2988 meum,
3375 2929 3430 2977 et
3459 2922 3508 2975 in
3541 2916 3761 2973 matutinis

2230 3016 2527 3088 meditabor
2556 3014 2607 3069 in
2638 3024 2709 3080 te,
2735 3015 2857 3084 quia
2908 3016 3079 3080 [actus
3104 3030 3161 3070 es
3193 3014 3418 3084 adjutor
3448 3027 3604 3068 meus.
3629 3008 3673 3063 ln
3695 3022 3762 3062 re

2234 3109 2469 3165 lamento
2509 3107 2675 3178 igitur
2701 3108 2905 3162 alarum
2935 3118 3019 3162 tua
3057 3124 3143 3161 um
3185 3108 3495 3163 exsultabo.
3521 3104 3662 3173 llujns
3687 3103 3759 3154 ita-

546 3195 725 3266 (ηοω.
762 3212 875 3263 tht,
904 3199 1012 3271 18).
1056 3201 1329 3271 Sequitur,
1384 3201 1519 3255 labia
1566 3220 1679 3277 ritca
1733 3204 2015 3259 laudabunt
2059 3213 2127 3258 te.
2157 3204 2204 3268 C
2233 3215 2338 3270 que
2360 3198 2958 3255 saeculidiflicultatibus
2985 3201 3343 3266 enumeratis,
3370 3214 3497 3269 quas
3521 3198 3567 3251 in
3588 3195 3758 3257 deserto,

546 3287 678 3344 Post
707 3288 961 3347 beneﬁcia
1013 3306 1132 3358 quae
1183 3292 1466 3361 prmmisit,
1518 3294 1729 3348 devota:
1760 3293 1934 3350 laudis
1964 3294 2124 3348 obse-

547 3379 729 3450 quium
760 3379 1067 3453 pollicetur,
1107 3382 1247 3452 qnod
1296 3382 1406 3436 Deo
1444 3395 1668 3438 noverat
1717 3398 1841 3439 esse
1890 3383 2131 3454 gratissi-

548 3485 692 3526 mum
718 3486 734 3536 ;
762 3471 901 3531 sicut
925 3473 977 3529 in
1011 3472 1299 3544 Evangelia
1330 3473 1587 3528 Dominus
1617 3473 1768 3539 dicit,
1800 3488 1921 3529 cum
1944 3474 2130 3528 decem

547 3574 823 3618 curasset:
862 3562 1046 3619 Nonne
1074 3566 1243 3620 decem
1272 3567 1501 3619 mandati
1530 3568 1774 3632 sunt?et,
1805 3564 1855 3619 Ν
1861 3582 1924 3620 an
1949 3580 2022 3619 est
2046 3582 2129 3619 m-

547 3664 722 3713 ventus
749 3656 838 3726 qui
862 3667 1210 3723 reverteretur,
1242 3669 1291 3711 et
1321 3658 1466 3713 daret
1503 3659 1712 3712 laudern
1759 3657 1889 3727 Deo,
1921 3659 2019 3712 nisi
2050 3659 2131 3711 hic

550 3743 911 3806 Samaritanus
933 3746 1083 3819 (Luc.
1114 3765 1243 3816 xvu,
1279 3749 1406 3819 18)?
1436 3750 1628 3805 Sancta
1658 3750 1799 3804 enim
1833 3765 1985 3805 mens
2024 3751 2135 3813 diss

548 3837 805 3898 simulare
836 3855 941 3893 non
971 3840 1139 3909 voluit
1166 3841 1308 3907 quod
1337 3849 1667 3915 cognoverat
1713 3844 2097 3897 accusandum.

623 3929 775 3985 Vers.
805 3931 857 3986 5.
894 3930 983 3987 Sic
1010 3934 1307 3988 benedicam
1331 3944 1377 3986 te
1407 3934 1459 3987 in
1491 3935 1592 3987 vita
1622 3950 1754 4000 mea,
1785 3945 1830 3987 et
1856 3936 1909 3989 in
1932 3937 2135 4001 nontine

547 4032 636 4077 tuo
663 4022 833 4077 levabo
865 4039 1047 4078 manus
1069 4041 1227 4079 meas.
1253 4023 1342 4079 Sic
1361 4025 1426 4078 ad
1452 4026 1727 4097 superiora
1753 4025 1990 4096 respicit,
2015 4044 2135 4098 qua:

549 4113 761 4170 dixerat
804 4133 819 4171 :
862 4113 1049 4179 Melior
1094 4126 1167 4170 est
1222 4117 1573 4191 misericordia
1613 4127 1702 4170 tua
1750 4134 1905 4193 super
1958 4121 2131 4173 vitam.

549 4205 742 4263 Sermo
772 4206 949 4262 brevis
993 4211 1043 4262 in
1092 4210 1321 4280 syllaba,
1355 4211 1447 4264 sed
1493 4210 1681 4280 ingens
1736 4212 1790 4267 in
1838 4212 2136 4282 quantitate

548 4298 858 4366 promissio.
898 4298 1035 4367 Quid
1065 4301 1206 4354 enim
1238 4302 1409 4371 majus
1441 4301 1601 4356 homo
1625 4302 1756 4357 dare
1778 4312 1953 4373 potest
1972 4319 2132 4374 quam

550 4404 672 4444 cum
704 4390 945 4443 Creatori
978 4406 1075 4445 suo
1106 4392 1335 4446 libenter
1360 4393 1590 4447 animam
1624 4376 1881 4463 probatur
1905 4393 2134 4451 oll'erre?

549 4478 815 4537 Benedieit
832 4482 972 4536 enim
1000 4484 1361 4554 unusquisque
1384 4484 1435 4538 in
1451 4486 1550 4539 vita
1571 4501 1670 4545 sua
1696 4486 1929 4556 perfecte
1945 4486 2133 4554 Deum,

2231 3292 2358 3355 etin
2384 3292 2540 3354 invio,
2575 3300 2621 3344 et
2648 3292 2895 3361 inaquoso
2934 3302 3121 3353 sancta
3157 3290 3408 3345 Ecclesia
3443 3288 3673 3347 toleravit.
3698 3298 3763 3338 re-

2234 3383 2314 3438 nit
2341 3381 2406 3437 ad
2437 3381 2727 3437 secundum
2756 3382 2998 3449 modum,
3031 3381 3119 3436 ubi
3151 3384 3497 3437 securitatem
3525 3394 3656 3434 suam
3689 3376 3763 3430 Do-

2236 3474 2380 3529 mino
2408 3475 2602 3528 asserit
2630 3488 2753 3530 esse
2784 3474 3102 3543 subjectum,
3131 3475 3260 3543 quia
3293 3474 3387 3529 sub
3410 3474 3663 3529 velamenta
3678 3469 3762 3521 ala-

2234 3582 2349 3633 rum
2371 3564 2489 3635 ejus
2517 3565 2861 3620 inimicorum
2903 3565 3076 3633 potuit
3112 3567 3290 3623 vitare
3327 3566 3613 3621 versutias:
3640 3558 3766 3631 signi-

2236 3658 2400 3713 ﬁcans
2426 3666 2480 3713 et
2512 3659 2563 3712 in
2595 3659 3031 3713 tribulationibus
3068 3660 3243 3729 ipsum
3298 3662 3471 3730 expeti
3519 3658 3705 3715 debere.
3727 3660 3767 3707 et

2235 3749 2289 3802 in
2320 3750 2693 3805 securitatibus
2724 3751 2922 3805 nomini
2953 3750 3069 3820 ejus
3114 3766 3235 3806 esse
3295 3750 3638 3822 psallendum.
3664 3744 3767 3800 Nam

2236 3855 2357 3892 cum
2380 3839 2513 3894 dicit
2546 3856 2557 3891 ε
2593 3838 2653 3895 Si
2676 3856 2865 3893 memor
2908 3841 3007 3910 fui,
3038 3841 3280 3896 ostendit
3309 3858 3369 3897 se
3401 3838 3766 3896 recordationem

2240 3931 2449 3986 Domini
2493 3947 2710 4003 semper
2754 3932 3030 3999 habuisse,
3084 3950 3184 3995 nec
3241 3934 3301 3990 in
3352 3937 3512 3990 rebus
3544 3926 3767 4003 prosperis

2238 4024 2457 4078 oblitam
2490 4024 2675 4090 fuisse,
2719 4028 2938 4096 quando
2962 4027 3138 4081 solent
3178 4028 3412 4081 humana
3439 4026 3591 4081 corda
3618 4022 3769 4077 collata

2238 4114 2498 4183 beneﬁcia
2522 4116 2574 4171 in
2600 4120 2855 4173 memoria
2902 4120 3260 4173 nouhabere.
3300 4119 3402 4173 Per
3423 4128 3628 4173 stratum
3660 4111 3768 4167 enim

2238 4206 2500 4276 signiﬁcat
2546 4207 2807 4276 quietem,
2841 4209 2928 4263 ubi
2967 4210 3201 4269 solemus
3222 4210 3283 4264 in
3324 4223 3543 4265 somnos
3590 4214 3771 4273 corpora

2240 4310 2423 4355 nosu'a
2452 4301 2747 4367 remittere,
2782 4311 2836 4356 et
2857 4300 2922 4355 ad
2948 4301 3263 4357 relectinnis
3293 4302 3487 4372 gaudia
3516 4294 3769 4369 pervenire.

2238 4392 2542 4461 Aptnndum
2593 4403 2677 4449 est
2726 4394 2888 4449 rebus
2928 4396 3202 4464 prosperis
3249 4405 3305 4449 et
3354 4393 3567 4464 quietis,
3601 4384 3773 4458 quando

2242 4485 2408 4540 Deum
2438 4484 2491 4539 in
2519 4486 2777 4541 memoria
2800 4486 2886 4540 vix
2906 4486 3189 4544 habemus.
3234 4486 3398 4542 Redit
3422 4487 3561 4540 enim
3587 4480 3647 4536 ad
3674 4473 3773 4532 illud

549 4574 764 4641 quando
794 4573 949 4628 bouis
980 4575 1231 4644 operibus
1265 4576 1316 4630 in
1357 4576 1457 4633 hac
1488 4578 1608 4634 luce
1650 4589 1915 4637 versatur.
1968 4578 2135 4634 Addi-
2165 4585 2217 4645 D
2240 4578 2380 4648 quod
2400 4579 2645 4646 superius
2676 4580 2835 4645 dixit,
2865 4580 2933 4634 ad
2962 4589 3008 4634 te
3030 4581 3095 4633 de
3125 4581 3239 4634 luce
3266 4580 3443 4650 vigilo.
3475 4578 3629 4633 Recte
3646 4568 3776 4640 siqui-

549 4662 645 4726 dit,
677 4673 722 4722 et
744 4666 794 4717 in
821 4666 1024 4722 nomine
1043 4676 1129 4719 tuo
1182 4667 1353 4722 lwabo
1400 4686 1581 4723 manus
1629 4686 1785 4724 meas.
1821 4668 1885 4721 In
1935 4670 2137 4739 nomine

552 4754 764 4813 Domini
793 4758 919 4812 levat
946 4776 1129 4813 manus
1160 4775 1306 4826 suas,
1339 4760 1428 4830 qui
1460 4762 1714 4832 operibus
1760 4762 1961 4817 sanetis
1997 4762 2133 4817 insi-

550 4850 761 4918 stendo,
796 4851 964 4907 tensis
996 4852 1243 4907 manibus
1288 4863 1407 4906 orat
1449 4852 1514 4906 ad
1572 4852 1889 4919 Dominum,
1922 4862 1981 4909 ut
2019 4853 2134 4924 ipsa

549 4941 724 4995 oratio
748 4954 947 4996 sactae
994 4943 1169 4997 crucis
1214 4941 1458 5012 designet
1490 4942 1739 5013 efﬁgiem.
1784 4943 1942 5013 Saepe
1991 4944 2133 4999 enim

549 5045 959 5094 commonemus-
981 5034 1154 5095 taliter
1178 5048 1442 5099 exorare;
1470 5049 1592 5089 nam
1609 5044 1661 5088 et
1691 5034 1899 5106 Moyses
1922 5036 2138 5107 quando

550 5134 737 5180 contra
772 5124 1094 5181 Amalecitas
1123 5126 1395 5197 pugnavit,
1431 5127 1599 5182 tensis
1630 5127 1695 5182 ad
1746 5128 1940 5184 cmlum
1968 5130 2139 5184 mani-

550 5217 653 5275 bus
678 5217 1015 5287 supplicabat
1057 5218 1256 5287 (Exod.
1285 5236 1413 5288 xvii,
1449 5220 1559 5289 ill.
1594 5219 1812 5291 Legitur
1834 5231 1885 5277 et
1931 5221 1984 5276 in
2030 5222 2137 5275 alio

551 5308 788 5381 psalmo:
822 5307 1065 5377 Expaudi
1092 5327 1274 5365 manus
1296 5328 1432 5365 meas
1468 5312 1536 5364 ad
1564 5321 1611 5365 te
1649 5310 1817 5382 (Psal.
1851 5328 2016 5379 cxut,
2049 5313 2136 5382 6);

550 5413 602 5457 ct
632 5402 921 5469 Apostolus
947 5401 1077 5457 dicit
1104 5420 1117 5455 :
1153 5402 1398 5460 Levantes
1424 5419 1583 5473 puras
1607 5419 1791 5458 manus
1817 5403 1925 5457 sine
1954 5404 2034 5457 ira
2087 5415 2133 5458 et

555 5497 916 5567 disceptatione
939 5494 991 5571 (I
1027 5494 1157 5551 Tim.
1194 5512 1252 5561 ll,
1278 5490 1364 5563 ‘8).
1415 5496 1479 5551 Et
1512 5495 1752 5566 intelligo
1785 5495 1907 5566 quia
1940 5494 1991 5549 in
2037 5496 2135 5550 bac

554 5608 805 5651 manuum
841 5594 1157 5653 extensione
1206 5608 1610 5663 commonemur
1660 5609 1879 5664 operam
1937 5592 2134 5648 debere

551 5701 649 5742 nos
681 5686 880 5742 habere
909 5684 1327 5751 sanctissimam,
1351 5699 1509 5754 quam
1536 5694 1588 5738 et
1616 5697 1802 5741 sancta
1832 5684 1966 5753 ﬁdes
1993 5700 2138 5741 com-

552 5782 792 5851 mandet,
816 5790 869 5837 et
890 5766 1159 5843 acriori,qu
1190 5777 1401 5853 l'taditas
1435 5777 1582 5833 nulla
1610 5778 1988 5835 commaculet.

2242 4671 2362 4726 dem
2397 4671 2570 4731 fidelis
2600 4673 2651 4726 in
2680 4674 2941 4726 matutinis
2977 4673 3184 4743 vigilat,
3234 4674 3485 4742 quoniam
3539 4682 3630 4724 nec
3668 4666 3776 4719 inter

2243 4777 2497 4833 prospera
2539 4779 2634 4819 sua
2664 4764 2911 4821 oblivisci
2936 4773 3146 4832 poterat
3190 4763 3326 4817 lucis
3384 4770 3678 4819 auctorem;
3713 4749 3775 4805 δί’

2243 4856 2531 4925 Apostolus
2550 4855 2681 4911 dicit
2707 4873 2719 4910 :
2741 4854 2845 4910 Vos
2860 4856 2980 4911 estis
2997 4856 3095 4924 ﬁlii
3113 4853 3244 4909 lucis
3256 4864 3302 4909 ct
3325 4854 3423 4924 filii
3446 4854 3543 4907 disi
3563 4848 3611 4919 (ι
3629 4846 3774 4900 Thess.

2244 4965 2298 5015 ν,
2332 4947 2408 5015 5).

2318 5049 2470 5107 Vers.
2490 5049 2543 5105 8.
2572 5049 2704 5116 Quia
2725 5050 2889 5121 factus
2912 5065 2963 5104 es
2988 5050 3056 5102 ad
3049 5051 3199 5119 jutor
3217 5065 3381 5117 meus,
3406 5057 3451 5101 et
3472 5048 3522 5100 in
3540 5042 3777 5099 velamento

2241 5140 2445 5195 alarum
2478 5150 2690 5197 tuarum
2711 5140 2999 5196 easultabo.
3034 5140 3235 5197 Versus
3268 5140 3370 5194 iste
3398 5137 3621 5193 continet
3647 5132 3775 5184 bene-

2244 5234 2364 5289 llcia
2402 5250 2521 5303 quae
2560 5234 2634 5290 illi
2668 5233 2878 5290 fuerant
2930 5235 3169 5306 Domino,
3205 5235 3465 5304 largiente
3510 5228 3698 5284 collata.
3734 5217 3777 5271 la
3841 5223 3848 5231 ’

2245 5325 2495 5394 periculis
2523 5326 2718 5395 quippe
2748 5326 2801 5380 ei
2832 5325 2926 5380 iuit
2956 5334 3186 5391 aayuter,
3214 5341 3332 5380 cum
3364 5332 3503 5379 esset
3525 5320 3574 5372 in
3594 5318 3775 5370 dum”.

2239 5424 2285 5470 et
2310 5416 2361 5468 in
2387 5416 2543 5479 invio,
2569 5428 2614 5470 et
2652 5417 2922 5486 inaqaoso.
2952 5415 3066 5471 Sub
3106 5415 3292 5470 umbra
3338 5414 3536 5466 alarum
3570 5405 3675 5474 eius

2240 5506 2398 5561 sultat
2436 5506 2700 5571 Ecclesia,
2732 5481 2949 5574 quando
2979 5515 3062 5562 est
3107 5521 3267 5568 supra
3297 5511 3513 5559 stratum
3541 5507 3697 5552 suum,
3739 5481 3779 5538 itl

2238 5604 2323 5650 est
2364 5596 2415 5652 in
2470 5595 2741 5664 prosperis
2789 5595 3073 5650 Collocata.
3137 5594 3227 5650 Sic
3274 5592 3613 5649 intentionem
3649 5577 3781 5636 totius

2244 5687 2454 5757 psalmi,
2491 5688 2645 5741 unius
2674 5700 2860 5740 versus
2918 5688 3177 5743 lirezitnte
3216 5687 3497 5741 conclusit.

2315 5778 2465 5833 Vera.
2512 5781 2566 5834 υ.
2608 5778 2835 5832 Adlttest't
2869 5780 3041 5830 anima
3096 5796 3206 5833 mea
3238 5786 3352 5849 post
3383 5787 3461 5840 te;
3494 5786 3563 5824 nte
3597 5756 3780 5829 συκερίί
