4020 6348
270 318 376 372 ιιι-ι

1215 323 1569 380 EXPOSITIO
1605 324 1669 379 IN
1712 325 2166 383 I‘SALTERIUM.
2210 329 2398 385 I’SAL.
2443 330 2625 386 ωιιιι.

3442 341 3544 397 458

267 436 481 487 dextera
512 441 621 489 tua.
659 435 1026 505 Respiciamus
1047 445 1228 492 votum
1255 439 1636 507 desiderantis,
1669 451 1855 496 utnon
1887 443 1936 502 A
1963 442 2148 508 etiam,
2179 444 2438 499 (celabitur
2463 447 2518 501 in
2549 447 2794 514 Domino,
2836 449 2890 504 id
2934 460 3017 506 est
3063 452 3116 508 in
3168 453 3354 520 Patre;
3404 457 3545 511 sicut

266 541 332 581 se
361 525 588 581 vicinam
613 568 628 591 ,
680 527 773 582 sed
805 529 1080 584 attinuisse
1127 530 1354 586 Domino
1397 533 1541 588 dicat
1579 533 1858 601 Ecclesia;

263 619 417 690 quod
454 620 678 675 verbum
705 622 1218 689 conglutinationem
1258 625 1544 693 quamdam
1576 627 1862 696 cognosci-

267 722 357 768 tur
385 711 666 779 indicare;
700 724 756 766 ut
788 729 1059 785 nunquam
1093 716 1316 771 recedat
1343 733 1374 771 ε
1413 719 1556 772 bono
1589 719 1863 787 proposito

260 805 358 875 qui
385 804 629 860 adhaeret
670 805 918 860 Domino.
972 806 1124 874 Quod
1162 809 1325 862 nimia
1371 810 1632 874 charitas,
1665 809 1861 864 nimius

261 894 400 949 facit
427 894 672 961 allectus,
703 907 758 949 ut
798 897 873 950 ita
901 896 1206 966 diligamus,
1229 908 1493 967 quatenus
1522 899 1864 954 adhaerentes

261 985 407 1052 Deo,
430 1000 644 1056 semper
671 1001 788 1042 esse
819 987 1085 1056 possimus
1110 1007 1124 1055 ;
1157 989 1294 1043 sicut
1313 990 1669 1058 etApostqus
1697 989 1861 1044 dicit:

265 1075 379 1143 Qui
406 1078 634 1132 adliceret
665 1077 886 1132 Domino
914 1095 1048 1133 unus
1076 1081 1286 1147 spiritus
1317 1090 1386 1135 est
1417 1080 1465 1151 (Ι
1497 1079 1616 1135 Cor.
1642 1097 1715 1148 vi,
1750 1081 1862 1151 17).

262 1166 512 1235 Addidit,
546 1179 661 1239 post
683 1178 758 1234 te,
789 1170 912 1238 quia
941 1173 1181 1238 peccavit
1212 1171 1402 1226 Petrus
1441 1171 1713 1240 apostolus
1741 1187 1860 1226 cum

265 1259 471 1325 praeire
495 1259 687 1323 voluit,
717 1259 1029 1328 dictumque
1055 1270 1138 1314 est
1168 1261 1293 1316 illia
1321 1261 1547 1317 Domino
1579 1279 1594 1316 :
1627 1263 1863 1317 Redi-re-

263 1354 354 1403 tro
380 1366 477 1414 me,
498 1349 724 1404 Satanas
745 1352 936 1420 (Marc.
970 1367 1083 1414 vin,
1115 1350 1227 1421 53).
1249 1352 1400 1417 Quod
1426 1355 1699 1422 pr0prium
1720 1355 1866 1409 Scri-

263 1451 448 1511 ptum:
475 1441 668 1496 divina:
695 1453 798 1508 est,
831 1453 888 1498 ut
914 1459 1048 1512 quos
1074 1445 1327 1499 Dominus
1367 1446 1596 1501 liberare
1636 1449 1859 1515 mavult,

267 1542 400 1602 post
427 1546 485 1586 se
513 1533 688 1588 redire
715 1534 1013 1604 praecipiat,
1033 1535 1123 1589 tibi
1153 1535 1330 1590 nullus
1360 1536 1510 1591 locus
1536 1537 1736 1592 erroris
1756 1547 1860 1593 est.

265 1623 546 1694 Sequitur,
609 1641 689 1678 me
739 1626 962 1696 suscepit
1021 1629 1230 1680 dextera
1277 1637 1386 1681 tua.
1418 1627 1642 1683 Dextera
1691 1629 1865 1684 Patris

1965 533 2080 602 ipe
2111 545 2334 589 testatur
2359 553 2372 590 :
2409 537 2520 608 Ego
2545 538 2600 592 in
2633 535 2791 592 Patre
2811 549 2857 593 et
2880 538 3039 596 Pater
3065 544 3117 598 in
3142 560 3221 597 me
3255 555 3329 597 est
3357 544 3540 615 (Joan.

1963 642 2074 694 xiv,
2105 629 2212 697 l0).
2243 630 2472 698 Adjecit,
2501 631 2852 686 laudabuntur
2870 649 3062 688 omnes.
3088 635 3223 690 Cum
3252 637 3422 691 sancti
3449 637 3545 694 Dei

1964 720 2232 775 Christum
2264 722 2502 788 laudant,
2529 723 2628 792 ipsi
2653 723 2787 778 ﬁunt
2805 725 2922 779 sine
2946 725 3279 782 dubitatione
3300 729 3544 785 laudabi-

1965 815 2067 878 les,
2100 816 2224 884 quia
2252 831 2356 869 non
2405 826 2630 885 possunt
2654 819 2921 885 prmconia
2962 822 3079 887 ejus
3110 821 3267 888 digne
3299 836 3542 890 narrare,

1965 903 2068 958 nisi
2093 905 2182 974 qui
2215 905 2280 960 ad
2304 907 2530 972 palmam
2559 892 2902 976 indulgentia:
2920 911 3212 965 meruerint
3238 915 3542 979 pervenire.

1964 995 2207 1063 Addidit,
2235 999 2324 1065 qui
2361 1001 2549 1070 jurant
2577 999 2630 1053 in
2657 984 2738 1056 eo.
2783 1001 2896 1055 Non
2930 1002 3086 1069 dixit,
3112 1004 3201 1073 qui
3228 1003 3411 1074 jurant
3450 1024 3546 1075 per

1963 1103 2108 1155 eum,
2134 1105 2202 1144 ne
2221 1088 2595 1161 jusjurandum
2612 1093 2862 1148 crederes
2885 1095 3221 1165 imperatum,
3247 1099 3387 1168 quod
3416 1100 3546 1156 alibi

1964 1187 2198 1241 vetuisse
2222 1188 2584 1256 cognoscitur.
2616 1189 2736 1258 Ipse
2765 1191 2906 1244 enim
2937 1191 3066 1246 dicit
3097 1210 3111 1245 :
3144 1193 3319 1249 Nolite
3334 1198 3541 1266 jurare,

1965 1293 2123 1341 neque
2142 1295 2230 1340 per
2251 1280 2450 1346 calum,
2479 1297 2638 1348 neque
2653 1298 2742 1349 per
2763 1290 2950 1335 (errant
2973 1283 3185 1352 (Matth.
3219 1302 3272 1353 ν,
3301 1287 3414 1357 54),
3437 1297 3544 1344 etc.

1966 1369 2271 1441 Sedjurant
2294 1372 2344 1425 in
2377 1389 2452 1437 eo,
2493 1374 2586 1442 qui
2625 1375 2673 1427 ei
2721 1377 2915 1431 mentis
2969 1379 3281 1449 obsequium
3314 1383 3545 1438 inviola-

1965 1463 2071 1517 biie
2109 1464 2571 1531 compromittunt.
2628 1465 2759 1521 Nam
2806 1477 2861 1523 et
2883 1470 3010 1523 alibi
3037 1473 3257 1526 verbum
3291 1475 3429 1529 istud
3461 1478 3540 1530 si-

1963 1556 2179 1625 gniﬁcat
2210 1559 2613 1626 promissionem
2641 1559 2870 1626 ﬁdelem,
2911 1562 3049 1617 sicut
3070 1574 3122 1616 et
3149 1564 3548 1635 inaliopsalmo

1965 1647 2198 1716 legitur:
2244 1647 2447 1702 Iuravit
2482 1649 2732 1703 Dominus
2784 1649 2950 1704 David
3004 1655 3301 1720 veritatem,
3353 1668 3400 1712 et
3447 1675 3548 1712 non

265 1714 524 1770 Christus
553 1725 636 1771 est
662 1717 941 1782 Dominus,
968 1719 1055 1787 qui
1082 1722 1301 1790 suscepit
1336 1721 1631 1777 Ecclesiam
1653 1723 1858 1777 alarum

1967 1714 2297 1808 frustrabitur
2348 1756 2458 1793 cum
2513 1740 2685 1808 (Psal.
2729 1756 2912 1810 cxxxt,
2947 1744 3057 1814 ll).
3111 1714 3302 1800 Jurare
3350 1749 3549 1817 quippe

263 1819 490 1860 suarum
522 1807 786 1862 velamine
810 1809 1215 1877 protegendam.

351 1897 502 1952 Vers.
534 1897 622 1951 10.
673 1897 788 1968 Ipsi
819 1914 931 1952 vero
960 1899 1014 1952 in
1054 1914 1238 1952 vanum
1287 1899 1596 1969 quasiverunt
1633 1902 1861 1956 animant

267 2003 473 2052 meam;
502 1986 786 2041 introibant
824 1989 876 2040 in
917 1987 1166 2056 inferiora
1193 1998 1361 2042 terrm.
1393 1989 1420 2041 Ι
1430 1990 1530 2058 psi,
1560 2005 1682 2044 cum
1710 1991 1860 2056 dicit,

267 2080 396 2136 illos
427 2079 692 2149 signiﬁcat
713 2084 803 2151 qui
830 2081 1298 2136 contrarietatibus
1323 2082 1570 2136 scelestis
1591 2081 1860 2139 Christum

267 2172 614 2241 exstinguere
632 2180 969 2230 tentaverunt
992 2186 1006 2225 :
1028 2171 1081 2225 in
1113 2187 1218 2242 quo
1239 2186 1428 2226 omnes
1443 2174 1652 2238 sanari,
1672 2188 1861 2229 omnes

269 2262 458 2318 vivere
484 2262 861 2332 probatissime
885 2262 1324 2331 comprobantur.
1375 2259 1442 2316 In
1487 2278 1676 2316 vanum
1722 2279 1859 2333 qua:-

271 2355 467 2408 sierunt
506 2355 738 2408 animam
770 2354 955 2423 ipsius,
985 2355 1199 2423 quando
1223 2355 1369 2410 falsis
1399 2355 1861 2411 criminationibus

269 2444 588 2514 sanguinem
621 2444 738 2513 ejus
769 2443 1046 2500 effundere
1071 2445 1451 2513 decreverunt,
1483 2449 1572 2515 qui
1617 2455 1736 2515 post
1769 2448 1862 2500 tri-

268 2535 437 2590 duum
462 2548 860 2591 resurrecturus
915 2547 1032 2592 erat
1083 2537 1135 2592 in
1189 2538 1414 2607 gloriam
1449 2541 1855 2608 sempiternam.

272 2629 528 2698 Sequitur
571 2646 726 2699 paena
772 2633 1127 2701 peccantium,
1173 2634 1459 2688 introibant
1503 2635 1556 2688 in
1612 2636 1859 2704 inferiora

275 2727 467 2774 terras:
496 2721 619 2790 quia
646 2738 747 2776 non
780 2722 844 2776 ad
866 2724 1031 2776 ccelos
1059 2724 1229 2779 evecti
1282 2735 1424 2791 sunt,
1471 2725 1564 2780 sed
1608 2727 1858 2781 deorsum

272 2825 373 2864 eos
401 2819 559 2865 terrae
587 2813 789 2868 viscera
819 2815 1165 2871 sorbucrunt.
1198 2817 1351 2871 Malae
1378 2817 1638 2887 siquidem
1660 2821 1859 2890 cogita-

268 2899 452 2955 tiones
474 2902 527 2954 in
555 2902 656 2956 ima
686 2913 839 2958 terra:
863 2917 1187 2974 verguntur,
1222 2909 1344 2978 quia
1391 2910 1456 2963 de
1477 2909 1606 2979 ipsis
1633 2921 1855 2978 exeunt,

267 3002 326 3048 et
354 2995 406 3048 in
437 2995 679 3050 eamdem
730 2998 918 3051 iterum
965 3000 1332 3056 coenositatem
1361 3002 1662 3055 volvuntur.
1705 3003 1859 3070 Quod

270 3085 470 3140 Iudaeis
497 3089 774 3144 evidenter
795 3092 1008 3156 accidit,
1045 3108 1166 3147 cum
1209 3094 1260 3148 in
1312 3093 1686 3166 blasphemiis,
1720 3105 1775 3154 et
1803 3097 1856 3152 in

270 3177 572 3234 innocentis
595 3195 788 3236 cruore
816 3183 1019 3236 versati
1053 3193 1197 3238 sunt.

345 3271 501 3329 Vers.
519 3275 543 3327 1
561 3277 608 3329 1.
644 3275 932 3329 Tradcnlur
954 3278 1005 3330 in
1029 3293 1207 3330 manus
1229 3277 1410 3347 gladii,
1436 3292 1606 3347 partes
1631 3281 1860 3349 vulpium

264 3373 440 3421 erant.
476 3365 685 3420 Tradita
703 3378 774 3421 est
802 3368 854 3421 in
882 3385 1059 3422 manus
1077 3370 1237 3439 gladii
1256 3383 1385 3439 gens
1407 3368 1615 3436 Judtea,
1648 3371 1860 3438 quando

263 3473 387 3512 eam
412 3461 683 3528 principes
711 3460 1070 3514 Romanorum
1097 3461 1459 3530 Vespasianus
1486 3471 1541 3516 et
1567 3463 1720 3516 Titus
1747 3479 1855 3518 ca:-

265 3549 337 3605 de
365 3551 728 3622 incendioque
751 3563 1112 3608 vastaverunt.
1159 3553 1338 3624 Vulpis
1368 3556 1513 3610 enim
1541 3557 1682 3610 inter
1717 3555 1862 3610 feras

264 3641 470 3696 animal
493 3651 574 3698 est
595 3646 815 3698 omnino
862 3644 1170 3710 subdolum,
1202 3645 1343 3714 quod
1370 3656 1423 3700 et
1469 3646 1747 3702 fraudibus
1776 3647 1857 3702 ci-

264 3732 398 3786 bum
433 3735 648 3804 quzerit,
680 3744 733 3790 et
761 3736 988 3791 salutem
1039 3750 1192 3790 suam
1224 3737 1425 3792 callida
1474 3738 1720 3793 illusione
1767 3753 1860 3792 cu-

264 3825 459 3880 stodit.
485 3828 580 3882 llis
611 3829 806 3883 metito
834 3830 1007 3883 dolosi
1035 3829 1281 3886 homines
1314 3844 1721 3900 comparantur,
1765 3833 1856 3900 qui

265 3918 519 3974 simulata
548 3924 779 3976 versutia
803 3923 1111 3993 iniquitates
1138 3939 1262 3979 suas
1291 3925 1508 3981 ellicere
1537 3927 1850 3980 moliuntur.

263 4012 425 4078 Quod
453 4012 590 4068 bene
637 4014 703 4068 ad
735 4015 999 4070 Herodem
1057 4017 1310 4083 refertur,
1346 4019 1413 4073 de
1460 4035 1567 4088 quo
1601 4021 1858 4074 Dominus

263 4105 446 4160 dixit:
483 4103 584 4170 Ite,
616 4116 662 4160 et
689 4107 841 4161 dicite
863 4109 1004 4178 vulpi
1038 4109 1157 4162 illi:
1192 4107 1313 4161 Non
1353 4109 1699 4178 apprehendet
1732 4127 1854 4179 pro-

264 4194 474 4265 phetam
497 4209 641 4250 extra
664 4194 950 4251 Jerusalem
981 4197 1131 4268 (Luc.
1165 4215 1278 4264 xttt,
1303 4199 1415 4269 32).
1447 4199 1511 4252 Et
1540 4199 1591 4251 in
1623 4198 1859 4252 Canticis

261 4283 612 4340 Canticorum
645 4289 746 4340 ait:
773 4287 950 4358 Capite
977 4289 1120 4343 nobis
1139 4288 1313 4359 vulpes
1355 4291 1753 4344 exterminantes
1782 4291 1859 4344 vi-

265 4391 419 4429 neam
453 4375 623 4446 (Cant.
657 4393 715 4442 ιι,
750 4378 860 4448 15).
911 4379 1062 4444 Quod
1115 4379 1354 4434 bestiolae
1392 4395 1562 4450 genus
1614 4380 1664 4434 in
1715 4380 1857 4435 malo

264 4466 583 4534 frequenter
615 4467 848 4535 ponitur,
884 4470 1138 4537 quoniam
1191 4469 1352 4525 nimia
1397 4470 1555 4540 (sicut
1600 4471 1852 4541 diximus)

1891 1813 1937 1872 Β
1973 1830 2236 1885 Divinitas
2269 1845 2364 1900 per
2394 1831 2560 1885 alium
2597 1846 2703 1886 non
2731 1841 2962 1903 poterat,
2993 1851 3111 1904 qua:
3157 1813 3390 1893 similem
3439 1813 3550 1896 non

1967 1919 2213 1978 habebat.

2041 2013 2176 2078 Quia
2206 2011 2517 2066 obstructum
2557 2023 2630 2068 es:
2662 2030 2716 2068 es
2748 2015 3068 2083 loquentium
3107 2018 3306 2089 iniqua.
3353 2021 3548 2077 Reddit

1963 2119 2182 2160 causam
2211 2105 2427 2168 lmtitiie,
2453 2104 2595 2160 unde
2624 2121 2716 2160 rex
2757 2107 2966 2162 ltetctur
2992 2108 3042 2162 in
3073 2107 3318 2175 Domino,
3349 2119 3403 2166 et
3431 2111 3548 2167 lau-

1965 2195 2160 2248 dentur
2184 2209 2372 2250 omnes
2395 2197 2480 2264 qui
2513 2196 2562 2250 ei
2596 2197 2963 2264 promissionis
2993 2214 3103 2254 suze
3122 2201 3458 2258 devotionem
3482 2204 3547 2259 iii

1966 2287 2161 2342 deliter
2193 2287 2575 2356 impleverunt.
2615 2288 2749 2354 Quia
2799 2289 3106 2345 obstructum
3136 2305 3207 2348 est
3236 2311 3291 2349 os
3337 2296 3550 2367 loquen-

1967 2381 2092 2431 tium
2121 2379 2315 2446 iniqua.
2349 2379 2402 2432 lu
2423 2379 2524 2434 isto
2547 2381 2746 2436 mundo
2773 2397 2882 2436 non
2911 2387 3128 2439 omnino
3156 2388 3542 2456 conticescunt,

1965 2472 2052 2539 qui
2080 2470 2276 2538 iniquis
2327 2471 2686 2526 locationibus
2734 2473 2953 2528 studere
3002 2487 3391 2532 monstrantur.
3438 2479 3546 2535 Sed

1966 2561 2159 2615 melius
2181 2571 2390 2630 tempus
2422 2563 2564 2620 illius
2600 2562 2946 2632 judicationis
2975 2567 3294 2633 advertitur,
3333 2569 3549 2638 quando

1964 2653 2288 2720 generaliter
2346 2655 2589 2707 convicta
2653 2657 2828 2708 omnis
2883 2657 3136 2726 iniquitas
3187 2659 3546 2722 obmutescet,

1966 2745 2127 2813 208
2148 2753 2200 2798 et
2229 2744 2451 2798 ulterius
2483 2760 2588 2798 non
2627 2745 2872 2814 loquetur
2900 2749 3039 2816 quod
3091 2750 3394 2804 nullatenus
3443 2751 3544 2806 sibi

1968 2836 2224 2903 prodesse
2245 2837 2539 2903 cognoscit.
2565 2836 2628 2888 Et
2653 2836 2869 2891 intende
2899 2839 3036 2906 quod
3061 2839 3112 2890 iu
3137 2839 3272 2892 binis
3298 2840 3543 2907 superiu-

1965 2928 2111 2982 ribus
2140 2927 2389 2982 versibus
2438 2935 2778 2995 peccatorum
2834 2928 3065 2982 vindicta
3120 2929 3281 2984 relata
3333 2940 3439 2996 est,
3487 2943 3540 2986 et

1967 3028 2277 3073 Sanctorum
2309 3033 2430 3072 cum
2460 3018 2684 3072 Domino
2713 3018 2983 3072 beatitudo
3023 3029 3234 3073 narrata
3262 3029 3364 3074 est.
3389 3021 3539 3088 Quod

1967 3111 2182 3166 schema
2215 3111 2402 3167 Grai-ce
2427 3111 2622 3166 dicitur
2650 3111 3017 3182 syndiasmos,
3055 3111 3245 3166 Latine
3291 3114 3540 3181 collatio;

1885 3187 1932 3250 C
1966 3204 2106 3274 quod
2141 3203 2228 3258 hic
2271 3202 2478 3256 :estimo
2517 3212 2885 3268 competenter
2940 3205 3250 3273 aptandum,
3293 3206 3544 3275 quoniam

1965 3297 2300 3350 diversarum
2334 3295 2560 3364 partium
2595 3295 2733 3348 bona
2781 3295 3028 3365 malaque
3063 3296 3354 3353 collatione
3406 3298 3549 3356 facta

1961 3391 2286 3445 referuntur.

2497 3498 2770 3556 Conclusio
2799 3499 3007 3570 psalmi.

2033 3615 2077 3671 Ο
2111 3629 2236 3669 vere
2259 3622 2444 3666 sancta
2473 3622 2643 3667 mater
2676 3613 2934 3677 Ecclesia,
2967 3628 3085 3681 quae
3115 3612 3305 3669 ﬁdeles
3328 3615 3439 3670 Deo
3463 3628 3548 3670 sa-

1961 3707 2068 3762 cris
2094 3707 2265 3761 nutris
2289 3705 2564 3771 uberibus,
2599 3713 2651 3758 et
2683 3704 2814 3759 lacis
2845 3705 2963 3758 sine
2993 3705 3181 3760 dnlore
3225 3708 3387 3771 ferre,
3427 3722 3546 3777 quas

1963 3809 2016 3854 te
2043 3801 2093 3854 in
2124 3799 2306 3852 mundi
2334 3798 2487 3853 istius
2519 3797 2898 3851 colluctatione
2930 3797 2981 3850 lii
3005 3808 3159 3851 enter
3199 3801 3394 3854 asseris
3427 3816 3548 3869 pcr-

1962 3893 2167 3947 tulisse.
2202 3891 2344 3945 Dicis
2377 3891 2538 3944 etiam
2566 3891 2766 3960 gratias
2800 3890 3026 3944 Domino
3058 3906 3270 3962 semper
3303 3908 3422 3948 esse
3463 3909 3548 3949 re-

1961 3986 2239 4050 ferendas,
2266 3994 2322 4039 ut
2363 3999 2635 4054 nunquam
2683 3983 2955 4038 tribulatio
3007 3985 3451 4054 demergat,cum
3493 3989 3547 4043 in

1963 4079 2093 4148 ipsis
2121 4077 2292 4141 nobis,
2326 4076 2466 4146 quod
2493 4091 2675 4130 amare
2708 4075 3001 4145 possimus,
3035 4092 3293 4146 exponas.
3344 4079 3549 4136 Deinde

1962 4171 2090 4240 quid
2128 4168 2302 4233 malis,
2336 4166 2463 4236 quid
2518 4166 2672 4219 bonis
2719 4166 3006 4235 provenire
3036 4168 3225 4236 possit,
3254 4169 3496 4225 ostendis
3525 4187 3540 4236 ;

1962 4271 2226 4332 quatenus
2274 4257 2416 4313 omni
2473 4257 2805 4312 dubitatione
2844 4257 3077 4326 detersa,
3122 4274 3250 4314 vero
3307 4259 3544 4332 Principi

1964 4353 2086 4407 toris
2155 4349 2456 4406 devotionis
2499 4348 2707 4403 nisibus
2767 4350 3051 4407 serviatur.
3102 4351 3373 4419 Concede,
3432 4354 3544 4412 Rex

1964 4455 2185 4509 aeterne,
2211 4454 2265 4498 ut
2290 4444 2376 4514 qui
2402 4458 2543 4497 nunc
2569 4453 2769 4498 sancta:
2801 4445 2986 4499 matris
3015 4446 3392 4514 prmdicatione
3419 4463 3549 4517 gau-

264 4555 565 4611 calliditate
593 4566 675 4611 est
702 4535 997 4613 versutum.
1049 4559 1220 4615 Judrei
1252 4535 1415 4616 enim‘
1447 4562 1688 4618 coelestia
1739 4535 1858 4619 cre-
1890 4559 1938 4621 D
1964 4540 2152 4594 dum”
2177 4579 2191 4604 ²
2223 4536 2566 4606 indumenti“:
2611 4547 2712 4590 um
2738 4535 2919 4592 [mum
2943 4554 3164 4594 munere
3188 4538 3542 4608 perfruamur’

265 4646 399 4703 dere
427 4649 737 4716 noluerunt,
768 4659 824 4705 et
853 4659 1022 4718 partes
1050 4653 1284 4722 vulpium
1311 4653 1436 4709 facti
1483 4664 1629 4721 sunt,
1675 4655 1724 4709 id
1773 4666 1856 4712 est

268 4738 323 4793 in
352 4740 701 4795 subdolorum
729 4743 984 4796 malitiam
1011 4745 1358 4799 transierunt.
1392 4746 1515 4800 Sive
1545 4757 1716 4816 partes
1743 4748 1854 4802 vul-

268 4834 414 4903 pium
442 4842 607 4898 erunt,
641 4833 771 4888 illud
809 4835 1093 4905 signiﬁcat,
1139 4838 1354 4904 quando
1385 4838 1436 4891 in
1467 4837 1552 4892 illa
1582 4837 1855 4909 Jerosoly-

268 4929 469 4982 mitana
499 4928 795 4984 vastatione
838 4931 1099 4984 cadavera
1126 4929 1433 4986 Judaeorum
1463 4946 1603 4987 escae
1643 4932 1857 4986 fuerunt

266 5020 496 5090 vulpium
527 5019 871 5090 ferarumque
914 5022 1262 5093 reliquarum.
1294 5025 1413 5089 Vel,
1454 5024 1594 5080 sicut
1623 5025 1746 5078 aliis
1773 5025 1852 5079 vi-

266 5125 386 5166 sum
409 5122 510 5175 est,
539 5112 710 5168 Judaei
737 5125 903 5182 partes
933 5116 1163 5186 vulpium
1190 5127 1336 5182 sunt,
1367 5117 1494 5171 dum
1537 5131 1597 5172 se
1649 5117 1856 5174 dolosis

267 5215 323 5260 et
353 5204 714 5261 fraudulentis
741 5222 902 5277 prava
931 5209 1206 5266 voluntate
1236 5212 1588 5281 coniungunt.

343 5295 495 5350 Vers.
529 5296 612 5350 12.
647 5296 758 5351 Rea:
779 5315 895 5352 vero
923 5301 1177 5354 lwtabitur
1204 5301 1260 5354 in
1285 5301 1538 5369 Domino;
1567 5303 1858 5359 laudabun-

269 5396 354 5441 tur
378 5405 552 5443 omnes
594 5389 680 5459 qui
721 5391 905 5460 jurant
959 5393 1014 5445 in
1059 5410 1136 5447 eo.
1189 5392 1380 5463 Regem
1409 5395 1536 5448 dicit
1574 5396 1854 5451 Dominum

269 5482 631 5550 Salvatorem;
658 5485 772 5554 ipso
816 5485 960 5540 enim
991 5495 1073 5540 est
1108 5484 1214 5540 lter
1267 5487 1320 5540 in
1373 5496 1666 5554 aeternum,
1708 5477 1852 5557 quod

271 5576 364 5644 ipsi
413 5574 718 5645 Speciaiiter
757 5581 1049 5632 convenire
1100 5578 1356 5631 indicavit
1393 5578 1853 5634 incommutabilis

271 5670 450 5724 titulus
479 5669 768 5740 passionis.
799 5670 930 5724 Nam
961 5683 1014 5725 et
1042 5671 1155 5740 ipsc
1186 5673 1532 5742 interroganti
1566 5672 1736 5726 Pilato
1777 5671 1848 5727 de

271 5775 322 5816 se
344 5761 513 5817 dixit:
545 5760 656 5832 Ego
683 5762 732 5815 in
763 5762 855 5816 hoc
876 5771 1026 5817 natus
1055 5779 1164 5818 sum
1193 5762 1367 5833 (Joan.
1395 5780 1538 5820 xvttt.
1571 5763 1686 5833 57).
1717 5763 1852 5819 Dicit

2227 4677 2590 4734 EXPOSITIO
2621 4677 2686 4732 ΙΝ
2734 4676 3056 4733 PSALMUM
3092 4677 3274 4732 LXI".

2426 4786 2491 4841 In
2512 4788 2688 4856 ﬁnem,
2719 4791 2945 4858 psalmus
2975 4790 3160 4842 David.

2032 4932 2196 4988 Tituli
2223 4930 2380 4997 hujus
2409 4930 2569 4986 verba
2592 4929 2748 5000 (sicut
2775 4944 2918 4996 saepe
2941 4928 3140 4985 dictum
3169 4933 3274 5003 est)
3298 4933 3544 4994 absolute

1962 5027 2272 5082 referuntur
2323 5025 2388 5079 ad
2441 5023 2729 5078 Dominum
2779 5023 3071 5090 Christum,
3105 5025 3196 5094 qui
3247 5041 3341 5095 per
3371 5038 3541 5082 totum

1961 5119 2227 5189 psalmum
2259 5117 2537 5172 locuturus
2564 5123 2664 5169 est.
2695 5113 2831 5167 Sunt
2855 5113 2997 5167 enim
3025 5115 3144 5170 sine
3168 5115 3344 5186 aliqua
3378 5117 3545 5174 histo-

1961 5211 2055 5265 riae
2086 5209 2394 5264 narratione
2422 5206 2744 5272 conscripta,
2782 5216 2840 5259 ut
2867 5206 2983 5274 ipsa
3019 5209 3233 5264 claritas
3277 5211 3414 5266 tituli
3460 5213 3543 5267 lu-

1961 5318 2079 5358 cem
2112 5304 2266 5358 nobis
2295 5300 2503 5356 venturi
2543 5297 2729 5367 psalmi
2759 5299 3000 5355 videatur
3024 5301 3229 5357 alllare.
3259 5303 3354 5357 Est
3393 5307 3538 5364 enim

1967 5394 2230 5448 Dominus
2260 5392 2327 5447 de
2363 5405 2459 5445 sua
2487 5390 2737 5460 passione
2766 5390 3030 5459 dicturus,
3061 5408 3179 5462 quae
3210 5396 3409 5451 mundo
3458 5401 3538 5453 vi-

1963 5495 2066 5540 tam
2098 5484 2363 5555 praastitit,
2393 5489 2448 5536 et
2486 5481 2669 5535 lumen
2719 5482 3049 5538 credulitatis
3096 5485 3304 5542 inludit.
3339 5490 3540 5546 Audia-

1959 5591 2078 5632 mus
2106 5591 2232 5645 ergo
2257 5573 2476 5628 intentis
2505 5571 2719 5638 animis,
2765 5574 2885 5644 quia
2918 5576 3042 5630 licet
3071 5591 3213 5648 Step3
3243 5590 3543 5649 repetatur,

1960 5684 2152 5724 novam
2185 5678 2360 5723 tamen
2410 5666 2694 5722 utilitatem
2749 5682 2814 5722 ex
2865 5683 2927 5723 ea
2973 5683 3188 5739 semper
3218 5674 3515 5743 accipimus

1955 5763 2057 5830 Qui
2115 5760 2352 5833 psalmus
2413 5769 2596 5818 sextus
2638 5773 2760 5816 esse
2812 5762 3153 5832 cognoscitur
3210 5765 3399 5822 horum
3453 5768 3543 5838 qui
