4036 6342
521 342 625 401 859

1755 342 1826 397 M.
1866 340 2149 398 AURELII
2186 340 2583 399 εΑδδιουοκι

3681 339 3791 394 διο

516 454 824 526 passionem
870 456 1431 528 resurrectionemque
1470 455 1791 514 dominicam
1822 454 1973 516 brevi
2006 469 2097 517 τετ
2129 454 2177 514 Α
2203 468 2351 509 mum
2381 456 2488 510 sibi
2515 462 2763 524 noceant,
2802 452 2896 524 qui
2949 453 3179 511 alterum
3228 467 3459 524 gravare
3507 452 3787 510 festinant.

521 538 721 605 latione
746 548 1082 619 contingunt.

1094 662 1289 717 Divisio
1324 665 1533 743 psalmi.

593 770 706 827 Rex
730 781 783 827 et
804 779 959 841 caput
987 781 1225 827 nostrum
1253 774 1512 829 Dominus
1527 773 1771 829 Chrlsms
1794 788 1978 837 verum
2004 772 2097 837 ho-

474 886 477 889 ν
522 863 720 918 minem
752 878 809 916 se
837 871 1236 932 assumpturum
1269 879 1388 919 esse
1417 848 1720 929 declarans,
1755 867 1922 933 prima
1950 864 2098 931 posi-

474 970 477 973 '
521 958 664 1009 tiene
691 965 807 1007 orat
836 964 937 1007 uta
966 954 1143 1024 pepuli
1164 954 1370 1010 Judaici
1398 957 1588 1011 timore
1613 957 1869 1012 liberetur
1897 971 1911 1010 :
1945 955 2099 1010 dolos

522 1060 707 1098 eorum
742 1045 985 1115 laetaque
1010 1046 1189 1116 impia,
1242 1047 1394 1116 (μιαεί
1436 1029 1573 1116 μηδ’
1598 1047 1798 1110 fuerim
1829 1056 2096 1101 transacta

517 1150 968 1193 commemorans.
1003 1138 1209 1192 Docens
1234 1139 1355 1193 illos
1378 1124 1641 1213 defecisse
1672 1140 1722 1193 in
1757 1123 2092 1207 persecutio-

515 1227 673 1283 nibus
693 1230 824 1292 suis,
859 1243 918 1283 se
943 1240 1117 1285 autem
1149 1229 1214 1282 ad
1259 1231 1670 1285 resurrecrionis
1702 1232 1928 1300 gloriam
1980 1244 2100 1300 per-

513 1320 745 1373 venisse.
769 1319 1016 1374 Secnnda
1048 1322 1313 1389 positione
1346 1321 1533 1394 irridet
1576 1312 1838 1377 satvitiam
1880 1321 2097 1397 ludatu-

518 1425 633 1463 rutu
660 1453 676 1478 ,
707 1412 827 1479 quia
868 1410 1038 1481 magis
1065 1412 1163 1478 ipsi
1188 1413 1491 1490 conturbati
1522 1422 1644 1467 sunt
1680 1399 1752 1469 de
1784 1402 2095 1469 sceleribus

515 1502 645 1565 suis,
675 1503 888 1571 quando
919 1512 1234 1569 resurgente
1255 1504 1505 1583 Domino,
1535 1506 1653 1575 ejus
1674 1490 1997 1561 annuntiatax
2013 1514 2097 1562 est

510 1592 785 1647 fortitudo.
819 1594 969 1649 Tuuc
998 1594 1143 1651 enim
1174 1597 1353 1673 laetitia
1380 1598 1672 1672 justorum,
1702 1609 1753 1655 et
1777 1584 1937 1655 rectae
1965 1601 2091 1656 lidei

512 1681 681 1736 virtus
708 1684 977 1753 apparuit.

1044 1796 1317 1871 Expositio
1346 1799 1554 1875 psalmi.

587 1906 739 1961 Vers.
760 1906 810 1961 1.
841 1906 1063 1973 Exaudi,
1089 1909 1249 1977 Dens,
1281 1913 1558 1967 orationem
1607 1931 1770 1968 meam
1794 1932 1908 1970 cum
1932 1917 2093 1975 tribu-

514 1997 615 2067 lor;
642 2014 673 2050 a
703 1997 882 2055 timore
910 1999 1104 2054 inimici
1132 2002 1268 2072 eripe
1290 2005 1514 2057 animam
1541 2022 1725 2069 meum,
1755 2007 1798 2061 A
1825 2016 1972 2077 parte
1994 2007 2095 2061 htt-

468 2076 473 2081 ’
514 2088 785 2147 inanitatis
815 2100 1128 2159 assumptzc,
1161 2092 1215 2147 in
1254 2108 1356 2162 qua
1389 2110 1645 2162 passurus
1686 2107 1824 2163 erat,
1858 2076 2091 2167 postulat

511 2178 769 2239 Dominus
810 2181 1074 2251 Christus,
1132 2192 1189 2238 ut
1242 2186 1294 2239 in
1341 2186 1685 2240 tribulatione
1731 2189 1913 2255 positi,
1962 2188 2082 2256 ejus

508 2273 816 2333 exaudiatur
846 2275 1035 2343 oratio,
1064 2275 1281 2345 quando,
1307 2277 1437 2347 totis
1478 2276 1682 2345 vitibus
1722 2279 1917 2346 petitur
1945 2278 2087 2349 quod

508 2361 768 2433 prodesse
796 2366 1041 2419 sentitur.
1074 2367 1179 2441 sed
1213 2368 1334 2435 quid
1370 2377 1513 2437 petat
1552 2368 1859 2439 diligentius
1894 2370 2082 2437 audia-

510 2467 648 2513 mus.
676 2451 922 2512 Subdidit
952 2455 1118 2522 enim,
1167 2473 1199 2510 a
1242 2459 1421 2527 timore
1450 2459 1644 2525 inimici
1685 2461 1823 2529 eripe
1860 2460 2088 2514 animum

511 2561 694 2604 meam.
715 2548 829 2601 Non
854 2550 1078 2617 postulat
1105 2558 1163 2623 ut
1180 2552 1398 2607 minime
1422 2569 1516 2621 pro
1537 2554 1774 2608 omnium
1796 2554 1968 2608 salute
1985 2569 2089 2607 mo-

512 2637 678 2697 riatur
691 2637 854 2710 [unde
868 2640 954 2703 Pe:
966 2657 1076 2707 rum
1092 2644 1267 2713 arguit
1277 2645 1561 2707 dicentem:
1580 2646 1843 2716 Propitius
1856 2646 1947 2713 tibi
1957 2655 2085 2721 esto,

509 2727 749 2798 Domine,
766 2748 865 2787 non
876 2733 970 2800 erit
983 2733 1072 2799 tibi
1085 2736 1179 2800 hoc
1192 2735 1408 2807 (Matth.
1422 2754 1529 2804 xvr,
1544 2738 1781 2810 29)],sed
1796 2748 1895 2799 uta
1910 2742 2088 2794 timore

508 2820 690 2888 pOpuli
751 2826 1120 2892 persequentis
1149 2827 1324 2885 anima
1367 2840 1540 2899 erepta
1569 2839 1772 2884 sancta:
1801 2816 2086 2901 dispensa-

454 2910 459 2913 ’
504 2910 666 2993 tionis
702 2928 813 2981 sua:
834 2914 1100 2989 compleat
1134 2918 1459 2987 passionem.
1490 2919 1579 2981 Sic
1625 2921 1766 2989 enim
1811 2920 2083 2990 proposita

502 2999 642 3061 bona
663 3002 728 3055 ad
750 3003 995 3059 ell'ectum
1023 3009 1358 3073 perveniunt,
1379 3010 1594 3078 quando
1617 3025 1945 3081 persequens
1972 3028 2079 3081 non

502 3090 739 3161 timetur.
773 3094 905 3165 Nam
934 3097 980 3150 si
1009 3097 1237 3168 humana
1272 3099 1432 3155 cedat
1472 3102 1780 3168 inﬁrmitas,
1828 3103 2079 3173 iniquitas

502 3198 608 3247 non
639 3184 889 3257 vincitur,
924 3188 1021 3243 sed
1060 3191 1238 3257 potius
1266 3201 1420 3248 aucta
1446 3192 1757 3262 roboratur.

571 3273 726 3339 Vers.
753 3276 806 3353 2..
837 3275 1119 3354 Ρνρτεςεὶδιί
1153 3297 1229 3333 me
1257 3298 1297 3353 ς
1319 3293 1568 3356 conventu
1607 3286 2019 3355 malignantium,
2049 3306 2081 3344 a

499 3367 825 3421 multitudine
876 3374 1198 3439 operantium
1262 3373 1604 3443 iniquitatem.
1662 3375 2079 3449 Consitlcretnus

499 3459 950 3531 quemadmodum
979 3479 1039 3518 se
1079 3473 1374 3541 protectum
1423 3465 1567 3549 dicat
1594 3482 1714 3522 esse
1758 3469 1848 3538 qui
1894 3484 2079 3538 passus

498 3562 599 3619 est,
630 3563 685 3614 et
707 3572 812 3617 non
838 3557 1114 3631 doleamus
1142 3568 1391 3623 martem,
1424 3576 1582 3630 quam
1610 3560 1854 3617 lidelibus
1871 3562 2077 3619 Domini

497 3647 879 3703 sceleratorum
913 3651 1159 3722 voluntas
1187 3652 1387 3708 inferre
1433 3654 1679 3723 tentavit.
1718 3636 1983 3708 Protectus
2008 3666 2079 3710 est

502 3733 658 3789 ulane
686 3753 719 3788 ει
767 3749 1009 3821 conventu
1042 3743 1457 3814 malignantium,
1506 3746 1630 3813 quia
1674 3728 1803 3800 dum
1848 3747 1923 3801 illi
1953 3762 2074 3802 eum

499 3828 780 3885 crederent
802 3836 1163 3910 communiter
1188 3838 1348 3909 mori,
1377 3828 1796 3913 resurrectionis
1820 3844 1935 3911 ejus
1964 3843 2078 3914 glo-

498 3917 574 3971 ria
609 3922 901 3988 probantur
944 3939 1062 3981 esse
1108 3928 1338 3985 coul‘usi.
1403 3929 1680 3986 Protectus
1727 3942 1801 3987 est
1845 3934 2078 4006 denique

498 4010 692 4067 virtute
717 4013 1010 4073 divinitatis
1056 4034 1188 4085 sum,
1225 4006 1350 4091 quia
1390 4022 1532 4078 illius
1581 4012 1696 4080 erat
1728 4006 2077 4099 hominis,et

493 4101 636 4158 idem
662 4103 832 4185 Filius
862 4108 951 4161 Dei
986 4110 1039 4162 in
1070 4111 1276 4165 duabus
1320 4115 1530 4169 naturis
1574 4131 1677 4191 una
1729 4116 1847 4172 sine
1896 4119 2073 4188 aliqua

491 4193 826 4253 dubitatione
878 4215 1151 4269 persona:
1194 4203 1405 4277 [labens
1458 4208 1512 4261 in
1562 4218 1809 4277 potestate
1853 4206 2075 4282 ponendi

490 4286 720 4340 animam
742 4305 910 4357 suam,
939 4301 987 4345 et
1028 4294 1211 4373 iterum
1253 4300 1489 4371 sumendi
1513 4315 1624 4351 eam
1658 4297 1837 4372 (Ioan.
1863 4294 1924 4366 ἰ,
1956 4301 2069 4373 18).

492 4376 765 4432 Protectus
795 4389 869 4433 est
908 4382 1107 4452 itaque,
1148 4387 1267 4454 quia
1306 4389 1658 4464 malignorum
1704 4392 1926 4448 insidias
1971 4387 2072 4462 po-

489 4473 672 4521 tentia:
702 4483 813 4523 suae
843 4469 1037 4525 virtute
1067 4476 1356 4542 superavit.
1390 4476 1625 4544 Addidit,
1679 4497 1709 4533 a
1740 4483 2068 4536 multitudine

2158 568 2165 573 ·
2204 544 2312 601 Sed
2338 545 2689 614 respiciamus
2721 544 2869 616 quod
2880 544 3035 609 dixit,
3066 545 3270 616 linguas
3297 560 3417 599 suas
3440 551 3789 608 manus;

2205 636 2334 690 illud
2363 637 2568 694 scilicet
2599 648 2809 707 tempus
2837 636 3128 693 ostendens
3148 635 3362 705 quando
3385 650 3488 690 una
3516 642 3653 690 voce
3677 633 3787 689 cla-

2203 737 2531 783 maverunt:
2561 728 2836 801 Cruci/iga,
2885 727 3126 797 cruciﬁge
3177 725 3327 795 (Luc.
3371 740 3525 791 “In,
3570 723 3787 793 21).!!!

2204 821 2371 876 vicem
2401 822 2595 892 quippe
2622 824 2743 877 lacti
2765 833 2852 878 est
2876 822 3103 877 sceleris
3126 822 3331 891 prolata
3362 819 3661 882 sententia;
3685 831 3788 873 nec

2201 913 2426 968 interest
2445 916 2539 983 qui.
2559 915 2786 977 occidat,
2834 914 3244 973 siinnocentem
3288 910 3479 981 aliquis
3515 909 3778 963 occiden-

2200 1003 2326 1056 dum
2366 1018 2486 1061 esse
2532 1005 2857 1072 pronuntiet.
2919 1002 3194 1072 Sequitur,
3235 1001 3571 1054 intenderunt.
3604 1014 3785 1052 arcssm

2154 1140 2159 1143 ν
2200 1108 2307 1155 rem
2335 1110 2607 1159 amaram;
2656 1095 2706 1149 id
2749 1104 2832 1150 est
2874 1094 3110 1149 occultas
3140 1093 3382 1155 insidias,
3424 1107 3566 1161 quat,
3610 1101 3668 1145 ut
3705 1090 3786 1148 illi

2202 1184 2478 1252 putabant,
2538 1185 2756 1240 minime
2817 1185 3173 1239 sentirentur.
3216 1182 3485 1239 Perﬁdutu
3515 1182 3785 1251 siquidem

2198 1275 2388 1329 ludam
2416 1275 2552 1331 datis
2572 1276 2783 1346 triginta
2806 1276 3075 1345 argenteis
3099 1275 3522 1331 sollicitaverunt
3545 1285 3603 1327 ut
3628 1273 3786 1329 ﬁeret

2201 1368 2442 1434 traditor,
2481 1369 2569 1438 qui
2597 1369 2712 1437 ejus
2738 1368 3015 1423 videbatur
3060 1368 3223 1422 fuisse
3263 1366 3583 1437 discipulus.
3609 1367 3655 1420 Ο
3700 1373 3787 1420 res

2158 1510 2159 1513 η
2197 1476 2375 1519 amara
2401 1468 2456 1515 et
2484 1459 2630 1513 omni
2659 1458 2782 1513 felle
2816 1458 3074 1522 deterior,
3111 1458 3389 1514 convivam
3416 1458 3487 1512 ad
3516 1456 3786 1527 proditio-

2152 1598 2159 1601 .
2197 1566 2343 1615 nem,
2373 1550 2686 1619 discipulum
2735 1552 2810 1605 ad
2832 1566 3040 1611 necem,
3073 1560 3510 1613 conservatorem
3539 1549 3787 1618 pecunia

2197 1638 2415 1709 prtemio
2442 1640 2619 1694 subito
2646 1639 2810 1694 fuisse
2826 1652 3137 1707 corruptum
3160 1638 3183 1691 ι

2272 1731 2423 1788 Vera.
2443 1731 2498 1788 4.
2531 1730 2600 1787 Ut
2640 1731 2878 1802 sagittent
2909 1730 2963 1784 in
2992 1730 3206 1791 occultis
3231 1729 3620 1784 immaculatum
3644 1745 3665 1794 ;
3689 1744 3793 1783 sat.

2121 1826 2167 1885 Β
2198 1822 2296 1875 bito
2323 1822 2635 1891 sagittabunt
2664 1836 2802 1885 eum,
2824 1830 2872 1875 et
2899 1837 3003 1874 non
3024 1820 3285 1881 timebunt.
3316 1819 3393 1875 De
3411 1819 3785 1890 superioribus

2198 1912 2394 1981 pendet
2416 1912 2516 1967 iste
2542 1912 2865 1976 versiculus,
2914 1910 3242 1964 intenderunt
3280 1925 3481 1975 arcum,
3524 1918 3577 1963 ut
3615 1910 3789 1979 sagire

2195 2014 2298 2057 teut
2345 2006 2396 2058 in
2425 2004 2638 2058 occultis
2687 2004 3096 2057 immaculatum.
3150 2000 3218 2056 In
3247 2001 3480 2068 occultis,
3515 2002 3592 2056 sic
3629 2000 3785 2065 acuis

2196 2096 2445 2165 piendum
2486 2106 2591 2160 est,
2633 2106 2689 2150 ut
2717 2095 2890 2151 Judaei
2940 2103 3282 2164 putaverunt.
3311 2092 3575 2149 Caeterum
3622 2105 3784 2149 actus

2193 2203 2379 2243 eorum
2415 2190 2656 2244 occultus
2674 2203 2796 2245 esse
2823 2186 3038 2243 Christo
3063 2203 3168 2242 non
3197 2188 3387 2257 potuit,
3411 2188 3499 2257 qui
3523 2188 3784 2257 frequen-

2195 2290 2276 2333 ter
2330 2280 2618 2348 praedictus
2675 2289 2758 2334 est
2804 2287 3089 2349 antequam
3142 2279 3317 2333 ﬁeret.
3375 2277 3781 2339 Immaculatuns

2192 2368 2399 2422 duobus
2430 2368 2656 2423 dicimus
2686 2368 2888 2423 modis:
2914 2379 3039 2433 sunt
3067 2369 3155 2424 isti
3183 2384 3497 2425 communes
3526 2372 3781 2425 immacuo

2189 2455 2284 2510 lati
2304 2458 2392 2527 qui
2422 2458 2784 2521 misericordia
2810 2460 3016 2513 Domini
3043 2457 3209 2513 abluti
3231 2460 3525 2514 redduntur
3550 2462 3779 2515 omnino

2192 2549 2497 2619 purissimi;
2540 2550 2680 2605 sicut
2722 2552 2775 2603 in
2827 2552 3267 2622 quinquagesimo
3316 2553 3521 2620 psalmo
3565 2552 3775 2607 dictum

2188 2650 2301 2699 est:
2325 2639 2541 2695 Lavabls
2562 2658 2658 2709 me,
2675 2652 2722 2696 et
2743 2658 2897 2709 super
2920 2645 3085 2695 nivem
3114 2643 3389 2712 dealbabor
3412 2643 3579 2713 (Psal.
3603 2660 3656 2710 ι,
3688 2644 3773 2714 9).

2188 2730 2558 2787 lmmaculatus
2584 2741 2758 2788 autem
2781 2734 2928 2789 solus
2952 2749 3078 2791 vere
3107 2734 3301 2790 dicitur
3323 2735 3483 2805 209
3502 2734 3771 2799 Christus,

2186 2825 2278 2900 qui
2302 2824 2501 2878 nullam
2532 2826 2799 2882 contraxit
2822 2826 3084 2881 maculam
3117 2836 3460 2896 peccatorum
3482 2868 3497 2893 ,
3528 2828 3623 2881 sed
3652 2842 3769 2883 cm-

2184 2916 2305 2971 lesti
2341 2917 2573 2986 puritate
2601 2918 2985 2974 mundissimus
3016 2919 3082 2973 ab
3107 2919 3253 2973 omni
3282 2918 3483 2974 delicto
3512 2919 3770 2989 probatur
3862 2980 3867 2987 ,

2183 3007 2413 3071 alienus.
2444 3006 2635 3062 Merito
2660 3023 2788 3077 ergo
2821 3023 2880 3063 se
2902 3008 3209 3077 signiﬁcans
3238 3008 3401 3063 dixit:
3429 3007 3497 3064 Ut
3525 3011 3771 3079 sagitlettl

2185 3101 2615 3172 immaculatum;
2635 3111 2897 3169 quatenus
2926 3099 3127 3157 ludatis
3169 3101 3328 3157 timor
3364 3100 3540 3169 major
3558 3114 3775 3155 cresce-

2105 3174 2152 3240 (ἶ
2188 3201 2289 3258 ret,
2337 3191 2431 3261 qui
2484 3190 2783 3247 innocentis
2812 3192 3140 3263 sanguinem
3173 3192 3397 3248 laudere
3426 3193 3763 3249 festinarunt.

2182 3282 2461 3352 Sequitur,
2509 3283 2676 3337 subito
2708 3283 3021 3355 sagittabunt
3066 3298 3202 3347 eum,
3246 3290 3293 3337 et
3343 3298 3445 3336 non
3498 3282 3762 3337 timebunt.

2181 3373 2388 3439 Subito,
2411 3383 2466 3429 et
2496 3373 2585 3429 hic
2630 3375 2700 3429 ita
2732 3372 3102 3440 accipiendum
3148 3383 3253 3438 est,
3284 3374 3424 3429 sicut
3462 3371 3633 3430 Judaei
3671 3373 3765 3431 de-

2181 3464 2499 3525 mentissimi
2553 3474 2891 3533 putaverunt.
2937 3463 3071 3518 Nam
3116 3462 3387 3533 quomodo
3425 3462 3757 3519 credendum

2179 3567 2260 3610 est
2277 3558 2533 3625 subitum,
2558 3557 2704 3628 quod
2728 3555 3006 3626 discipulis
3041 3564 3389 3615 eoustatesse
3408 3556 3764 3625 praedictum?

2179 3646 2328 3703 Sicut
2362 3648 2412 3701 in
2446 3648 2735 3717 Evangelio
2758 3647 2953 3716 legitur
2986 3665 2998 3699 :
3032 3645 3167 3701 Ecce
3196 3648 3522 3702 ascendimus
3542 3647 3760 3702 Jerusa-

2178 3737 2398 3808 lymam,
2460 3747 2506 3791 et
2561 3736 2727 3792 Filius
2782 3737 3002 3799 hominis
3062 3738 3294 3794 tradetur
3340 3748 3394 3791 ut
3427 3739 3761 3809 cruciﬁgatur

2182 3828 2405 3900 (Matth.
2436 3845 2524 3894 xx,
2560 3830 2690 3898 18);
2722 3841 2776 3884 et
2808 3830 2891 3883 his
2917 3830 3266 3900 similia,qua:
3292 3832 3360 3889 de
3388 3845 3481 3887 sua
3513 3833 3756 3900 passione

2180 3920 2440 3989 praedixit.
2475 3918 2607 3973 Nam
2629 3920 2768 3988 quod
2794 3920 2951 3982 dixit,
2976 3922 3288 3990 sagittabunt
3313 3937 3450 3985 eunt,
3493 3932 3541 3976 et
3564 3939 3666 3976 non
3694 3924 3756 3976 ti-

2178 4014 2395 4076 mcbunt,
2431 4012 2663 4066 ostendit
2710 4013 2951 4080 maligna:
2994 4014 3334 4082 cogitationis
3384 4013 3660 4081 eilectum,
3699 4024 3753 4068 ut

2177 4121 2281 4171 non
2306 4105 2477 4170 solum
2505 4113 2783 4169 tractatum
2803 4104 3000 4172 scelus,
3023 4105 3117 4164 sed
3140 4105 3301 4160 etiam
3335 4107 3611 4176 impletum
3640 4122 3753 4164 osse

2176 4199 2469 4255 videretur.

2248 4293 2404 4347 Vers.
2452 4292 2508 4348 5.
2555 4290 2915 4349 Firmanorum
2955 4291 3053 4350 sibi
3077 4290 3282 4351 verbum
3320 4290 3551 4359 malum;
3582 4292 3755 4360 dispo-

2173 4396 2381 4443 suerunt
2408 4396 2463 4439 ut
2482 4385 2849 4443 absconderem
2875 4388 3113 4456 laqueos;
3146 4386 3391 4440 dixerunt
3413 4402 3432 4437 :
3466 4387 3595 4452 Quis
3623 4388 3755 4441 vide-

2173 4478 2241 4530 bit
2281 4478 2413 4531 nos?
2470 4475 2687 4543 Verbum
2734 4479 2927 4531 malum
2979 4478 3314 4546 ﬁrmaverunt
3365 4478 3490 4543 sibi,
3545 4477 3754 4547 quando

489 4558 813 4624 operantium
840 4560 1180 4630 iniquitatem.
1210 4564 1379 4635 Supra
1413 4567 1565 4635 dixit,
1615 4586 1649 4622 a
1684 4584 1930 4626 conventu
1959 4590 2069 4627 ma-
2094 4551 2144 4611 Ῑ)
2174 4567 2468 4627 dixerunt:
2515 4567 2651 4624 Reus
2695 4577 2767 4623 εει
2813 4568 2988 4620 υιοτῑίε
3030 4565 3242 4636 (ΜαιιΙι-
3288 4582 3434 4629 XXVI.
3475 4565 3602 4634 66);
3649 4568 3755 4621 δῖνα

486 4648 818 4720 lignantium,
852 4653 996 4723 quod
1041 4655 1105 4710 ad
1124 4657 1348 4718 consilia
1377 4671 1555 4731 potest
1580 4663 1808 4739 referri;
1841 4682 2004 4731 nunc,
2036 4685 2067 4721 a

485 4741 812 4797 multitudine
860 4748 1178 4815 operantium
1202 4748 1543 4837 iniquitatem,
1582 4765 1640 4810 ut
1668 4766 1844 4812 actum
1886 4760 2067 4828 expri-

485 4844 657 4889 meret
687 4837 919 4905 propriaz
949 4840 1231 4911 passionis,
1484 4862 1487 4865 ί

558 4926 716 4982 Vers.
762 4928 815 4981 ὅ.
872 4928 1006 4995 Quia
1069 4944 1382 4993 exacuerunt
1448 4945 1506 4990 ut
1576 4937 1805 5007 gladium
1863 4939 2066 5011 linguas

480 5034 637 5084 snas;
668 5019 991 5080 intenderunt
1011 5039 1187 5081 arcum
1234 5043 1338 5079 rem
1362 5044 1612 5083 amaram.
1649 5030 1749 5084 Per
1796 5030 1895 5086 ltus
1934 5048 2065 5102 qua-

482 5118 605 5170 tuor
631 5123 820 5166 versus
846 5126 1014 5179 usque
1042 5113 1109 5175 ad
1136 5115 1477 5185 divisionem,
1524 5134 1621 5187 per
1648 5120 1889 5176 diversas
1935 5124 2063 5185 alle-

485 5201 666 5270 gorias
693 5201 1001 5258 ludacorutn
1054 5205 1317 5275 signiticat
1346 5210 1801 5279 persecutionem.
1834 5212 1938 5269 Sed
1979 5214 2064 5269 hic

480 5290 725 5346 redditur
752 5305 912 5346 causa
930 5293 1230 5363 justissima
1258 5312 1425 5365 quare
1454 5308 1714 5369 protectus
1742 5302 1808 5353 sit
1838 5318 1870 5354 a
1893 5304 2063 5356 multi-

480 5382 656 5445 tudine
687 5386 1001 5455 operantium
1023 5386 1369 5458 iniquitatem.
1398 5388 1527 5451 Nam
1553 5402 1810 5460 quantum
1852 5393 1926 5447 illi
1964 5394 2059 5448 lin-

476 5490 604 5547 guas
633 5491 752 5529 suas
779 5476 911 5530 velut
942 5479 1275 5535 mortiferum
1305 5479 1535 5549 gladium
1577 5483 1906 5548 exacuebant,
1940 5493 2060 5538 tau—

479 5574 587 5617 tum
634 5579 817 5625 eorum
850 5566 1099 5637 iniquitas
1150 5568 1531 5643 frangebatur;
1563 5579 1622 5625 ut
1674 5573 1728 5627 in
1775 5588 1836 5628 se
1886 5576 2059 5643 potius

476 5655 613 5717 mala
640 5668 1037 5727 converterent,
1061 5677 1182 5732 quae
1202 5673 1388 5716 contra
1414 5661 1714 5717 innocentis
1740 5665 2056 5733 sanguinem

476 5749 868 5823 pra‘parabant.
896 5749 997 5806 Iste
1028 5752 1172 5806 enim
1205 5752 1539 5821 peccantium
1571 5768 1688 5808 mos
1712 5761 1811 5820 est,
1850 5762 1905 5808 ut
1949 5755 2060 5824 pri-

2173 4659 2389 4730 quando
2420 4659 2648 4728 professi
2677 4669 2801 4715 sunt
2830 4675 2845 4712 :
2880 4659 3105 4729 Sanguis
3133 4660 3248 4728 ejus
3288 4677 3441 4731 super
3468 4677 3560 4713 nos
3593 4671 3642 4713 et
3672 4677 3755 4714 sst—

2171 4769 2261 4821 per
2306 4751 2441 4819 ﬁlios
2484 4760 2681 4806 nostros
2727 4749 2942 4819 (Matth.
2993 4767 3168 4816 xxvn,
3214 4752 3331 4821 25).
3396 4750 3751 4807 Fit-moverunt

2150 4843 2351 4919 utique
2377 4842 2576 4896 dictum
2605 4849 2709 4905 est,
2739 4840 3093 4907 obstinatione
3124 4840 3409 4898 durissima
3431 4883 3447 4907 ,
3476 4860 3584 4898 non
3620 4846 3751 4898 veri-

2174 4935 2297 4988 tatis
2334 4934 2628 4995 munimine
2670 4931 2919 4987 solidata.
2957 4933 3245 5001 Sequitur,
3291 4935 3660 5001 disposuerunt
3699 4944 3747 4990 ut

2171 5025 2536 5087 absconderem
2561 5023 2801 5093 laqueos;
2824 5023 3062 5084 dixerunt
3087 5039 3106 5077 :
3135 5025 3259 5089 Quis
3288 5025 3475 5080 videbit
3502 5045 3597 5082 nos
3613 5030 3638 5082 ?
3660 5029 3748 5083 Hic

2171 5117 2493 5180 describitur
2513 5117 2844 5183 consuetudo
2876 5118 3230 5185 peccantium.
3261 5117 3446 5174 Omnis
3479 5126 3625 5175 enim
3664 5122 3745 5191 qui

2173 5208 2355 5261 dolum
2388 5215 2560 5274 parat,
2590 5206 2859 5261 hominem
2891 5222 2950 5262 se
2982 5216 3131 5275 putat
3164 5206 3352 5263 fallere
3372 5248 3387 5272 ,
3416 5219 3475 5264 ut
3497 5214 3668 5279 possit
3688 5211 3744 5266 ad

2170 5314 2295 5359 suas
2320 5300 2580 5369 nequitias
2606 5302 2903 5368 pervenire.
2935 5300 3026 5354 Sic
3062 5298 3232 5355 Judaei
3264 5302 3535 5358 scelerata
3577 5313 3746 5359 mente

2167 5390 2373 5446 confusi
2421 5390 2694 5453 Christum
2744 5382 3111 5457 tantummodo
3158 5392 3427 5448 hominem
3475 5405 3742 5461 putantes,

2171 5482 2549 5549 malignitatem
2580 5499 2728 5539 suam
2757 5498 2860 5539 non
2887 5483 3176 5538 credebant
3197 5485 3434 5553 agnosci.
3459 5488 3544 5540 cui
3564 5501 3742 5543 cuncta

2168 5573 2412 5633 cmlcstia
2443 5575 2526 5629 vel
2560 5586 2771 5631 terrena
2799 5575 3042 5638 veracius
3068 5585 3284 5645 patent,
3311 5594 3469 5647 quam
3497 5580 3600 5635 sibi
3640 5581 3739 5650 ipsa

2172 5673 2299 5721 sunt
2319 5665 2548 5734 Cognita.

2245 5754 2399 5810 Vers.
2434 5755 2487 5809 6.
2522 5756 2751 5811 Scrutati
2780 5767 2896 5812 sunt
2922 5758 3254 5827 iniquitates;
3280 5759 3569 5829 defecerunt
3597 5775 3734 5813 seruo
