4020 6348
239 347 342 415 μι
1166 350 1525 408 EXPOSITIO
1561 349 1628 408 IN
1658 351 2123 409 ‘PSALT‘ERIUM.
2164 351 2357 411 PSAL.
2398 353 2582 410 LXIII.
3394 350 3502 410 ιη

244 473 410 535 tantes
436 464 757 535 scrutinium.
781 466 996 521 Accedet
1011 467 1162 521 homo
1176 469 1249 522 ad
1275 484 1364 523 cor
1390 470 1577 534 a'tum,
1600 477 1646 521 et
1667 468 1820 522 εποι-
1838 472 1899 530 Ἀ
1926 468 2093 535 possit
2120 466 2359 523 absoluta
2383 467 2667 525 sententia.
2701 456 2988 537 Inﬁrmata
3023 448 3208 524 revera
3237 475 3355 521 sunt
3394 467 3501 521 lin-

242 557 442 610 tabitur
466 554 625 610 Deus.
658 555 718 616 In
736 556 820 619 bis
843 557 1049 615 duabus
1076 560 1358 615 sententiis
1389 573 1580 615 versus
1612 558 1715 614 iste
1744 558 1825 612 di-
1926 575 2042 629 quae
2069 559 2393 625 indecorum,
2416 559 2630 630 quando
2648 559 2897 615 dixerunt
2924 576 2938 613 :
2979 558 3040 616 Si
3076 557 3241 613 Filius
3281 558 3373 613 Dei
3399 562 3496 627 est,

244 650 399 702 visus
417 655 520 702 est.
546 648 681 704 Dicit
703 651 844 704 enim
875 651 1322 721 quemadmodum
1340 665 1400 706 se
1418 651 1637 707 consilia
1659 664 1822 719 prava

243 737 598 805 confundant,
631 752 685 795 et
705 741 758 795 in
789 756 952 810 opere
978 744 1317 812 cogitationis
1346 758 1456 797 sua:
1487 758 1639 799 mens
1672 744 1825 798 mali-

241 845 352 901 gna
381 828 612 909 deficiat.
632 830 829 887 Contra
852 832 988 886 bona
1010 832 1254 890 voluntas
1280 840 1335 885 et
1357 830 1682 887 illuminatus
1704 846 1831 886 sen-

240 940 343 993 sus
379 940 540 996 quem
583 923 875 993 profectum
923 923 1122 977 habere
1166 922 1408 975 videatur
1461 921 1729 989 ostendit;
1770 928 1830 974 ut

246 1026 455 1088 quanto
480 1031 539 1071 se
566 1016 675 1070 Deo
704 1015 993 1082 proximat,
1028 1023 1178 1068 tanto
1199 1014 1527 1071 divinitatem
1550 1013 1648 1069 sibi
1680 1014 1830 1068 exal-

243 1119 417 1175 tatam
446 1125 569 1172 esse.
594 1117 897 1178 cognoscat.
943 1107 1168 1163 Scrutati
1186 1115 1301 1160 sunt
1327 1106 1493 1162 Judaei
1523 1107 1830 1177 iniquitates,

245 1217 388 1272 quas
421 1201 608 1269 utique
654 1198 1058 1268 praetermittere
1085 1197 1416 1262 debuissent,
1461 1197 1588 1251 dum
1629 1196 1832 1250 nullum

245 1294 331 1358 ibi
356 1293 585 1347 fructum
615 1291 801 1344 salutis
831 1304 945 1345 sua:
985 1298 1229 1357 poterant
1265 1288 1529 1343 invenire.
1572 1287 1835 1344 Dixerunt

243 1384 430 1439 enim:
463 1380 525 1436 Si
551 1379 892 1433 dimiserimus
907 1395 1019 1447 eum
1044 1377 1140 1443 sic,
1171 1379 1366 1439 venient
1386 1377 1627 1443 Romani,
1658 1386 1705 1431 et
1736 1377 1840 1430 tol-

249 1476 362 1543 lent
388 1474 535 1527 nobis
554 1483 602 1527 et
632 1472 800 1529 locum
828 1482 873 1525 et
901 1480 1100 1543 gentem
1123 1469 1306 1541 (loan.
1335 1486 1408 1537 tu,
1437 1469 1552 1540 48).
1581 1468 1834 1524 Persem-

249 1567 354 1641 tati
381 1574 503 1618 sunt
530 1564 690 1618 etiam
722 1564 1038 1633 iniquitates,
1069 1578 1190 1619 cum
1239 1561 1519 1616 Dominum
1563 1560 1839 1617 audissent

250 1656 529 1725 dicentem
576 1654 911 1725 paralytico:
975 1652 1315 1716 Dimittuntur
1365 1651 1455 1705 tibi
1494 1660 1702 1720 peccata
1747 1659 1838 1704 tua

253 1744 480 1815 (Matth.
505 1742 689 1810 “,2);
718 1743 792 1797 illi
821 1743 1061 1811 protinus
1081 1746 1202 1797 eum
1229 1740 1600 1810 blasphemare
1621 1752 1840 1811 putave-

1926 652 2285 705 descendatde
2323 667 2471 705 cruce
2513 650 2727 721 (Matth.
2778 667 2944 716 xxvn,
2990 651 3115 720 ιο).
3162 634 3501 705 Εἱνίᾱειίιηι

1929 752 2114 813 postea
2139 753 2503 811 resurgentem
2532 744 2601 798 de
2622 743 2888 809 sepulcro,
2911 758 3068 814 quem
3092 743 3159 799 de
3186 744 3358 799 crucis
3404 742 3498 797 de-

1930 835 2189 891 scendere
2203 849 2305 889 non
2320 835 2606 891 credebant
2623 850 2779 903 posse
2799 836 3053 905 patibulo.
3070 835 3168 890 Ubi
3182 842 3282 900 est,
3302 834 3495 902 Judaei,

1932 925 2217 981 inﬁdelitas
2246 927 2466 985 vestra?
2513 928 2699 987 Adbuc
2718 927 2787 983 de
2808 929 2929 981 vivo
2975 927 3231 982 dicebatis
3255 944 3268 980 :
3301 926 3365 981 Si
3390 927 3501 982 Rea:

1932 1014 2099 1070 Israel
2122 1028 2214 1081 est,
2244 1016 2517 1081 descendat
2557 1018 2622 1074 de
2642 1032 2791 1071 cruce
2837 1016 3026 1087 (Ibid.,
3072 1016 3186 1087 Ω).
3247 1016 3502 1085 Vosipsos

1933 1106 2186 1173 consulo,
2217 1108 2461 1177 vosipsos
2493 1105 2753 1175 judicium
2781 1116 2944 1176 peto;
2976 1116 3178 1177 quanto,
3199 1106 3501 1162 mirabilius

1933 1205 2016 1252 est
2036 1207 2300 1252 mortuum
2331 1213 2487 1267 posse
2508 1214 2808 1268 resurgere,
2839 1213 2996 1269 quam
3025 1199 3199 1254 adhuc
3225 1200 3403 1255 vivum
3428 1199 3497 1255 de

1934 1302 2093 1363 cruce
2118 1288 2255 1359 velle
2283 1288 2613 1363 descendere
2642 1292 2655 1345 !
2683 1290 2851 1345 Parva
2879 1291 3105 1358 petistis,
3150 1290 3273 1345 dum
3303 1304 3505 1360 majora

1937 1380 2306 1449 provenerint.
2320 1378 2431 1443 Sed,
2457 1379 2742 1449 inﬁdelitas
2753 1390 2931 1445 vestra
2948 1396 3057 1435 non
3068 1381 3424 1450 potuitsanari
3441 1382 3507 1437 si-

1937 1470 2053 1538 gnis
2070 1469 2235 1522 multo
2252 1467 2561 1529 fortioribus
2580 1484 2738 1539 quam
2753 1470 2983 1539 petistis.
3003 1469 3255 1524 Additum
3267 1480 3366 1535 est,
3383 1486 3509 1525 con-

1938 1557 2129 1621 turbati
2158 1566 2273 1625 sunt
2295 1574 2467 1613 omnes
2487 1559 2576 1627 qui
2599 1558 2829 1613 videbant
2849 1574 2965 1623 eos;
2995 1572 3114 1613 reos
3135 1558 3512 1627 scilicetatqne

1942 1647 2213 1715 confusos,
2238 1658 2424 1704 contra
2454 1664 2682 1718 quorum
2718 1648 2929 1719 linguas
2955 1650 3281 1705 resurrectio
3308 1649 3509 1704 Christi

1942 1742 2170 1813 gloriosa
2196 1742 2455 1810 provenit.
2477 1741 2521 1796 0
2548 1755 2682 1799 nova
2712 1742 2905 1799 mentis
2935 1750 2989 1797 et
3014 1742 3327 1809 admiranda
3352 1742 3516 1799 callo-

253 1844 409 1897 runt,
440 1834 631 1902 quibus
655 1833 728 1887 ait
766 1832 1022 1887 Dominus
1053 1848 1066 1884 :
1098 1832 1236 1898 Quid
1272 1831 1503 1901 cogitatis
1532 1846 1752 1899 nequam
1779 1830 1834 1883 ἱη
1868 1831 1921 1893 Β,
1943 1836 2072 1893 sitas
2087 1835 2103 1903 !_
2133 1834 2207 1889 De
2230 1834 2439 1889 illorum
2461 1833 2777 1898 confusione
2806 1833 3154 1889 turbabantur
3181 1833 3295 1899 alii,
3322 1844 3375 1889 et
3399 1834 3518 1911 illo:-

250 1925 498 1995 cordibus
522 1924 697 1978 vestris
719 1925 744 1977 ?
772 1921 1095 1979 Perscrutati
1118 1931 1244 1985 sunt
1271 1935 1483 1990 quoque
1508 1919 1832 1990 iniquitates,

252 2017 399 2069 sicut
418 2015 763 2082 Evangt-lium
792 2011 941 2081 dicit,
973 2029 1095 2070 cum
1128 2013 1366 2073 diversas
1392 2012 1841 2081 interrogationes

251 2106 581 2185 insidiantes
622 2105 951 2160 adhibebant
988 2114 1047 2161 ut
1088 2104 1389 2159 invenirent
1430 2116 1531 2173 qua
1573 2118 1641 2158 ex
1679 2116 1842 2157 causa

256 2208 584 2275 accusarent
616 2214 761 2253 eum.
792 2199 1042 2268 Sequitur
1059 2212 1213 2269 paena
1242 2197 1595 2265 peccantium,
1629 2194 1844 2265 Defece-

258 2301 386 2365 runt
416 2300 698 2351 scrutantes
725 2290 1031 2344 scrutinium
1060 2303 1079 2343 :
1108 2290 1461 2361 quia‘semper
1486 2286 1541 2344 in
1568 2284 1849 2355 cogitatio-

260 2383 422 2452 nibus
460 2367 571 2449 suis
601 2381 858 2439 deﬁciunt
902 2382 990 2450 qui
1034 2379 1101 2433 ad
1132 2395 1219 2434 res
1263 2379 1522 2447 pessimas
1569 2377 1849 2445 pervenire

257 2472 596 2547 contendunt
626 2491 640 2526 :
669 2473 737 2539 de
762 2472 954 2543 quibus
973 2479 1025 2526 et
1056 2470 1162 2525 alio
1186 2470 1307 2526 loco
1331 2469 1532 2524 dictum
1551 2477 1666 2524 est:
1688 2467 1851 2536 Inﬁr—

259 2567 388 2638 rttati
410 2576 553 2629 sunt,
580 2581 672 2618 nec
697 2565 795 2635 fuit
816 2564 901 2634 qui
944 2567 1207 2633 adjuvaret
1246 2577 1330 2616 eos
1368 2559 1541 2634 (Psal.
1586 2574 1692 2625 cvr,
1737 2558 1847 2630 12).

259 2653 623 2723 Consequitur
645 2670 765 2724 pars
785 2654 1017 2718 secunda
1036 2653 1345 2708 sententias:
1372 2652 1586 2705 Accedet
1616 2652 1763 2704 homo
1784 2650 1852 2707 ad

264 2759 361 2802 cor
410 2744 595 2809 altum,
635 2753 678 2797 et
712 2745 1014 2805 cxa’tabitur
1053 2742 1213 2796 Deus.
1254 2742 1389 2797 Cum
1427 2742 1553 2796 dicit
1587 2759 1602 2797 :
1641 2741 1854 2800 Accedet

264 2833 429 2899 homo
456 2833 526 2904 ad
550 2849 635 2887 car
657 2835 835 2901 altum,
865 2834 987 2890 illos
1013 2833 1282 2903 signiﬁcat
1305 2833 1395 2903 qui
1420 2848 1505 2887 res
1535 2832 1744 2887 divinas
1766 2833 1854 2900 pia

264 2923 569 3001 Intentinne
622 2925 951 2994 perquirunt.
1015 2924 1114 2979 Cor
1159 2925 1302 2979 enim
1353 2924 1519 2977 altum
1560 2931 1687 2977 tunc
1730 2932 1849 2987 est,

264 3015 483 3084 quando
510 3016 749 3071 caelestia
772 3017 988 3086 cogita',
1018 3025 1072 3070 et
1101 3023 1311 3070 terrena
1349 3013 1571 3068 devitat.
1613 3014 1721 3067 Iste
1748 3026 1859 3066 non

269 3109 454 3185 deﬁcit
480 3109 617 3163 sicut
641 3109 716 3163 illi
736 3109 822 3178 qui
848 3107 1159 3163 scrutinium
1186 3114 1610 3174 perscrutantur,
1633 3101 1727 3158 sed
1748 3117 1860 3156 ma-

1927 1921 2060 1990 rum
2079 1926 2396 1997 protervitas
2415 1925 2481 1980 ad
2504 1924 2889 1994 paenitudinem
2908 1940 3011 1980 non
3030 1933 3238 1995 poterat
3251 1925 3517 1981 inclinari.

1943 2016 2241 2073 Conturbati
2304 2027 2421 2083 sunt
2470 2016 2614 2076 enim
2663 2030 2730 2071 ex
2790 2015 2896 2074 iilis
2947 2016 3161 2084 quidam
3207 2018 3513 2083 credentes,

1945 2107 2159 2179 quando
2197 2107 2260 2161 ad
2290 2107 2558 2177 apostolos
2587 2116 2848 2165 venerunt
2868 2115 2922 2161 et
2952 2106 3197 2171 dixerunt
3221 2094 3406 2185 :Quid
3437 2108 3521 2178 fa-

1947 2202 2154 2265 ciemus,
2183 2199 2277 2253 viri
2306 2200 2486 2269 fratres
2517 2199 2653 2270 (Act.
2693 2214 2753 2264 ll,
2799 2200 2929 2267 δην
2958 2201 3002 2253 Α
3032 2200 3223 2269 quibus
3262 2201 3520 2256 salutaria

1949 2292 2150 2346 monita
2179 2292 2552 2361 percipientes,
2580 2305 2676 2360 per
2701 2300 2942 2346 sanctum
2962 2289 3223 2361 baptisma
3251 2290 3384 2347 dilui
3410 2306 3525 2348 me-

1950 2391 2171 2437 ruerunt
2203 2397 2234 2435 a
2262 2380 2606 2435 damnatione
2635 2390 2917 2451 perpetua.
3376 2388 3379 2391 ‘
3480 2387 3484 2392 ‘

2026 2473 2179 2529 Vers.
2206 2474 2258 2527 9.
2292 2471 2361 2526 Et
2402 2473 2564 2527 timuit
2592 2474 2758 2526 omnis
2792 2475 2973 2539 homo;
3024 2482 3072 2527 et
3100 2474 3527 2527 annuntiaverunt

1955 2582 2110 2635 opera
2139 2564 2255 2630 Dei,
2280 2573 2325 2617 et
2356 2564 2491 2634 facta
2517 2566 2625 2635 ejus
2652 2564 3031 2620 intellexerunt.
3048 2566 3375 2635 Frequenter
3396 2565 3533 2620 dixi-

1956 2672 2075 2714 mus
2101 2657 2500 2727 generalitatem
2530 2670 2629 2725 pro
2650 2666 2798 2724 parte
2826 2656 3182 2725 poni.‘0mnis
3201 2656 3343 2712 enim
3368 2656 3531 2710 homo

1958 2751 2045 2805 ltic
2068 2747 2445 2817 intelligendus
2471 2757 2573 2813 est,
2606 2762 2711 2801 non
2739 2747 2826 2802 ille
2852 2746 3191 2812 universalis,
3222 2746 3315 2801 sed
3338 2745 3425 2815 qui
3445 2745 3534 2815 ju-

1958 2842 2156 2897 dicium
2188 2838 2424 2893 futurum
2452 2836 2787 2892 considerata
2819 2837 3027 2891 Domini
3055 2844 3319 2907 potestate
3349 2835 3533 2889 formi-

1960 2932 2070 2986 dat.
2103 2930 2233 2985 Nam
2259 2939 2317 2982 ut
2340 2930 2602 2997 intelligas
2632 2927 2700 2983 de
2737 2925 2982 2982 fidelibus
3009 2935 3213 2981 tantum
3242 2925 3370 2990 diei,
3401 2923 3524 2980 vide

1960 3023 2087 3092 quid
2116 3022 2353 3091 sequitur
2383 3036 2398 3074 :
2438 3018 2501 3072 Et
2526 3020 2951 3072 annuntiaverttnt
2981 3034 3133 3089 spera
3164 3016 3294 3083 Dei;
3334 3016 3537 3071 scilicet

1963 3113 2189 3183 gloriam
2230 3108 2660 3172 resurrectionis,
2711 3107 3034 3177 agnitionem
3082 3109 3134 3161 in
3165 3105 3536 3171 contractione

270 3202 358 3270 gis
387 3200 656 3270 magisque
683 3201 897 3273 crescit,
932 3209 985 3254 et
1012 3212 1179 3268 usque
1209 3200 1273 3252 ad
1307 3197 1408 3251 hoc
1436 3194 1855 3266 pervenilmlab
1883 3192 1929 3255 C
1963 3202 2532 3274 panis,.ascensionem
2563 3201 2617 3255 in
2653 3199 2832 3264 ctelis,
2882 3198 3046 3253 variis
3088 3198 3283 3266 linguis
3328 3198 3538 3261 locutos

274 3302 345 3368 eo
374 3303 616 3345 summus
659 3299 816 3367 atque
846 3289 1186 3360 omnipotens
1230 3287 1370 3341 Deus
1419 3302 1537 3341 esse
1579 3285 1859 3349 credatur;

272 3398 386 3439 non
415 3382 557 3452 quod
604 3381 745 3435 Deus
773 3380 929 3435 altior
956 3381 1079 3448 ﬁat,
1120 3380 1212 3434 sed
1242 3379 1365 3448 quia
1394 3378 1447 3431 in
1487 3377 1651 3431 corde
1692 3374 1862 3430 sancti

279 3458 516 3529 Inominis
542 3486 760 3543 semper
781 3472 1039 3541 Divinitas
1068 3470 1399 3536 considerata
1426 3466 1758 3538 grandescat.
1798 3465 1866 3519 Et

275 3548 403 3642 nota
432 3564 553 3634 quia
575 3564 820 3633 superius
849 3563 915 3617 de
941 3561 1153 3635 perﬁdis
1172 3560 1370 3617 Judaeis
1391 3559 1587 3617 dictum
1613 3555 1865 3626 est,quia

277 3656 597 3711 defecerunt
646 3656 700 3711 in
750 3653 1159 3731 cingitaticnibus
1215 3652 1354 3714 suis;
1388 3664 1530 3706 nunc
1578 3658 1755 3703 autem
1798 3646 1865 3701 de

279 3745 542 3817 apostolis
586 3744 781 3799 dicitur
836 3744 1148 3813 cunctisque
1196 3742 1477 3809 ﬁdelibus,
1527 3740 1581 3797 in
1634 3752 1858 3809 quorum

280 3826 447 3894 corde
488 3846 692 3911 tantum
743 3836 1006 3901 exaltatus
1047 3828 1340 3899 est‘Deus,
1377 3842 1632 3903 quantum
1664 3832 1867 3900 cogita-

282 3931 463 3986 tiones
491 3945 641 3986 veras
669 3938 828 4000 atque
851 3930 1214 3984 sanctissimas
1240 3928 1385 3998 puris
1411 3926 1678 3982 mentibus
1703 3924 1870 3979 intra-

280 4031 498 4077 verunt.

358 4114 516 4171 νει-ε.
558 4115 611 4169 7.
644 4115 857 4187 Sagittae
886 4118 1211 4186 parvulorum
1258 4117 1404 4178 factae
1432 4121 1550 4167 sunt
1580 4112 1746 4183 plaga:
1780 4126 1869 4165 eo-

284 4222 425 4260 rum.
458 4205 587 4260 Post
624 4208 1082 4262 enumerationem
1116 4205 1352 4261 Judaica:
1388 4203 1686 4275 pravitatis,
1713 4217 1869 4272 quam

289 4298 347 4354 in
376 4310 560 4351 necem
594 4297 809 4351 Domini
842 4314 1097 4368 peragere
1134 4303 1492 4359 tentaverunt,
1525 4294 1756 4350 venitad
1786 4308 1873 4350 se-

290 4388 523 4443 cundam
550 4388 889 4462 positionem,
915 4390 1000 4443 ubi
1035 4388 1274 4443 fremitus
1304 4402 1488 4442 eorum
1502 4396 1556 4441 et
1584 4386 1718 4441 dura
1743 4400 1873 4440 con-

291 4483 408 4537 sllia
441 4483 716 4554 aptissima
749 4484 1147 4558 comparatione
1176 4484 1401 4539 deridet.
1434 4483 1563 4550 Quae
1594 4483 1760 4553 ﬁgura
1783 4482 1871 4537 di-

1966 3294 2131 3350 fuisse
2156 3291 2473 3360 discipulos,
2520 3300 2576 3346 et
2621 3299 2813 3344 caetera
2840 3303 2960 3358 quae
2991 3304 3086 3359 per
3107 3287 3384 3357 apostolos
3411 3300 3541 3343 suos

1968 3394 2094 3456 post
2116 3383 2563 3439 resurrectionem
2598 3395 2748 3435 suam
2789 3378 3047 3435 Dominus
3071 3376 3318 3433 Salvator
3348 3388 3535 3432 osten-

1968 3479 2064 3533 dit.
2092 3478 2196 3532 Ista
2216 3478 2356 3532 enim
2376 3475 2807 3531 annuntiaverunt
2824 3472 3164 3543 prmdicando
3185 3472 3442 3538 diversis;
3464 3477 3541 3535 et,

1968 3572 2100 3643 proh
2124 3571 2311 3626 dolor!
2344 3580 2533 3640 gentes
2551 3569 2713 3641 210
2736 3567 2932 3622 auditis
2951 3566 3229 3625 credidere
3251 3566 3542 3634 miraculis,

1969 3663 2159 3732 quibus
2208 3661 2283 3716 illi
2332 3660 2625 3715 noluerunt
2669 3658 2904 3712 animum
2946 3656 3189 3726 prmbere
3242 3671 3340 3733 nec
3390 3657 3541 3712 visis.

1970 3753 2223 3810 Additum
2249 3760 2350 3820 est,
2382 3760 2430 3805 et
2452 3752 2587 3822 facta
2610 3751 2720 3820 ejus
2764 3748 3159 3811 intellexerunt;
3186 3749 3365 3818 utique
3392 3748 3546 3802 intel-

1970 3845 2201 3901 lexerunt
2233 3860 2353 3900 esse
2384 3844 2581 3908 divina,
2610 3843 2734 3912 quia
2768 3840 2895 3895 talia
2928 3840 3156 3910 implere
3198 3854 3303 3895 non
3341 3847 3548 3909 poterat

1973 3940 2201 3994 humana
2233 3938 2517 4007 fragilitas.

2041 4030 2197 4084 Vcrs.
2229 4029 2321 4083 10.
2352 4027 2634 4082 Ltetabitur
2665 4030 2843 4098 justus
2876 4029 2929 4081 in
2967 4025 3210 4092 Domino,
3251 4032 3297 4080 et
3331 4024 3551 4096 speravit

1970 4122 2023 4175 in
2050 4136 2152 4183 eo;
2198 4128 2248 4174 et
2276 4119 2624 4173 laudabuntur
2667 4133 2838 4173 omnes
2879 4118 3004 4171 recti
3031 4115 3553 4171 corde._Audivimus

1972 4210 2386 4283 promissionem
2421 4209 2653 4274 Domini,
2704 4217 2759 4263 et
2778 4208 3100 4263 sententiam
3148 4206 3425 4263 verissime
3460 4205 3550 4275 ju-

1973 4302 2219 4359 dicantis.
2245 4299 2450 4355 lutum
2476 4303 2532 4355 in
2555 4298 2734 4355 futuro
2762 4299 2897 4355 dicit
2918 4314 3041 4355 esse
3062 4300 3385 4364 laetaturum,
3428 4300 3552 4370 quia

1972 4395 2060 4451 hic
2106 4393 2398 4462 discipulos
2440 4408 2567 4447 suos
2618 4400 2839 4447 noverat
2874 4389 3203 4446 diversarum
3247 4393 3553 4459 passionum

1976 4484 2353 4540 afflictionibus
2393 4483 2779 4553 ingravandos;
2827 4482 2920 4538 sed
2972 4480 3299 4546 ltelabuntur,
3330 4478 3544 4550 quando

293 4557 432 4633 citur
458 4574 650 4627 ironia.
676 4574 812 4645 Quid
849 4555 991 4629 enim
1017 4575 1183 4630 levius
1215 4572 1413 4645 quidve
1454 4576 1667 4628 inanius
1704 4588 1868 4642 quam
1900 4555 1949 4616 Ῐ)
1977 4576 2237 4632 sedebant
2260 4573 2839 4645 injndiciojudicantes
2864 4573 3143 4627 duodecim
3169 4572 3336 4626 tribus
3360 4571 3547 4625 Israel.

293 4683 483 4722 verum
513 4668 749 4724 iudicem
774 4670 906 4724 false
920 4668 1243 4738 adjudicare,
1267 4684 1425 4739 quam
1455 4667 1875 4725 occiderevellc

296 4760 386 4827 qui
426 4768 665 4814 mortuos
701 4759 1028 4828 suscitabat,
1070 4774 1228 4829 quam
1283 4759 1501 4827 ligatum
1550 4757 1759 4812 tradere
1785 4756 1872 4825 qui

298 4848 485 4904 mundi
515 4850 720 4904 vincula
748 4848 1107 4905 dissolvebat?
1138 4848 1482 4905 Parvulorum
1509 4848 1770 4917 siquidem
1795 4864 1878 4902 sa-

300 4944 439 5017 gitta:
470 4943 644 4997 inania
677 4943 782 4996 tela
813 4953 954 5008 sunt,
981 4943 1068 5012 qui
1094 4941 1308 4997 ludendi
1328 4942 1505 4996 studio
1519 4940 1734 5010 fragiles
1756 4954 1881 4993 canc

300 5051 399 5100 nas
430 5036 484 5091 in
524 5038 835 5105 sagittarum
868 5035 1308 5091 consuetudinem
1343 5034 1531 5103 jacere
1572 5045 1878 5087 consueve-

303 5136 447 5184 runt.
504 5127 595 5183 Sic
655 5127 962 5183 Judmorum
1044 5139 1166 5183 vota
1228 5128 1490 5183 inefﬁcaci
1552 5126 1883 5194 malignitate

304 5220 619 5286 saevissima,
638 5236 743 5275 non
768 5221 1059 5276 intulerunt
1074 5220 1300 5276 llendam
1319 5229 1570 5281 mortem,
1585 5218 1680 5272 sed
1708 5216 1884 5287 potius

305 5311 747 5380 gloriosissimam
776 5312 1101 5382 passionem,
1130 5312 1369 5381 talesque
1395 5311 1577 5379 plagas
1608 5309 1880 5363 dederunt

308 5403 498 5476 quibus
527 5416 673 5456 mors
702 5404 816 5470 ipsa
844 5412 1165 5470 moreretur,
1189 5411 1244 5458 et
1273 5402 1535 5472 promissa
1562 5403 1748 5457 mundi
1768 5414 1884 5457 sos-

310 5494 446 5564 pitas
476 5495 732 5550 velociter
761 5498 1100 5566 impleretur.

383 5586 532 5642 Vers.
566 5588 621 5642 8.
648 5586 715 5641 Et
737 5589 1012 5658 inﬁrmata!
1032 5596 1151 5643 sunt
1178 5598 1355 5641 contra
1369 5603 1451 5642 eos
1466 5586 1656 5656 linguce
1679 5601 1891 5652 eorum;

309 5681 597 5741 conturbati
625 5693 744 5737 sunt
775 5699 945 5739 omnes
971 5684 1060 5752 qui
1086 5682 1320 5736 videbant
1348 5698 1457 5738 eos.
1501 5679 1557 5734 In
1599 5679 1701 5733 hoc
1733 5694 1891 5733 versu

312 5768 555 5842 Origenis
604 5781 686 5829 est
734 5778 1008 5845 sequenda
1034 5774 1339 5839 translatio,
1380 5781 1435 5827 ut
1466 5769 1619 5827 nobis
1647 5779 1893 5829 constare

1977 4668 2282 4724 Contristati
2310 4675 2434 4720 sunt
2463 4667 2526 4719 ad
2564 4675 2793 4736 tempus,
2843 4665 3163 4719 lattabuntur
3186 4662 3237 4715 itt
3266 4670 3551 4731 aeternum,

1976 4766 2098 4834 quia
2150 4763 2353 4832 majora
2403 4769 2528 4815 sunt
2574 4761 2788 4829 prmmia
2828 4758 3033 4812 Domini
3061 4770 3219 4826 quam
3264 4769 3382 4825 qua:
3425 4752 3498 4809 illi
3526 4768 3557 4808 a

1977 4854 2239 4919 fidelibus,
2292 4866 2516 4908 munere
2559 4862 2734 4907 tamen
2784 4849 2969 4917 ipsius,
3026 4847 3317 4917 probantur
3353 4843 3559 4901 offerri.

1985 4945 2091 5001 Sed
2112 4959 2179 4997 ne
2199 4943 2446 4999 crederes
2468 4943 2597 4998 solis
2615 4942 2869 5012 apostolis
2899 4939 3025 5011 dici,
3043 4939 3281 5007 sequitur
3300 4937 3560 4992 sententia

1986 5034 2249 5105 generalis
2274 5074 2288 5099 ,
2330 5044 2381 5088 et
2426 5035 2771 5088 laudabuntur
2811 5046 2983 5085 omnes
3022 5030 3146 5081 recti
3182 5030 3353 5085 corde.
3399 5028 3564 5082 Corde

1985 5126 2110 5179 recti
2138 5133 2263 5179 sunt
2281 5126 2367 5193 qui
2398 5140 2491 5194 per
2522 5133 2696 5178 rectas
2745 5121 2962 5176 semitas
2992 5120 3197 5174 Domini
3228 5121 3558 5191 gradiuntur.

1988 5216 2070 5291 Ab
2095 5216 2182 5270 illa
2211 5216 2354 5269 enim
2382 5218 2560 5284 regula
2593 5214 2683 5283 qui
2714 5211 2900 5282 pedem
2928 5211 3157 5266 voluerit
3177 5224 3428 5267 amovere
3456 5210 3564 5265 dis-

1991 5316 2163 5363 tortus
2186 5315 2305 5373 est;
2338 5322 2438 5362 nec
2468 5316 2643 5377 potest
2674 5307 2951 5375 quisquam
2983 5313 3152 5360 rectus
3179 5304 3310 5368 dici,
3343 5303 3445 5358 nisi
3472 5303 3563 5373 qui

1990 5397 2067 5475 illi
2113 5398 2321 5453 veritati
2367 5396 2837 5469 prtedicationique
2891 5398 3177 5454 consentit.
3228 5397 3385 5452 Tales
3423 5398 3568 5452 enim

1992 5490 2292 5547 redduntur
2335 5504 2549 5558 semper
2576 5489 2887 5553 laudabiles,
2912 5490 3031 5560 quia
3058 5498 3114 5546 et
3144 5489 3421 5543 Dominum
3460 5488 3573 5542 lau-

1995 5590 2144 5650 dant,
2174 5592 2229 5637 et
2258 5582 2323 5637 ab
2366 5583 2478 5653 ipsa
2512 5582 2744 5639 Veritate
2784 5583 3085 5639 laudantur.
3112 5581 3249 5650 Quid
3278 5581 3420 5637 enim
3452 5580 3570 5633 lau-

1997 5675 2225 5732 dabilius
2259 5690 2417 5743 quam
2457 5673 2525 5729 ab
2568 5674 2685 5743 ipso
2723 5673 2908 5732 Iudice
2932 5675 2985 5730 in
3014 5683 3303 5746 conspectu
3330 5671 3570 5729 omnium

2003 5768 2315 5841 angelorum
2356 5768 2592 5838 gloriose
2613 5776 2671 5827 et
2697 5769 3060 5828 desideranter
3083 5767 3270 5825 audire
3299 5783 3314 5820 :
3372 5763 3569 5828 Venite.
