4020 6348
430 371 645 455 ,με

1741 370 1815 425 Μ.
1858 364 2141 426 AURELII
2178 363 2576 427 CASSIODORI

3710 367 3824 421 Ml

540 479 785 543 benedicti
805 474 982 543 Patris
1006 478 1105 541 mai
1129 476 1345 550 (Matth.
1374 493 1499 550 xxv,
1526 476 1643 550 34),
1670 486 1730 537 et
1748 478 1975 552 reliqua,
1996 494 2122 551 quae
2145 481 2198 542 Α
2223 478 2511 549 allegorica
2532 477 2935 548 comparatione
2955 480 3317 553 describens),
3343 488 3666 555 sanctosque
3695 483 3822 553 ejus

538 589 639 631 nos
668 573 943 645 Evangelii
968 581 1143 630 textus
1164 571 1402 629 edocuit.

1074 681 1346 739 Conclusio
1378 681 1584 754 psalmi.

608 790 778 845 Nimis
805 788 1042 860 prolicue
1086 803 1185 845 nos
1211 803 1278 843 ex
1300 802 1529 857 persona
1555 800 1651 842 sua
1680 785 1944 843 Dominus
1967 784 2120 843 Chri-

534 892 653 941 stus
698 882 979 948 instruxit,
1027 889 1087 937 ut
1130 882 1245 952 ipse
1273 889 1569 950 exponeret
1611 880 1915 949 passionem
1944 893 2117 945 suam,

535 974 688 1043 cujus
714 987 871 1029 nemo
893 980 1068 1043 potest
1086 970 1321 1027 refutare
1346 970 1691 1026 sententiam.
1717 968 1850 1023 Nam
1876 984 1996 1024 cum
2027 967 2119 1024 Ju-

535 1069 668 1124 dteis
686 1067 914 1123 dicimus
940 1085 952 1120 :
978 1066 1215 1122 Ecclesia
1235 1065 1498 1121 catholica
1518 1065 1772 1134 loquitur,
1797 1065 1871 1119 illi
1897 1064 2119 1119 forsitan

534 1160 865 1231 negligenter
886 1158 1175 1228 accipiunt.
1203 1157 1337 1213 Cum
1370 1156 1447 1212 eis
1474 1155 1754 1225 objicimus
1798 1155 2114 1224 prophetam

533 1266 713 1318 suum,
739 1250 814 1306 illi
846 1250 1193 1306 nihilominus
1242 1249 1309 1305 ad
1349 1249 1509 1303 falsas
1535 1246 2125 1317 interpretationesre-

532 1351 774 1409 currunt,
808 1350 866 1396 ut
904 1341 1120 1411 aliquod
1145 1349 1517 1413 argumentum
1566 1340 1850 1408 proveniat
1889 1354 2114 1395 excusa-

535 1433 667 1492 tioni
708 1433 780 1488 de
809 1434 1177 1504 assumptione
1223 1432 1507 1488 mendacii.
1552 1430 1706 1487 Nunc
1752 1432 1878 1501 quid
1925 1430 2121 1487 dicturi

534 1531 662 1578 sunt
690 1522 965 1590 obstinati,
992 1524 1081 1591 qui
1106 1523 1279 1591 ipsum
1305 1522 1583 1577 Dominum
1616 1521 1838 1576 audiunt
1864 1521 1932 1576 de
1955 1535 2013 1577 se
2036 1519 2122 1578 iu-

533 1624 653 1670 tura
678 1614 1104 1684 proloquentem,
1133 1615 1216 1669 cui
1260 1623 1715 1685 praesumpseruut
1743 1614 1988 1683 ingerere
2000 1628 2120 1670 cru-

533 1706 861 1761 delissimam
903 1707 1238 1776 passionem;
1277 1690 1440 1777 cuius
1483 1706 1931 1765 resurrectionem
1980 1708 2121 1762 inter

534 1812 627 1855 eos
650 1796 841 1853 factam
870 1800 1095 1854 mundus
1113 1801 1347 1871 agnovit,
1376 1802 1462 1871 qui
1491 1800 1697 1855 debitas
1726 1816 1910 1871 poenas
1943 1801 2119 1857 incre-

532 1890 699 1956 dulis,
729 1890 975 1945 ﬁdelibus
1003 1899 1179 1947 autem
1211 1901 1407 1948 acterna
1442 1893 1659 1962 prmmia
1685 1890 2120 1961 compromittit?

535 1981 861 2052 Supplicate,
886 1983 1074 2051 Judtei,
1106 1986 1230 2039 dum
1259 1994 1466 2053 tempus
1488 1992 1589 2051 est,
1616 1984 1843 2055 quaerite
1866 1984 1992 2038 dum
2019 1999 2113 2053 po—

536 2081 691 2136 testis
719 2082 859 2136 inter
878 2095 1040 2151 agnos
1062 2081 1235 2149 potius
1263 2080 1330 2135 ad
1360 2080 1633 2135 dexteram
1658 2079 1846 2151 recipi,
1872 2095 1938 2136 ne
1964 2079 2028 2134 ad
2046 2080 2120 2135 si-

536 2172 764 2228 nistram
788 2186 907 2228 cum
936 2172 1102 2228 haedis
1124 2187 1217 2227 vos
1247 2172 1521 2243 contingat
1544 2172 1763 2243 expelli.

803 2311 1165 2370 EXPOSITIO
1214 2313 1282 2369 IN
1309 2312 1638 2370 PSALMUM
1666 2313 1849 2368 LXIV.

536 2423 605 2479 In
632 2424 819 2494 finem,
853 2425 1083 2496 psalmus
1114 2426 1303 2491 David,
1342 2428 1595 2480 canticum
1631 2425 1867 2480 Ieremia:
1902 2434 1956 2479 et
1993 2422 2120 2478 Eze-

604 2496 745 2579 chiel
780 2495 1079 2579 depopulo
1127 2498 1628 2569 transmigrationis,
1671 2512 1785 2551 cum
1833 2497 2120 2566 inciperent
2166 2576 2167 2579 η

611 2565 888 2636 proficisci.

606 2704 675 2759 In
702 2705 878 2775 ﬁnem,
926 2707 1154 2778 psalmus
1196 2707 1385 2773 David,
1410 2707 1573 2763 verba
1616 2705 1728 2777 jam
1781 2714 1908 2761 nota
1956 2714 2113 2773 sunt;

535 2807 705 2854 restat
730 2808 789 2854 ut
826 2801 1099 2868 sequentia
1130 2797 1310 2855 dicere
1355 2799 1668 2855 debeamus.
1710 2797 1845 2853 Cum
1889 2799 2117 2869 populus

534 2887 883 2945 Hebraeorum
914 2900 1131 2959 propter
1160 2890 1579 2945 inobedientiam
1608 2904 1758 2945 suam
1796 2891 2039 2958 captivus
2085 2905 2115 2943 a

532 2977 908 3035 Chaldaeorum
931 2991 1089 3049 gente
1118 2982 1427 3047 duceretur,
1477 2979 1736 3036 Ieremias
1783 2988 1832 3034 et
1877 2980 2117 3035 Ezechiel

534 3068 809 3136 propheta:
830 3070 1081 3125 dixerunt
1103 3068 1237 3141 (Jer.
1264 3085 1385 3135 xxv,
1416 3071 1613 3141 ll)eos
1639 3078 1759 3139 post
1780 3070 2116 3139 septuaginta

531 3173 704 3214 annos
733 3160 784 3214 in
814 3175 965 3214 suam
995 3162 1218 3231 patriam
1250 3176 1370 3216 esse
1418 3162 1685 3217 redituros
1709 3202 1724 3227 ,
1766 3176 2114 3233 eversamque

2223 568 2529 641 hymnidica
2557 570 2613 626 in
2635 569 2810 641 ipsum
2838 571 3199 629 exsultatione
3228 575 3484 644 gaudere.

2759 705 3028 777 Expositio
3056 708 3261 778 psalmi.

2301 840 2453 897 Vens.
2482 840 2537 899 i.
2581 841 2652 896 Te
2690 842 2828 897 decet
2855 842 3096 914 hymnus,
3129 843 3288 911 Deus,
3322 847 3376 902 in
3416 839 3588 916 Sion;
3630 859 3683 904 et
3735 851 3826 905 tibi

2221 931 2466 986 reddetur
2485 942 2657 989 votum
2679 935 2733 988 in
2750 932 3057 992 Jerusalem.
3091 937 3325 995 Reversa
3354 940 3503 1009 plebs
3528 942 3595 997 ad
3627 942 3829 1003 Domi-

2224 1037 2352 1078 num
2382 1022 2453 1079 de
2494 1026 2809 1096 captivitate
2846 1029 3071 1097 peccati,
3116 1029 3169 1083 in
3214 1045 3402 1099 magna
3447 1034 3830 1089 exsultatione

2226 1116 2509 1184 prorupit,
2535 1130 2785 1173 asserens
2814 1118 2986 1174 solum
3016 1118 3185 1176 Deum
3206 1122 3383 1177 decere
3404 1125 3667 1195 hymnum,
3709 1142 3827 1182 non

2222 1206 2527 1273 daemonum
2549 1210 2754 1273 turbas,
2780 1218 2843 1265 ut
2863 1212 3085 1281 putabat
3111 1223 3236 1271 ante
3264 1216 3555 1286 gentilitas.
3590 1219 3828 1275 Habue-

2223 1308 2306 1355 rat
2334 1300 2475 1356 enim
2500 1303 2739 1357 carmina
2765 1318 2886 1373 quae
2913 1305 3205 1363 immundis
3236 1308 3510 1377 spiritibus
3538 1310 3825 1381 idolisque

2225 1392 2517 1464 fundebat;
2549 1395 2645 1451 sed
2671 1396 2738 1450 ad
2770 1397 2951 1453 lumen
2970 1399 3213 1456 veritatis
3233 1402 3481 1468 adducta,
3513 1404 3692 1472 ipsum
3733 1418 3826 1459 so-

2224 1485 2335 1541 lum
2365 1486 2496 1542 dicit
2523 1487 2722 1544 debere
2761 1490 2992 1557 laudari,
3039 1493 3129 1562 qui
3159 1492 3382 1549 Creator
3408 1497 3652 1550 omnium
3690 1511 3826 1567 pro-

2222 1578 2380 1635 batur
2404 1583 2619 1652 agnosci
2647 1599 2660 1647 ;
2690 1598 2791 1637 nec
2813 1592 2988 1640 tamen
3016 1585 3138 1642 alibi
3170 1587 3271 1642 nisi
3298 1589 3350 1641 in
3374 1588 3523 1655 Sion,
3554 1588 3610 1643 id
3645 1598 3744 1643 est
3772 1592 3823 1644 in

2222 1671 2696 1741 contemplatione.
2751 1673 2858 1729 Sed
2910 1674 3011 1731 ista
3049 1678 3433 1747 contemplatio
3473 1690 3642 1735 recte
3686 1681 3826 1738 ﬁdei

2224 1760 2410 1816 lumen
2435 1762 2672 1817 declarat
2696 1780 2717 1831 ;¹
2740 1763 2794 1818 in
2831 1749 2943 1834 ipsa
2973 1766 3116 1822 enim
3151 1783 3311 1823 verus
3354 1770 3573 1839 hymnus
3615 1770 3827 1826 dicitur

2148 1847 2201 1910 B
2227 1853 2453 1907 Domino
2477 1852 2857 1924 disciplinabili
2889 1858 3148 1922 carmine,
3201 1873 3309 1914 non
3350 1860 3544 1930 linguae
3567 1861 3828 1919 clamore

2227 1960 2503 2015 perverso.
2550 1947 2655 2002 Sed
2702 1957 2763 2003 ut
2800 1947 2903 2004 hoc
2949 1952 3258 2020 expressius
3292 1952 3562 2007 intimaret
3590 1954 3827 2023 adjecit,

2225 2046 2273 2090 et
2295 2038 2385 2091 tibi
2406 2038 2651 2093 reddetur
2672 2048 2843 2093 votum
2860 2040 2916 2093 in
2934 2038 3241 2095 Jerusalem.
3269 2042 3351 2099 Ab
3380 2043 3692 2099 inﬁdelibus
3723 2061 3826 2101 vo-

2226 2138 2275 2184 ta
2315 2130 2679 2185 reddebantur
2704 2141 2758 2186 et
2791 2131 2965 2198 Marti,
3016 2142 3071 2190 et
3100 2133 3315 2202 Veneri,
3357 2138 3679 2205 cretei-isque
3707 2138 3826 2192 da:-

2223 2221 2512 2288 monibus;
2547 2231 2604 2277 ut
2643 2223 2687 2277 si
2715 2224 2835 2293 quis
2874 2223 3064 2281 fuisset
3096 2225 3163 2280 de
3196 2227 3383 2297 prmlio
3413 2227 3704 2295 liberatus,
3743 2244 3827 2285 sa-

2221 2315 2501 2370 crificabat
2533 2315 2807 2383 Gradivo;
2856 2319 2901 2373 si
2945 2320 3065 2389 quis
3112 2319 3178 2374 ad
3235 2320 3432 2375 findunt
3484 2321 3822 2378 adulterium

2223 2407 2578 2475 pervenisset,
2622 2408 2951 2464 adorandam
2998 2410 3154 2465 deam
3198 2410 3437 2466 libidinis
3480 2416 3820 2471 aestimabat.

2220 2500 2369 2555 Nunc
2392 2511 2571 2557 autem
2599 2502 2824 2559 veritate
2852 2506 3151 2575 recognita,
3190 2507 3258 2561 de
3291 2506 3447 2561 bonis
3474 2509 3739 2577 operibus
3765 2512 3819 2565 in

2219 2591 2506 2648 Jerusalem
2531 2595 2644 2657 Deo
2672 2596 2774 2651 soli
2804 2606 2974 2651 votum
3002 2597 3133 2653 dicit
3168 2614 3275 2652 esse
3303 2600 3647 2669 reddendum,
3691 2618 3820 2672 quas

2220 2693 2304 2740 est
2335 2686 2471 2741 visio
2499 2686 2671 2757 pacis,
2701 2687 2754 2742 in
2779 2702 2882 2758 qua
2920 2700 3101 2746 nianet
3129 2690 3229 2743 lixa
3261 2690 3664 2762 immobilisquc
3692 2692 3819 2749 feli-

2218 2776 2379 2832 citas.

2292 2869 2444 2926 Vers.
2476 2868 2531 2923 2.
2575 2867 2785 2925 Exaudi
2805 2870 3088 2925 orationem
3110 2888 3271 2926 nteant
3294 2889 3314 2937 ;
3340 2873 3407 2925 ad
3426 2880 3474 2926 te
3494 2874 3662 2928 omnis
3687 2890 3817 2930 caro

2217 2962 2397 3015 veniet.
2426 2960 2531 3016 Iste
2560 2962 2789 3032 populus
2816 2962 2906 3033 qui
2941 2964 3085 3033 prius
3114 2963 3321 3018 dixerat
3348 2981 3361 3017 :
3394 2962 3468 3018 Te
3496 2965 3640 3019 decet
3662 2964 3816 3038 hym-

2218 3069 2337 3119 nus,
2387 3051 2544 3115 Deus,
2579 3054 2632 3107 in
2681 3052 2833 3122 Sion,
2885 3068 3027 3110 nunc
3067 3053 3133 3108 ad
3179 3055 3457 3110 Dominum
3499 3055 3813 3126 hymnidica

2218 3142 2607 3213 supplicatione
2657 3144 2951 3211 proclamat
2994 3144 3181 3199 dicens
3218 3162 3233 3198 :
3274 3144 3485 3199 Exaudi
3523 3148 3813 3202 orationem

532 3247 603 3302 ab
655 3248 898 3303 hostibus
936 3222 1233 3305 Jerusalem
1290 3252 1510 3306 meliore
1555 3222 1720 3305 statu-
1748 3222 2110 3321 reparaturos.
2144 3222 2187 3284 Ο
2220 3251 2423 3301 ’παιηιὶ
2457 3242 2515 3289 υῑ
2540 3237 2653 3305 ipse
2675 3237 2821 3305 Prius
2856 3235 3076 3305 facere“
3107 3240 3264 3309 211
3311 3236 3451 3307 (ἰυοά
3491 3239 3706 3293 caneris
3726 3238 3815 3294 θ’·

534 3339 753 3395 Addidit
782 3358 796 3396 :
822 3342 899 3396 De
924 3344 1119 3411 populo
1149 3346 1636 3417 transmigrationis,
1656 3347 1839 3417 utique
1867 3347 2114 3416 Hebrmo,

533 3433 621 3501 qui
656 3433 707 3486 in
732 3432 1079 3503 Babyloniam
1107 3434 1375 3489 civitatem
1405 3437 1660 3507 niigratus
1691 3447 1805 3503 est;
1839 3438 1980 3509 quod
2004 3439 2118 3510 spi-

532 3521 799 3575 ritualiter
836 3522 1119 3591 signiﬁcat,
1172 3525 1382 3593 quando
1428 3526 1660 3595 peccatis
1710 3526 2033 3584 facientibus
2060 3530 2114 3584 in

530 3610 734 3665 diaboli
794 3620 1058 3681 potestate
1131 3615 1478 3671 traducimur.
1552 3617 1841 3688 Babylonia
1907 3622 2108 3692 quippe

532 3701 696 3771 (sicut
731 3717 875 3772 sirpe
904 3714 1253 3758 memoratum
1284 3708 1391 3777 est)
1432 3708 1810 3777 interpretatur
1849 3712 2109 3779 confusio,

532 3807 692 3860 quam
728 3794 1030 3862 specialiter
1056 3796 1121 3851 ad
1153 3797 1420 3852 diabolum
1456 3800 1796 3855 manifestum
1827 3812 1909 3856 est
1953 3803 2114 3870 perli-

532 3883 814 3941 nere.lste
855 3901 983 3954 ergo
1024 3888 1271 3957 populus,
1324 3889 1414 3958 qui
1463 3891 1808 3963 Babyloniam
1859 3895 2113 3950 deserens

532 3983 651 4043 post
689 3977 1086 4045 captivitatem,
1127 3979 1192 4033 ad
1241 3979 1535 4036 Jerusalem
1581 3983 1851 4039 civitatem
1902 3985 2113 4042 Domini

529 4065 835 4133 festinabat,
871 4068 994 4124 illos
1030 4073 1247 4139 respicit
1273 4073 1363 4141 qui
1393 4074 1575 4128 mundi
1607 4076 1756 4129 istius
1796 4076 2113 4134 confusione

524 4158 800 4227 damnata,
843 4162 909 4216 ad
958 4163 1252 4218 Ecclesium
1283 4164 1481 4221 Christi
1531 4167 1717 4222 venire
1760 4169 2109 4225 contendunt.

530 4250 733 4317 Quibus
762 4256 1074 4308 auctoritate
1102 4254 1317 4310 Patrum
1363 4266 1505 4312 totus
1528 4259 1629 4313 iSIe
1658 4259 1894 4329 psalmus
1926 4272 2113 4330 aptan-

450 4406 455 4411 _
531 4343 632 4396 dus
653 4353 735 4397 est
760 4359 775 4397 :
805 4346 1076 4413 quoniam,
1105 4349 1318 4416 quando
1348 4350 1448 4405 iste
1487 4352 1714 4421 populus
1736 4355 2112 4410 revertebatur

524 4432 596 4489 ad
620 4433 939 4502 Jerusalem,
971 4437 1231 4493 Jeremias
1260 4449 1314 4494 et
1342 4442 1587 4496 Ezechiel
1633 4453 1805 4499 morte
1854 4448 2109 4514 prmventi

525 4535 670 4584 sunt.
713 4528 818 4583 Sed
846 4538 905 4583 ut
931 4531 1128 4585 nodum
1156 4533 1469 4601 quaestionis
1518 4533 1674 4604 huius
1704 4539 1985 4607 evitemus,
2030 4549 2108 4593 ta-

2221 3326 2469 3381 ciendum
2513 3341 2633 3380 esse
2674 3327 3014 3394 praedixerat.
3076 3327 3195 3396 Ipse
3249 3330 3478 3398 populus
3527 3331 3815 3386 cratium

2220 3433 2370 3473 suam
2403 3419 2641 3472 exaudiri
2666 3421 2822 3489 petit,
2851 3436 3010 3490 quem
3041 3421 3569 3500 superiusdiximus.
3618 3426 3816 3482 Sciens

2219 3513 2362 3567 enim
2387 3528 2446 3567 se
2477 3527 2599 3567 esse
2632 3514 2970 3579 moriturum,
3019 3516 3168 3569 illum
3199 3517 3415 3586 rogabat
3452 3518 3518 3571 ad
3558 3534 3719 3587 quem
3750 3535 3815 3575 se

2218 3613 2339 3671 post
2367 3602 2500 3657 hanc
2530 3603 2692 3656 vitam
2717 3613 2999 3659 venturum
3047 3619 3167 3660 esse
3207 3606 3506 3674 noscebat;
3541 3618 3599 3663 ut
3644 3608 3729 3663 hic
3750 3611 3806 3666 ei

2218 3705 2482 3764 parceret,
2512 3711 2578 3751 ne
2609 3696 2678 3751 ibi
2715 3696 2782 3752 de
2826 3696 2944 3767 ipso
2981 3696 3266 3768 judicaret.
3314 3698 3403 3755 Sic
3434 3700 3579 3756 enim
3610 3701 3680 3756 de
3712 3701 3810 3757 illo

2212 3784 2415 3855 judicio
2444 3783 2573 3839 dicit
2599 3786 2926 3855 Apostolus:
2980 3786 3166 3842 Omnes
3211 3788 3347 3842 enim
3388 3791 3638 3847 stabimus
3688 3804 3810 3847 ante

2216 3877 2440 3930 tribunal
2480 3876 2695 3943 Christi,
2738 3886 2794 3931 ut
2821 3878 3032 3947 recipiat
3059 3882 3402 3951 unusquisque
3442 3884 3657 3953 prapria
3697 3900 3811 3938 cor-

2218 3970 2358 4036 poris
2382 3979 2531 4038 prout
2571 3970 2746 4041 gessit,
2790 3971 2894 4025 sive
2918 3972 3125 4038 bonum,
3153 3974 3255 4027 sive
3276 3977 3466 4029 malum
3484 3974 3575 4047 (II
3603 3976 3725 4033 Cor.
3747 3994 3803 4047 v,

2218 4064 2329 4132 10).
2363 4062 2460 4117 Hic
2475 4064 2619 4117 enim
2633 4079 2857 4129 carnem,
2880 4079 2983 4118 non
3003 4065 3177 4120 solum
3200 4075 3435 4135 sanctos,
3463 4069 3561 4123 sed
3586 4084 3800 4128 omnem

2215 4153 2487 4209 hominem
2517 4154 2776 4210 debemus
2805 4156 3129 4212 advertere:
3185 4158 3306 4229 quia
3348 4173 3540 4217 omnes
3582 4162 3650 4217 ad
3682 4178 3803 4220 eum

2214 4255 2423 4302 constat
2454 4261 2577 4303 esse
2607 4259 2881 4312 venturos,
2903 4247 3016 4304 sive
3044 4249 3401 4319 damnandos,
3427 4251 3547 4309 sive
3572 4254 3625 4310 in
3647 4264 3801 4312 aetera

2214 4354 2335 4393 nam
2368 4339 2607 4409 requiem
2639 4339 3003 4394 collocandos.
3056 4338 3119 4395 Et
3152 4349 3276 4395 nota
3302 4343 3444 4413 quod
3479 4344 3533 4398 in
3558 4344 3800 4416 Scriptu-

2213 4429 2286 4485 ris
2314 4430 2511 4486 divinis
2534 4434 2844 4502 frequenter
2864 4442 2916 4487 et
2941 4432 3054 4487 sola
3086 4434 3287 4503 anima,
3333 4444 3386 4489 et
3412 4420 3527 4490 sola
3552 4453 3686 4494 caro
3708 4452 3798 4509 pro

2215 4520 2431 4577 homine
2454 4524 2669 4593 ponitur
2695 4540 2712 4589 ;
2742 4533 2799 4578 ut
2832 4534 2916 4579 est
2941 4524 3074 4578 illud
3103 4524 3153 4579 in
3177 4525 3372 4581 Genesi
3399 4544 3414 4581 :
3458 4526 3528 4581 Et
3569 4529 3795 4584 intrave-

523 4622 590 4677 lis
631 4622 783 4678 nobis
812 4623 882 4677 sit
907 4625 1039 4679 ordo
1068 4600 1353 4681 verborum
1378 4644 1390 4680 :
1423 4625 1489 4681 In
1520 4600 1692 4697 ﬁnem,
1734 4600 2107 4702 psalntus'Da-
2134 4600 2189 4661 Β
2212 4623 2329 4667 ⁷³⁸⁷³⁸
2353 4614 2408 4668 ίη
2436 4614 2725 4686 Αῖθυρωηι
2753 4632 2871 4669 “im
2895 4616 3059 4669 δίκοθ
3086 4616 3272 4670 αηίηταῖ
3292 4619 3620 4691 εθρτηαϐίητα
3649 4621 3795 4692 435'”

522 4713 628 4776 vid,
661 4713 912 4767 canticum
936 4714 997 4767 de
1018 4715 1208 4785 populo
1231 4718 1720 4787 transmigrationis,
1747 4736 1843 4791 per
1870 4723 2102 4792 prophe-

523 4806 651 4859 tiam
680 4805 918 4861 Jeremite
957 4817 1002 4861 et
1032 4806 1295 4875 Ezechiel,
1340 4827 1455 4863 cum
1498 4812 1778 4881 inciperent
1820 4816 2099 4886 proficisci.

523 4897 614 4953 Sic
640 4908 785 4953 recte
812 4900 1143 4970 intelligitur,
1194 4911 1250 4956 ut
1299 4904 1457 4958 verba
1505 4909 1676 4978 magis
1721 4909 1786 4963 ad
1845 4911 2099 4979 populum

520 5003 679 5060 quam
701 4990 767 5045 ad
796 4990 1075 5047 Jeremiam
1096 5003 1141 5048 et
1166 4994 1402 5049 Ezechiel
1434 5000 1700 5067 pertinere
1730 5002 2028 5058 videantur.

1093 5134 1292 5194 Divisio
1319 5141 1523 5211 psalmi.

591 5244 824 5316 Populus
847 5247 948 5304 iste
976 5248 1067 5319 qui
1088 5254 1267 5309 saeculi
1289 5266 1505 5327 peccata
1535 5255 1794 5325 deseruit,
1823 5268 2099 5318 revertens

516 5335 583 5391 ad
627 5336 912 5393 Dominum
951 5339 1304 5410 Salvatorem,
1357 5346 1531 5415 primo
1576 5347 1826 5419 ingressu
1875 5352 2096 5421 psalmi,

515 5439 791 5486 auctorem
812 5445 965 5488 suum
990 5434 1241 5491 liberatus
1263 5452 1580 5508 agnoscens,
1614 5442 1914 5496 orationem
1945 5458 2095 5499 suam

515 5523 750 5593 postulat
776 5524 976 5583 debere
996 5532 1246 5600 cognosci
1269 5570 1285 5595 ,
1320 5530 1579 5587 deﬁniens
1594 5532 1764 5587 solum
1788 5533 1935 5588 illum
1966 5534 2096 5589 hea-

515 5625 625 5671 tum
657 5631 777 5674 esse
822 5621 910 5690 qui
956 5622 1022 5675 ad
1052 5625 1169 5692 ejus
1198 5623 1331 5676 atria
1382 5624 1638 5679 meruerit
1665 5626 1965 5694 pervenire.
2000 5626 2096 5681 Sc-

511 5710 685 5767 cunda
710 5713 971 5780 sectione,
999 5730 1149 5784 spem
1177 5714 1305 5770 dicit
1324 5712 1617 5772 Dominum
1638 5715 1880 5773 omnium
1908 5716 2092 5775 ﬁnium

511 5817 635 5860 esse
666 5813 928 5863 terrarum
958 5806 1222 5880 (diversas
1242 5805 1425 5864 laudes
1449 5808 1636 5879 ipsius,
1685 5809 2090 5883 potentiamque

2210 4722 2309 4776 que
2359 4705 2483 4778 [ms.
2530 4708 2619 4772 A.,
2667 4707 2805 4777 dlttl’]
2833 4707 2985 4780 (Gen.
3029 4724 3171 4776 XLvt,
3217 4710 3334 4782 27).
3383 4712 3450 4766 Et
3479 4712 3611 4769 hic:
3650 4716 3730 4769 Ad
3752 4724 3795 4769 te

2211 4797 2374 4851 omnis
2399 4814 2518 4852 caro
2540 4799 2720 4855 veniet.
2745 4800 2861 4867 Quo
2890 4800 3007 4856 loco
3037 4800 3323 4856 utillimum
3347 4812 3429 4859 est
3455 4805 3793 4876 synecdoche

2211 4888 2501 4944 schematis
2531 4889 2861 4956 meminisse,
2887 4908 3004 4962 qua:
3035 4893 3297 4961 signiﬁcat
3320 4909 3349 4948 a
3377 4907 3533 4964 parte
3564 4907 3756 4957 totum.

2282 4979 2433 5035 Vers.
2468 4981 2522 5034 5.
2558 4980 2717 5034 Verba
2756 4982 3044 5051 iniquorum
3076 4982 3451 5051 pra'valuerunt
3488 5004 3649 5059 super
3674 5006 3785 5055 nos,

2205 5083 2253 5126 et
2278 5073 2618 5139 impietatibus
2662 5075 2850 5127 nostris
2879 5084 2932 5128 tn
2972 5076 3351 5146 prapitiaberis.
3399 5076 3787 5137 Prwvalueruttt

2206 5164 2419 5235 quidem
2476 5164 2626 5219 verba
2670 5166 2980 5234 iniquorum,
3033 5168 3245 5237 quando
3299 5170 3485 5241 pagani
3543 5183 3787 5240 parentes

2204 5266 2587 5326 persuaserunt
2617 5256 2740 5311 filiis
2788 5258 2898 5311 suis
2941 5257 3188 5329 antiquos
3230 5260 3366 5316 ritus
3410 5269 3465 5317 et
3511 5264 3787 5334 sacrilegia

2202 5363 2319 5418 qum
2341 5346 2609 5403 colebant.
2633 5347 2811 5403 Tracti
2841 5349 2983 5404 enim
3015 5364 3109 5418 per
3131 5350 3426 5417 infantiam,
3454 5350 3582 5408 illud
3612 5356 3786 5410 viden-

2207 5450 2293 5494 tur
2335 5441 2521 5506 secuti,
2549 5439 2690 5510 quod
2724 5438 2945 5494 rudibus
2970 5440 3163 5495 animis
3199 5442 3541 5497 imbiberant.
3578 5442 3783 5499 Priena-

2205 5532 2407 5586 luerunt
2436 5547 2586 5602 super
2615 5546 2726 5595 nos,
2758 5530 2958 5584 dictum
2990 5540 3089 5594 est.
3118 5541 3367 5603 tanquam
3398 5534 3614 5605 aliquod
3643 5536 3782 5591 altis.

2202 5626 2398 5680 simum
2449 5639 2614 5690 mare,
2647 5622 2788 5693 quod
2836 5621 3160 5678 abundantia
3205 5623 3525 5681 ﬂuentorum
3576 5629 3778 5697 objecta

2202 5731 2425 5788 quicque
2445 5714 2774 5786 submergit,
2803 5723 2857 5771 et
2900 5727 3118 5773 enatare
3148 5733 3252 5773 non
3291 5719 3413 5774 sinit
3452 5734 3775 5791 qnmcunqne

2201 5811 2486 5869 voraverit.
2530 5806 2635 5866 Sid
2668 5809 2749 5866 his
2775 5809 3046 5867 erroribus
3080 5810 3253 5882 pietas
3280 5812 3458 5869 divina
3497 5813 3773 5877 subvenit,
