4020 6348
209 387 323 442 με

1146 384 1505 444 ΕΧΡΟΞΙἹἹΟ
1543 386 1608 442 ΙΝ
1640 368 2109 445 ’[ιδΑιτειιιυΜ.
2154 387 2341 444 PSAL.
2387 389 2568 446 LXIV.

3386 394 3490 449 HG

207 497 431 570 quando
476 495 705 556 salutem
737 495 941 555 munda
979 496 1211 553 adventu
1258 497 1467 552 Domini
1506 497 1802 553 Salvatoris
1830 502 1883 563 A
1980 500 2135 557 Vers.
2171 501 2226 558 6.
2269 502 2511 559 Mirabile
2551 506 2603 557 in
2632 505 2887 577 aequitate.
2940 503 3151 562 Exaudi
3193 523 3321 575 nos,
3354 507 3493 566 Deus

208 594 456 650 indulsit.
500 591 950 653 Perscrutandum
982 600 1064 646 est
1094 602 1271 646 autem
1314 592 1441 661 quid
1471 592 1595 646 velit
1621 593 1799 662 propi—

209 690 374 743 tiatus
403 686 651 756 intelligi.
694 685 829 754 Apte
860 684 1087 739 dicimus
1140 684 1239 740 hoc
1284 686 1352 739 de
1398 685 1796 752 sacerdotibus,

206 780 428 848 quoties
460 794 555 848 per
574 779 853 853 immolata
886 780 1145 833 sacrificia
1179 779 1413 849 peccatis
1454 781 1648 833 nostris
1680 794 1801 848 pro-

205 873 398 942 pitiam
451 872 652 926 faciunt
700 872 1075 936 Divinitatem;
1106 881 1161 926 ut
1206 873 1281 926 ira
1334 888 1453 938 qua:
1507 872 1803 927 debebatur

206 964 446 1029 delictis,
474 973 822 1024 convertatur
851 961 904 1016 in
934 964 1158 1032 gratiam
1188 964 1411 1028 salutis;
1447 974 1496 1017 et
1529 964 1619 1034 qui
1649 970 1803 1017 erant

207 1053 368 1125 factis
406 1054 517 1107 suis
541 1054 839 1124 justiSsime
872 1055 969 1119 rei,
1022 1053 1314 1109 reddantur
1343 1054 1643 1109 Divinitatis
1686 1070 1803 1109 mu-

208 1148 436 1202 neribus
464 1147 715 1209 absoluti.
751 1147 839 1202 Sic
868 1146 1132 1201 Divinitas
1161 1148 1441 1217 propitiata
1465 1158 1547 1202 est
1569 1148 1801 1204 humano

204 1242 417 1311 generi,
443 1241 655 1308 quando
685 1240 838 1295 nobis
857 1250 911 1296 et
933 1243 1262 1296 sacerdotem
1287 1251 1338 1298 et
1369 1242 1595 1296 hostiam
1626 1242 1799 1311 ipsum

208 1332 439 1393 contulit
457 1331 759 1396 Christum;
784 1332 920 1385 sicut
949 1331 1077 1386 dicit
1098 1332 1417 1398 Apostolus:
1450 1331 1589 1386 Deus
1615 1341 1721 1385 erat
1749 1334 1803 1387 in

208 1421 417 1477 Christo
447 1422 693 1475 mundum
738 1423 1081 1477 reconcilians
1108 1423 1237 1489 sibi,
1283 1439 1385 1477 non
1420 1433 1662 1497 reputans
1697 1424 1802 1480 illis

207 1515 397 1567 delicta
423 1530 597 1569 eorum
621 1512 709 1585 (11
740 1512 860 1572 Cor.
894 1530 944 1579 ν,
981 1514 1089 1582 1η).

282 1604 446 1667 Vers.
473 1606 530 1660 1..
558 1602 748 1659 Beatus
793 1621 940 1670 quem
971 1604 1164 1675 elegisti
1202 1614 1249 1663 et
1285 1605 1623 1675 assumpsisti,
1650 1606 1803 1664 inha-s

206 1698 397 1760 bitahit
422 1700 471 1757 in
511 1699 852 1766 tqbernacu'is
869 1696 992 1769 [ms.
1024 1699 1118 1765 A.,
1160 1698 1214 1751 in
1241 1695 1406 1768 atriis]
1438 1698 1557 1751 tuis.
1577 1698 1801 1765 Quidam

206 1788 358 1843 hunc
384 1804 595 1844 versum
625 1788 914 1857 aptandum
938 1788 1204 1842 atstimant
1239 1789 1464 1843 Domino
1499 1790 1763 1843 Salvatori
1782 1806 1799 1857 ;

1905 595 2148 649 salutaris
2185 605 2375 650 noster.
2410 595 2561 663 Quod
2590 595 2754 663 dixit,
2785 596 3024 651 Mirabile
3048 600 3102 652 in
3128 602 3381 669 (equitate,
3424 599 3490 654 ad

1907 688 2162 757 templum
2196 687 2413 755 respicit
2445 688 2786 757 przndictum;
2818 690 2996 744 multis
3025 691 3168 743 enim
3193 691 3366 745 modis
3399 705 3491 761 po-

1907 787 2013 833 test
2033 793 2154 834 esse
2180 778 2428 833 mirabile.
2472 778 2577 833 Sed
2609 778 2831 846 addidit,
2860 782 2913 833 in
2941 782 3212 851 wquitate,
3243 790 3303 837 ut
3339 781 3488 835 illum

1904 868 2191 923 adventum
2224 868 2390 938 ipsius
2419 868 2697 924 debuisses
2722 872 3021 939 advertere,
3053 885 3174 925 cum
3200 871 3367 926 bonos
3398 887 3489 927 se-

1902 972 2091 1031 gregat
2118 976 2148 1015 a
2190 960 2365 1027 matis,
2398 970 2449 1015 et
2481 960 2766 1031 unicuique
2813 963 2969 1033 digna
2998 963 3260 1017 retribuit.
3293 963 3487 1018 Verum

1904 1061 1963 1106 ut
2007 1055 2106 1107 hoc
2154 1054 2220 1107 de
2270 1054 2388 1121 ipso
2445 1054 2746 1123 intelligere
2793 1056 3140 1121 deberemus,
3197 1060 3486 1125 sequitur:

1906 1142 2113 1197 Exaudi
2143 1160 2237 1198 nos
2260 1184 2275 1210 ,
2311 1144 2473 1213 Deus,
2501 1147 2743 1203 salutaris
2791 1157 2981 1202 noster.
3018 1150 3131 1218 Ipse
3178 1151 3317 1203 enim
3347 1151 3488 1206 Deus

1907 1236 2150 1293 Salvator
2178 1251 2361 1295 DOSlel‘
2390 1248 2472 1293 est
2512 1239 2598 1308 qui
2639 1240 2835 1294 mundo
2887 1241 3114 1296 salutem
3158 1244 3406 1311 contulit,
3434 1249 3489 1298 et

1906 1327 2139 1383 humano
2167 1329 2353 1397 generi
2382 1345 2475 1383 sua
2500 1332 2695 1399 pietate
2721 1332 2992 1387 subvenit.

1978 1420 2133 1475 Vers.
2161 1421 2210 1473 7.
2235 1419 2367 1487 Spes
2394 1422 2620 1474 omnium
2642 1422 2820 1489 ﬁniunt
2842 1432 3013 1490 terra',
3035 1423 3155 1479 etin
3175 1425 3303 1479 mari
3320 1406 3487 1497 longe.

1909 1509 2201 1580 Postquam
2250 1511 2478 1579 papulus
2522 1511 2611 1566 ille
2663 1527 2957 1568 conversus
2997 1516 3291 1570 orationem
3336 1530 3487 1571 suam

1904 1601 2132 1670 simplici
2165 1602 2326 1660 corde
2368 1601 2659 1669 profundit,
2710 1603 2970 1673 bonisque
3018 1604 3223 1660 Domini
3255 1621 3311 1660 sc
3339 1622 3490 1661 asse-

1906 1693 2011 1747 ruit
2036 1707 2155 1747 csse
2190 1693 2538 1762 COmpIelutn,
2571 1694 2717 1756 venit
2744 1694 2809 1748 ad
2839 1698 3130 1751 secundam
3177 1698 3487 1763 sectionem,

1908 1786 1957 1839 in
1985 1801 2087 1855 qua
2111 1784 2298 1840 laudes
2329 1785 2539 1840 Domini
2564 1785 2893 1855 virtutesque
2915 1786 3193 1844 describit.
3220 1789 3348 1842 Nam
3373 1804 3493 1843 sen-

205 1882 305 1941 sed
334 1896 434 1937 nus
470 1881 617 1935 illum
642 1883 808 1950 magis
848 1881 915 1935 ad
953 1896 1292 1936 communem
1322 1882 1534 1936 beatum
1572 1882 1802 1937 dicimus
1834 1891 1878 1949 Β
1906 1892 1998 1933 sus
2048 1876 2149 1931 iste
2192 1876 2498 1932 Judteorum
2558 1880 2969 1947 persuasiones,
3021 1888 3076 1935 et
3121 1879 3494 1957 haereticorum

207 1987 333 2028 esse
362 1972 729 2029 referendum.
755 1973 967 2027 Dixerat
989 1974 1128 2031 enim
1152 1976 1420 2043 superius,
1448 1972 1803 2045 Impietatibus

206 2066 401 2120 nostris
426 2075 482 2120 tu
515 2065 908 2136 propitiaberis;
935 2080 1075 2121 nunc
1118 2067 1395 2135 sequitur,
1438 2065 1628 2122 Beatus
1654 2086 1803 2138 quem

205 2156 407 2226 elegiin
434 2164 479 2209 et
506 2156 859 2228 assumpsisti;
888 2166 946 2211 ut
973 2172 1077 2209 non
1105 2156 1208 2210 hoc
1237 2156 1303 2210 de
1330 2157 1425 2211 illo
1456 2157 1803 2229 singulariter

207 2245 576 2323 immaculato,
618 2245 714 2299 sed
746 2245 812 2299 de
860 2254 1143 2315 peccatore
1169 2244 1415 2301 absolute
1465 2247 1664 2302 dixisse
1708 2263 1804 2301 no-

208 2348 408 2393 scatur.
438 2336 629 2393 Beatus
669 2348 751 2393 est
794 2339 950 2407 igitur
998 2356 1147 2406 quem
1177 2340 1326 2410 elegit
1373 2338 1647 2396 Dominus.
1695 2340 1803 2396 Sed

207 2429 335 2485 vide
360 2431 482 2499 quid
511 2430 587 2484 ait
632 2431 861 2499 elegisti,
892 2439 949 2483 ut
978 2430 1116 2487 hanc
1146 2431 1462 2485 electionem
1508 2447 1665 2486 nemo
1691 2434 1803 2487 suis

210 2521 420 2576 meritis
443 2522 762 2589 applicaret,
792 2522 926 2575 sicut
958 2523 1070 2591 ipse
1101 2523 1149 2576 in
1176 2523 1466 2593 Evangelia
1487 2527 1654 2579 dicit:
1681 2525 1803 2579 Non

207 2627 298 2667 vos
328 2629 407 2667 me
436 2613 674 2684 elegistis,
702 2614 793 2667 sed
822 2630 912 2684 ego
943 2616 1074 2684 elegi
1097 2631 1184 2669 vos
1207 2615 1390 2688 (Joau.
1422 2631 1510 2682 xv,
1554 2617 1665 2687 l6).
1702 2619 1801 2670 As-

210 2706 373 2769 sumi,
398 2716 476 2760 est
500 2714 671 2761 autem
706 2708 757 2761 in
780 2717 1035 2762 aeternam
1060 2710 1304 2778 requiem
1335 2711 1605 2772 collocari,
1644 2726 1801 2780 quam

210 2797 424 2852 sanctis
462 2795 573 2850 suis
629 2796 741 2866 pius
791 2798 1048 2854 Dominus
1101 2801 1510 2869 compromittit.
1541 2802 1644 2855 Sed
1679 2802 1802 2870 quid

212 2886 415 2941 talibus
460 2888 715 2957 contingit
744 2888 861 2956 ipse
890 2890 1263 2961 subsequitur,
1297 2889 1614 2945 Inhabitabit
1642 2893 1697 2945 in
1728 2900 1805 2945 ta-

212 2968 499 3031 bernaculis
542 2981 664 3031 tuis.
692 2977 997 3034 lnhabitare
1040 2981 1268 3036 dicimus
1313 2997 1406 3037 eos
1435 2985 1525 3052 qui
1555 2984 1805 3052 adeptum

214 3069 389 3123 locum
439 3069 579 3122 nulla
627 3072 1021 3138 permutatione
1058 3073 1456 3141 derelinquunt.
1486 3073 1591 3128 Sed
1636 3076 1808 3143 qualis

215 3162 411 3216 sitista
442 3163 720 3225 habitatio,
753 3164 803 3216 in
844 3166 949 3217 alio
982 3166 1183 3234 psalmo
1212 3166 1381 3218 dicit:
1414 3166 1734 3235 Concupivit,
1757 3175 1806 3220 et

1908 1984 2071 2039 prava
2112 1967 2361 2047 dogmata
2410 1967 2547 2023 falce
2578 1969 2819 2023 veritatis
2869 1968 3115 2024 abscidit.
3168 1970 3301 2039 Spes
3351 1969 3495 2025 enim

1907 2061 2117 2122 Domini
2152 2076 2256 2115 non
2286 2070 2370 2116 est
2398 2060 2608 2128 localis,
2637 2076 2809 2131 neque
2856 2061 3012 2115 unius
3038 2059 3231 2131 gentis,
3261 2061 3354 2116 sed
3386 2079 3498 2115 arn-

1907 2154 2046 2208 nium
2087 2153 2267 2223 ﬁnium
2291 2161 2459 2217 terrae,
2491 2152 2701 2221 quando
2730 2152 2804 2206 illi
2836 2167 2931 2222 per
2972 2153 3280 2207 universum
3307 2154 3494 2209 orbem

1908 2247 2128 2301 humilia
2154 2256 2272 2300 vota
2299 2246 2611 2299 funduntur.
2646 2247 2742 2313 Qui
2777 2246 2970 2300 merito
3000 2248 3225 2300 omnium
3256 2264 3367 2316 spes
3390 2256 3495 2313 est,

1907 2340 2122 2410 quando
2168 2338 2415 2393 fidelibus
2445 2339 2650 2393 cunctis
2695 2348 2892 2393 :nterna
2923 2343 3143 2409 praamia
3175 2339 3497 2409 compromi-

1906 2435 1996 2491 sit.
2049 2431 2156 2489 Sed
2205 2449 2273 2488 ne
2310 2433 2410 2487 hoc
2442 2442 2647 2487 tantum
2687 2433 2755 2487 de
2796 2434 2907 2487 sola
2959 2441 3096 2486 terra
3143 2432 3494 2503 intelligeres,

1906 2543 2065 2599 quam
2096 2542 2339 2596 magnam
2366 2536 2576 2593 vocant,
2601 2527 2835 2590 addidit,
2868 2538 2912 2580 ct
2944 2527 2993 2579 in
3024 2525 3155 2580 mari
3181 2526 3348 2595 longe.
3373 2526 3498 2581 Sive
3584 2582 3585 2585 η

1906 2618 1973 2672 ad
2009 2619 2213 2672 insulas
2242 2620 2481 2688 respicit,
2512 2628 2642 2689 quas
2673 2635 2777 2673 non
2809 2618 3089 2672 videbatur
3116 2627 3270 2674 terra:
3305 2617 3496 2671 finibus

1907 2710 2217 2775 inclusisse;
2246 2711 2358 2763 sive
2385 2710 2450 2762 ad
2484 2724 2631 2765 mare
2664 2711 2901 2776 longum,
2931 2710 2982 2765 id
3007 2720 3088 2764 est
3120 2710 3280 2763 totius
3314 2708 3498 2762 surculi

1909 2800 2291 2855 habitationem
2320 2818 2333 2854 :
2358 2802 2425 2855 de
2455 2815 2560 2869 quo
2592 2800 2713 2854 alibi
2743 2802 2870 2854 dicit
2902 2818 2913 2852 :
2949 2800 3067 2853 Hoc
3094 2817 3231 2853 mare
3253 2816 3496 2869 magnum

1909 2901 1956 2945 et
1986 2893 2270 2960 spatiosum
2322 2894 2555 2945 manibus
2605 2891 2774 2961 (Psal.
2826 2906 2937 2957 cut,
2969 2890 3084 2957 25).
3136 2890 3375 2959 Longum
3416 2899 3497 2943 est

1909 2983 2094 3048 enim,
2123 2984 2374 3053 quoniam
2432 2984 2690 3037 habitatio
2736 2983 2853 3054 ejus
2900 2984 3207 3037 innumeras
3259 2981 3499 3038 continet

1911 3076 2175 3129 nationes.
2206 3076 2336 3129 Nam
2386 3092 2548 3139 mare,
2582 3076 2837 3129 mundum
2887 3075 3083 3129 debere
3133 3074 3353 3143 intelligi
3387 3074 3496 3128 Do-

1916 3167 2091 3221 minus
2111 3181 2324 3237 quoque
2356 3175 2607 3229 testatur;
2631 3167 2704 3220 ait
2730 3167 2870 3219 enim
2896 3165 3173 3235 discipulis
3201 3165 3311 3219 suis
3340 3182 3352 3218 :
3388 3162 3503 3217 Fa-

212 3254 399 3322 defecit
435 3256 607 3309 anima
634 3274 745 3311 mea
776 3257 827 3310 in
850 3259 984 3311 atria
1026 3255 1232 3313 Domini
1263 3258 1434 3328 (Psal.
1471 3275 1688 3325 Lxxxttt,
1722 3261 1798 3324 5).
1830 3256 1874 3319 C
1903 3260 2037 3313 ciam
2058 3273 2144 3311 vos
2165 3260 2440 3327 piscatores
2460 3258 2726 3311 hominum
2756 3256 2968 3324 (Matth.
2992 3273 3064 3322 tv,
3093 3256 3203 3326 19).
3235 3256 3331 3312 Ubi
3353 3260 3498 3312 enim

215 3345 289 3401 lbi
331 3347 476 3401 enim
511 3347 752 3402 habitare
775 3349 884 3418 jam
916 3352 1195 3419 praemium
1233 3360 1336 3417 est,
1387 3353 1511 3421 quia
1544 3363 1811 3422 nequeunt

216 3436 344 3492 illuc
372 3438 624 3508 introire,
653 3441 753 3495 nisi
782 3456 917 3511 quos
950 3443 1187 3499 ctnlestis
1230 3444 1598 3500 misericordia
1629 3446 1812 3515 digna-

217 3542 304 3586 tur
327 3533 547 3603 eligere.

289 3621 447 3678 Vers.
482 3625 536 3678 5.
569 3624 897 3695 Replebimur
943 3627 995 3681 in
1024 3627 1169 3681 bonis
1198 3627 1383 3683 domus
1413 3637 1553 3687 tute:
1582 3639 1831 3684 sanctum.

214 3727 292 3770 est
320 3717 570 3786 templum
599 3730 762 3775 tuum.
787 3720 843 3776 Si
874 3724 1010 3776 booa
1039 3723 1228 3777 domus
1258 3723 1373 3790 Dei,
1409 3725 1459 3778 id
1491 3733 1571 3778 est
1598 3724 1813 3778 Jerusa-

215 3807 329 3862 lem
377 3808 568 3864 fnturze
609 3811 674 3865 ad
719 3811 974 3880 liquidum
1007 3814 1239 3868 voluerit
1291 3816 1609 3884 perscru'at-i
1659 3832 1812 3870 mens

218 3897 481 3966 humana,
532 3917 633 3954 non
678 3901 907 3970 sufficit;
959 3902 1025 3957 de
1066 3905 1258 3972 quibus
1305 3906 1431 3958 dicit
1481 3907 1807 3974 Apostolus:

222 3991 375 4054 Quod
408 3992 588 4046 oculus
634 4009 734 4046 non
775 3995 921 4059 cidit,
956 4011 1045 4047 nec
1075 3997 1217 4048 auris
1261 3997 1475 4060 audivit,
1509 4013 1596 4050 nec
1633 3998 1683 4049 in
1724 4014 1813 4049 cor

220 4080 447 4134 hominis
468 4082 716 4149 ascendit,
738 4101 852 4154 quae
872 4087 1182 4155 prazparavit
1213 4086 1347 4140 Deus
1378 4088 1457 4141 his
1481 4088 1568 4157 qui
1591 4088 1813 4159 diligunt

218 4191 337 4228 eum
363 4173 416 4246 (ι
444 4174 559 4228 Cor.
598 4192 656 4242 tt,
690 4177 764 4249 9).
796 4178 899 4233 Sed
944 4179 1065 4249 quia
1099 4181 1175 4233 fas
1204 4187 1288 4234 est
1315 4195 1411 4248 pro
1455 4191 1605 4248 parte
1633 4181 1810 4235 audita

218 4265 393 4335 loqui,
418 4267 601 4320 domus
618 4269 734 4336 ejus
756 4269 888 4323 bona
928 4281 1052 4324 sunt
1075 4271 1412 4335 tricenarius,
1435 4276 1812 4339 scxagenargus

218 4365 276 4411 et
298 4360 639 4413 centenarius
670 4360 896 4427 fructus,
924 4376 1080 4432 quem
1107 4362 1174 4416 ibi
1205 4364 1401 4417 sanctis
1426 4365 1536 4418 suis
1569 4364 1812 4419 fidelibus

222 4450 484 4505 Dominus
532 4452 835 4521 pollicetur.
880 4453 1018 4507 Sunt
1060 4455 1218 4509 etiam
1249 4464 1301 4509 et
1334 4455 1419 4510 hic
1448 4458 1577 4508 bona
1626 4457 1809 4510 domus
1840 4460 1851 4461 ’

222 4547 362 4616 ejus,
397 4560 518 4616 qua:
538 4548 668 4605 dicit
709 4548 998 4618 Apostolus
1020 4566 1032 4602 :
1057 4550 1159 4603 Alii
1181 4552 1315 4603 enim
1350 4552 1504 4604 datur
1528 4567 1697 4604 sermo
1726 4567 1811 4603 sa-

1914 3353 2088 3422 pisces
2115 3354 2370 3417 maxime,
2396 3351 2496 3407 nisi
2528 3352 2579 3406 in
2609 3352 2743 3405 mari
2771 3353 2942 3406 sunt?
2970 3351 3104 3406 Mari
3135 3351 3330 3421 quippe
3354 3351 3501 3421 justo

1913 3455 2255 3513 comparatur
2306 3444 2391 3498 hic
2449 3444 2700 3509 mundus,
2748 3444 2870 3513 quia
2924 3443 3241 3497 falsitatibus
3287 3459 3499 3498 amarus

1912 3545 2014 3602 est,
2050 3536 2297 3589 ﬂuetibus
2322 3535 2604 3590 diabolicis
2632 3536 2896 3605 quatitur,
2927 3544 2982 3589 et
3010 3534 3261 3589 vitiorum
3299 3543 3501 3601 tempe-

1914 3629 2142 3683 statibus
2164 3638 2551 3682 commovetur.

1988 3724 2139 3777 νει-δ.
2176 3723 2228 3778 8.
2266 3722 2577 3788 Prteparans
2604 3732 2796 3776 montes
2819 3722 2869 3775 in
2892 3721 3074 3775 virtute
3104 3731 3211 3787 tua,
3244 3723 3509 3785 arcinctuq

1917 3816 2163 3885 potentia.
2199 3814 2426 3867 Versum
2455 3815 2611 3867 istum
2660 3816 2817 3883 paulo
2852 3814 3159 3882 diligentius
3191 3823 3499 3882 perscrute-

1918 3923 2056 3969 mur,
2083 3916 2163 3959 est
2188 3909 2329 3958 enim
2363 3906 2643 3958 verborum
2679 3906 2973 3957 subtilitate
3003 3904 3314 3971 profundus.
3346 3903 3498 3968 Quod

1918 4001 2059 4053 enim
2113 3999 2311 4050 dictum
2356 4007 2471 4060 est,
2522 3996 2832 4067 Pta’parans
2882 4006 3075 4048 montes
3107 3997 3159 4047 in
3189 3994 3397 4058 virtute,
3434 3994 3499 4047 ad

1919 4098 2164 4144 terrenas
2190 4088 2499 4142 altitudines
2521 4087 2740 4141 omnino
2767 4102 2871 4140 non
2904 4086 3159 4156 pertinet.
3196 4084 3501 4155 Prwparare

1916 4197 2044 4235 vero
2075 4195 2181 4233 non
2232 4180 2480 4242 dicimus,
2515 4179 2613 4233 nisi
2662 4181 2821 4249 212
2851 4181 2990 4246 quod
3039 4176 3103 4231 ad
3135 4186 3500 4245 competentes

1917 4272 2052 4325 alios
2082 4286 2208 4323 usus
2253 4271 2554 4324 necessaria
2601 4271 2856 4338 qualitate
2895 4268 3221 4338 providctur.
3274 4268 3339 4321 Et
3381 4266 3501 4320 ideo

1917 4372 2234 4434 prwparatos
2274 4371 2467 4415 montes
2491 4362 2764 4432 apostolos
2795 4377 2887 4430 per
2916 4361 3222 4432 allegoriam
3248 4348 3502 4415 decenter

1917 4459 2230 4525 accipimus.
2265 4456 2356 4527 qui
2386 4457 2450 4509 ad
2482 4458 2699 4510 verbum
2735 4455 3127 4524 praedicationis
3156 4455 3310 4509 electi
3350 4464 3498 4520 sunt,

1921 4550 2284 4602 fortitudinem
2320 4550 2577 4603 habentes
2624 4548 2767 4612 lidei,
2799 4559 2851 4601 et
2882 4548 3213 4601 altitudinem
3245 4544 3502 4599 sanctita-

221 4639 449 4711 pimtia',
481 4639 571 4692 alii
596 4655 761 4693 sermo
780 4641 1022 4703 scientite,
1046 4642 1138 4695 alii
1159 4641 1285 4709 ﬁdes
1307 4644 1358 4695 in
1392 4644 1563 4696 eodem
1588 4643 1810 4712 Spiritu,
1843 4651 1897 4711 D
1922 4641 2010 4707 tis,
2045 4639 2276 4694 lmmiles
2300 4638 2731 4703 conversatione,
2755 4638 2848 4692 sed
2874 4639 3063 4690 merito
3082 4635 3360 4689 celsiores.
3392 4633 3502 4686 llos

222 4730 317 4785 alii
346 4732 518 4802 gratia
543 4731 842 4794 sanitatum,
867 4731 960 4784 alii
988 4749 1172 4804 genera
1202 4735 1514 4802 linguarum,
1539 4734 1632 4790 alii
1659 4737 1817 4787 inter-

224 4823 535 4894 pretationes
555 4838 843 4876 sermonum
873 4821 926 4882 (Ι
944 4821 1063 4876 Car.
1089 4839 1184 4890 stt,
1209 4824 1264 4890 8,
1285 4825 1362 4893 9),
1386 4834 1488 4879 etc.
1525 4828 1587 4878 Et
1611 4825 1817 4880 intuere

222 4913 369 4983 quod
430 4912 597 4977 dixit,
634 4914 990 4985 Replebimur,
1039 4916 1191 4984 quasi
1243 4915 1309 4969 ad
1369 4932 1671 4971 mensuram
1723 4933 1818 4970 no-

225 5014 420 5069 stram,
453 5020 522 5074 qu
544 5017 711 5059 :ntum
737 5020 1021 5075 possumus
1051 5022 1266 5076 capere,
1296 5007 1595 5076 potabimur
1619 5025 1632 5061 :
1656 5009 1821 5076 signi-

226 5096 398 5152 licans
444 5098 571 5152 illud
622 5099 763 5166 quod
812 5097 950 5153 idem
996 5100 1285 5166 Apostolus
1330 5099 1497 5153 dicit:
1534 5099 1820 5170 Unicuique

220 5201 401 5247 autem
451 5203 675 5245 nostrum
719 5192 842 5244 data
871 5200 944 5245 est
989 5194 1154 5263 gratia
1203 5194 1480 5246 secundum
1526 5210 1816 5247 mensuram

222 5282 524 5338 donationis
554 5282 745 5337 Christi
788 5282 1004 5355 (Ephes.
1050 5299 1125 5349 tv,
1160 5284 1237 5353 7).
1269 5285 1552 5353 Sequitur,
1584 5296 1815 5339 sanctum

220 5385 298 5428 est
328 5376 574 5445 templum
600 5386 767 5429 tuum.
796 5376 923 5431 Sive
953 5376 1054 5430 hoc
1085 5377 1311 5445 pertinet
1342 5376 1405 5430 ad
1451 5377 1667 5432 domum
1701 5377 1816 5440 Dei,

222 5480 347 5535 qua:
367 5475 454 5522 est
468 5467 738 5533 Ecclesia;
762 5466 876 5521 sive
894 5467 959 5520 ad
984 5467 1403 5521 incarnationem
1430 5466 1659 5539 Domini,
1679 5471 1818 5524 sicut

227 5561 430 5629 legitur
472 5559 525 5613 in
570 5560 900 5631 Evangelio:
939 5560 1195 5614 Destruite
1230 5560 1472 5630 templum
1499 5560 1627 5624 hoc,
1673 5573 1717 5615 et
1764 5565 1816 5616 in

230 5657 406 5709 triduo
444 5656 712 5726 mdi/icabo
757 5656 891 5711 illud
939 5654 1117 5726 (Joan.
1148 5672 1205 5721 tt,
1236 5655 1364 5725 i9);
1397 5664 1450 5709 et
1495 5655 1648 5725 paulo
1700 5662 1819 5723 post

230 5749 307 5800 ait
335 5748 674 5819 Evangelista
710 5765 725 5804 :
755 5748 871 5804 Hoc
910 5750 1044 5805 enim
1073 5749 1271 5806 dicebat
1300 5749 1363 5804 de
1409 5748 1595 5820 templo
1635 5763 1815 5818 corpo-

234 5859 305 5896 HS
330 5858 432 5900 ιω.

1921 4732 2176 4786 Dominus
2208 4732 2515 4803 preparavit
2542 4733 2595 4782 in
2621 4731 2805 4783 virtute
2831 4743 2944 4793 sua,
2981 4727 3100 4796 quia
3131 4742 3226 4796 per
3254 4738 3346 4779 eos
3378 4721 3500 4779 fecit

1922 4837 2110 4892 magna
2142 4822 2428 4885 miracula;
2460 4831 2594 4874 utet
2622 4820 2985 4889 magnitudine
3014 4819 3159 4873 verbi
3198 4816 3501 4872 incredulos

1921 4924 2331 4981 converterent,
2385 4924 2439 4969 et
2494 4915 2751 4968 factorum
2808 4912 3160 4966 admiratione
3215 4910 3501 4964 durissima

1922 5011 2086 5065 corda
2121 5009 2412 5064 mollirent.
2437 5008 2539 5064 Sed
2569 5008 3015 5078 quemadmodum
3048 5005 3163 5063 haec
3184 5019 3502 5076 praeparave-

1920 5106 2011 5170 rit,
2042 5115 2434 5173 consequenter
2458 5105 2704 5173 exponit,
2748 5103 3003 5156 accinctus
3046 5104 3273 5169 potentia
3294 5144 3306 5167 ,
3337 5098 3389 5154 id
3420 5106 3502 5153 est

1923 5197 2141 5251 indutus
2196 5196 2474 5266 majestate
2528 5211 2644 5249 sua.
2712 5194 3024 5249 Humanitas
3081 5191 3223 5249 enim
3290 5190 3500 5245 Domini

1925 5287 2083 5343 Verbi
2127 5294 2392 5357 potestate
2443 5289 2726 5356 prmeincta
2770 5294 2883 5350 est;
2918 5293 2977 5339 ut
3018 5284 3158 5356 quod
3192 5282 3352 5339 homo
3396 5294 3500 5335 non

1923 5380 2127 5445 habuit,
2162 5380 2327 5434 virtus
2354 5380 2532 5433 divina
2557 5387 2853 5449 praestaret.
2886 5380 3209 5450 Accingimus
3230 5378 3372 5433 enim
3407 5386 3502 5429 nos

1926 5474 2133 5529 honore
2165 5474 2357 5539 baltei,
2388 5473 2512 5528 dum
2564 5484 2740 5529 tamen
2770 5474 2869 5528 alia
2901 5473 2970 5528 sit
3011 5473 3242 5543 dignitas
3270 5467 3499 5540 cinguli,

1924 5581 2083 5634 quam
2115 5576 2306 5620 natura
2326 5566 2609 5638 cingentia.
2642 5565 2729 5620 Sic
2759 5577 2812 5620 et
2842 5566 2893 5620 in
2926 5566 3131 5634 psalmo
3160 5559 3502 5633 quadragesi-

1922 5672 2011 5712 mo
2057 5667 2245 5724 quarto
2293 5658 2490 5711 dictum
2534 5664 2618 5710 est
2653 5674 2666 5710 :
2701 5656 2973 5726 Accingere
3012 5654 3187 5725 gladia
3230 5663 3318 5708 tuo
3365 5654 3502 5707 circa

1923 5749 2109 5820 femur,
2134 5750 2478 5820 potentissime
2508 5746 2683 5820 (Psal.
2725 5763 2867 5813 xuv,
2892 5746 2980 5818 4);
3012 5759 3064 5805 et
3083 5748 3205 5803 alibi
3232 5766 3245 5801 ε
3281 5745 3503 5801 Praecin-

1922 5842 2044 5896 xisti
2076 5858 2154 5896 me
2181 5840 2360 5912 laetitia
2404 5839 2573 5914 (Psal.
2621 5857 2768 5911 χιιι,
2800 5838 2909 5911 12).
2960 5842 3083 5907 Haec
3109 5840 3251 5899 enim
3293 5848 3348 5897 et
3376 5834 3503 5896 talia
