4020 6348
506 458 509 459 ,
536 381 644 463 tn

1762 399 1831 465 ll.
1873 395 2154 467 AURELII
2196 395 2431 453 CASSIO
2440 394 2598 454 DORI

3718 383 3829 440 ηε

535 514 672 583 duas
720 490 938 569 naturas
989 512 1225 574 indicant
1269 513 1483 567 Domini
1528 508 1727 566 Christi
1784 508 2197 580 plenissimas'A
2223 509 2475 575 sumitur,
2500 516 2650 564 tanto
2686 504 3027 562 sobrietatem
3077 502 3345 561 mentibus
3393 501 3595 558 donare
3620 499 3831 569 digna-

537 619 699 680 atque
720 611 987 679 periectas
1012 608 1062 663 in
1096 622 1197 661 una
1238 608 1534 672 eademque
1561 619 1808 673 persona,
1838 604 1977 658 sicut
2003 616 2121 659 om-

537 700 626 757 nis
654 699 915 754 catbolica
941 697 1227 752 confitetur
1257 696 1519 752 Ecclesia.

612 790 769 844 Vers.
798 790 851 844 9.
898 788 999 862 Qui
1046 788 1317 843 conturbas
1358 787 1675 859 profundum
1716 785 1917 839 maris:
1946 799 2126 847 sonum

540 881 785 949 ﬂuctuum
846 883 957 951 ejus
1008 882 1118 948 quis
1165 879 1488 934 sustinebit?
1523 876 1887 937 Turbabuntur
1932 884 2123 953 gentes.

539 956 827 1041 Postquam
860 988 955 1040 per
1001 972 1314 1042 allegoriam
1357 966 1616 1029 uiantium
1669 962 1806 1025 dixit
1853 970 2127 1039 apostolos

540 1074 661 1119 esse
698 1046 1061 1131 praeparatos,
1098 1077 1245 1125 nunc
1280 1062 1501 1131 exponit
1529 1061 1652 1131 quid
1685 1076 1780 1131 per
1808 1075 1902 1120 cos
1949 1061 2149 1114 Domi-

541 1165 644 1205 nus
674 1150 837 1206 fuerit
862 1160 1133 1221 operatus.
1167 1151 1423 1206 Turbavit
1465 1152 1608 1206 enim
1648 1151 1907 1220 apostolis
1937 1150 2129 1220 praedi-

534 1240 786 1295 cantibus
834 1256 939 1297 non
981 1242 1153 1296 solum
1186 1240 1525 1311 superficiem
1575 1241 1757 1306 maris,
1789 1240 1884 1296 sed
1909 1240 2131 1295 fundum

536 1332 736 1399 maris,
769 1332 822 1387 id
868 1342 949 1399 est
990 1333 1268 1403 gentilium
1309 1332 1470 1394 corda
1502 1332 1747 1389 demersa
1790 1330 2130 1402 profundius.

445 1408 451 1419 ’
536 1421 671 1477 Nam
699 1437 819 1478 cum
850 1438 945 1485 sua
975 1425 1193 1477 numina
1222 1423 1549 1485 conticuisse
1579 1432 1887 1489 cernerent,
1914 1432 1968 1477 et
1990 1422 2133 1478 anni-

538 1514 701 1570 bllata
724 1530 843 1570 esse
868 1517 1151 1581 sentirent,
1178 1516 1371 1570 merito
1392 1515 1556 1571 corde
1578 1517 1769 1570 turbati
1794 1523 1939 1582 sunt,
1964 1530 2135 1585 quan-

539 1607 610 1673 do
637 1621 762 1678 spes
804 1623 931 1662 suas
964 1608 1029 1662 ad
1071 1607 1293 1675 nihilum
1322 1608 1635 1679 pervenisse
1656 1608 1969 1663 noscebant.
1998 1606 2135 1662 Nam

541 1683 682 1751 cum.
714 1698 968 1752 saeculum
1014 1713 1162 1753 mare
1210 1698 1441 1768 dicatur,
1472 1713 1708 1773 congrue
1757 1698 1920 1753 fundo
1972 1698 2134 1753 maris

542 1798 850 1859 comparata
879 1799 1005 1845 sunt
1031 1789 1191 1845 corda
1223 1790 1583 1860 dementiam;
1623 1790 1745 1846 inde
1773 1793 1915 1847 enim
1941 1791 2130 1861 surgit,

2225 610 2331 657 tur.
2367 600 2704 670 Quapropter
2749 597 2851 652 hoc
2896 610 3064 667 genus
3112 595 3398 653 locutionis
3428 593 3479 648 in
3516 591 3835 663 Scripturis

2224 693 2421 755 divin’s
2446 702 2529 747 est
2573 692 2870 761 proprium,
2900 688 3156 760 quoniam
3208 690 3261 743 in
3310 689 3451 742 bono
3491 687 3832 758 plerumque

2226 785 2459 854 ponitur.
2492 784 2548 838 ln
2579 782 2855 849 scripturis
2878 790 3057 837 autem
3082 780 3447 842 srecularibus,
3473 779 3552 834 vel
3575 778 3627 833 in
3661 791 3829 831 com-

2227 875 2477 930 munibus
2507 874 2698 929 fabulis
2726 872 2982 935 ebrietas
3031 872 3084 929 in
3119 874 3310 937 bonam
3359 879 3563 941 partem
3594 868 3835 937 penitus

2228 985 2334 1023 non
2366 967 2613 1023 habetur.
2638 966 2941 1037 Subjungit,
2972 962 3330 1034 multiplicasti
3352 962 3666 1030 locupletare
3682 975 3834 1014 eam.

2232 1060 2407 1116 Verba
2436 1062 2537 1123 ista
2581 1059 3012 1128 inexplicabilem
3055 1057 3276 1117 modum
3304 1054 3601 1111 donationis
3619 1064 3834 1112 osten-

2229 1154 2381 1215 dunt.
2421 1153 2553 1213 Nam
2584 1152 2677 1221 qui
2707 1149 3014 1222 multiplicat
3064 1148 3379 1216 locupletare
3399 1188 3415 1215 ,
3441 1156 3707 1217 quantum
3760 1148 3838 1203 sit

2230 1262 2339 1301 non
2388 1245 2599 1301 videtur
2647 1244 2980 1311 exprimere,
3012 1241 3108 1301 sed
3146 1241 3199 1295 in
3247 1240 3565 1297 immensum
3599 1238 3834 1295 ducitur

2231 1338 2373 1408 quod
2419 1337 2595 1394 verbis
2645 1336 2836 1390 talibus
2879 1332 3199 1403 pollicetur:
3228 1330 3466 1400 locuples
3497 1331 3640 1386 enim
3690 1330 3836 1389 dici-

2235 1439 2341 1498 tur,
2369 1430 2485 1484 loca
2516 1428 2667 1498 plura
2696 1437 2907 1482 tenens.
2953 1423 3067 1495 Ipsa
3101 1433 3187 1479 est
3209 1431 3353 1478 terra
3380 1436 3537 1491 quam
3565 1420 3836 1490 dignata

2234 1534 2316 1580 est
2344 1538 2644 1591 assumere,
2684 1536 2793 1583 non
2821 1535 2981 1591 quam
3010 1518 3359 1583 humanitatis
3398 1530 3544 1577 more
3566 1516 3833 1572 calcavit.

2236 1619 2395 1675 Istam
2442 1616 2703 1687 siquidem
2730 1629 2888 1685 quam
2916 1614 3138 1669 terimus
3163 1626 3274 1671 non
3296 1609 3731 1680 locupletandam
3756 1608 3836 1665 le-

2236 1712 2431 1781 gimus,
2463 1709 2560 1771 sed
2608 1709 2784 1779 potius
2815 1705 3237 1770 immutandum;
3270 1704 3412 1758 sicut
3454 1702 3622 1758 Isaias
3646 1702 3833 1761 dicit;

2239 1802 2355 1856 Erit
2384 1801 2569 1856 mlum
2596 1815 2803 1865 novum,
2826 1806 2876 1852 et
2897 1805 3035 1851 terra
3070 1812 3198 1850 noz'a
3230 1794 3383 1869 (Isai.
3410 1809 3530 1861 va,
3561 1793 3681 1863 l7).

540 1882 682 1961 quod
704 1882 895 1937 fluctus
917 1883 1118 1947 excitat
1137 1893 1509 1954 peccatorum;
1536 1883 1661 1939 inde
1684 1883 1829 1939 venit
1853 1884 2124 1954 inOpinata
2156 1898 2203 1958 Β
2302 1893 2457 1953 Vers.
2490 1892 2577 1955 12.
2624 1889 2847 1945 Flumen
2900 1888 2995 1942 Dei
3032 1889 3276 1960 repletum
3316 1897 3391 1946 est
3416 1887 3599 1957 aquis;
3628 1886 3837 1956 parasti

540 1974 849 2042 commotio,
895 1990 1015 2043 quae
1058 1975 1421 2038 innocentiam
1466 1976 1752 2040 verberat,
1805 1984 2127 2044 sanctosque

538 2069 810 2139 defatigat.
842 2070 1115 2141 Sequitur,
1142 2086 1324 2133 sonum
1348 2072 1601 2139 [luctuum
1629 2073 1740 2141 ejus
1769 2070 1883 2141 quis
1905 2070 2125 2131 sustine-

540 2162 657 2223 bit?
688 2160 785 2216 llic
826 2161 1091 2231 significat
1122 2170 1518 2235 persecutores,
1562 2162 1651 2232 qui
1701 2161 1825 2217 licet
1852 2162 1953 2230 ipsi
1980 2162 2127 2218 velut

540 2251 734 2306 fluctus
780 2251 1025 2306 altissimi
1054 2252 1429 2320 concitentur,
1467 2268 1629 2306 sonus
1682 2266 1907 2320 eorum,
1942 2251 1993 2315 id
2044 2261 2129 2306 est

538 2342 678 2401 dicta
707 2340 941 2397 crudelia
983 2341 1287 2397 nullatenus
1316 2342 1383 2397 ab
1425 2341 1735 2397 hominibus
1765 2343 2124 2410 sustinentur,

538 2436 645 2495 nisi
675 2434 852 2490 divina
882 2435 1050 2506 gratia
1081 2436 1411 2491 concedente
1440 2452 1626 2507 eorum
1657 2438 1926 2507 protervia
1959 2439 2128 2494 fracta

431 2547 439 2554 -
538 2533 841 2596 superetur.
899 2525 1025 2589 Quis
1075 2527 1336 2581 sustinebit
1371 2529 1677 2599 ?quantum
1733 2528 1799 2593 ad
1851 2529 2128 2588 hominum

537 2612 769 2685 pertinet
809 2614 1146 2689 fragilitatem
1172 2616 1383 2678 dicitur.
1418 2617 1573 2683 Nam,
1602 2618 1745 2677 dono
1778 2619 1988 2674 Domini
2013 2620 2131 2676 suf-

537 2704 797 2776 fragante,
832 2718 1094 2787 martyres
1116 2724 1302 2764 eorum
1329 2710 1635 2766 violentiam
1654 2726 1910 2782 superare
1942 2722 2130 2782 potue-

536 2809 663 2853 runt
689 2816 702 2852 :
736 2800 877 2856 unde
904 2803 1135 2858 maxime
1165 2806 1497 2861 conturbatae
1519 2817 1645 2863 sunt
1673 2817 1882 2878 gentes,
1915 2806 2129 2878 quando

536 2891 880 2950 fidelissimos
928 2897 1260 2964 cernebant,
1290 2907 1345 2953 et
1374 2900 1526 2955 vivos
1565 2902 1744 2957 facere
1787 2904 2043 2969 virtutes,
2075 2910 2131 2963 et

535 2993 776 3041 mortuos
823 2988 1235 3056 supplicantium
1284 3000 1405 3045 vota
1456 2994 1769 3063 complere:
1807 3004 1994 3048 contra
2028 3009 2126 3051 sua

540 3077 756 3131 numina
784 3086 840 3133 et
867 3094 1053 3134 eorum
1103 3083 1395 3152 potentiam
1447 3099 1759 3153 pavescere,
1794 3094 1848 3140 et
1873 3100 2128 3155 responsa

539 3166 829 3238 denegare.
863 3170 1017 3225 Tunc
1045 3175 1185 3227 enim
1217 3183 1269 3226 et
1299 3173 1583 3244 Delphicus
1612 3174 1807 3243 Apollo
1836 3178 2123 3247 conticuit;

2229 1974 2395 2045 cibum
2422 1982 2653 2049 illorum,
2678 1983 2799 2053 quia
2823 1982 2896 2043 ita
2915 1989 2987 2035 est
3005 1979 3319 2051 prwparatio
3341 1987 3453 2032 tua.
3485 1978 3635 2033 Bene
3662 1976 3837 2034 mise-

2230 2075 2461 2132 ricordia
2502 2075 2715 2130 Domini
2748 2071 3062 2143 plenissimo
3088 2072 3251 2134 fluvio
3301 2079 3665 2141 comparatur.
3710 2068 3830 2129 Non

2229 2167 2372 2222 enim
2399 2166 2573 2235 aliqua
2606 2165 2848 2222 siccitate
2877 2170 3056 2234 potest
3100 2161 3368 2229 imminui,
3402 2161 3493 2232 qui
3524 2161 3827 2230 potationi!

2229 2262 2329 2317 bus
2371 2261 2575 2316 crebris
2607 2260 2778 2314 nescit
2817 2256 3074 2326 expendi.
3107 2255 3396 2310 Mundialis
3421 2269 3559 2325 aqua
3607 2263 3706 2309 aut
3731 2255 3831 2310 im-

2231 2354 2416 2410 bribus
2445 2353 2639 2423 accipit
2679 2358 3056 2422 augmentum,
3086 2338 3180 2402 aut
3219 2348 3463 2403 siccitate
3508 2346 3826 2413 defectum;

2234 2445 2325 2501 Dei
2373 2460 2500 2501 vero
2555 2444 2752 2499 ﬂuvius
2801 2458 3014 2513 semper
3062 2444 3289 2512 plenus,
3345 2453 3560 2511 semper
3601 2439 3829 2509 aequalis

2229 2544 2340 2601 est;
2371 2536 2441 2592 de
2479 2552 2587 2606 quo
2616 2535 2815 2592 dictum
2866 2544 2987 2591 est:
3018 2532 3287 2592 Fluminis
3327 2535 3548 2602 impetus
3594 2532 3829 2600 ιωιὶβιαι

2229 2627 2482 2681 civitatem
2530 2626 2624 2682 Dei
2673 2626 2846 2698 (Psal.
2898 2642 3023 2692 xcv,
3074 2627 3164 2696 5);
3210 2635 3267 2682 et
3312 2627 3427 2696 ipse
3474 2625 3739 2681 Dominus
3775 2627 3826 2680 in

2231 2717 2522 2788 Evangelio
2556 2720 2665 2773 ait:
2699 2720 2801 2785 Qui
2847 2719 3024 2773 biberit
3061 2735 3122 2773 ex
3152 2734 3290 2789 aqua
3315 2732 3470 2789 quam
3499 2732 3595 2788 ego
3649 2718 3718 2771 do
3759 2717 3825 2782 ei,

2228 2826 2332 2867 non
2361 2812 2497 2867 sitiet
2522 2827 2779 2879 unquam;
2802 2811 2889 2865 sed
2912 2812 3000 2881 ﬁet
3030 2812 3084 2867 in
3113 2827 3172 2864 eo
3195 2814 3311 2881 fons
3334 2825 3483 2879 aquis
3506 2809 3747 2864 satietatis
3772 2810 3827 2864 in

2230 2906 2387 2961 vitam
2415 2914 2660 2961 teter-nam
2690 2902 2872 2976 (Joan.
2900 2920 2970 2969 tv,
3004 2901 3111 2974 15).
3138 2903 3246 2958 Nec
3285 2911 3496 2958 moveat
3526 2902 3669 2973 quod
3696 2902 3825 2956 alibi

2234 2994 2520 3065 singulari,
2552 2994 2681 3052 alibi
2735 2993 2926 3063 plurali
2957 3008 3179 3051 numero
3207 2994 3427 3064 ﬂumina
3470 3003 3599 3048 sunt
3630 2992 3822 3061 posita.

2232 3085 2464 3143 Unitatis
2489 3086 2631 3140 enim
2662 3086 2828 3139 virtus
2856 3094 2939 3140 est
2988 3085 3154 3140 multa
3193 3084 3497 3153 complecti.
3530 3083 3667 3139 Nam
3698 3097 3822 3138 cum

2232 3175 2474 3232 dicamus
2503 3175 2783 3245 pluraliter
2833 3175 3132 3243 Ecclesias,
3187 3189 3345 3231 unam
3394 3184 3576 3230 tamen
3610 3184 3825 3229 constat

537 3267 667 3313 tunc
686 3274 715 3312 a
742 3259 957 3332 Delphis
980 3260 1147 3315 Diana
1177 3263 1458 3331 discessit;
1494 3273 1618 3320 tunc
1659 3266 1924 3339 Cytherea
1952 3269 2131 3327 Venus
2156 3271 2203 3333 C
2235 3283 2357 3324 esse
2382 3268 2721 3333 catholicam,
2755 3267 2897 3339 quod
2929 3266 3228 3323 innumeris
3255 3266 3457 3322 vicibus
3476 3266 3825 3336 cognoscitur

540 3350 769 3406 erubuit.
823 3352 929 3408 Sed
966 3354 1125 3423 quid,
1182 3370 1348 3426 rogo,
1396 3368 1583 3429 gentes
1628 3361 1804 3419 facere
1845 3374 2128 3434 poterant,

541 3441 757 3511 quando
785 3456 882 3498 sua
915 3446 1130 3499 numina
1155 3448 1424 3517 trepidare
1447 3453 1775 3508 cernebant?

610 3533 764 3590 Vers.
802 3536 889 3592 ιθ.
919 3537 986 3592 Et
1013 3540 1257 3594 timebunt
1278 3558 1449 3597 omnes
1472 3546 1559 3615 qui
1580 3546 1809 3601 habitant
1828 3549 1955 3618 ﬁnes
1985 3559 2135 3607 terra:

539 3642 571 3679 a
597 3628 755 3698 signis
798 3630 931 3695 tuis;
957 3632 1125 3687 exitus
1165 3637 1405 3691 matutini
1445 3648 1491 3692 et
1531 3654 1736 3710 vespere
1779 3644 2128 3700 delectaberis.

522 3717 639 3774 'llic
667 3730 873 3792 tempus
898 3725 1294 3799 significatque
1338 3731 1567 3800 apostoli
1621 3731 1834 3788 diversa
1877 3735 2026 3804 signa
2055 3736 2135 3791 fa-

539 3810 771 3866 ciebant.
800 3813 1033 3873 Necesse
1076 3819 1222 3873 enim
1251 3829 1367 3875 erat
1399 3830 1457 3875 ut
1492 3822 1814 3878 universitas
1841 3826 2131 3891 contremi-

538 3912 733 3971 sceret,
766 3921 884 3975 quae
904 3908 1089 3963 orbem
1121 3920 1276 3966 terra:
1304 3912 1550 3969 habitare
1580 3914 1880 3982 videbatur,
1910 3919 2128 3987 quando

548 3994 674 4048 talia
706 3995 856 4066 signa
891 3998 1144 4053 cernebat
1172 4016 1289 4070 qua:
1336 4018 1436 4057 nec
1466 4003 1627 4058 lectio
1665 4019 1848 4060 eorum
1878 4008 2132 4077 prodide-

538 4093 644 4150 rat,
664 4100 762 4141 nec
788 4088 922 4143 visio
944 4090 1048 4144 ulla
1074 4102 1482 4148 monstraverat.
1510 4094 1628 4165 Ipse
1653 4097 1796 4152 enim
1826 4096 1959 4153 dixit
1985 4100 2129 4156 unde

536 4175 702 4230 timor
754 4178 844 4234 ille
891 4181 1097 4250 concipi
1151 4183 1450 4251 potuisset,
1484 4185 1535 4239 id
1567 4197 1687 4253 est,
1729 4203 1762 4241 α
1801 4190 1965 4260 signis
2004 4192 2127 4245 tuis.

540 4267 791 4334 Addidit,
819 4274 983 4325 exitus
1009 4276 1246 4329 matutini
1266 4285 1313 4330 et
1336 4294 1538 4349 uespere
1567 4277 1919 4337 delectaberis.
1951 4283 2132 4338 Exitus

539 4362 779 4414 matutini
801 4372 883 4417 est
906 4367 1121 4434 quando
1150 4368 1339 4437 aliquis
1368 4385 1431 4424 ex
1467 4370 1650 4427 mundi
1683 4372 1841 4429 istius
1878 4374 2131 4433 felicitate

541 4454 610 4508 ad
674 4455 956 4511 Dominum
1007 4461 1340 4516 convertitur
1396 4464 1752 4520 Salvatorem.
1809 4465 2132 4524 Matutinum

539 4546 683 4600 enim
715 4555 927 4613 tempus
965 4563 1179 4617 semper
1202 4552 1470 4621 clarescit,
1510 4564 1565 4610 et
1596 4571 1851 4626 processu
1874 4559 1977 4614 diei
2008 4575 2131 4630 gra-

2235 3374 2356 3416 esse
2401 3368 2776 3415 memoratum.
2825 3359 2932 3416 Sed
2983 3368 3262 3431 postquam
3293 3357 3361 3414 de
3412 3368 3542 3427 potu
3585 3355 3826 3413 ﬂuminis

2233 3454 2403 3523 dixit,
2428 3455 2496 3510 de
2537 3455 2658 3509 cibo
2686 3454 2948 3525 spirituali
2995 3453 3253 3523 subjecit,
3286 3467 3354 3509 ne
3383 3450 3689 3507 convivium
3729 3450 3825 3505 οοο

2236 3544 2367 3599 mini
2394 3544 2824 3613 copiosissimum
2844 3543 3046 3600 amicos
3061 3557 3190 3598 suos
3212 3543 3536 3613 relinqueret
3557 3556 3622 3597 ex
3647 3541 3821 3611 aliqua

2218 3646 2385 3711 parte
2409 3635 2651 3705 jejunus.
2695 3634 2834 3689 Dicit
2860 3635 3028 3700 enim,
3052 3635 3249 3705 parasti
3277 3633 3443 3686 cibum
3475 3633 3709 3687 illorum.
3738 3628 3825 3686 Ci-

2236 3727 2329 3781 bus
2350 3727 2439 3783 ille
2467 3742 2572 3782 non
2603 3726 2853 3782 dentibus
2883 3724 3169 3792 manditur,
3216 3723 3311 3779 sed
3341 3724 3536 3777 anima:
3563 3721 3824 3776 aviditate

2236 3820 2558 3882 devoratur;
2583 3818 2649 3874 de
2671 3832 2778 3888 quo
2806 3817 3005 3872 dictum
3034 3823 3118 3872 est
3144 3833 3156 3869 :
3184 3815 3383 3871 Panem
3408 3815 3523 3869 ctzli
3553 3813 3696 3867 dedit
3710 3813 3782 3867 eis
3798 3827 3822 3878 ,'

2235 3927 2417 3983 panem
2434 3910 2733 3981 angelorum
2755 3908 3083 3964 manducavit
3116 3908 3264 3962 homo
3284 3904 3453 3977 (Psal.
3479 3921 3683 3969 Lxxvu,
3707 3904 3822 3975 9.5).

2236 4004 2327 4057 Sic
2376 4012 2543 4057 totum
2588 4002 2655 4056 ad
2698 4001 3133 4056 communionem
3179 4013 3390 4053 sacram
3438 3996 3825 4052 convenienter

2238 4095 2486 4157 refertur,
2535 4092 2749 4164 quando
2780 4101 2833 4147 et
2861 4090 2979 4161 ejus
3020 4091 3333 4162 sanguinem
3383 4088 3647 4153 bibimus,
3682 4085 3825 4144 etde

2235 4188 2353 4258 ejus
2395 4200 2624 4257 corpore
2675 4184 3003 4253 saginamur.
3047 4184 3112 4237 Et
3155 4197 3222 4237 ne
3278 4180 3481 4250 aliquid
3535 4180 3823 4234 casualiter

2236 4278 2432 4333 [ictum
2466 4285 2701 4346 putares,
2728 4276 2868 4331 sicut
2896 4276 3188 4330 arbitratur
3227 4272 3497 4328 irrideuda
3520 4271 3821 4342 gentilitas,

2235 4369 2492 4433 ειὼάίόίι,
2530 4368 2663 4435 Quia
2689 4368 2762 4421 ita
2784 4377 2858 4420 est
2880 4365 3189 4437 prtcparatio
3211 4373 3321 4418 tua.
3346 4362 3435 4417 Sic
3464 4362 3610 4417 enim
3647 4361 3822 4415 omnia
3898 4434 3901 4435 ν

2235 4462 2577 4532 contigerunt
2622 4458 3071 4529 quemadmodum
3101 4465 3225 4510 sunt
3254 4456 3321 4510 ab
3362 4454 3482 4524 ipso
3519 4453 3778 4523 disposita
3805 4491 3819 4515 ,

2236 4552 2373 4607 sicut
2398 4553 2513 4621 ipse
2540 4551 2593 4605 in
2623 4549 2914 4620 Evangelio
2934 4548 3065 4603 dicit
3096 4566 3109 4602 :
3137 4545 3329 4601 Nonne
3352 4547 3575 4616 quinque
3595 4558 3821 4616 passeres

540 4638 667 4693 tiam
714 4640 1114 4699 illuminationis
1160 4646 1410 4714 acquirit.
1461 4647 1611 4715 Quod
1658 4658 1835 4704 autem
1882 4651 2052 4718 dixit,
2082 4664 2127 4710 et

2236 4651 2448 4699 veneunt
2487 4642 2769 4714 dipondio,
2818 4650 2867 4695 et
2913 4657 3045 4694 unus
3092 4655 3153 4694 ea:
3197 4640 3304 4693 illis
3345 4654 3448 4692 non
3494 4639 3644 4691 cadet
3674 4652 3823 4707 super

537 4749 737 4803 vespere
764 4735 1091 4790 delectaberis
1117 4778 1131 4802 ,
1165 4739 1431 4808 significat
1459 4740 1673 4808 quando
1714 4744 1897 4811 gravia
1929 4750 2129 4814 paten-

540 4824 681 4879 tibus
709 4840 923 4894 semper
952 4828 1236 4885 obscurum
1270 4841 1386 4885 est:
1418 4830 1513 4884 sed
1540 4842 1715 4887 tamen
1748 4834 1814 4888 ad
1845 4835 2123 4893 Dominum

537 4916 761 4970 veniunt
784 4916 1114 4987 Creatorem,
1140 4922 1227 4991 qui
1267 4937 1529 4977 mterores
1570 4937 1755 4978 eorum
1782 4929 2048 4984 convertit
2072 4930 2125 4985 in

536 5005 809 5078 gaudium.
840 5008 911 5063 lta
937 5022 1281 5083 utrarumque
1302 5028 1479 5068 rerum
1509 5014 1649 5066 exitu
1672 5015 1999 5072 delectabitur
2019 5020 2123 5075 Do—

537 5098 736 5163 minus,
762 5099 883 5169 quia
926 5101 1159 5172 nudique
1202 5103 1425 5157 devotos
1467 5117 1561 5172 per
1589 5103 1969 5162 abundantiam
2008 5123 2122 5163 sure

537 5189 796 5259 largitatis
823 5192 1073 5263 acquirit.

608 5280 759 5337 Vcrs.
792 5283 876 5338 Η.
906 5284 1140 5339 Visitasti
1185 5295 1373 5339 terram
1403 5296 1449 5338 et
1475 5285 1734 5342 inebriasti
1762 5306 1909 5354 eam;
1941 5289 2121 5343 multi-

534 5372 738 5445 plicasti
767 5378 1082 5447 locupletare
1109 5394 1245 5433 eam.
1272 5376 1487 5433 Terram
1517 5378 1601 5433 hic
1628 5395 1797 5450 genus
1828 5381 2119 5437 humanum

533 5465 793 5525 debemus
810 5472 1074 5541 accipere,
1108 5471 1249 5543 quod
1288 5472 1537 5528 satiatum
1570 5482 1729 5543 atque
1760 5474 2011 5530 refectum
2037 5483 2120 5530 est

532 5564 745 5632 quando
767 5565 1020 5622 Dominus
1042 5566 1108 5622 ad
1120 5568 1303 5622 venire
1326 5566 1574 5635 dignatus
1593 5575 1697 5621 est.
1723 5565 1827 5621 Sed
1854 5566 1995 5622 unde
2019 5568 2119 5622 ista

536 5662 677 5711 terra
706 5656 942 5714 debriata
983 5661 1087 5727 sit,
1120 5661 1256 5716 alter
1282 5658 1517 5732 psalmus
1561 5660 1779 5729 exponit
1808 5660 2025 5715 dicens:
2055 5660 2121 5715 Et

535 5747 774 5815 poculum
802 5736 943 5805 tuum
967 5754 1247 5821 inebrians,
1276 5772 1427 5826 quam
1455 5754 1764 5824 praclarum
1790 5751 1907 5808 est!
1938 5752 2122 5809 Ebrie-

535 5846 613 5893 tas
642 5832 794 5908 felix,
843 5844 1061 5900 satietas
1111 5846 1393 5917 salutaris,
1430 5861 1549 5919 quae
1598 5856 1796 5916 quanto
1850 5842 2121 5917 copiosius

2236 4744 2423 4791 terram
2453 4736 2564 4791 sine
2588 4735 2847 4791 uoluntate
2878 4733 3051 4788 Patris
3072 4734 3223 4787 vestri
3252 4730 3410 4803 (Luc.
3438 4746 3532 4797 xu,
3567 4731 3663 4800 6)?

2310 4829 2465 4886 Vers.
2500 4829 2589 4884 15.
2623 4826 2781 4882 Rivos
2810 4829 2924 4901 ejus
2953 4826 3170 4891 inebria,
3215 4824 3505 4896 multiplica
3535 4822 3821 4894 generatio-

2234 4937 2321 4976 nes
2342 4925 2490 4992 ejus:
2518 4923 2571 4973 in
2615 4918 2896 4973 stillicidiis
2938 4920 3050 4990 ejus
3092 4918 3347 4973 laetabitur
3382 4930 3498 4970 cum
3540 4916 3816 4970 exorietur.

2238 5011 2388 5065 Ilisos
2417 5010 2577 5082 213
2608 5010 2766 5064 etiam
2797 5009 2883 5065 hic
2919 5010 3049 5065 dicit
3087 5009 3377 5079 apostolos,
3409 5009 3494 5064 vel
3523 5009 3661 5063 alios
3692 5007 3816 5061 fide-

2228 5099 2331 5167 les,
2360 5102 2449 5171 qui
2476 5101 2544 5154 de
2573 5099 2665 5155 illo
2697 5100 2792 5155 Dei
2817 5114 3030 5171 semper
3058 5099 3263 5170 repleto
3290 5098 3509 5154 flumine
3547 5097 3814 5153 biberunt.

2229 5196 2334 5252 Sed
2360 5212 2429 5250 ne
2457 5204 2637 5265 potum
2680 5196 2916 5264 ipsorum
2958 5194 3206 5250 crederes
3251 5209 3373 5249 esse
3402 5191 3777 5248 tenuissimum
3803 5228 3817 5251 ,

2230 5287 2359 5342 dicit
2384 5288 2517 5341 rivos
2538 5288 2683 5357 ipsos
2721 5287 3046 5340 inebriandos
3065 5327 3082 5353 ,
3108 5299 3159 5341 ut
3187 5287 3253 5340 ad
3283 5293 3485 5341 tantam
3517 5286 3816 5340 satietatem

2232 5378 2564 5449 perveniant,
2597 5388 2793 5449 quanta
2823 5388 2877 5434 et
2922 5378 3053 5449 ipsis
3076 5378 3287 5434 abunde
3332 5378 3588 5445 sufficiat,
3622 5386 3675 5431 et
3705 5377 3817 5430 aliis

2225 5473 2498 5544 profutura
2520 5473 2798 5527 concedat.
2824 5471 2983 5527 Redit
3004 5472 3165 5543 igitur
3182 5473 3249 5533 ad
3273 5472 3600 5543 singularem
3632 5484 3812 5524 nume-

2224 5585 2365 5635 rum,
2397 5582 2555 5639 quem
2582 5565 2962 5622 ecclesiastica:
2992 5565 3179 5619 unitati
3220 5564 3455 5620 diximus
3500 5564 3808 5618 convenire.

2226 5661 2363 5718 Dicit
2390 5662 2556 5729 enim,
2588 5661 2873 5733 multiplica
2896 5661 3250 5732 generationes
3279 5663 3411 5733 ejus,
3442 5658 3588 5714 illius
3611 5658 3810 5714 scilicet

2224 5753 2320 5808 rivi
2350 5754 2439 5825 qui
2469 5736 2561 5810 de‘
2586 5754 2806 5808 flumine
2848 5761 3036 5808 sancto
3079 5754 3331 5823 profluit,
3363 5762 3418 5807 ut
3465 5767 3562 5820 per
3608 5765 3808 5821 genera-

2225 5845 2387 5902 tiones
2410 5844 2759 5903 succedentes
2790 5844 3097 5915 przcdicatio
3124 5843 3279 5903 beata
3310 5859 3413 5900 non
3456 5841 3691 5912 deficiat,
3719 5835 3804 5896 sed
