  <div class='ocr_page' id='page_1' title='image "/cluster/home/n/w/nwhite01/storage/ocr_20150623/70/hvd.32044015469356/230.png"; bbox 0 0 4036 6342; ppageno 0'>
   <div class='ocr_carea' id='block_1_1' title="bbox 199 394 2492 459">
    <p class='ocr_par' dir='ltr' id='par_1_1' title="bbox 199 394 2492 459">
     <span class='ocr_line' id='line_1_1' title="bbox 199 394 2492 459; baseline -0 -4"><span class='ocrx_word' id='word_1_1' title='bbox 199 394 289 455; x_wconf 65' lang='lat'><strong>“9</strong></span> <span class='ocrx_word' id='word_1_2' title='bbox 1094 400 1452 459; x_wconf 81' lang='lat' dir='ltr'><strong>EXPOSITIO</strong></span> <span class='ocrx_word' id='word_1_3' title='bbox 1489 399 1555 456; x_wconf 81' lang='grc' dir='ltr'><strong>ΙΝ</strong></span> <span class='ocrx_word' id='word_1_4' title='bbox 1593 395 2056 455; x_wconf 72' lang='lat' dir='ltr'><strong>PSALTERIUM.</strong></span> <span class='ocrx_word' id='word_1_5' title='bbox 2095 397 2291 455; x_wconf 81' lang='lat' dir='ltr'><strong>PSAL.</strong></span> <span class='ocrx_word' id='word_1_6' title='bbox 2332 398 2492 455; x_wconf 74' lang='lat' dir='ltr'><strong>LXV.</strong></span> 
     </span>
    </p>
   </div>
   <div class='ocr_carea' id='block_1_2' title="bbox 3336 411 3443 469">
    <p class='ocr_par' dir='ltr' id='par_1_2' title="bbox 3336 411 3443 469">
     <span class='ocr_line' id='line_1_2' title="bbox 3336 411 3443 469; baseline 0.037 -4"><span class='ocrx_word' id='word_1_7' title='bbox 3336 411 3443 469; x_wconf 73' lang='grc'><strong>450</strong></span> 
     </span>
    </p>
   </div>
   <div class='ocr_carea' id='block_1_3' title="bbox 195 512 3433 587">
    <p class='ocr_par' dir='ltr' id='par_1_3' title="bbox 195 512 3433 587">
     <span class='ocr_line' id='line_1_3' title="bbox 195 512 3433 587; baseline 0.002 -16"><span class='ocrx_word' id='word_1_8' title='bbox 195 512 555 587; x_wconf 68' lang='lat' dir='ltr'><strong>multiplicetur,</strong></span> <span class='ocrx_word' id='word_1_9' title='bbox 586 514 726 572; x_wconf 92' lang='lat' dir='ltr'><strong>unde</strong></span> <span class='ocrx_word' id='word_1_10' title='bbox 767 513 1030 571; x_wconf 82' lang='lat' dir='ltr'><strong>catholica</strong></span> <span class='ocrx_word' id='word_1_11' title='bbox 1057 530 1273 587; x_wconf 83' lang='lat' dir='ltr'><strong>semper</strong></span> <span class='ocrx_word' id='word_1_12' title='bbox 1298 526 1505 572; x_wconf 89' lang='lat' dir='ltr'><strong>crescat</strong></span> <span class='ocrx_word' id='word_1_13' title='bbox 1551 515 1741 572; x_wconf 79' lang='lat' dir='ltr'><strong>Eccle-</strong></span> <span class='ocrx_word' id='word_1_14' title='bbox 1768 515 1821 572; x_wconf 76' lang='grc' dir='ltr'>Α</span> <span class='ocrx_word' id='word_1_15' title='bbox 1919 512 2073 569; x_wconf 81' lang='lat' dir='ltr'><strong>Vers.</strong></span> <span class='ocrx_word' id='word_1_16' title='bbox 2108 513 2419 583; x_wconf 51' lang='lat' dir='ltr'><strong>16.,Induti</strong></span> <span class='ocrx_word' id='word_1_17' title='bbox 2456 524 2577 571; x_wconf 89' lang='lat' dir='ltr'><strong>sunt</strong></span> <span class='ocrx_word' id='word_1_18' title='bbox 2611 516 2795 572; x_wconf 83' lang='lat' dir='ltr'><strong>arietes</strong></span> <span class='ocrx_word' id='word_1_19' title='bbox 2834 518 3036 584; x_wconf 84' lang='lat' dir='ltr'><strong>ovium,</strong></span> <span class='ocrx_word' id='word_1_20' title='bbox 3082 529 3131 576; x_wconf 88' lang='lat' dir='ltr'><strong>et</strong></span> <span class='ocrx_word' id='word_1_21' title='bbox 3176 527 3433 581; x_wconf 86' lang='lat' dir='ltr'><strong>conval&#39;es</strong></span> 
     </span>
    </p>
   </div>
   <div class='ocr_carea' id='block_1_4' title="bbox 191 604 1751 676">
    <p class='ocr_par' dir='ltr' id='par_1_4' title="bbox 191 604 1751 676">
     <span class='ocr_line' id='line_1_4' title="bbox 191 604 1751 676; baseline -0.001 -15"><span class='ocrx_word' id='word_1_22' title='bbox 191 606 291 670; x_wconf 87' lang='lat' dir='ltr'><strong>sia;</strong></span> <span class='ocrx_word' id='word_1_23' title='bbox 332 604 501 673; x_wconf 86' lang='lat' dir='ltr'><strong>utqui</strong></span> <span class='ocrx_word' id='word_1_24' title='bbox 550 606 711 660; x_wconf 90' lang='lat' dir='ltr'><strong>modo</strong></span> <span class='ocrx_word' id='word_1_25' title='bbox 756 604 1070 661; x_wconf 76' lang='lat' dir='ltr'><strong>imbuuntur</strong></span> <span class='ocrx_word' id='word_1_26' title='bbox 1113 622 1270 663; x_wconf 86' lang='lat' dir='ltr'><strong>sacro</strong></span> <span class='ocrx_word' id='word_1_27' title='bbox 1309 608 1587 676; x_wconf 78' lang='lat' dir='ltr'><strong>dogmate,</strong></span> <span class='ocrx_word' id='word_1_28' title='bbox 1630 613 1751 675; x_wconf 90' lang='lat' dir='ltr'><strong>post</strong></span> 
     </span>
    </p>
   </div>
   <div class='ocr_carea' id='block_1_5' title="bbox 189 695 1751 769">
    <p class='ocr_par' dir='ltr' id='par_1_5' title="bbox 189 695 1751 769">
     <span class='ocr_line' id='line_1_5' title="bbox 189 695 1751 769; baseline 0.001 -19"><span class='ocrx_word' id='word_1_29' title='bbox 189 696 311 750; x_wconf 87' lang='lat' dir='ltr'><strong>alios</strong></span> <span class='ocrx_word' id='word_1_30' title='bbox 336 695 526 751; x_wconf 84' lang='lat' dir='ltr'><strong>docere</strong></span> <span class='ocrx_word' id='word_1_31' title='bbox 556 696 870 761; x_wconf 86' lang='lat' dir='ltr'><strong>videantur;</strong></span> <span class='ocrx_word' id='word_1_32' title='bbox 902 699 1041 767; x_wconf 90' lang='lat' dir='ltr'><strong>quod</strong></span> <span class='ocrx_word' id='word_1_33' title='bbox 1068 699 1308 769; x_wconf 89' lang='lat' dir='ltr'><strong>quotidie</strong></span> <span class='ocrx_word' id='word_1_34' title='bbox 1340 700 1452 755; x_wconf 84' lang='lat' dir='ltr'><strong>lieri</strong></span> <span class='ocrx_word' id='word_1_35' title='bbox 1473 698 1751 754; x_wconf 80' lang='lat' dir='ltr'><strong>evidenter</strong></span> 
     </span>
    </p>
   </div>
   <div class='ocr_carea' id='block_1_6' title="bbox 190 786 1748 861">
    <p class='ocr_par' dir='ltr' id='par_1_6' title="bbox 190 786 1748 861">
     <span class='ocr_line' id='line_1_6' title="bbox 190 786 1748 861; baseline 0.002 -21"><span class='ocrx_word' id='word_1_36' title='bbox 190 786 526 856; x_wconf 72' lang='lat' dir='ltr'><strong>agnoscimus.</strong></span> <span class='ocrx_word' id='word_1_37' title='bbox 578 787 784 844; x_wconf 91' lang='lat' dir='ltr'><strong>Dictum</strong></span> <span class='ocrx_word' id='word_1_38' title='bbox 833 797 916 845; x_wconf 88' lang='lat' dir='ltr'><strong>est</strong></span> <span class='ocrx_word' id='word_1_39' title='bbox 962 788 1030 844; x_wconf 94' lang='lat' dir='ltr'><strong>de</strong></span> <span class='ocrx_word' id='word_1_40' title='bbox 1071 791 1216 855; x_wconf 87' lang='lat' dir='ltr'><strong>rivis,</strong></span> <span class='ocrx_word' id='word_1_41' title='bbox 1250 791 1341 861; x_wconf 87' lang='lat' dir='ltr'><strong>qui</strong></span> <span class='ocrx_word' id='word_1_42' title='bbox 1391 790 1659 860; x_wconf 90' lang='lat' dir='ltr'><strong>pertinent</strong></span> <span class='ocrx_word' id='word_1_43' title='bbox 1682 789 1748 843; x_wconf 88' lang='lat' dir='ltr'><strong>ad</strong></span> 
     </span>
    </p>
   </div>
   <div class='ocr_carea' id='block_1_7' title="bbox 188 880 1745 953">
    <p class='ocr_par' dir='ltr' id='par_1_7' title="bbox 188 880 1745 953">
     <span class='ocr_line' id='line_1_7' title="bbox 188 880 1745 953; baseline 0 -17"><span class='ocrx_word' id='word_1_44' title='bbox 188 888 449 948; x_wconf 87' lang='lat' dir='ltr'><strong>provectos</strong></span> <span class='ocrx_word' id='word_1_45' title='bbox 488 880 616 953; x_wconf 84' lang='lat' dir='ltr'><strong>[ed.,</strong></span> <span class='ocrx_word' id='word_1_46' title='bbox 663 882 1147 953; x_wconf 71' lang='lat' dir='ltr'><strong>perfectoslmunc</strong></span> <span class='ocrx_word' id='word_1_47' title='bbox 1180 883 1305 940; x_wconf 89' lang='lat' dir='ltr'><strong>dicit</strong></span> <span class='ocrx_word' id='word_1_48' title='bbox 1336 883 1404 937; x_wconf 87' lang='lat' dir='ltr'><strong>de</strong></span> <span class='ocrx_word' id='word_1_49' title='bbox 1428 881 1745 950; x_wconf 77' lang='lat' dir='ltr'><strong>stillicidiis,</strong></span> 
     </span>
    </p>
   </div>
   <div class='ocr_carea' id='block_1_8' title="bbox 188 971 1752 1043">
    <p class='ocr_par' dir='ltr' id='par_1_8' title="bbox 188 971 1752 1043">
     <span class='ocr_line' id='line_1_8' title="bbox 188 971 1752 1043; baseline -0.001 -16"><span class='ocrx_word' id='word_1_50' title='bbox 188 987 292 1041; x_wconf 66' lang='lat' dir='ltr'><strong>quas</strong></span> <span class='ocrx_word' id='word_1_51' title='bbox 310 972 372 1025; x_wconf 92' lang='lat' dir='ltr'><strong>ad</strong></span> <span class='ocrx_word' id='word_1_52' title='bbox 394 971 706 1027; x_wconf 85' lang='lat' dir='ltr'><strong>inchoantes</strong></span> <span class='ocrx_word' id='word_1_53' title='bbox 728 974 1020 1043; x_wconf 89' lang='lat' dir='ltr'><strong>respiciunt</strong></span> <span class='ocrx_word' id='word_1_54' title='bbox 1039 974 1395 1038; x_wconf 90' lang='lat' dir='ltr'><strong>Christianos,</strong></span> <span class='ocrx_word' id='word_1_55' title='bbox 1420 972 1634 1043; x_wconf 88' lang='lat' dir='ltr'><strong>quando</strong></span> <span class='ocrx_word' id='word_1_56' title='bbox 1655 987 1752 1026; x_wconf 88' lang='lat' dir='ltr'><strong>an-</strong></span> 
     </span>
    </p>
   </div>
   <div class='ocr_carea' id='block_1_9' title="bbox 184 1063 1751 1135">
    <p class='ocr_par' dir='ltr' id='par_1_9' title="bbox 184 1063 1751 1135">
     <span class='ocr_line' id='line_1_9' title="bbox 184 1063 1751 1135; baseline 0.001 -18"><span class='ocrx_word' id='word_1_57' title='bbox 184 1072 373 1132; x_wconf 86' lang='lat' dir='ltr'><strong>gustata</strong></span> <span class='ocrx_word' id='word_1_58' title='bbox 392 1063 687 1132; x_wconf 84' lang='lat' dir='ltr'><strong>primordia</strong></span> <span class='ocrx_word' id='word_1_59' title='bbox 710 1065 964 1119; x_wconf 88' lang='lat' dir='ltr'><strong>latissima</strong></span> <span class='ocrx_word' id='word_1_60' title='bbox 990 1082 1096 1119; x_wconf 91' lang='lat' dir='ltr'><strong>non</strong></span> <span class='ocrx_word' id='word_1_61' title='bbox 1121 1074 1296 1135; x_wconf 84' lang='lat' dir='ltr'><strong>potest</strong></span> <span class='ocrx_word' id='word_1_62' title='bbox 1316 1066 1538 1120; x_wconf 81' lang='lat' dir='ltr'><strong>introire</strong></span> <span class='ocrx_word' id='word_1_63' title='bbox 1551 1064 1751 1119; x_wconf 86' lang='lat' dir='ltr'><strong>doctri-</strong></span> 
     </span>
    </p>
   </div>
   <div class='ocr_carea' id='block_1_10' title="bbox 184 1148 1754 1232">
    <p class='ocr_par' dir='ltr' id='par_1_10' title="bbox 184 1148 1754 1232">
     <span class='ocr_line' id='line_1_10' title="bbox 184 1148 1754 1232; baseline 0 -25"><span class='ocrx_word' id='word_1_64' title='bbox 184 1167 260 1217; x_wconf 82' lang='lat' dir='ltr'><strong>na;</strong></span> <span class='ocrx_word' id='word_1_65' title='bbox 275 1152 337 1207; x_wconf 89' lang='lat' dir='ltr'><strong>de</strong></span> <span class='ocrx_word' id='word_1_66' title='bbox 348 1148 539 1221; x_wconf 91' lang='lat' dir='ltr'><strong>quibus</strong></span> <span class='ocrx_word' id='word_1_67' title='bbox 556 1153 979 1223; x_wconf 90' lang='lat' dir='ltr'><strong>dicitApostolus</strong></span> <span class='ocrx_word' id='word_1_68' title='bbox 999 1173 1013 1209; x_wconf 90' lang='lat'><strong>:</strong></span> <span class='ocrx_word' id='word_1_69' title='bbox 1035 1153 1156 1209; x_wconf 83' lang='lat' dir='ltr'><strong>Non</strong></span> <span class='ocrx_word' id='word_1_70' title='bbox 1172 1157 1315 1225; x_wconf 85' lang='lat' dir='ltr'><strong>potui</strong></span> <span class='ocrx_word' id='word_1_71' title='bbox 1326 1156 1460 1207; x_wconf 87' lang='lat' dir='ltr'><strong>vobis</strong></span> <span class='ocrx_word' id='word_1_72' title='bbox 1473 1155 1754 1232; x_wconf 68' lang='lat' dir='ltr'><strong>loquiquq—</strong></span> 
     </span>
    </p>
   </div>
   <div class='ocr_carea' id='block_1_11' title="bbox 168 1236 1748 1316">
    <p class='ocr_par' dir='ltr' id='par_1_11' title="bbox 168 1236 1748 1316">
     <span class='ocr_line' id='line_1_11' title="bbox 168 1236 1748 1316; baseline 0.001 -18"><span class='ocrx_word' id='word_1_73' title='bbox 168 1236 222 1298; x_wconf 65' lang='grc' dir='ltr'><strong><em>Ἥ</em></strong></span> <span class='ocrx_word' id='word_1_74' title='bbox 239 1243 604 1312; x_wconf 73' lang='lat' dir='ltr'><strong>spiritualilms,</strong></span> <span class='ocrx_word' id='word_1_75' title='bbox 635 1245 725 1299; x_wconf 84' lang='lat' dir='ltr'><strong>sed</strong></span> <span class='ocrx_word' id='word_1_76' title='bbox 750 1247 899 1316; x_wconf 86' lang='lat' dir='ltr'><strong>quasi</strong></span> <span class='ocrx_word' id='word_1_77' title='bbox 924 1247 1233 1301; x_wconf 87' lang='lat' dir='ltr'><strong>carnalibus.</strong></span> <span class='ocrx_word' id='word_1_78' title='bbox 1262 1247 1424 1313; x_wconf 80' lang='lat' dir='ltr'><strong>Quasi</strong></span> <span class='ocrx_word' id='word_1_79' title='bbox 1448 1244 1676 1315; x_wconf 81' lang='lat' dir='ltr'><strong>parvulis</strong></span> <span class='ocrx_word' id='word_1_80' title='bbox 1698 1246 1748 1299; x_wconf 90' lang='lat' dir='ltr'><strong>in</strong></span> 
     </span>
    </p>
   </div>
   <div class='ocr_carea' id='block_1_12' title="bbox 182 1334 1748 1409">
    <p class='ocr_par' dir='ltr' id='par_1_12' title="bbox 182 1334 1748 1409">
     <span class='ocr_line' id='line_1_12' title="bbox 182 1334 1748 1409; baseline 0.001 -19"><span class='ocrx_word' id='word_1_81' title='bbox 182 1334 367 1390; x_wconf 84' lang='lat' dir='ltr'><strong>Christo</strong></span> <span class='ocrx_word' id='word_1_82' title='bbox 388 1337 469 1390; x_wconf 90' lang='lat' dir='ltr'><strong>lac</strong></span> <span class='ocrx_word' id='word_1_83' title='bbox 488 1338 628 1391; x_wconf 87' lang='lat' dir='ltr'><strong>vobis</strong></span> <span class='ocrx_word' id='word_1_84' title='bbox 650 1347 824 1409; x_wconf 90' lang='lat' dir='ltr'><strong>potum</strong></span> <span class='ocrx_word' id='word_1_85' title='bbox 845 1339 984 1406; x_wconf 87' lang='lat' dir='ltr'><strong>dedi,</strong></span> <span class='ocrx_word' id='word_1_86' title='bbox 1007 1356 1109 1393; x_wconf 90' lang='lat' dir='ltr'><strong>non</strong></span> <span class='ocrx_word' id='word_1_87' title='bbox 1128 1336 1356 1408; x_wconf 61' lang='lat' dir='ltr'><strong>escam“</strong></span> <span class='ocrx_word' id='word_1_88' title='bbox 1375 1338 1493 1393; x_wconf 88' lang='lat' dir='ltr'><strong>Cor.</strong></span> <span class='ocrx_word' id='word_1_89' title='bbox 1510 1352 1587 1401; x_wconf 79' lang='grc' dir='ltr'><strong>ιιι,</strong></span> <span class='ocrx_word' id='word_1_90' title='bbox 1608 1336 1748 1404; x_wconf 78' lang='grc' dir='ltr'><strong>1,⁶ὶ).</strong></span> 
     </span>
    </p>
   </div>
   <div class='ocr_carea' id='block_1_13' title="bbox 181 1423 1747 1500">
    <p class='ocr_par' dir='ltr' id='par_1_13' title="bbox 181 1423 1747 1500">
     <span class='ocr_line' id='line_1_13' title="bbox 181 1423 1747 1500; baseline 0.001 -18"><span class='ocrx_word' id='word_1_91' title='bbox 181 1423 447 1482; x_wconf 84' lang='lat' dir='ltr'><strong>Stillicidia</strong></span> <span class='ocrx_word' id='word_1_92' title='bbox 498 1428 645 1482; x_wconf 89' lang='lat' dir='ltr'><strong>enim</strong></span> <span class='ocrx_word' id='word_1_93' title='bbox 691 1438 811 1483; x_wconf 91' lang='lat' dir='ltr'><strong>sunt</strong></span> <span class='ocrx_word' id='word_1_94' title='bbox 853 1439 1023 1500; x_wconf 59' lang='lat' dir='ltr'><strong>guttae</strong></span> <span class='ocrx_word' id='word_1_95' title='bbox 1072 1446 1192 1498; x_wconf 76' lang='lat' dir='ltr'><strong>quae</strong></span> <span class='ocrx_word' id='word_1_96' title='bbox 1221 1430 1289 1485; x_wconf 88' lang='lat' dir='ltr'><strong>de</strong></span> <span class='ocrx_word' id='word_1_97' title='bbox 1339 1430 1492 1485; x_wconf 88' lang='lat' dir='ltr'><strong>tectis</strong></span> <span class='ocrx_word' id='word_1_98' title='bbox 1528 1429 1747 1495; x_wconf 90' lang='lat' dir='ltr'><strong>cadunt,</strong></span> 
     </span>
    </p>
   </div>
   <div class='ocr_carea' id='block_1_14' title="bbox 178 1519 1749 1592">
    <p class='ocr_par' dir='ltr' id='par_1_14' title="bbox 178 1519 1749 1592">
     <span class='ocr_line' id='line_1_14' title="bbox 178 1519 1749 1592; baseline 0.001 -21"><span class='ocrx_word' id='word_1_99' title='bbox 178 1531 274 1572; x_wconf 90' lang='lat' dir='ltr'><strong>non</strong></span> <span class='ocrx_word' id='word_1_100' title='bbox 297 1519 551 1587; x_wconf 88' lang='lat' dir='ltr'><strong>pondere,</strong></span> <span class='ocrx_word' id='word_1_101' title='bbox 583 1521 674 1574; x_wconf 90' lang='lat' dir='ltr'><strong>sed</strong></span> <span class='ocrx_word' id='word_1_102' title='bbox 696 1521 1013 1576; x_wconf 81' lang='lat' dir='ltr'><strong>assiduitate</strong></span> <span class='ocrx_word' id='word_1_103' title='bbox 1044 1523 1395 1591; x_wconf 83' lang='lat' dir='ltr'><strong>penetrantia,</strong></span> <span class='ocrx_word' id='word_1_104' title='bbox 1426 1538 1546 1592; x_wconf 76' lang='lat' dir='ltr'><strong>qua:</strong></span> <span class='ocrx_word' id='word_1_105' title='bbox 1576 1538 1749 1592; x_wconf 86' lang='lat' dir='ltr'><strong>quan-</strong></span> 
     </span>
    </p>
   </div>
   <div class='ocr_carea' id='block_1_15' title="bbox 180 1608 1751 1683">
    <p class='ocr_par' dir='ltr' id='par_1_15' title="bbox 180 1608 1751 1683">
     <span class='ocr_line' id='line_1_15' title="bbox 180 1608 1751 1683; baseline 0.003 -22"><span class='ocrx_word' id='word_1_106' title='bbox 180 1616 278 1662; x_wconf 88' lang='lat' dir='ltr'><strong>tum</strong></span> <span class='ocrx_word' id='word_1_107' title='bbox 302 1608 495 1664; x_wconf 86' lang='lat' dir='ltr'><strong>distent</strong></span> <span class='ocrx_word' id='word_1_108' title='bbox 526 1626 558 1664; x_wconf 89' lang='lat' dir='ltr'><strong>a</strong></span> <span class='ocrx_word' id='word_1_109' title='bbox 587 1611 718 1665; x_wconf 84' lang='lat' dir='ltr'><strong>rivis</strong></span> <span class='ocrx_word' id='word_1_110' title='bbox 747 1612 909 1666; x_wconf 90' lang='lat' dir='ltr'><strong>etiam</strong></span> <span class='ocrx_word' id='word_1_111' title='bbox 938 1612 1162 1667; x_wconf 78' lang='lat' dir='ltr'><strong>visualis</strong></span> <span class='ocrx_word' id='word_1_112' title='bbox 1201 1613 1355 1667; x_wconf 89' lang='lat' dir='ltr'><strong>nobis</strong></span> <span class='ocrx_word' id='word_1_113' title='bbox 1384 1614 1521 1668; x_wconf 86' lang='lat' dir='ltr'><strong>ratio</strong></span> <span class='ocrx_word' id='word_1_114' title='bbox 1551 1612 1751 1683; x_wconf 86' lang='lat' dir='ltr'><strong>patefa-</strong></span> 
     </span>
    </p>
   </div>
   <div class='ocr_carea' id='block_1_16' title="bbox 178 1698 1745 1770">
    <p class='ocr_par' dir='ltr' id='par_1_16' title="bbox 178 1698 1745 1770">
     <span class='ocr_line' id='line_1_16' title="bbox 178 1698 1745 1770; baseline 0.004 -18"><span class='ocrx_word' id='word_1_115' title='bbox 178 1698 261 1753; x_wconf 90' lang='lat' dir='ltr'><strong>cit.</strong></span> <span class='ocrx_word' id='word_1_116' title='bbox 293 1699 430 1769; x_wconf 86' lang='lat' dir='ltr'><strong>Ergo</strong></span> <span class='ocrx_word' id='word_1_117' title='bbox 463 1702 518 1755; x_wconf 90' lang='lat' dir='ltr'><strong>in</strong></span> <span class='ocrx_word' id='word_1_118' title='bbox 560 1702 866 1769; x_wconf 84' lang='lat' dir='ltr'><strong>primordiis</strong></span> <span class='ocrx_word' id='word_1_119' title='bbox 906 1704 1017 1757; x_wconf 84' lang='lat' dir='ltr'><strong>suis</strong></span> <span class='ocrx_word' id='word_1_120' title='bbox 1047 1702 1305 1756; x_wconf 77' lang='lat' dir='ltr'><strong>ltetobitur</strong></span> <span class='ocrx_word' id='word_1_121' title='bbox 1334 1704 1507 1757; x_wconf 90' lang='lat' dir='ltr'><strong>omnis</strong></span> <span class='ocrx_word' id='word_1_122' title='bbox 1532 1703 1707 1759; x_wconf 81' lang='lat' dir='ltr'><strong>ﬁdelis</strong></span> <span class='ocrx_word' id='word_1_123' title='bbox 1729 1740 1745 1770; x_wconf 90' lang='lat'><strong>,</strong></span> 
     </span>
    </p>
   </div>
   <div class='ocr_carea' id='block_1_17' title="bbox 1853 605 3434 685">
    <p class='ocr_par' dir='ltr' id='par_1_17' title="bbox 1853 605 3434 685">
     <span class='ocr_line' id='line_1_17' title="bbox 1853 605 3434 685; baseline 0.01 -29"><span class='ocrx_word' id='word_1_124' title='bbox 1853 605 2187 661; x_wconf 77' lang='lat' dir='ltr'><strong>abundabunt</strong></span> <span class='ocrx_word' id='word_1_125' title='bbox 2222 607 2479 677; x_wconf 77' lang='lat' dir='ltr'><strong>frumento</strong></span> <span class='ocrx_word' id='word_1_126' title='bbox 2509 625 2527 662; x_wconf 90' lang='lat'><strong><em>:</em></strong></span> <span class='ocrx_word' id='word_1_127' title='bbox 2549 610 2734 679; x_wconf 84' lang='lat' dir='ltr'><strong>etenim</strong></span> <span class='ocrx_word' id='word_1_128' title='bbox 2766 610 3060 666; x_wconf 85' lang='lat' dir='ltr'><strong>clamabunt</strong></span> <span class='ocrx_word' id='word_1_129' title='bbox 3099 621 3147 667; x_wconf 88' lang='lat' dir='ltr'><strong>et</strong></span> <span class='ocrx_word' id='word_1_130' title='bbox 3186 616 3434 685; x_wconf 79' lang='lat' dir='ltr'><strong>hymnum</strong></span> 
     </span>
    </p>
   </div>
   <div class='ocr_carea' id='block_1_18' title="bbox 1853 692 3435 776">
    <p class='ocr_par' dir='ltr' id='par_1_18' title="bbox 1853 692 3435 776">
     <span class='ocr_line' id='line_1_18' title="bbox 1853 692 3435 776; baseline 0.011 -31"><span class='ocrx_word' id='word_1_131' title='bbox 1853 693 2041 749; x_wconf 81' lang='lat' dir='ltr'><strong>dicent.</strong></span> <span class='ocrx_word' id='word_1_132' title='bbox 2067 692 2246 749; x_wconf 86' lang='lat' dir='ltr'><strong>Induti</strong></span> <span class='ocrx_word' id='word_1_133' title='bbox 2269 706 2418 763; x_wconf 83' lang='lat' dir='ltr'><strong>sunt,</strong></span> <span class='ocrx_word' id='word_1_134' title='bbox 2452 698 2593 753; x_wconf 84' lang='lat' dir='ltr'><strong>illam</strong></span> <span class='ocrx_word' id='word_1_135' title='bbox 2627 709 2829 755; x_wconf 83' lang='lat' dir='ltr'><strong>vestem</strong></span> <span class='ocrx_word' id='word_1_136' title='bbox 2852 703 3143 771; x_wconf 76' lang='lat' dir='ltr'><strong>nuptialem</strong></span> <span class='ocrx_word' id='word_1_137' title='bbox 3170 705 3435 776; x_wconf 80' lang='lat' dir='ltr'><strong>significat</strong></span> 
     </span>
    </p>
   </div>
   <div class='ocr_carea' id='block_1_19' title="bbox 1852 787 3433 871">
    <p class='ocr_par' dir='ltr' id='par_1_19' title="bbox 1852 787 3433 871">
     <span class='ocr_line' id='line_1_19' title="bbox 1852 787 3433 871; baseline 0.008 -32"><span class='ocrx_word' id='word_1_138' title='bbox 1852 800 1955 853; x_wconf 90' lang='lat' dir='ltr'><strong>qua</strong></span> <span class='ocrx_word' id='word_1_139' title='bbox 1987 788 2171 840; x_wconf 76' lang='lat' dir='ltr'><strong>arietes</strong></span> <span class='ocrx_word' id='word_1_140' title='bbox 2225 789 2429 852; x_wconf 82' lang='lat' dir='ltr'><strong>ovium,</strong></span> <span class='ocrx_word' id='word_1_141' title='bbox 2470 787 2521 842; x_wconf 91' lang='lat' dir='ltr'><strong>id</strong></span> <span class='ocrx_word' id='word_1_142' title='bbox 2567 798 2651 844; x_wconf 86' lang='lat' dir='ltr'><strong>est</strong></span> <span class='ocrx_word' id='word_1_143' title='bbox 2682 792 2909 860; x_wconf 89' lang='lat' dir='ltr'><strong>apostoli</strong></span> <span class='ocrx_word' id='word_1_144' title='bbox 2943 802 2999 848; x_wconf 91' lang='lat' dir='ltr'><strong>et</strong></span> <span class='ocrx_word' id='word_1_145' title='bbox 3021 796 3193 848; x_wconf 92' lang='lat' dir='ltr'><strong>sancti</strong></span> <span class='ocrx_word' id='word_1_146' title='bbox 3239 788 3433 871; x_wconf 81' lang='lat' dir='ltr'><strong>reliqui</strong></span> 
     </span>
    </p>
   </div>
   <div class='ocr_carea' id='block_1_20' title="bbox 1852 877 3433 957">
    <p class='ocr_par' dir='ltr' id='par_1_20' title="bbox 1852 877 3433 957">
     <span class='ocr_line' id='line_1_20' title="bbox 1852 877 3433 957; baseline 0.009 -28"><span class='ocrx_word' id='word_1_147' title='bbox 1852 877 2167 945; x_wconf 80' lang='lat' dir='ltr'><strong>vestientur,</strong></span> <span class='ocrx_word' id='word_1_148' title='bbox 2196 878 2286 948; x_wconf 89' lang='lat' dir='ltr'><strong>qui</strong></span> <span class='ocrx_word' id='word_1_149' title='bbox 2314 878 2573 933; x_wconf 69' lang='lat' dir='ltr'><strong>doctrina:</strong></span> <span class='ocrx_word' id='word_1_150' title='bbox 2602 881 2757 937; x_wconf 68' lang='lat' dir='ltr'><strong>bonae</strong></span> <span class='ocrx_word' id='word_1_151' title='bbox 2782 882 2900 955; x_wconf 88' lang='lat' dir='ltr'><strong>[ms.</strong></span> <span class='ocrx_word' id='word_1_152' title='bbox 2939 883 3029 951; x_wconf 70' lang='lat'><strong>(2.,</strong></span> <span class='ocrx_word' id='word_1_153' title='bbox 3062 885 3224 957; x_wconf 88' lang='lat' dir='ltr'><strong>bono]</strong></span> <span class='ocrx_word' id='word_1_154' title='bbox 3268 888 3433 943; x_wconf 84' lang='lat' dir='ltr'><strong>duces</strong></span> 
     </span>
    </p>
   </div>
   <div class='ocr_carea' id='block_1_21' title="bbox 1852 970 3435 1045">
    <p class='ocr_par' dir='ltr' id='par_1_21' title="bbox 1852 970 3435 1045">
     <span class='ocr_line' id='line_1_21' title="bbox 1852 970 3435 1045; baseline 0.007 -23"><span class='ocrx_word' id='word_1_155' title='bbox 1852 970 2177 1025; x_wconf 82' lang='lat' dir='ltr'><strong>exstiterunt</strong></span> <span class='ocrx_word' id='word_1_156' title='bbox 2224 970 2419 1042; x_wconf 82' lang='lat' dir='ltr'><strong>pepulo</strong></span> <span class='ocrx_word' id='word_1_157' title='bbox 2449 970 2780 1029; x_wconf 85' lang='lat' dir='ltr'><strong>Christiano.</strong></span> <span class='ocrx_word' id='word_1_158' title='bbox 2806 976 3083 1045; x_wconf 85' lang='lat' dir='ltr'><strong>Sequitur,</strong></span> <span class='ocrx_word' id='word_1_159' title='bbox 3114 986 3160 1032; x_wconf 88' lang='lat' dir='ltr'><strong>et</strong></span> <span class='ocrx_word' id='word_1_160' title='bbox 3181 977 3435 1033; x_wconf 82' lang='lat' dir='ltr'><strong>convalles</strong></span> 
     </span>
    </p>
   </div>
   <div class='ocr_carea' id='block_1_22' title="bbox 1852 1059 3439 1139">
    <p class='ocr_par' dir='ltr' id='par_1_22' title="bbox 1852 1059 3439 1139">
     <span class='ocr_line' id='line_1_22' title="bbox 1852 1059 3439 1139; baseline 0.008 -26"><span class='ocrx_word' id='word_1_161' title='bbox 1852 1059 2186 1113; x_wconf 85' lang='lat' dir='ltr'><strong>abundabunt</strong></span> <span class='ocrx_word' id='word_1_162' title='bbox 2235 1062 2514 1139; x_wconf 83' lang='lat' dir='ltr'><strong>frumento.</strong></span> <span class='ocrx_word' id='word_1_163' title='bbox 2556 1061 2824 1118; x_wconf 78' lang='lat' dir='ltr'><strong>Convalles</strong></span> <span class='ocrx_word' id='word_1_164' title='bbox 2866 1068 3092 1136; x_wconf 87' lang='lat' dir='ltr'><strong>populos</strong></span> <span class='ocrx_word' id='word_1_165' title='bbox 3136 1069 3439 1139; x_wconf 80' lang='lat' dir='ltr'><strong>signiﬁcant</strong></span> 
     </span>
    </p>
   </div>
   <div class='ocr_carea' id='block_1_23' title="bbox 1853 1147 3434 1228">
    <p class='ocr_par' dir='ltr' id='par_1_23' title="bbox 1853 1147 3434 1228">
     <span class='ocr_line' id='line_1_23' title="bbox 1853 1147 3434 1228; baseline 0.008 -26"><span class='ocrx_word' id='word_1_166' title='bbox 1853 1147 2081 1204; x_wconf 90' lang='lat' dir='ltr'><strong>humiles</strong></span> <span class='ocrx_word' id='word_1_167' title='bbox 2104 1190 2121 1214; x_wconf 90' lang='lat'><strong>,</strong></span> <span class='ocrx_word' id='word_1_168' title='bbox 2154 1151 2275 1219; x_wconf 85' lang='lat' dir='ltr'><strong>quia</strong></span> <span class='ocrx_word' id='word_1_169' title='bbox 2309 1151 2444 1206; x_wconf 84' lang='lat' dir='ltr'><strong>nihil</strong></span> <span class='ocrx_word' id='word_1_170' title='bbox 2495 1151 2579 1207; x_wconf 89' lang='lat' dir='ltr'><strong>bis</strong></span> <span class='ocrx_word' id='word_1_171' title='bbox 2622 1152 2908 1223; x_wconf 86' lang='lat' dir='ltr'><strong>humilius,</strong></span> <span class='ocrx_word' id='word_1_172' title='bbox 2959 1172 3079 1226; x_wconf 75' lang='lat' dir='ltr'><strong>qua:</strong></span> <span class='ocrx_word' id='word_1_173' title='bbox 3110 1157 3162 1212; x_wconf 91' lang='lat' dir='ltr'><strong>in</strong></span> <span class='ocrx_word' id='word_1_174' title='bbox 3206 1160 3434 1228; x_wconf 89' lang='lat' dir='ltr'><strong>quadam</strong></span> 
     </span>
    </p>
   </div>
   <div class='ocr_carea' id='block_1_24' title="bbox 1852 1236 3436 1315">
    <p class='ocr_par' dir='ltr' id='par_1_24' title="bbox 1852 1236 3436 1315">
     <span class='ocr_line' id='line_1_24' title="bbox 1852 1236 3436 1315; baseline 0.007 -21"><span class='ocrx_word' id='word_1_175' title='bbox 1852 1247 2013 1295; x_wconf 86' lang='lat' dir='ltr'><strong>terrae</strong></span> <span class='ocrx_word' id='word_1_176' title='bbox 2067 1242 2404 1297; x_wconf 89' lang='lat' dir='ltr'><strong>concavitate</strong></span> <span class='ocrx_word' id='word_1_177' title='bbox 2460 1242 2814 1298; x_wconf 89' lang='lat' dir='ltr'><strong>descendunt.</strong></span> <span class='ocrx_word' id='word_1_178' title='bbox 2872 1236 2960 1299; x_wconf 75' lang='lat' dir='ltr'><strong>lSti</strong></span> <span class='ocrx_word' id='word_1_179' title='bbox 3021 1261 3149 1315; x_wconf 81' lang='lat' dir='ltr'><strong>ergo</strong></span> <span class='ocrx_word' id='word_1_180' title='bbox 3205 1239 3436 1307; x_wconf 84' lang='lat' dir='ltr'><strong>humiles</strong></span> 
     </span>
    </p>
   </div>
   <div class='ocr_carea' id='block_1_25' title="bbox 1850 1322 3435 1411">
    <p class='ocr_par' dir='ltr' id='par_1_25' title="bbox 1850 1322 3435 1411">
     <span class='ocr_line' id='line_1_25' title="bbox 1850 1322 3435 1411; baseline 0.004 -22"><span class='ocrx_word' id='word_1_181' title='bbox 1850 1337 2186 1391; x_wconf 86' lang='lat' dir='ltr'><strong>abundabunt</strong></span> <span class='ocrx_word' id='word_1_182' title='bbox 2215 1338 2504 1408; x_wconf 80' lang='lat' dir='ltr'><strong>frumento,</strong></span> <span class='ocrx_word' id='word_1_183' title='bbox 2538 1342 2681 1395; x_wconf 87' lang='lat' dir='ltr'><strong>sicut</strong></span> <span class='ocrx_word' id='word_1_184' title='bbox 2728 1342 2821 1397; x_wconf 89' lang='lat' dir='ltr'><strong>ille</strong></span> <span class='ocrx_word' id='word_1_185' title='bbox 2862 1322 3173 1411; x_wconf 76' lang='lat' dir='ltr'><strong>publicanus</strong></span> <span class='ocrx_word' id='word_1_186' title='bbox 3200 1341 3291 1411; x_wconf 89' lang='lat' dir='ltr'><strong>qui</strong></span> <span class='ocrx_word' id='word_1_187' title='bbox 3336 1356 3435 1396; x_wconf 88' lang='lat' dir='ltr'><strong>nec</strong></span> 
     </span>
    </p>
   </div>
   <div class='ocr_carea' id='block_1_26' title="bbox 1852 1429 3435 1503">
    <p class='ocr_par' dir='ltr' id='par_1_26' title="bbox 1852 1429 3435 1503">
     <span class='ocr_line' id='line_1_26' title="bbox 1852 1429 3435 1503; baseline 0.003 -20"><span class='ocrx_word' id='word_1_188' title='bbox 1852 1429 2041 1484; x_wconf 89' lang='lat' dir='ltr'><strong>oculos</strong></span> <span class='ocrx_word' id='word_1_189' title='bbox 2074 1430 2311 1485; x_wconf 83' lang='lat' dir='ltr'><strong>audebat</strong></span> <span class='ocrx_word' id='word_1_190' title='bbox 2339 1434 2405 1503; x_wconf 87' lang='lat' dir='ltr'><strong>ad</strong></span> <span class='ocrx_word' id='word_1_191' title='bbox 2436 1432 2629 1487; x_wconf 75' lang='lat' dir='ltr'><strong>cretum</strong></span> <span class='ocrx_word' id='word_1_192' title='bbox 2662 1434 2899 1503; x_wconf 81' lang='lat' dir='ltr'><strong>erigere,</strong></span> <span class='ocrx_word' id='word_1_193' title='bbox 2932 1449 3032 1489; x_wconf 91' lang='lat' dir='ltr'><strong>nec</strong></span> <span class='ocrx_word' id='word_1_194' title='bbox 3059 1435 3232 1501; x_wconf 71' lang='lat' dir='ltr'><strong>ali&#39;tua</strong></span> <span class='ocrx_word' id='word_1_195' title='bbox 3274 1434 3435 1488; x_wconf 87' lang='lat' dir='ltr'><strong>meri-</strong></span> 
     </span>
    </p>
   </div>
   <div class='ocr_carea' id='block_1_27' title="bbox 1853 1514 3435 1591">
    <p class='ocr_par' dir='ltr' id='par_1_27' title="bbox 1853 1514 3435 1591">
     <span class='ocr_line' id='line_1_27' title="bbox 1853 1514 3435 1591; baseline 0.004 -19"><span class='ocrx_word' id='word_1_196' title='bbox 1853 1528 2030 1573; x_wconf 73' lang='lat' dir='ltr'><strong>tarum</strong></span> <span class='ocrx_word' id='word_1_197' title='bbox 2062 1521 2485 1590; x_wconf 63' lang='lat' dir='ltr'><strong>praesumptione</strong></span> <span class='ocrx_word' id='word_1_198' title='bbox 2524 1523 2817 1577; x_wconf 84' lang='lat' dir='ltr'><strong>cenfidere.</strong></span> <span class='ocrx_word' id='word_1_199' title='bbox 2850 1514 3132 1577; x_wconf 85' lang='lat' dir='ltr'><strong>Abundavit</strong></span> <span class='ocrx_word' id='word_1_200' title='bbox 3156 1518 3435 1591; x_wconf 72' lang='lat' dir='ltr'><strong>frumento,</strong></span> 
     </span>
    </p>
   </div>
   <div class='ocr_carea' id='block_1_28' title="bbox 1849 1600 3437 1685">
    <p class='ocr_par' dir='ltr' id='par_1_28' title="bbox 1849 1600 3437 1685">
     <span class='ocr_line' id='line_1_28' title="bbox 1849 1600 3437 1685; baseline 0.003 -21"><span class='ocrx_word' id='word_1_201' title='bbox 1849 1612 1972 1681; x_wconf 87' lang='lat' dir='ltr'><strong>quia</strong></span> <span class='ocrx_word' id='word_1_202' title='bbox 2003 1612 2220 1685; x_wconf 85' lang='lat' dir='ltr'><strong>humilis</strong></span> <span class='ocrx_word' id='word_1_203' title='bbox 2258 1600 2516 1670; x_wconf 79' lang='lat' dir='ltr'><strong>convallis</strong></span> <span class='ocrx_word' id='word_1_204' title='bbox 2564 1613 2665 1669; x_wconf 87' lang='lat' dir='ltr'><strong>fuit</strong></span> <span class='ocrx_word' id='word_1_205' title='bbox 2706 1632 2719 1668; x_wconf 91' lang='lat'>:</span> <span class='ocrx_word' id='word_1_206' title='bbox 2749 1604 2967 1670; x_wconf 88' lang='lat' dir='ltr'><strong>erectus</strong></span> <span class='ocrx_word' id='word_1_207' title='bbox 2997 1624 3080 1669; x_wconf 88' lang='lat' dir='ltr'><strong>est</strong></span> <span class='ocrx_word' id='word_1_208' title='bbox 3114 1616 3235 1684; x_wconf 88' lang='lat' dir='ltr'><strong>quia</strong></span> <span class='ocrx_word' id='word_1_209' title='bbox 3261 1656 3276 1679; x_wconf 92' lang='lat'><strong>,</strong></span> <span class='ocrx_word' id='word_1_210' title='bbox 3303 1632 3437 1685; x_wconf 72' lang='lat' dir='ltr'><strong>pra:-</strong></span> 
     </span>
    </p>
   </div>
   <div class='ocr_carea' id='block_1_29' title="bbox 1849 1692 3435 1782">
    <p class='ocr_par' dir='ltr' id='par_1_29' title="bbox 1849 1692 3435 1782">
     <span class='ocr_line' id='line_1_29' title="bbox 1849 1692 3435 1782; baseline 0.001 -26"><span class='ocrx_word' id='word_1_211' title='bbox 1849 1712 2026 1759; x_wconf 84' lang='lat' dir='ltr'><strong>stante</strong></span> <span class='ocrx_word' id='word_1_212' title='bbox 2053 1704 2300 1771; x_wconf 86' lang='lat' dir='ltr'><strong>Domino,</strong></span> <span class='ocrx_word' id='word_1_213' title='bbox 2346 1720 2407 1761; x_wconf 88' lang='lat' dir='ltr'><strong>se</strong></span> <span class='ocrx_word' id='word_1_214' title='bbox 2434 1705 2549 1776; x_wconf 87' lang='lat' dir='ltr'><strong>ipse</strong></span> <span class='ocrx_word' id='word_1_215' title='bbox 2572 1696 2797 1782; x_wconf 28' lang='lat' dir='ltr'><strong>d‘ejecit&#39;:</strong></span> <span class='ocrx_word' id='word_1_216' title='bbox 2823 1715 2879 1760; x_wconf 90' lang='lat' dir='ltr'><strong>ct</strong></span> <span class='ocrx_word' id='word_1_217' title='bbox 2899 1705 3018 1760; x_wconf 88' lang='lat' dir='ltr'><strong>ideo</strong></span> <span class='ocrx_word' id='word_1_218' title='bbox 3046 1706 3235 1759; x_wconf 90' lang='lat' dir='ltr'><strong>fortior</strong></span> <span class='ocrx_word' id='word_1_219' title='bbox 3266 1692 3435 1759; x_wconf 77' lang='lat' dir='ltr'><strong>lactus</strong></span> 
     </span>
    </p>
   </div>
   <div class='ocr_carea' id='block_1_30' title="bbox 176 1785 3434 1880">
    <p class='ocr_par' dir='ltr' id='par_1_30' title="bbox 176 1785 3434 1880">
     <span class='ocr_line' id='line_1_30' title="bbox 176 1785 3434 1880; baseline 0.003 -38"><span class='ocrx_word' id='word_1_220' title='bbox 176 1804 280 1842; x_wconf 85' lang='lat' dir='ltr'><strong>cum</strong></span> <span class='ocrx_word' id='word_1_221' title='bbox 301 1792 557 1845; x_wconf 73' lang='lat' dir='ltr'><strong>exorietur</strong></span> <span class='ocrx_word' id='word_1_222' title='bbox 575 1808 640 1847; x_wconf 82' lang='lat' dir='ltr'><strong>ex</strong></span> <span class='ocrx_word' id='word_1_223' title='bbox 670 1808 805 1862; x_wconf 86' lang='lat' dir='ltr'><strong>aqua</strong></span> <span class='ocrx_word' id='word_1_224' title='bbox 835 1801 890 1848; x_wconf 89' lang='lat' dir='ltr'><strong>et</strong></span> <span class='ocrx_word' id='word_1_225' title='bbox 916 1794 1114 1861; x_wconf 82' lang='lat' dir='ltr'><strong>Spiritu</strong></span> <span class='ocrx_word' id='word_1_226' title='bbox 1143 1804 1348 1859; x_wconf 75' lang='lat' dir='ltr'><strong>sancto,</strong></span> <span class='ocrx_word' id='word_1_227' title='bbox 1382 1794 1594 1863; x_wconf 85' lang='lat' dir='ltr'><strong>quando</strong></span> <span class='ocrx_word' id='word_1_228' title='bbox 1622 1809 1749 1850; x_wconf 86' lang='lat' dir='ltr'><strong>vere</strong></span> <span class='ocrx_word' id='word_1_229' title='bbox 1782 1874 1785 1877; x_wconf 8' lang='grc' dir='ltr'>ἰ</span> <span class='ocrx_word' id='word_1_230' title='bbox 1852 1807 1956 1865; x_wconf 89' lang='lat' dir='ltr'><strong>est,</strong></span> <span class='ocrx_word' id='word_1_231' title='bbox 1979 1798 2101 1873; x_wconf 82' lang='lat' dir='ltr'><strong>quia</strong></span> <span class='ocrx_word' id='word_1_232' title='bbox 2131 1799 2279 1854; x_wconf 89' lang='lat' dir='ltr'><strong>vires</strong></span> <span class='ocrx_word' id='word_1_233' title='bbox 2307 1794 2433 1854; x_wconf 76' lang='lat' dir='ltr'><strong>Suas</strong></span> <span class='ocrx_word' id='word_1_234' title='bbox 2452 1799 2721 1880; x_wconf 78' lang='lat' dir='ltr'><strong>invalidas</strong></span> <span class='ocrx_word' id='word_1_235' title='bbox 2750 1814 2870 1855; x_wconf 89' lang='lat' dir='ltr'><strong>esse</strong></span> <span class='ocrx_word' id='word_1_236' title='bbox 2888 1799 3166 1854; x_wconf 82' lang='lat' dir='ltr'><strong>confessus</strong></span> <span class='ocrx_word' id='word_1_237' title='bbox 3192 1807 3294 1853; x_wconf 89' lang='lat' dir='ltr'><strong>est.</strong></span> <span class='ocrx_word' id='word_1_238' title='bbox 3325 1785 3434 1851; x_wconf 76' lang='lat' dir='ltr'><strong>Ad-</strong></span> 
     </span>
    </p>
   </div>
   <div class='ocr_carea' id='block_1_31' title="bbox 181 1878 3437 1961">
    <p class='ocr_par' dir='ltr' id='par_1_31' title="bbox 181 1878 3437 1961">
     <span class='ocr_line' id='line_1_31' title="bbox 181 1878 3437 1961; baseline 0.002 -26"><span class='ocrx_word' id='word_1_239' title='bbox 181 1883 519 1952; x_wconf 89' lang='lat' dir='ltr'><strong>renascimur,</strong></span> <span class='ocrx_word' id='word_1_240' title='bbox 550 1894 604 1939; x_wconf 91' lang='lat' dir='ltr'><strong>et</strong></span> <span class='ocrx_word' id='word_1_241' title='bbox 630 1884 813 1954; x_wconf 74' lang='lat' dir='ltr'><strong>gloriae</strong></span> <span class='ocrx_word' id='word_1_242' title='bbox 838 1884 1047 1940; x_wconf 85' lang='lat' dir='ltr'><strong>Domini</strong></span> <span class='ocrx_word' id='word_1_243' title='bbox 1080 1886 1247 1952; x_wconf 86' lang='lat' dir='ltr'><strong>ipsius</strong></span> <span class='ocrx_word' id='word_1_244' title='bbox 1276 1886 1582 1953; x_wconf 82' lang='lat' dir='ltr'><strong>dignatione</strong></span> <span class='ocrx_word' id='word_1_245' title='bbox 1610 1901 1746 1955; x_wconf 78' lang='lat' dir='ltr'><strong>prae-</strong></span> <span class='ocrx_word' id='word_1_246' title='bbox 1777 1880 1823 1939; x_wconf 84' lang='grc' dir='ltr'>Β</span> <span class='ocrx_word' id='word_1_247' title='bbox 1847 1889 2009 1959; x_wconf 84' lang='lat' dir='ltr'><strong>jecit,</strong></span> <span class='ocrx_word' id='word_1_248' title='bbox 2045 1890 2337 1943; x_wconf 81' lang='lat' dir='ltr'><strong>clamabunt</strong></span> <span class='ocrx_word' id='word_1_249' title='bbox 2374 1900 2422 1946; x_wconf 90' lang='lat' dir='ltr'><strong>et</strong></span> <span class='ocrx_word' id='word_1_250' title='bbox 2446 1878 2695 1961; x_wconf 79' lang='lat' dir='ltr'><strong>hymnum</strong></span> <span class='ocrx_word' id='word_1_251' title='bbox 2722 1892 2913 1945; x_wconf 82' lang='lat' dir='ltr'><strong>dicent.</strong></span> <span class='ocrx_word' id='word_1_252' title='bbox 2944 1878 3141 1945; x_wconf 78' lang='lat' dir='ltr'><strong>Finalis</strong></span> <span class='ocrx_word' id='word_1_253' title='bbox 3168 1890 3271 1944; x_wconf 90' lang='lat' dir='ltr'><strong>ista</strong></span> <span class='ocrx_word' id='word_1_254' title='bbox 3309 1904 3437 1944; x_wconf 76' lang='lat' dir='ltr'><strong>con~</strong></span> 
     </span>
    </p>
   </div>
   <div class='ocr_carea' id='block_1_32' title="bbox 182 1975 1749 2045">
    <p class='ocr_par' dir='ltr' id='par_1_32' title="bbox 182 1975 1749 2045">
     <span class='ocr_line' id='line_1_32' title="bbox 182 1975 1749 2045; baseline 0.004 -21"><span class='ocrx_word' id='word_1_255' title='bbox 182 1985 437 2041; x_wconf 84' lang='lat' dir='ltr'><strong>paramur.</strong></span> <span class='ocrx_word' id='word_1_256' title='bbox 465 1975 562 2030; x_wconf 81' lang='lat' dir='ltr'><strong>Est</strong></span> <span class='ocrx_word' id='word_1_257' title='bbox 588 1975 727 2029; x_wconf 91' lang='lat' dir='ltr'><strong>enim</strong></span> <span class='ocrx_word' id='word_1_258' title='bbox 759 1975 912 2030; x_wconf 90' lang='lat' dir='ltr'><strong>nobis</strong></span> <span class='ocrx_word' id='word_1_259' title='bbox 943 1984 1069 2030; x_wconf 90' lang='lat' dir='ltr'><strong>tunc</strong></span> <span class='ocrx_word' id='word_1_260' title='bbox 1090 1991 1276 2044; x_wconf 85' lang='lat' dir='ltr'><strong>magna</strong></span> <span class='ocrx_word' id='word_1_261' title='bbox 1302 1975 1505 2043; x_wconf 71' lang='lat' dir='ltr'><strong>lastitia,</strong></span> <span class='ocrx_word' id='word_1_262' title='bbox 1536 1977 1749 2045; x_wconf 81' lang='lat' dir='ltr'><strong>quando</strong></span> 
     </span>
    </p>
   </div>
   <div class='ocr_carea' id='block_1_33' title="bbox 181 2064 1749 2137">
    <p class='ocr_par' dir='ltr' id='par_1_33' title="bbox 181 2064 1749 2137">
     <span class='ocr_line' id='line_1_33' title="bbox 181 2064 1749 2137; baseline 0.004 -21"><span class='ocrx_word' id='word_1_263' title='bbox 181 2064 365 2134; x_wconf 86' lang='lat' dir='ltr'><strong>antiqui</strong></span> <span class='ocrx_word' id='word_1_264' title='bbox 395 2065 631 2123; x_wconf 83' lang='lat' dir='ltr'><strong>hominis</strong></span> <span class='ocrx_word' id='word_1_265' title='bbox 664 2075 927 2122; x_wconf 78' lang='lat' dir='ltr'><strong>vetustate</strong></span> <span class='ocrx_word' id='word_1_266' title='bbox 964 2067 1226 2136; x_wconf 88' lang='lat' dir='ltr'><strong>deposita,</strong></span> <span class='ocrx_word' id='word_1_267' title='bbox 1260 2068 1313 2121; x_wconf 91' lang='lat' dir='ltr'><strong>in</strong></span> <span class='ocrx_word' id='word_1_268' title='bbox 1342 2083 1497 2121; x_wconf 69' lang='lat' dir='ltr'><strong>nova:</strong></span> <span class='ocrx_word' id='word_1_269' title='bbox 1529 2077 1749 2137; x_wconf 49' lang='lat' dir='ltr'><strong>regeue-h</strong></span> 
     </span>
    </p>
   </div>
   <div class='ocr_carea' id='block_1_34' title="bbox 181 2154 1750 2227">
    <p class='ocr_par' dir='ltr' id='par_1_34' title="bbox 181 2154 1750 2227">
     <span class='ocr_line' id='line_1_34' title="bbox 181 2154 1750 2227; baseline 0.003 -20"><span class='ocrx_word' id='word_1_270' title='bbox 181 2154 384 2209; x_wconf 84' lang='lat' dir='ltr'><strong>rationis</strong></span> <span class='ocrx_word' id='word_1_271' title='bbox 405 2159 597 2227; x_wconf 86' lang='lat' dir='ltr'><strong>gaudia</strong></span> <span class='ocrx_word' id='word_1_272' title='bbox 624 2168 1038 2213; x_wconf 87' lang='lat' dir='ltr'><strong>commutamur.</strong></span> <span class='ocrx_word' id='word_1_273' title='bbox 1072 2158 1174 2214; x_wconf 86' lang='lat' dir='ltr'><strong>Sed</strong></span> <span class='ocrx_word' id='word_1_274' title='bbox 1206 2160 1328 2213; x_wconf 89' lang='lat' dir='ltr'><strong>licet</strong></span> <span class='ocrx_word' id='word_1_275' title='bbox 1364 2159 1480 2212; x_wconf 58' lang='lat' dir='ltr'><strong>haec</strong></span> <span class='ocrx_word' id='word_1_276' title='bbox 1510 2158 1600 2212; x_wconf 90' lang='lat' dir='ltr'><strong>Dei</strong></span> <span class='ocrx_word' id='word_1_277' title='bbox 1634 2174 1750 2212; x_wconf 83' lang='lat' dir='ltr'><strong>mu-</strong></span> 
     </span>
    </p>
   </div>
   <div class='ocr_carea' id='block_1_35' title="bbox 182 2248 1751 2320">
    <p class='ocr_par' dir='ltr' id='par_1_35' title="bbox 182 2248 1751 2320">
     <span class='ocr_line' id='line_1_35' title="bbox 182 2248 1751 2320; baseline 0.003 -22"><span class='ocrx_word' id='word_1_278' title='bbox 182 2259 294 2299; x_wconf 85' lang='lat' dir='ltr'><strong>nera</strong></span> <span class='ocrx_word' id='word_1_279' title='bbox 346 2248 454 2303; x_wconf 90' lang='lat' dir='ltr'><strong>alio</strong></span> <span class='ocrx_word' id='word_1_280' title='bbox 511 2250 674 2304; x_wconf 90' lang='lat' dir='ltr'><strong>modo</strong></span> <span class='ocrx_word' id='word_1_281' title='bbox 730 2251 783 2305; x_wconf 91' lang='lat' dir='ltr'><strong>in</strong></span> <span class='ocrx_word' id='word_1_282' title='bbox 831 2250 1149 2304; x_wconf 81' lang='lat' dir='ltr'><strong>auctoritate</strong></span> <span class='ocrx_word' id='word_1_283' title='bbox 1204 2251 1375 2320; x_wconf 88' lang='lat' dir='ltr'><strong>posita</strong></span> <span class='ocrx_word' id='word_1_284' title='bbox 1430 2251 1751 2316; x_wconf 83' lang='lat' dir='ltr'><strong>videantur,</strong></span> 
     </span>
    </p>
   </div>
   <div class='ocr_carea' id='block_1_36' title="bbox 179 2342 1751 2414">
    <p class='ocr_par' dir='ltr' id='par_1_36' title="bbox 179 2342 1751 2414">
     <span class='ocr_line' id='line_1_36' title="bbox 179 2342 1751 2414; baseline 0.004 -24"><span class='ocrx_word' id='word_1_285' title='bbox 179 2350 421 2395; x_wconf 86' lang='lat' dir='ltr'><strong>conversa</strong></span> <span class='ocrx_word' id='word_1_286' title='bbox 472 2350 650 2397; x_wconf 89' lang='lat' dir='ltr'><strong>tamen</strong></span> <span class='ocrx_word' id='word_1_287' title='bbox 692 2352 976 2414; x_wconf 90' lang='lat' dir='ltr'><strong>provectus</strong></span> <span class='ocrx_word' id='word_1_288' title='bbox 1024 2342 1191 2398; x_wconf 89' lang='lat' dir='ltr'><strong>nostri</strong></span> <span class='ocrx_word' id='word_1_289' title='bbox 1218 2343 1460 2398; x_wconf 90' lang='lat' dir='ltr'><strong>ordinem</strong></span> <span class='ocrx_word' id='word_1_290' title='bbox 1505 2343 1751 2398; x_wconf 84' lang='lat' dir='ltr'><strong>videntur</strong></span> 
     </span>
    </p>
   </div>
   <div class='ocr_carea' id='block_1_37' title="bbox 180 2435 1747 2491">
    <p class='ocr_par' dir='ltr' id='par_1_37' title="bbox 180 2435 1747 2491">
     <span class='ocr_line' id='line_1_37' title="bbox 180 2435 1747 2491; baseline 0.004 -8"><span class='ocrx_word' id='word_1_291' title='bbox 180 2440 467 2488; x_wconf 88' lang='lat' dir='ltr'><strong>monstrare</strong></span> <span class='ocrx_word' id='word_1_292' title='bbox 520 2435 905 2490; x_wconf 88' lang='lat' dir='ltr'><strong>certissimum.</strong></span> <span class='ocrx_word' id='word_1_293' title='bbox 936 2435 1117 2490; x_wconf 88' lang='lat' dir='ltr'><strong>Primo</strong></span> <span class='ocrx_word' id='word_1_294' title='bbox 1164 2437 1306 2491; x_wconf 89' lang='lat' dir='ltr'><strong>enim</strong></span> <span class='ocrx_word' id='word_1_295' title='bbox 1356 2436 1578 2491; x_wconf 89' lang='lat' dir='ltr'><strong>ariditas</strong></span> <span class='ocrx_word' id='word_1_296' title='bbox 1627 2436 1747 2489; x_wconf 81' lang='lat' dir='ltr'><strong>ﬁdei</strong></span> 
     </span>
    </p>
   </div>
   <div class='ocr_carea' id='block_1_38' title="bbox 180 2518 1750 2593">
    <p class='ocr_par' dir='ltr' id='par_1_38' title="bbox 180 2518 1750 2593">
     <span class='ocr_line' id='line_1_38' title="bbox 180 2518 1750 2593; baseline 0.004 -21"><span class='ocrx_word' id='word_1_297' title='bbox 180 2518 484 2589; x_wconf 86' lang='lat' dir='ltr'><strong>quibusdam</strong></span> <span class='ocrx_word' id='word_1_298' title='bbox 525 2523 814 2578; x_wconf 88' lang='lat' dir='ltr'><strong>stillicidiis</strong></span> <span class='ocrx_word' id='word_1_299' title='bbox 862 2525 1163 2588; x_wconf 85' lang='lat' dir='ltr'><strong>animatur;</strong></span> <span class='ocrx_word' id='word_1_300' title='bbox 1200 2535 1317 2593; x_wconf 89' lang='lat' dir='ltr'><strong>post</strong></span> <span class='ocrx_word' id='word_1_301' title='bbox 1360 2526 1485 2579; x_wconf 83' lang='lat' dir='ltr'><strong>rivis</strong></span> <span class='ocrx_word' id='word_1_302' title='bbox 1527 2525 1750 2581; x_wconf 79' lang='lat' dir='ltr'><strong>allltnn-</strong></span> 
     </span>
    </p>
   </div>
   <div class='ocr_carea' id='block_1_39' title="bbox 180 2611 1747 2684">
    <p class='ocr_par' dir='ltr' id='par_1_39' title="bbox 180 2611 1747 2684">
     <span class='ocr_line' id='line_1_39' title="bbox 180 2611 1747 2684; baseline 0.002 -18"><span class='ocrx_word' id='word_1_303' title='bbox 180 2611 307 2668; x_wconf 88' lang='lat' dir='ltr'><strong>tibus</strong></span> <span class='ocrx_word' id='word_1_304' title='bbox 329 2612 655 2683; x_wconf 86' lang='lat' dir='ltr'><strong>irrigamur:</strong></span> <span class='ocrx_word' id='word_1_305' title='bbox 683 2614 900 2681; x_wconf 91' lang='lat' dir='ltr'><strong>deinde,</strong></span> <span class='ocrx_word' id='word_1_306' title='bbox 929 2616 1066 2670; x_wconf 88' lang='lat' dir='ltr'><strong>sicut</strong></span> <span class='ocrx_word' id='word_1_307' title='bbox 1100 2616 1227 2671; x_wconf 90' lang='lat' dir='ltr'><strong>dicit</strong></span> <span class='ocrx_word' id='word_1_308' title='bbox 1259 2631 1443 2672; x_wconf 85' lang='lat' dir='ltr'><strong>versus</strong></span> <span class='ocrx_word' id='word_1_309' title='bbox 1472 2617 1747 2684; x_wconf 75' lang='lat' dir='ltr'><strong>superior,</strong></span> 
     </span>
    </p>
   </div>
   <div class='ocr_carea' id='block_1_40' title="bbox 180 2700 1749 2777">
    <p class='ocr_par' dir='ltr' id='par_1_40' title="bbox 180 2700 1749 2777">
     <span class='ocr_line' id='line_1_40' title="bbox 180 2700 1749 2777; baseline 0.003 -22"><span class='ocrx_word' id='word_1_310' title='bbox 180 2700 237 2756; x_wconf 85' lang='lat' dir='ltr'><strong>ad</strong></span> <span class='ocrx_word' id='word_1_311' title='bbox 279 2704 523 2758; x_wconf 82' lang='lat' dir='ltr'><strong>ﬂuminis</strong></span> <span class='ocrx_word' id='word_1_312' title='bbox 564 2705 707 2759; x_wconf 89' lang='lat' dir='ltr'><strong>illius</strong></span> <span class='ocrx_word' id='word_1_313' title='bbox 747 2705 1129 2775; x_wconf 87' lang='lat' dir='ltr'><strong>plenitudinem</strong></span> <span class='ocrx_word' id='word_1_314' title='bbox 1155 2750 1170 2772; x_wconf 92' lang='lat'><strong>,</strong></span> <span class='ocrx_word' id='word_1_315' title='bbox 1217 2708 1440 2775; x_wconf 89' lang='lat' dir='ltr'><strong>juvaute</strong></span> <span class='ocrx_word' id='word_1_316' title='bbox 1491 2708 1749 2777; x_wconf 83' lang='lat' dir='ltr'><strong>Domino,</strong></span> 
     </span>
    </p>
   </div>
   <div class='ocr_carea' id='block_1_41' title="bbox 184 2795 1752 2868">
    <p class='ocr_par' dir='ltr' id='par_1_41' title="bbox 184 2795 1752 2868">
     <span class='ocr_line' id='line_1_41' title="bbox 184 2795 1752 2868; baseline 0.004 -20"><span class='ocrx_word' id='word_1_317' title='bbox 184 2796 543 2863; x_wconf 81' lang='lat' dir='ltr'><strong>pervenimus.</strong></span> <span class='ocrx_word' id='word_1_318' title='bbox 577 2795 666 2853; x_wconf 88' lang='lat' dir='ltr'><strong>Sic</strong></span> <span class='ocrx_word' id='word_1_319' title='bbox 693 2812 789 2868; x_wconf 87' lang='lat' dir='ltr'><strong>per</strong></span> <span class='ocrx_word' id='word_1_320' title='bbox 832 2798 949 2853; x_wconf 64' lang='lat' dir='ltr'><strong>haec</strong></span> <span class='ocrx_word' id='word_1_321' title='bbox 980 2798 1079 2853; x_wconf 88' lang='lat' dir='ltr'><strong>tria</strong></span> <span class='ocrx_word' id='word_1_322' title='bbox 1129 2797 1294 2854; x_wconf 88' lang='lat' dir='ltr'><strong>divini</strong></span> <span class='ocrx_word' id='word_1_323' title='bbox 1334 2801 1573 2865; x_wconf 86' lang='lat' dir='ltr'><strong>muneris</strong></span> <span class='ocrx_word' id='word_1_324' title='bbox 1620 2799 1752 2854; x_wconf 84' lang='lat' dir='ltr'><strong>ordo</strong></span> 
     </span>
    </p>
   </div>
   <div class='ocr_carea' id='block_1_42' title="bbox 183 2881 494 2942">
    <p class='ocr_par' dir='ltr' id='par_1_42' title="bbox 183 2881 494 2942">
     <span class='ocr_line' id='line_1_42' title="bbox 183 2881 494 2942; baseline 0.013 -5"><span class='ocrx_word' id='word_1_325' title='bbox 183 2881 494 2942; x_wconf 81' lang='lat' dir='ltr'><strong>declratur.</strong></span> 
     </span>
    </p>
   </div>
   <div class='ocr_carea' id='block_1_43' title="bbox 243 2976 1749 3055">
    <p class='ocr_par' dir='ltr' id='par_1_43' title="bbox 243 2976 1749 3055">
     <span class='ocr_line' id='line_1_43' title="bbox 243 2976 1749 3055; baseline 0.003 -24"><span class='ocrx_word' id='word_1_326' title='bbox 243 2976 389 3033; x_wconf 76' lang='lat' dir='ltr'><strong>Vera.</strong></span> <span class='ocrx_word' id='word_1_327' title='bbox 417 2978 507 3033; x_wconf 78' lang='grc'><strong>14.</strong></span> <span class='ocrx_word' id='word_1_328' title='bbox 532 2976 806 3035; x_wconf 83' lang='lat' dir='ltr'><strong>Benedices</strong></span> <span class='ocrx_word' id='word_1_329' title='bbox 855 2997 1096 3036; x_wconf 81' lang='lat' dir='ltr'><strong>coronam</strong></span> <span class='ocrx_word' id='word_1_330' title='bbox 1125 2983 1249 3036; x_wconf 90' lang='lat' dir='ltr'><strong>anni</strong></span> <span class='ocrx_word' id='word_1_331' title='bbox 1280 2982 1603 3055; x_wconf 80' lang='lat' dir='ltr'><strong>benignitatis</strong></span> <span class='ocrx_word' id='word_1_332' title='bbox 1629 2992 1749 3047; x_wconf 77' lang='lat' dir='ltr'><strong>tute,</strong></span> 
     </span>
    </p>
   </div>
   <div class='ocr_carea' id='block_1_44' title="bbox 177 3068 1753 3141">
    <p class='ocr_par' dir='ltr' id='par_1_44' title="bbox 177 3068 1753 3141">
     <span class='ocr_line' id='line_1_44' title="bbox 177 3068 1753 3141; baseline 0.005 -21"><span class='ocrx_word' id='word_1_333' title='bbox 177 3074 219 3119; x_wconf 86' lang='lat' dir='ltr'><strong>et</strong></span> <span class='ocrx_word' id='word_1_334' title='bbox 245 3068 409 3140; x_wconf 83' lang='lat' dir='ltr'><strong>campi</strong></span> <span class='ocrx_word' id='word_1_335' title='bbox 449 3068 530 3121; x_wconf 83' lang='lat' dir='ltr'><strong>tui</strong></span> <span class='ocrx_word' id='word_1_336' title='bbox 559 3071 885 3141; x_wconf 88' lang='lat' dir='ltr'><strong>replebuntur</strong></span> <span class='ocrx_word' id='word_1_337' title='bbox 909 3073 1158 3126; x_wconf 84' lang='lat' dir='ltr'><strong>ubertate.</strong></span> <span class='ocrx_word' id='word_1_338' title='bbox 1196 3071 1399 3126; x_wconf 87' lang='lat' dir='ltr'><strong>Corona</strong></span> <span class='ocrx_word' id='word_1_339' title='bbox 1441 3074 1566 3126; x_wconf 86' lang='lat' dir='ltr'><strong>anni</strong></span> <span class='ocrx_word' id='word_1_340' title='bbox 1611 3082 1753 3128; x_wconf 81' lang='lat' dir='ltr'><strong>totus</strong></span> 
     </span>
    </p>
   </div>
   <div class='ocr_carea' id='block_1_45' title="bbox 173 3155 1745 3233">
    <p class='ocr_par' dir='ltr' id='par_1_45' title="bbox 173 3155 1745 3233">
     <span class='ocr_line' id='line_1_45' title="bbox 173 3155 1745 3233; baseline 0.004 -22"><span class='ocrx_word' id='word_1_341' title='bbox 173 3155 252 3214; x_wconf 84' lang='lat' dir='ltr'><strong>hic</strong></span> <span class='ocrx_word' id='word_1_342' title='bbox 302 3159 542 3215; x_wconf 81' lang='lat' dir='ltr'><strong>mundus</strong></span> <span class='ocrx_word' id='word_1_343' title='bbox 595 3163 976 3216; x_wconf 85' lang='lat' dir='ltr'><strong>convenienter</strong></span> <span class='ocrx_word' id='word_1_344' title='bbox 1029 3163 1327 3217; x_wconf 87' lang='lat' dir='ltr'><strong>advertitur</strong></span> <span class='ocrx_word' id='word_1_345' title='bbox 1356 3205 1371 3230; x_wconf 93' lang='lat'><strong>,</strong></span> <span class='ocrx_word' id='word_1_346' title='bbox 1438 3179 1532 3230; x_wconf 90' lang='lat' dir='ltr'><strong>per</strong></span> <span class='ocrx_word' id='word_1_347' title='bbox 1587 3180 1745 3233; x_wconf 84' lang='lat' dir='ltr'><strong>quem</strong></span> 
     </span>
    </p>
   </div>
   <div class='ocr_carea' id='block_1_46' title="bbox 170 3248 1822 3312">
    <p class='ocr_par' dir='ltr' id='par_1_46' title="bbox 170 3248 1822 3312">
     <span class='ocr_line' id='line_1_46' title="bbox 170 3248 1822 3312; baseline 0.003 -5"><span class='ocrx_word' id='word_1_348' title='bbox 170 3252 415 3310; x_wconf 85' lang='lat' dir='ltr'><strong>catholica</strong></span> <span class='ocrx_word' id='word_1_349' title='bbox 436 3254 706 3309; x_wconf 84' lang='lat' dir='ltr'><strong>dilatatur</strong></span> <span class='ocrx_word' id='word_1_350' title='bbox 730 3253 992 3309; x_wconf 83' lang='lat' dir='ltr'><strong>Ecclesia.</strong></span> <span class='ocrx_word' id='word_1_351' title='bbox 1025 3253 1290 3310; x_wconf 83' lang='lat' dir='ltr'><strong>Benedicit</strong></span> <span class='ocrx_word' id='word_1_352' title='bbox 1320 3256 1462 3310; x_wconf 84' lang='lat' dir='ltr'><strong>enim</strong></span> <span class='ocrx_word' id='word_1_353' title='bbox 1495 3256 1749 3312; x_wconf 86' lang='lat' dir='ltr'><strong>Dominus</strong></span> <span class='ocrx_word' id='word_1_354' title='bbox 1777 3248 1822 3311; x_wconf 89' lang='lat' dir='ltr'><strong>C</strong></span> 
     </span>
    </p>
   </div>
   <div class='ocr_carea' id='block_1_47' title="bbox 173 3343 1744 3416">
    <p class='ocr_par' dir='ltr' id='par_1_47' title="bbox 173 3343 1744 3416">
     <span class='ocr_line' id='line_1_47' title="bbox 173 3343 1744 3416; baseline 0 -17"><span class='ocrx_word' id='word_1_355' title='bbox 173 3358 292 3414; x_wconf 79' lang='lat' dir='ltr'><strong>quos</strong></span> <span class='ocrx_word' id='word_1_356' title='bbox 318 3361 443 3403; x_wconf 80' lang='lat' dir='ltr'><strong>vere</strong></span> <span class='ocrx_word' id='word_1_357' title='bbox 481 3343 668 3400; x_wconf 76' lang='lat' dir='ltr'><strong>iecerit</strong></span> <span class='ocrx_word' id='word_1_358' title='bbox 686 3345 1020 3400; x_wconf 87' lang='lat' dir='ltr'><strong>Christianos</strong></span> <span class='ocrx_word' id='word_1_359' title='bbox 1046 3346 1280 3416; x_wconf 83' lang='lat' dir='ltr'><strong>ﬂumine,</strong></span> <span class='ocrx_word' id='word_1_360' title='bbox 1302 3346 1431 3412; x_wconf 80' lang='lat' dir='ltr'><strong>rivo,</strong></span> <span class='ocrx_word' id='word_1_361' title='bbox 1459 3346 1744 3414; x_wconf 86' lang='lat' dir='ltr'><strong>stillicidia,</strong></span> 
     </span>
    </p>
   </div>
   <div class='ocr_carea' id='block_1_48' title="bbox 174 3438 1746 3508">
    <p class='ocr_par' dir='ltr' id='par_1_48' title="bbox 174 3438 1746 3508">
     <span class='ocr_line' id='line_1_48' title="bbox 174 3438 1746 3508; baseline 0.001 -16"><span class='ocrx_word' id='word_1_362' title='bbox 174 3451 279 3505; x_wconf 62' lang='lat' dir='ltr'><strong>quae</strong></span> <span class='ocrx_word' id='word_1_363' title='bbox 310 3440 417 3507; x_wconf 83' lang='lat' dir='ltr'><strong>jam</strong></span> <span class='ocrx_word' id='word_1_364' title='bbox 444 3439 705 3506; x_wconf 78' lang='lat' dir='ltr'><strong>superius</strong></span> <span class='ocrx_word' id='word_1_365' title='bbox 738 3438 889 3493; x_wconf 89' lang='lat' dir='ltr'><strong>dixit.</strong></span> <span class='ocrx_word' id='word_1_366' title='bbox 921 3438 1125 3494; x_wconf 82' lang='lat' dir='ltr'><strong>Deinde</strong></span> <span class='ocrx_word' id='word_1_367' title='bbox 1152 3440 1273 3494; x_wconf 85' lang='lat' dir='ltr'><strong>vi-le</strong></span> <span class='ocrx_word' id='word_1_368' title='bbox 1306 3438 1431 3508; x_wconf 90' lang='lat' dir='ltr'><strong>quid</strong></span> <span class='ocrx_word' id='word_1_369' title='bbox 1458 3440 1700 3507; x_wconf 85' lang='lat' dir='ltr'><strong>sequitur</strong></span> <span class='ocrx_word' id='word_1_370' title='bbox 1731 3457 1746 3494; x_wconf 90' lang='lat'><strong>:</strong></span> 
     </span>
    </p>
   </div>
   <div class='ocr_carea' id='block_1_49' title="bbox 178 3527 1748 3604">
    <p class='ocr_par' dir='ltr' id='par_1_49' title="bbox 178 3527 1748 3604">
     <span class='ocr_line' id='line_1_49' title="bbox 178 3527 1748 3604; baseline 0.004 -23"><span class='ocrx_word' id='word_1_371' title='bbox 178 3527 236 3583; x_wconf 84' lang='lat' dir='ltr'><strong>Et</strong></span> <span class='ocrx_word' id='word_1_372' title='bbox 254 3534 409 3604; x_wconf 68' lang='grc' dir='ltr'><strong>σανιρὶ</strong></span> <span class='ocrx_word' id='word_1_373' title='bbox 422 3535 449 3586; x_wconf 82' lang='grc'><strong>’1</strong></span> <span class='ocrx_word' id='word_1_374' title='bbox 462 3532 521 3585; x_wconf 84' lang='lat' dir='ltr'><strong>ui</strong></span> <span class='ocrx_word' id='word_1_375' title='bbox 543 3532 869 3602; x_wconf 86' lang='lat' dir='ltr'><strong>replebuntur</strong></span> <span class='ocrx_word' id='word_1_376' title='bbox 894 3531 1141 3586; x_wconf 87' lang='lat' dir='ltr'><strong>ubertate.</strong></span> <span class='ocrx_word' id='word_1_377' title='bbox 1169 3531 1387 3602; x_wconf 85' lang='lat' dir='ltr'><strong>Campos</strong></span> <span class='ocrx_word' id='word_1_378' title='bbox 1413 3533 1543 3587; x_wconf 85' lang='lat' dir='ltr'><strong>dicit</strong></span> <span class='ocrx_word' id='word_1_379' title='bbox 1566 3533 1748 3588; x_wconf 55' lang='lat' dir='ltr'><strong>fideles</strong></span> 
     </span>
    </p>
   </div>
   <div class='ocr_carea' id='block_1_50' title="bbox 178 3622 1749 3695">
    <p class='ocr_par' dir='ltr' id='par_1_50' title="bbox 178 3622 1749 3695">
     <span class='ocr_line' id='line_1_50' title="bbox 178 3622 1749 3695; baseline 0.002 -18"><span class='ocrx_word' id='word_1_380' title='bbox 178 3622 403 3680; x_wconf 79' lang='lat' dir='ltr'><strong>homines</strong></span> <span class='ocrx_word' id='word_1_381' title='bbox 469 3632 627 3695; x_wconf 88' lang='lat' dir='ltr'><strong>atque</strong></span> <span class='ocrx_word' id='word_1_382' title='bbox 678 3624 897 3693; x_wconf 82' lang='lat' dir='ltr'><strong>justus,</strong></span> <span class='ocrx_word' id='word_1_383' title='bbox 955 3625 1047 3694; x_wconf 89' lang='lat' dir='ltr'><strong>qui</strong></span> <span class='ocrx_word' id='word_1_384' title='bbox 1113 3624 1399 3693; x_wconf 71' lang='lat' dir='ltr'><strong>acquaiitati</strong></span> <span class='ocrx_word' id='word_1_385' title='bbox 1453 3641 1749 3695; x_wconf 82' lang='lat' dir='ltr'><strong>camporum</strong></span> 
     </span>
    </p>
   </div>
   <div class='ocr_carea' id='block_1_51' title="bbox 178 3715 1750 3785">
    <p class='ocr_par' dir='ltr' id='par_1_51' title="bbox 178 3715 1750 3785">
     <span class='ocr_line' id='line_1_51' title="bbox 178 3715 1750 3785; baseline 0.003 -18"><span class='ocrx_word' id='word_1_386' title='bbox 178 3715 480 3782; x_wconf 72' lang='lat' dir='ltr'><strong>mquissimo</strong></span> <span class='ocrx_word' id='word_1_387' title='bbox 510 3723 728 3785; x_wconf 86' lang='lat' dir='ltr'><strong>pectore</strong></span> <span class='ocrx_word' id='word_1_388' title='bbox 749 3724 1150 3784; x_wconf 89' lang='lat' dir='ltr'><strong>comparantur.</strong></span> <span class='ocrx_word' id='word_1_389' title='bbox 1173 3716 1332 3770; x_wconf 84' lang='lat' dir='ltr'><strong>Tales</strong></span> <span class='ocrx_word' id='word_1_390' title='bbox 1356 3716 1499 3771; x_wconf 85' lang='lat' dir='ltr'><strong>enim</strong></span> <span class='ocrx_word' id='word_1_391' title='bbox 1522 3721 1750 3772; x_wconf 81' lang='lat' dir='ltr'><strong>ubertate</strong></span> 
     </span>
    </p>
   </div>
   <div class='ocr_carea' id='block_1_52' title="bbox 176 3807 1751 3879">
    <p class='ocr_par' dir='ltr' id='par_1_52' title="bbox 176 3807 1751 3879">
     <span class='ocr_line' id='line_1_52' title="bbox 176 3807 1751 3879; baseline 0.002 -20"><span class='ocrx_word' id='word_1_392' title='bbox 176 3807 438 3875; x_wconf 79' lang='lat' dir='ltr'><strong>replentur,</strong></span> <span class='ocrx_word' id='word_1_393' title='bbox 493 3808 618 3876; x_wconf 88' lang='lat' dir='ltr'><strong>quia</strong></span> <span class='ocrx_word' id='word_1_394' title='bbox 666 3807 894 3862; x_wconf 82' lang='lat' dir='ltr'><strong>fructum</strong></span> <span class='ocrx_word' id='word_1_395' title='bbox 942 3807 1317 3872; x_wconf 85' lang='lat' dir='ltr'><strong>tricenarium,</strong></span> <span class='ocrx_word' id='word_1_396' title='bbox 1360 3818 1414 3863; x_wconf 93' lang='lat' dir='ltr'><strong>et</strong></span> <span class='ocrx_word' id='word_1_397' title='bbox 1453 3823 1751 3879; x_wconf 75' lang='lat' dir='ltr'><strong>sexagena-</strong></span> 
     </span>
    </p>
   </div>
   <div class='ocr_carea' id='block_1_53' title="bbox 175 3897 1753 3971">
    <p class='ocr_par' dir='ltr' id='par_1_53' title="bbox 175 3897 1753 3971">
     <span class='ocr_line' id='line_1_53' title="bbox 175 3897 1753 3971; baseline 0.001 -21"><span class='ocrx_word' id='word_1_398' title='bbox 175 3897 332 3965; x_wconf 89' lang='lat' dir='ltr'><strong>rium,</strong></span> <span class='ocrx_word' id='word_1_399' title='bbox 369 3900 457 3956; x_wconf 85' lang='lat' dir='ltr'><strong>vel</strong></span> <span class='ocrx_word' id='word_1_400' title='bbox 503 3899 906 3966; x_wconf 88' lang='lat' dir='ltr'><strong>centenarium,</strong></span> <span class='ocrx_word' id='word_1_401' title='bbox 940 3897 1166 3954; x_wconf 88' lang='lat' dir='ltr'><strong>Domino</strong></span> <span class='ocrx_word' id='word_1_402' title='bbox 1195 3899 1486 3970; x_wconf 83' lang='lat' dir='ltr'><strong>largiente,</strong></span> <span class='ocrx_word' id='word_1_403' title='bbox 1530 3910 1753 3971; x_wconf 85' lang='lat' dir='ltr'><strong>pra:sta-</strong></span> 
     </span>
    </p>
   </div>
   <div class='ocr_carea' id='block_1_54' title="bbox 175 3988 313 4047">
    <p class='ocr_par' dir='ltr' id='par_1_54' title="bbox 175 3988 313 4047">
     <span class='ocr_line' id='line_1_54' title="bbox 175 3988 313 4047; baseline 0.029 -4"><span class='ocrx_word' id='word_1_404' title='bbox 175 3988 313 4047; x_wconf 88' lang='lat' dir='ltr'><strong>bunt.</strong></span> 
     </span>
    </p>
   </div>
   <div class='ocr_carea' id='block_1_55' title="bbox 241 4083 1753 4158">
    <p class='ocr_par' dir='ltr' id='par_1_55' title="bbox 241 4083 1753 4158">
     <span class='ocr_line' id='line_1_55' title="bbox 241 4083 1753 4158; baseline 0.001 -21"><span class='ocrx_word' id='word_1_405' title='bbox 241 4083 391 4141; x_wconf 75' lang='lat' dir='ltr'><strong>Vera.</strong></span> <span class='ocrx_word' id='word_1_406' title='bbox 417 4085 511 4141; x_wconf 69' lang='grc'><strong>15.</strong></span> <span class='ocrx_word' id='word_1_407' title='bbox 541 4084 885 4158; x_wconf 87' lang='lat' dir='ltr'><strong>Pinguescent</strong></span> <span class='ocrx_word' id='word_1_408' title='bbox 920 4086 1049 4154; x_wconf 81' lang='lat' dir='ltr'><strong>ﬁnes</strong></span> <span class='ocrx_word' id='word_1_409' title='bbox 1078 4086 1294 4150; x_wconf 85' lang='lat' dir='ltr'><strong>deserti,</strong></span> <span class='ocrx_word' id='word_1_410' title='bbox 1324 4092 1373 4139; x_wconf 88' lang='lat' dir='ltr'><strong>et</strong></span> <span class='ocrx_word' id='word_1_411' title='bbox 1416 4084 1753 4139; x_wconf 75' lang='lat' dir='ltr'><strong>exsultatione</strong></span> 
     </span>
    </p>
   </div>
   <div class='ocr_carea' id='block_1_56' title="bbox 173 4177 1749 4249">
    <p class='ocr_par' dir='ltr' id='par_1_56' title="bbox 173 4177 1749 4249">
     <span class='ocr_line' id='line_1_56' title="bbox 173 4177 1749 4249; baseline 0 -18"><span class='ocrx_word' id='word_1_412' title='bbox 173 4177 324 4231; x_wconf 88' lang='lat' dir='ltr'><strong>colles</strong></span> <span class='ocrx_word' id='word_1_413' title='bbox 347 4178 698 4249; x_wconf 81' lang='lat' dir='ltr'><strong>accingentttr.</strong></span> <span class='ocrx_word' id='word_1_414' title='bbox 730 4177 888 4234; x_wconf 84' lang='lat' dir='ltr'><strong>Fines</strong></span> <span class='ocrx_word' id='word_1_415' title='bbox 909 4178 1096 4233; x_wconf 82' lang='lat' dir='ltr'><strong>deserti</strong></span> <span class='ocrx_word' id='word_1_416' title='bbox 1125 4178 1299 4247; x_wconf 90' lang='lat' dir='ltr'><strong>populi</strong></span> <span class='ocrx_word' id='word_1_417' title='bbox 1328 4178 1564 4247; x_wconf 81' lang='lat' dir='ltr'><strong>gentium</strong></span> <span class='ocrx_word' id='word_1_418' title='bbox 1596 4186 1749 4245; x_wconf 86' lang='lat' dir='ltr'><strong>sunt,</strong></span> 
     </span>
    </p>
   </div>
   <div class='ocr_carea' id='block_1_57' title="bbox 175 4269 1750 4341">
    <p class='ocr_par' dir='ltr' id='par_1_57' title="bbox 175 4269 1750 4341">
     <span class='ocr_line' id='line_1_57' title="bbox 175 4269 1750 4341; baseline 0.002 -20"><span class='ocrx_word' id='word_1_419' title='bbox 175 4270 234 4321; x_wconf 84' lang='lat' dir='ltr'><strong>ad</strong></span> <span class='ocrx_word' id='word_1_420' title='bbox 259 4284 393 4340; x_wconf 71' lang='lat' dir='ltr'><strong>quos</strong></span> <span class='ocrx_word' id='word_1_421' title='bbox 414 4270 600 4326; x_wconf 91' lang='lat' dir='ltr'><strong>nullus</strong></span> <span class='ocrx_word' id='word_1_422' title='bbox 621 4270 877 4341; x_wconf 87' lang='lat' dir='ltr'><strong>pr0pheta</strong></span> <span class='ocrx_word' id='word_1_423' title='bbox 902 4269 1075 4325; x_wconf 79' lang='lat' dir='ltr'><strong>fuerat</strong></span> <span class='ocrx_word' id='word_1_424' title='bbox 1098 4270 1431 4334; x_wconf 74' lang='lat' dir='ltr'><strong>desduatus;</strong></span> <span class='ocrx_word' id='word_1_425' title='bbox 1457 4269 1549 4323; x_wconf 86' lang='lat' dir='ltr'><strong>sed</strong></span> <span class='ocrx_word' id='word_1_426' title='bbox 1574 4270 1666 4323; x_wconf 91' lang='lat' dir='ltr'><strong>toti</strong></span> <span class='ocrx_word' id='word_1_427' title='bbox 1697 4269 1750 4324; x_wconf 93' lang='lat' dir='ltr'><strong>in</strong></span> 
     </span>
    </p>
   </div>
   <div class='ocr_carea' id='block_1_58' title="bbox 176 4361 1748 4433">
    <p class='ocr_par' dir='ltr' id='par_1_58' title="bbox 176 4361 1748 4433">
     <span class='ocr_line' id='line_1_58' title="bbox 176 4361 1748 4433; baseline 0.001 -18"><span class='ocrx_word' id='word_1_428' title='bbox 176 4361 349 4419; x_wconf 59' lang='lat' dir='ltr'><strong>iudica</strong></span> <span class='ocrx_word' id='word_1_429' title='bbox 375 4364 597 4419; x_wconf 85' lang='lat' dir='ltr'><strong>natione</strong></span> <span class='ocrx_word' id='word_1_430' title='bbox 640 4364 1046 4433; x_wconf 85' lang='lat' dir='ltr'><strong>prephetabant.</strong></span> <span class='ocrx_word' id='word_1_431' title='bbox 1080 4362 1170 4417; x_wconf 87' lang='lat' dir='ltr'><strong>isti</strong></span> <span class='ocrx_word' id='word_1_432' title='bbox 1213 4378 1343 4431; x_wconf 84' lang='lat' dir='ltr'><strong>ergo</strong></span> <span class='ocrx_word' id='word_1_433' title='bbox 1377 4364 1504 4430; x_wconf 83' lang='lat' dir='ltr'><strong>ﬁnes</strong></span> <span class='ocrx_word' id='word_1_434' title='bbox 1535 4362 1748 4430; x_wconf 84' lang='lat' dir='ltr'><strong>deserti,</strong></span> 
     </span>
    </p>
   </div>
   <div class='ocr_carea' id='block_1_59' title="bbox 182 4453 1753 4526">
    <p class='ocr_par' dir='ltr' id='par_1_59' title="bbox 182 4453 1753 4526">
     <span class='ocr_line' id='line_1_59' title="bbox 182 4453 1753 4526; baseline 0.001 -19"><span class='ocrx_word' id='word_1_435' title='bbox 182 4453 390 4525; x_wconf 76' lang='lat' dir='ltr'><strong>pingues</strong></span> <span class='ocrx_word' id='word_1_436' title='bbox 407 4471 605 4526; x_wconf 83' lang='lat' dir='ltr'><strong>magno</strong></span> <span class='ocrx_word' id='word_1_437' title='bbox 624 4472 847 4511; x_wconf 88' lang='lat' dir='ltr'><strong>munere</strong></span> <span class='ocrx_word' id='word_1_438' title='bbox 867 4454 1167 4510; x_wconf 78' lang='lat' dir='ltr'><strong>Divinitatis</strong></span> <span class='ocrx_word' id='word_1_439' title='bbox 1182 4453 1356 4510; x_wconf 72' lang='lat' dir='ltr'><strong>effecti</strong></span> <span class='ocrx_word' id='word_1_440' title='bbox 1374 4462 1514 4518; x_wconf 89' lang='lat' dir='ltr'><strong>sunt,</strong></span> <span class='ocrx_word' id='word_1_441' title='bbox 1540 4453 1753 4525; x_wconf 84' lang='lat' dir='ltr'><strong>quando</strong></span> 
     </span>
    </p>
   </div>
   <div class='ocr_carea' id='block_1_60' title="bbox 175 4546 1753 4620">
    <p class='ocr_par' dir='ltr' id='par_1_60' title="bbox 175 4546 1753 4620">
     <span class='ocr_line' id='line_1_60' title="bbox 175 4546 1753 4620; baseline 0.001 -21"><span class='ocrx_word' id='word_1_442' title='bbox 175 4546 235 4601; x_wconf 88' lang='lat' dir='ltr'><strong>ad</strong></span> <span class='ocrx_word' id='word_1_443' title='bbox 273 4563 364 4603; x_wconf 88' lang='lat' dir='ltr'><strong>eos</strong></span> <span class='ocrx_word' id='word_1_444' title='bbox 399 4549 770 4620; x_wconf 84' lang='lat' dir='ltr'><strong>apostolorum</strong></span> <span class='ocrx_word' id='word_1_445' title='bbox 814 4547 1126 4620; x_wconf 68' lang='lat' dir='ltr'><strong>praedicatio</strong></span> <span class='ocrx_word' id='word_1_446' title='bbox 1167 4556 1349 4601; x_wconf 91' lang='lat' dir='ltr'><strong>sancta</strong></span> <span class='ocrx_word' id='word_1_447' title='bbox 1384 4546 1654 4617; x_wconf 88' lang='lat' dir='ltr'><strong>pervenit,</strong></span> <span class='ocrx_word' id='word_1_448' title='bbox 1698 4553 1753 4602; x_wconf 89' lang='lat' dir='ltr'><strong>et</strong></span> 
     </span>
    </p>
   </div>
   <div class='ocr_carea' id='block_1_61' title="bbox 1852 1970 3437 2050">
    <p class='ocr_par' dir='ltr' id='par_1_61' title="bbox 1852 1970 3437 2050">
     <span class='ocr_line' id='line_1_61' title="bbox 1852 1970 3437 2050; baseline 0.001 -17"><span class='ocrx_word' id='word_1_449' title='bbox 1852 1979 2024 2033; x_wconf 80' lang='lat' dir='ltr'><strong>clusio</strong></span> <span class='ocrx_word' id='word_1_450' title='bbox 2069 1979 2304 2034; x_wconf 86' lang='lat' dir='ltr'><strong>ostendit</strong></span> <span class='ocrx_word' id='word_1_451' title='bbox 2332 1980 2488 2035; x_wconf 91' lang='lat' dir='ltr'><strong>nobis</strong></span> <span class='ocrx_word' id='word_1_452' title='bbox 2534 1982 2823 2036; x_wconf 41' lang='lat' dir='ltr'><strong>allusioztes</strong></span> <span class='ocrx_word' id='word_1_453' title='bbox 2860 1970 2982 2034; x_wconf 89' lang='lat' dir='ltr'><strong>illas</strong></span> <span class='ocrx_word' id='word_1_454' title='bbox 3012 1976 3146 2050; x_wconf 87' lang='lat' dir='ltr'><strong>quas</strong></span> <span class='ocrx_word' id='word_1_455' title='bbox 3184 1978 3437 2049; x_wconf 85' lang='lat' dir='ltr'><strong>superius</strong></span> 
     </span>
    </p>
   </div>
   <div class='ocr_carea' id='block_1_62' title="bbox 1856 2064 3433 2142">
    <p class='ocr_par' dir='ltr' id='par_1_62' title="bbox 1856 2064 3433 2142">
     <span class='ocr_line' id='line_1_62' title="bbox 1856 2064 3433 2142; baseline 0.002 -19"><span class='ocrx_word' id='word_1_456' title='bbox 1856 2069 2016 2138; x_wconf 85' lang='lat' dir='ltr'><strong>dixit,</strong></span> <span class='ocrx_word' id='word_1_457' title='bbox 2044 2071 2268 2142; x_wconf 88' lang='lat' dir='ltr'><strong>mystica</strong></span> <span class='ocrx_word' id='word_1_458' title='bbox 2298 2064 2651 2126; x_wconf 88' lang='lat' dir='ltr'><strong>similitudine</strong></span> <span class='ocrx_word' id='word_1_459' title='bbox 2672 2070 3061 2141; x_wconf 82' lang='lat' dir='ltr'><strong>suscipiendas.</strong></span> <span class='ocrx_word' id='word_1_460' title='bbox 3084 2072 3269 2141; x_wconf 85' lang='lat' dir='ltr'><strong>Neque</strong></span> <span class='ocrx_word' id='word_1_461' title='bbox 3291 2074 3433 2126; x_wconf 90' lang='lat' dir='ltr'><strong>enim</strong></span> 
     </span>
    </p>
   </div>
   <div class='ocr_carea' id='block_1_63' title="bbox 1855 2163 3435 2233">
    <p class='ocr_par' dir='ltr' id='par_1_63' title="bbox 1855 2163 3435 2233">
     <span class='ocr_line' id='line_1_63' title="bbox 1855 2163 3435 2233; baseline 0.002 -16"><span class='ocrx_word' id='word_1_462' title='bbox 1855 2163 1991 2218; x_wconf 86' lang='lat' dir='ltr'><strong>fines</strong></span> <span class='ocrx_word' id='word_1_463' title='bbox 2030 2164 2229 2220; x_wconf 86' lang='lat' dir='ltr'><strong>deserti</strong></span> <span class='ocrx_word' id='word_1_464' title='bbox 2266 2167 2593 2233; x_wconf 72' lang='lat' dir='ltr'><strong>clamabunt,</strong></span> <span class='ocrx_word' id='word_1_465' title='bbox 2634 2181 2735 2222; x_wconf 91' lang='lat' dir='ltr'><strong>nec</strong></span> <span class='ocrx_word' id='word_1_466' title='bbox 2767 2166 3067 2231; x_wconf 85' lang='lat' dir='ltr'><strong>convalles,</strong></span> <span class='ocrx_word' id='word_1_467' title='bbox 3099 2180 3201 2220; x_wconf 91' lang='lat' dir='ltr'><strong>nec</strong></span> <span class='ocrx_word' id='word_1_468' title='bbox 3239 2164 3435 2220; x_wconf 82' lang='lat' dir='ltr'><strong>arietes</strong></span> 
     </span>
    </p>
   </div>
   <div class='ocr_carea' id='block_1_64' title="bbox 1855 2242 3440 2329">
    <p class='ocr_par' dir='ltr' id='par_1_64' title="bbox 1855 2242 3440 2329">
     <span class='ocr_line' id='line_1_64' title="bbox 1855 2242 3440 2329; baseline 0 -17"><span class='ocrx_word' id='word_1_469' title='bbox 1855 2256 2071 2323; x_wconf 89' lang='lat' dir='ltr'><strong>ovium,</strong></span> <span class='ocrx_word' id='word_1_470' title='bbox 2103 2272 2205 2313; x_wconf 92' lang='lat' dir='ltr'><strong>nec</strong></span> <span class='ocrx_word' id='word_1_471' title='bbox 2242 2242 2444 2314; x_wconf 67' lang='lat' dir='ltr'><strong>caetera</strong></span> <span class='ocrx_word' id='word_1_472' title='bbox 2489 2275 2607 2329; x_wconf 66' lang='lat' dir='ltr'><strong>quae</strong></span> <span class='ocrx_word' id='word_1_473' title='bbox 2638 2258 2776 2313; x_wconf 88' lang='lat' dir='ltr'><strong>dixit</strong></span> <span class='ocrx_word' id='word_1_474' title='bbox 2801 2260 3072 2323; x_wconf 88' lang='lat' dir='ltr'><strong>anterius;</strong></span> <span class='ocrx_word' id='word_1_475' title='bbox 3106 2259 3203 2314; x_wconf 89' lang='lat' dir='ltr'><strong>sed</strong></span> <span class='ocrx_word' id='word_1_476' title='bbox 3245 2261 3440 2312; x_wconf 77' lang='lat' dir='ltr'><strong>clama-</strong></span> 
     </span>
    </p>
   </div>
   <div class='ocr_carea' id='block_1_65' title="bbox 1856 2347 3442 2419">
    <p class='ocr_par' dir='ltr' id='par_1_65' title="bbox 1856 2347 3442 2419">
     <span class='ocr_line' id='line_1_65' title="bbox 1856 2347 3442 2419; baseline 0.001 -18"><span class='ocrx_word' id='word_1_477' title='bbox 1856 2347 1978 2402; x_wconf 83' lang='lat' dir='ltr'><strong>bunt</strong></span> <span class='ocrx_word' id='word_1_478' title='bbox 2004 2348 2081 2403; x_wconf 88' lang='lat' dir='ltr'><strong>illi</strong></span> <span class='ocrx_word' id='word_1_479' title='bbox 2117 2358 2164 2402; x_wconf 90' lang='lat' dir='ltr'><strong>et</strong></span> <span class='ocrx_word' id='word_1_480' title='bbox 2185 2352 2432 2419; x_wconf 80' lang='lat' dir='ltr'><strong>hymnum</strong></span> <span class='ocrx_word' id='word_1_481' title='bbox 2459 2350 2647 2415; x_wconf 82' lang='lat' dir='ltr'><strong>dicent,</strong></span> <span class='ocrx_word' id='word_1_482' title='bbox 2678 2349 2743 2403; x_wconf 85' lang='lat' dir='ltr'><strong>ad</strong></span> <span class='ocrx_word' id='word_1_483' title='bbox 2774 2364 2908 2419; x_wconf 92' lang='lat' dir='ltr'><strong>quos</strong></span> <span class='ocrx_word' id='word_1_484' title='bbox 2937 2365 3026 2405; x_wconf 92' lang='lat' dir='ltr'><strong>res</strong></span> <span class='ocrx_word' id='word_1_485' title='bbox 3052 2351 3168 2405; x_wconf 65' lang='lat' dir='ltr'><strong>ista:</strong></span> <span class='ocrx_word' id='word_1_486' title='bbox 3193 2363 3442 2418; x_wconf 84' lang='lat' dir='ltr'><strong>compro-</strong></span> 
     </span>
    </p>
   </div>
   <div class='ocr_carea' id='block_1_66' title="bbox 1855 2439 3441 2512">
    <p class='ocr_par' dir='ltr' id='par_1_66' title="bbox 1855 2439 3441 2512">
     <span class='ocr_line' id='line_1_66' title="bbox 1855 2439 3441 2512; baseline 0 -17"><span class='ocrx_word' id='word_1_487' title='bbox 1855 2439 2019 2495; x_wconf 88' lang='lat' dir='ltr'><strong>bahili</strong></span> <span class='ocrx_word' id='word_1_488' title='bbox 2052 2440 2399 2496; x_wconf 83' lang='lat' dir='ltr'><strong>similitudine</strong></span> <span class='ocrx_word' id='word_1_489' title='bbox 2436 2441 2761 2497; x_wconf 86' lang='lat' dir='ltr'><strong>referuntur.</strong></span> <span class='ocrx_word' id='word_1_490' title='bbox 2806 2442 2947 2496; x_wconf 80' lang='lat' dir='ltr'><strong>Dixit</strong></span> <span class='ocrx_word' id='word_1_491' title='bbox 2976 2443 3120 2497; x_wconf 90' lang='lat' dir='ltr'><strong>enirn</strong></span> <span class='ocrx_word' id='word_1_492' title='bbox 3154 2442 3302 2512; x_wconf 89' lang='lat' dir='ltr'><strong>prius</strong></span> <span class='ocrx_word' id='word_1_493' title='bbox 3330 2442 3441 2495; x_wconf 85' lang='lat' dir='ltr'><strong>cla-</strong></span> 
     </span>
    </p>
   </div>
   <div class='ocr_carea' id='block_1_67' title="bbox 1857 2531 3442 2601">
    <p class='ocr_par' dir='ltr' id='par_1_67' title="bbox 1857 2531 3442 2601">
     <span class='ocr_line' id='line_1_67' title="bbox 1857 2531 3442 2601; baseline 0.001 -17"><span class='ocrx_word' id='word_1_494' title='bbox 1857 2533 2067 2586; x_wconf 86' lang='lat' dir='ltr'><strong>mabunt</strong></span> <span class='ocrx_word' id='word_1_495' title='bbox 2086 2575 2101 2601; x_wconf 91' lang='lat'><strong>,</strong></span> <span class='ocrx_word' id='word_1_496' title='bbox 2134 2541 2189 2586; x_wconf 89' lang='lat' dir='ltr'><strong>et</strong></span> <span class='ocrx_word' id='word_1_497' title='bbox 2215 2548 2280 2586; x_wconf 87' lang='lat' dir='ltr'><strong>ne</strong></span> <span class='ocrx_word' id='word_1_498' title='bbox 2304 2532 2592 2587; x_wconf 88' lang='lat' dir='ltr'><strong>clamorem</strong></span> <span class='ocrx_word' id='word_1_499' title='bbox 2618 2533 2791 2601; x_wconf 88' lang='lat' dir='ltr'><strong>ipsum</strong></span> <span class='ocrx_word' id='word_1_500' title='bbox 2832 2531 3081 2588; x_wconf 88' lang='lat' dir='ltr'><strong>crederes</strong></span> <span class='ocrx_word' id='word_1_501' title='bbox 3107 2546 3227 2588; x_wconf 86' lang='lat' dir='ltr'><strong>esse</strong></span> <span class='ocrx_word' id='word_1_502' title='bbox 3253 2532 3442 2587; x_wconf 59' lang='lat' dir='ltr'><strong>contus</strong></span> 
     </span>
    </p>
   </div>
   <div class='ocr_carea' id='block_1_68' title="bbox 1856 2621 3442 2692">
    <p class='ocr_par' dir='ltr' id='par_1_68' title="bbox 1856 2621 3442 2692">
     <span class='ocr_line' id='line_1_68' title="bbox 1856 2621 3442 2692; baseline 0.003 -18"><span class='ocrx_word' id='word_1_503' title='bbox 1856 2637 1999 2687; x_wconf 88' lang='lat' dir='ltr'><strong>sum,</strong></span> <span class='ocrx_word' id='word_1_504' title='bbox 2030 2621 2259 2687; x_wconf 85' lang='lat' dir='ltr'><strong>addidit,</strong></span> <span class='ocrx_word' id='word_1_505' title='bbox 2283 2630 2328 2675; x_wconf 92' lang='lat' dir='ltr'><strong>et</strong></span> <span class='ocrx_word' id='word_1_506' title='bbox 2360 2622 2607 2692; x_wconf 82' lang='lat' dir='ltr'><strong>hymnum</strong></span> <span class='ocrx_word' id='word_1_507' title='bbox 2633 2622 2832 2688; x_wconf 84' lang='lat' dir='ltr'><strong>dicent,</strong></span> <span class='ocrx_word' id='word_1_508' title='bbox 2862 2622 2915 2676; x_wconf 92' lang='lat' dir='ltr'><strong>id</strong></span> <span class='ocrx_word' id='word_1_509' title='bbox 2955 2629 3041 2676; x_wconf 88' lang='lat' dir='ltr'><strong>est</strong></span> <span class='ocrx_word' id='word_1_510' title='bbox 3063 2622 3295 2687; x_wconf 85' lang='lat' dir='ltr'><strong>laudem,</strong></span> <span class='ocrx_word' id='word_1_511' title='bbox 3321 2634 3442 2691; x_wconf 61' lang='lat' dir='ltr'><strong>qua</strong></span> 
     </span>
    </p>
   </div>
   <div class='ocr_carea' id='block_1_69' title="bbox 1858 2708 3525 2771">
    <p class='ocr_par' dir='ltr' id='par_1_69' title="bbox 1858 2708 3525 2771">
     <span class='ocr_line' id='line_1_69' title="bbox 1858 2708 3525 2771; baseline -0.002 -1"><span class='ocrx_word' id='word_1_512' title='bbox 1858 2713 2268 2771; x_wconf 88' lang='lat' dir='ltr'><strong>rationabilibus</strong></span> <span class='ocrx_word' id='word_1_513' title='bbox 2296 2716 2557 2770; x_wconf 86' lang='lat' dir='ltr'><strong>creaturis</strong></span> <span class='ocrx_word' id='word_1_514' title='bbox 2591 2716 2832 2770; x_wconf 90' lang='lat' dir='ltr'><strong>noscitur</strong></span> <span class='ocrx_word' id='word_1_515' title='bbox 2865 2715 3152 2770; x_wconf 83' lang='lat' dir='ltr'><strong>convenire</strong></span> <span class='ocrx_word' id='word_1_516' title='bbox 3183 2708 3439 2771; x_wconf 75' lang='lat' dir='ltr'><strong>suaviter.</strong></span> <span class='ocrx_word' id='word_1_517' title='bbox 3522 2710 3525 2713; x_wconf 83' lang='grc'><em>’</em></span> 
     </span>
    </p>
   </div>
   <div class='ocr_carea' id='block_1_70' title="bbox 2403 2823 2897 2895">
    <p class='ocr_par' dir='ltr' id='par_1_70' title="bbox 2403 2823 2897 2895">
     <span class='ocr_line' id='line_1_70' title="bbox 2403 2823 2897 2895; baseline -0.004 -18"><span class='ocrx_word' id='word_1_518' title='bbox 2403 2823 2670 2878; x_wconf 67' lang='lat' dir='ltr'><strong>Conclusio</strong></span> <span class='ocrx_word' id='word_1_519' title='bbox 2693 2824 2897 2895; x_wconf 87' lang='lat' dir='ltr'><strong>psalmi.</strong></span> 
     </span>
    </p>
   </div>
   <div class='ocr_carea' id='block_1_71' title="bbox 1934 2927 3441 3007">
    <p class='ocr_par' dir='ltr' id='par_1_71' title="bbox 1934 2927 3441 3007">
     <span class='ocr_line' id='line_1_71' title="bbox 1934 2927 3441 3007; baseline -0.003 -16"><span class='ocrx_word' id='word_1_520' title='bbox 1934 2936 2300 3007; x_wconf 85' lang='lat' dir='ltr'><strong>intelligamus</strong></span> <span class='ocrx_word' id='word_1_521' title='bbox 2344 2934 2595 3004; x_wconf 62' lang='lat' dir='ltr'><strong>populum</strong></span> <span class='ocrx_word' id='word_1_522' title='bbox 2632 2934 2779 2989; x_wconf 90' lang='lat' dir='ltr'><strong>illum</strong></span> <span class='ocrx_word' id='word_1_523' title='bbox 2822 2932 3032 2987; x_wconf 86' lang='lat' dir='ltr'><strong>beatum</strong></span> <span class='ocrx_word' id='word_1_524' title='bbox 3066 2933 3155 3003; x_wconf 83' lang='lat' dir='ltr'><strong>qui</strong></span> <span class='ocrx_word' id='word_1_525' title='bbox 3189 2927 3331 2988; x_wconf 86' lang='lat' dir='ltr'><strong>venit</strong></span> <span class='ocrx_word' id='word_1_526' title='bbox 3373 2932 3441 2987; x_wconf 80' lang='lat' dir='ltr'><strong>ad</strong></span> 
     </span>
    </p>
   </div>
   <div class='ocr_carea' id='block_1_72' title="bbox 1859 3021 3428 3095">
    <p class='ocr_par' dir='ltr' id='par_1_72' title="bbox 1859 3021 3428 3095">
     <span class='ocr_line' id='line_1_72' title="bbox 1859 3021 3428 3095; baseline -0.003 -13"><span class='ocrx_word' id='word_1_527' title='bbox 1859 3028 2143 3085; x_wconf 90' lang='lat' dir='ltr'><strong>Dominum</strong></span> <span class='ocrx_word' id='word_1_528' title='bbox 2175 3026 2445 3082; x_wconf 88' lang='lat' dir='ltr'><strong>Christum</strong></span> <span class='ocrx_word' id='word_1_529' title='bbox 2468 3068 2482 3092; x_wconf 94' lang='lat'><strong>,</strong></span> <span class='ocrx_word' id='word_1_530' title='bbox 2525 3021 2670 3095; x_wconf 87' lang='lat' dir='ltr'><strong>quali</strong></span> <span class='ocrx_word' id='word_1_531' title='bbox 2695 3024 2957 3079; x_wconf 87' lang='lat' dir='ltr'><strong>suavitate</strong></span> <span class='ocrx_word' id='word_1_532' title='bbox 2986 3022 3192 3079; x_wconf 72' lang='lat' dir='ltr'><strong>laetatus</strong></span> <span class='ocrx_word' id='word_1_533' title='bbox 3218 3025 3330 3088; x_wconf 77' lang='lat' dir='ltr'><strong>est;</strong></span> <span class='ocrx_word' id='word_1_534' title='bbox 3372 3032 3428 3077; x_wconf 83' lang='lat' dir='ltr'><strong>et</strong></span> 
     </span>
    </p>
   </div>
   <div class='ocr_carea' id='block_1_73' title="bbox 1859 3110 3439 3187">
    <p class='ocr_par' dir='ltr' id='par_1_73' title="bbox 1859 3110 3439 3187">
     <span class='ocr_line' id='line_1_73' title="bbox 1859 3110 3439 3187; baseline -0.006 -8"><span class='ocrx_word' id='word_1_535' title='bbox 1859 3122 2089 3179; x_wconf 88' lang='lat' dir='ltr'><strong>sciamus</strong></span> <span class='ocrx_word' id='word_1_536' title='bbox 2130 3113 2503 3175; x_wconf 69' lang='lat' dir='ltr'><strong>inaestimabile</strong></span> <span class='ocrx_word' id='word_1_537' title='bbox 2540 3132 2660 3172; x_wconf 88' lang='lat' dir='ltr'><strong>esse</strong></span> <span class='ocrx_word' id='word_1_538' title='bbox 2703 3110 3057 3182; x_wconf 80' lang='lat' dir='ltr'><strong>beneﬁcium,</strong></span> <span class='ocrx_word' id='word_1_539' title='bbox 3103 3116 3245 3187; x_wconf 88' lang='lat' dir='ltr'><strong>quod</strong></span> <span class='ocrx_word' id='word_1_540' title='bbox 3294 3112 3439 3170; x_wconf 89' lang='lat' dir='ltr'><strong>tanta</strong></span> 
     </span>
    </p>
   </div>
   <div class='ocr_carea' id='block_1_74' title="bbox 1859 3202 3439 3282">
    <p class='ocr_par' dir='ltr' id='par_1_74' title="bbox 1859 3202 3439 3282">
     <span class='ocr_line' id='line_1_74' title="bbox 1859 3202 3439 3282; baseline -0.003 -16"><span class='ocrx_word' id='word_1_541' title='bbox 1859 3212 2052 3282; x_wconf 77' lang='lat' dir='ltr'><strong>legitur</strong></span> <span class='ocrx_word' id='word_1_542' title='bbox 2100 3202 2458 3267; x_wconf 69' lang='lat' dir='ltr'><strong>exsultatione</strong></span> <span class='ocrx_word' id='word_1_543' title='bbox 2498 3209 2843 3263; x_wconf 89' lang='lat' dir='ltr'><strong>celebratum.</strong></span> <span class='ocrx_word' id='word_1_544' title='bbox 2901 3207 3164 3277; x_wconf 77' lang='lat' dir='ltr'><strong>liymnum</strong></span> <span class='ocrx_word' id='word_1_545' title='bbox 3224 3214 3439 3277; x_wconf 77' lang='lat' dir='ltr'><strong>quoth</strong></span> 
     </span>
    </p>
   </div>
   <div class='ocr_carea' id='block_1_75' title="bbox 1852 3288 3437 3373">
    <p class='ocr_par' dir='ltr' id='par_1_75' title="bbox 1852 3288 3437 3373">
     <span class='ocr_line' id='line_1_75' title="bbox 1852 3288 3437 3373; baseline -0.006 -14"><span class='ocrx_word' id='word_1_546' title='bbox 1852 3302 1972 3373; x_wconf 85' lang='lat' dir='ltr'><strong>ejus</strong></span> <span class='ocrx_word' id='word_1_547' title='bbox 2011 3317 2167 3370; x_wconf 92' lang='lat' dir='ltr'><strong>quem</strong></span> <span class='ocrx_word' id='word_1_548' title='bbox 2198 3301 2374 3371; x_wconf 91' lang='lat' dir='ltr'><strong>primo</strong></span> <span class='ocrx_word' id='word_1_549' title='bbox 2404 3314 2563 3355; x_wconf 83' lang='lat' dir='ltr'><strong>versu</strong></span> <span class='ocrx_word' id='word_1_550' title='bbox 2612 3288 2802 3367; x_wconf 80' lang='lat' dir='ltr'><strong>psalmi</strong></span> <span class='ocrx_word' id='word_1_551' title='bbox 2844 3299 3200 3368; x_wconf 91' lang='lat' dir='ltr'><strong>promiserat,</strong></span> <span class='ocrx_word' id='word_1_552' title='bbox 3240 3311 3437 3366; x_wconf 89' lang='lat' dir='ltr'><strong>quanta</strong></span> 
     </span>
    </p>
   </div>
   <div class='ocr_carea' id='block_1_76' title="bbox 1852 3388 3441 3466">
    <p class='ocr_par' dir='ltr' id='par_1_76' title="bbox 1852 3388 3441 3466">
     <span class='ocr_line' id='line_1_76' title="bbox 1852 3388 3441 3466; baseline -0.003 -18"><span class='ocrx_word' id='word_1_553' title='bbox 1852 3394 2018 3466; x_wconf 80' lang='lat' dir='ltr'><strong>gratia</strong></span> <span class='ocrx_word' id='word_1_554' title='bbox 2048 3391 2375 3447; x_wconf 85' lang='lat' dir='ltr'><strong>diversitatis</strong></span> <span class='ocrx_word' id='word_1_555' title='bbox 2399 3391 2637 3445; x_wconf 87' lang='lat' dir='ltr'><strong>ornavit!</strong></span> <span class='ocrx_word' id='word_1_556' title='bbox 2670 3388 2879 3444; x_wconf 89' lang='lat' dir='ltr'><strong>laudem</strong></span> <span class='ocrx_word' id='word_1_557' title='bbox 2912 3389 3293 3443; x_wconf 88' lang='lat' dir='ltr'><strong>incarnationis</strong></span> <span class='ocrx_word' id='word_1_558' title='bbox 3324 3390 3441 3455; x_wconf 80' lang='lat' dir='ltr'><strong>ejus</strong></span> 
     </span>
    </p>
   </div>
   <div class='ocr_carea' id='block_1_77' title="bbox 1853 3478 3440 3550">
    <p class='ocr_par' dir='ltr' id='par_1_77' title="bbox 1853 3478 3440 3550">
     <span class='ocr_line' id='line_1_77' title="bbox 1853 3478 3440 3550; baseline -0.005 -9"><span class='ocrx_word' id='word_1_559' title='bbox 1853 3484 2082 3542; x_wconf 90' lang='lat' dir='ltr'><strong>mirabili</strong></span> <span class='ocrx_word' id='word_1_560' title='bbox 2107 3478 2369 3540; x_wconf 88' lang='lat' dir='ltr'><strong>brevitate</strong></span> <span class='ocrx_word' id='word_1_561' title='bbox 2394 3482 2740 3546; x_wconf 87' lang='lat' dir='ltr'><strong>describens,</strong></span> <span class='ocrx_word' id='word_1_562' title='bbox 2768 3490 2822 3535; x_wconf 89' lang='lat' dir='ltr'><strong>et</strong></span> <span class='ocrx_word' id='word_1_563' title='bbox 2843 3479 2968 3550; x_wconf 90' lang='lat' dir='ltr'><strong>quid</strong></span> <span class='ocrx_word' id='word_1_564' title='bbox 2998 3481 3195 3534; x_wconf 89' lang='lat' dir='ltr'><strong>mun-lo</strong></span> <span class='ocrx_word' id='word_1_565' title='bbox 3228 3480 3440 3547; x_wconf 65' lang='lat' dir='ltr'><strong>prrestio</strong></span> 
     </span>
    </p>
   </div>
   <div class='ocr_carea' id='block_1_78' title="bbox 1854 3572 3436 3644">
    <p class='ocr_par' dir='ltr' id='par_1_78' title="bbox 1854 3572 3436 3644">
     <span class='ocr_line' id='line_1_78' title="bbox 1854 3572 3436 3644; baseline -0.006 -11"><span class='ocrx_word' id='word_1_566' title='bbox 1854 3582 2010 3644; x_wconf 83' lang='lat' dir='ltr'><strong>terit,</strong></span> <span class='ocrx_word' id='word_1_567' title='bbox 2068 3577 2242 3632; x_wconf 88' lang='lat' dir='ltr'><strong>fidelis</strong></span> <span class='ocrx_word' id='word_1_568' title='bbox 2291 3576 2567 3631; x_wconf 86' lang='lat' dir='ltr'><strong>institutor</strong></span> <span class='ocrx_word' id='word_1_569' title='bbox 2607 3572 2842 3630; x_wconf 78' lang='lat' dir='ltr'><strong>edocuit.</strong></span> <span class='ocrx_word' id='word_1_570' title='bbox 2889 3573 2966 3626; x_wconf 82' lang='lat' dir='ltr'><strong>Ad</strong></span> <span class='ocrx_word' id='word_1_571' title='bbox 3010 3581 3336 3641; x_wconf 88' lang='lat' dir='ltr'><strong>postremum</strong></span> <span class='ocrx_word' id='word_1_572' title='bbox 3383 3572 3436 3624; x_wconf 85' lang='lat' dir='ltr'><strong>in</strong></span> 
     </span>
    </p>
   </div>
   <div class='ocr_carea' id='block_1_79' title="bbox 1856 3652 3437 3733">
    <p class='ocr_par' dir='ltr' id='par_1_79' title="bbox 1856 3652 3437 3733">
     <span class='ocr_line' id='line_1_79' title="bbox 1856 3652 3437 3733; baseline -0.006 -8"><span class='ocrx_word' id='word_1_573' title='bbox 1856 3669 2248 3725; x_wconf 81' lang='lat' dir='ltr'><strong>resurrectione</strong></span> <span class='ocrx_word' id='word_1_574' title='bbox 2272 3675 2494 3721; x_wconf 88' lang='lat' dir='ltr'><strong>ventura</strong></span> <span class='ocrx_word' id='word_1_575' title='bbox 2525 3665 2809 3719; x_wconf 85' lang='lat' dir='ltr'><strong>universos</strong></span> <span class='ocrx_word' id='word_1_576' title='bbox 2838 3652 3052 3717; x_wconf 84' lang='lat' dir='ltr'><strong>sanctos</strong></span> <span class='ocrx_word' id='word_1_577' title='bbox 3081 3661 3198 3731; x_wconf 91' lang='lat' dir='ltr'><strong>ejus</strong></span> <span class='ocrx_word' id='word_1_578' title='bbox 3226 3662 3437 3733; x_wconf 84' lang='lat' dir='ltr'><strong>hymni-</strong></span> 
     </span>
    </p>
   </div>
   <div class='ocr_carea' id='block_1_80' title="bbox 1853 3753 3437 3824">
    <p class='ocr_par' dir='ltr' id='par_1_80' title="bbox 1853 3753 3437 3824">
     <span class='ocr_line' id='line_1_80' title="bbox 1853 3753 3437 3824; baseline -0.006 -9"><span class='ocrx_word' id='word_1_579' title='bbox 1853 3761 1969 3815; x_wconf 88' lang='lat' dir='ltr'><strong>dica</strong></span> <span class='ocrx_word' id='word_1_580' title='bbox 1992 3762 2043 3813; x_wconf 89' lang='lat' dir='ltr'><strong>in</strong></span> <span class='ocrx_word' id='word_1_581' title='bbox 2067 3775 2134 3814; x_wconf 92' lang='lat' dir='ltr'><strong>eo</strong></span> <span class='ocrx_word' id='word_1_582' title='bbox 2159 3759 2290 3813; x_wconf 87' lang='lat' dir='ltr'><strong>dicit</strong></span> <span class='ocrx_word' id='word_1_583' title='bbox 2311 3757 2668 3813; x_wconf 77' lang='lat' dir='ltr'><strong>exsultatione</strong></span> <span class='ocrx_word' id='word_1_584' title='bbox 2690 3755 2942 3824; x_wconf 70' lang='lat' dir='ltr'><strong>gaudere.</strong></span> <span class='ocrx_word' id='word_1_585' title='bbox 2968 3753 3058 3808; x_wconf 90' lang='lat' dir='ltr'><strong>Sic</strong></span> <span class='ocrx_word' id='word_1_586' title='bbox 3077 3762 3130 3806; x_wconf 90' lang='lat' dir='ltr'><strong>et</strong></span> <span class='ocrx_word' id='word_1_587' title='bbox 3155 3754 3437 3821; x_wconf 59' lang='lat' dir='ltr'><strong>praesentia</strong></span> 
     </span>
    </p>
   </div>
   <div class='ocr_carea' id='block_1_81' title="bbox 1854 3834 3487 3915">
    <p class='ocr_par' dir='ltr' id='par_1_81' title="bbox 1854 3834 3487 3915">
     <span class='ocr_line' id='line_1_81' title="bbox 1854 3834 3487 3915; baseline -0.007 -6"><span class='ocrx_word' id='word_1_588' title='bbox 1854 3853 2082 3909; x_wconf 85' lang='lat' dir='ltr'><strong>mirabili</strong></span> <span class='ocrx_word' id='word_1_589' title='bbox 2123 3850 2386 3905; x_wconf 86' lang='lat' dir='ltr'><strong>brevitate</strong></span> <span class='ocrx_word' id='word_1_590' title='bbox 2434 3847 2712 3912; x_wconf 88' lang='lat' dir='ltr'><strong>narravit,</strong></span> <span class='ocrx_word' id='word_1_591' title='bbox 2765 3856 2817 3899; x_wconf 90' lang='lat' dir='ltr'><strong>et</strong></span> <span class='ocrx_word' id='word_1_592' title='bbox 2848 3845 2912 3898; x_wconf 84' lang='lat' dir='ltr'><strong>ad</strong></span> <span class='ocrx_word' id='word_1_593' title='bbox 2956 3860 3105 3913; x_wconf 77' lang='lat' dir='ltr'><strong>Spem</strong></span> <span class='ocrx_word' id='word_1_594' title='bbox 3150 3845 3440 3915; x_wconf 80' lang='lat' dir='ltr'><strong>maximam</strong></span> <span class='ocrx_word' id='word_1_595' title='bbox 3486 3834 3487 3837; x_wconf 39' lang='grc'><em>“</em></span> 
     </span>
    </p>
   </div>
   <div class='ocr_carea' id='block_1_82' title="bbox 1853 3934 3440 4007">
    <p class='ocr_par' dir='ltr' id='par_1_82' title="bbox 1853 3934 3440 4007">
     <span class='ocr_line' id='line_1_82' title="bbox 1853 3934 3440 4007; baseline -0.008 -8"><span class='ocrx_word' id='word_1_596' title='bbox 1853 3943 2230 3999; x_wconf 89' lang='lat' dir='ltr'><strong>concitandam</strong></span> <span class='ocrx_word' id='word_1_597' title='bbox 2267 3941 2437 3994; x_wconf 85' lang='lat' dir='ltr'><strong>futura</strong></span> <span class='ocrx_word' id='word_1_598' title='bbox 2470 3939 2625 3993; x_wconf 87' lang='lat' dir='ltr'><strong>nobis</strong></span> <span class='ocrx_word' id='word_1_599' title='bbox 2653 3938 2871 4007; x_wconf 75' lang='lat' dir='ltr'><strong>prannia</strong></span> <span class='ocrx_word' id='word_1_600' title='bbox 2900 3934 3289 3998; x_wconf 81' lang='lat' dir='ltr'><strong>compromisit.</strong></span> <span class='ocrx_word' id='word_1_601' title='bbox 3318 3934 3440 3988; x_wconf 82' lang='lat' dir='ltr'><strong>Tri-</strong></span> 
     </span>
    </p>
   </div>
   <div class='ocr_carea' id='block_1_83' title="bbox 1858 4025 3440 4101">
    <p class='ocr_par' dir='ltr' id='par_1_83' title="bbox 1858 4025 3440 4101">
     <span class='ocr_line' id='line_1_83' title="bbox 1858 4025 3440 4101; baseline -0.008 -9"><span class='ocrx_word' id='word_1_602' title='bbox 1858 4037 1993 4101; x_wconf 87' lang='lat' dir='ltr'><strong>bue,</strong></span> <span class='ocrx_word' id='word_1_603' title='bbox 2025 4036 2136 4089; x_wconf 80' lang='lat' dir='ltr'><strong>Rex</strong></span> <span class='ocrx_word' id='word_1_604' title='bbox 2167 4032 2426 4095; x_wconf 73' lang='lat' dir='ltr'><strong>cmlestis,</strong></span> <span class='ocrx_word' id='word_1_605' title='bbox 2455 4041 2512 4083; x_wconf 94' lang='lat' dir='ltr'><strong>ut</strong></span> <span class='ocrx_word' id='word_1_606' title='bbox 2534 4041 2586 4083; x_wconf 91' lang='lat' dir='ltr'><strong>et</strong></span> <span class='ocrx_word' id='word_1_607' title='bbox 2613 4043 2712 4082; x_wconf 89' lang='lat' dir='ltr'><strong>nos</strong></span> <span class='ocrx_word' id='word_1_608' title='bbox 2741 4027 2912 4095; x_wconf 88' lang='lat' dir='ltr'><strong>erepti</strong></span> <span class='ocrx_word' id='word_1_609' title='bbox 2943 4028 3010 4080; x_wconf 89' lang='lat' dir='ltr'><strong>ab</strong></span> <span class='ocrx_word' id='word_1_610' title='bbox 3036 4025 3287 4080; x_wconf 88' lang='lat' dir='ltr'><strong>ariditate</strong></span> <span class='ocrx_word' id='word_1_611' title='bbox 3316 4039 3440 4093; x_wconf 84' lang='lat' dir='ltr'><strong>pec-</strong></span> 
     </span>
    </p>
   </div>
   <div class='ocr_carea' id='block_1_84' title="bbox 1857 4116 3438 4193">
    <p class='ocr_par' dir='ltr' id='par_1_84' title="bbox 1857 4116 3438 4193">
     <span class='ocr_line' id='line_1_84' title="bbox 1857 4116 3438 4193; baseline -0.009 -8"><span class='ocrx_word' id='word_1_612' title='bbox 1857 4128 2001 4193; x_wconf 76' lang='lat' dir='ltr'><strong>eati,</strong></span> <span class='ocrx_word' id='word_1_613' title='bbox 2052 4125 2273 4179; x_wconf 83' lang='lat' dir='ltr'><strong>ﬂumine</strong></span> <span class='ocrx_word' id='word_1_614' title='bbox 2303 4119 2685 4176; x_wconf 79' lang='lat' dir='ltr'><strong>misericordiae</strong></span> <span class='ocrx_word' id='word_1_615' title='bbox 2734 4128 2840 4172; x_wconf 72' lang='lat' dir='ltr'><strong>tua:</strong></span> <span class='ocrx_word' id='word_1_616' title='bbox 2891 4117 3160 4185; x_wconf 84' lang='lat' dir='ltr'><strong>copiosius</strong></span> <span class='ocrx_word' id='word_1_617' title='bbox 3194 4116 3438 4187; x_wconf 78' lang='lat' dir='ltr'><strong>irrigati,</strong></span> 
     </span>
    </p>
   </div>
   <div class='ocr_carea' id='block_1_85' title="bbox 1858 4208 3439 4288">
    <p class='ocr_par' dir='ltr' id='par_1_85' title="bbox 1858 4208 3439 4288">
     <span class='ocr_line' id='line_1_85' title="bbox 1858 4208 3439 4288; baseline -0.005 -17"><span class='ocrx_word' id='word_1_618' title='bbox 1858 4219 2211 4288; x_wconf 83' lang='lat' dir='ltr'><strong>pinguescere</strong></span> <span class='ocrx_word' id='word_1_619' title='bbox 2236 4227 2575 4288; x_wconf 60' lang='lat' dir='ltr'><strong>mereamur,</strong></span> <span class='ocrx_word' id='word_1_620' title='bbox 2594 4220 2650 4265; x_wconf 89' lang='lat' dir='ltr'><strong>ut</strong></span> <span class='ocrx_word' id='word_1_621' title='bbox 2673 4210 2928 4280; x_wconf 83' lang='lat' dir='ltr'><strong>hymnum</strong></span> <span class='ocrx_word' id='word_1_622' title='bbox 2955 4223 3074 4264; x_wconf 90' lang='lat' dir='ltr'><strong>cum</strong></span> <span class='ocrx_word' id='word_1_623' title='bbox 3107 4211 3303 4263; x_wconf 88' lang='lat' dir='ltr'><strong>sanctis</strong></span> <span class='ocrx_word' id='word_1_624' title='bbox 3336 4208 3439 4263; x_wconf 86' lang='lat' dir='ltr'><strong>tuis</strong></span> 
     </span>
    </p>
   </div>
   <div class='ocr_carea' id='block_1_86' title="bbox 1856 4284 2808 4378">
    <p class='ocr_par' dir='ltr' id='par_1_86' title="bbox 1856 4284 2808 4378">
     <span class='ocr_line' id='line_1_86' title="bbox 1856 4284 2808 4378; baseline -0.011 -13"><span class='ocrx_word' id='word_1_625' title='bbox 1856 4284 1949 4365; x_wconf 78' lang='lat' dir='ltr'><strong>tibi</strong></span> <span class='ocrx_word' id='word_1_626' title='bbox 1960 4284 2179 4378; x_wconf 24' lang='lat' dir='ltr'><strong>ijugiter</strong></span> <span class='ocrx_word' id='word_1_627' title='bbox 2201 4306 2487 4361; x_wconf 86' lang='lat' dir='ltr'><strong>decantare</strong></span> <span class='ocrx_word' id='word_1_628' title='bbox 2514 4284 2808 4373; x_wconf 76' lang='lat' dir='ltr'><strong>pdssimus.</strong></span> 
     </span>
    </p>
   </div>
   <div class='ocr_carea' id='block_1_87' title="bbox 2123 4416 3156 4479">
    <p class='ocr_par' dir='ltr' id='par_1_87' title="bbox 2123 4416 3156 4479">
     <span class='ocr_line' id='line_1_87' title="bbox 2123 4416 3156 4479; baseline -0.003 -2"><span class='ocrx_word' id='word_1_629' title='bbox 2123 4419 2481 4477; x_wconf 75' lang='lat' dir='ltr'><strong>EXPOSITli)</strong></span> <span class='ocrx_word' id='word_1_630' title='bbox 2522 4419 2587 4475; x_wconf 85' lang='lat' dir='ltr'><strong>IN</strong></span> <span class='ocrx_word' id='word_1_631' title='bbox 2629 4416 2957 4479; x_wconf 70' lang='lat' dir='ltr'><strong>PSALMUM</strong></span> <span class='ocrx_word' id='word_1_632' title='bbox 2998 4420 3156 4475; x_wconf 76' lang='lat' dir='ltr'><strong>LXV.</strong></span> 
     </span>
    </p>
   </div>
   <div class='ocr_carea' id='block_1_88' title="bbox 1913 4513 3376 4585">
    <p class='ocr_par' dir='ltr' id='par_1_88' title="bbox 1913 4513 3376 4585">
     <span class='ocr_line' id='line_1_88' title="bbox 1913 4513 3376 4585; baseline -0.002 -16"><span class='ocrx_word' id='word_1_633' title='bbox 1913 4514 1978 4569; x_wconf 83' lang='lat' dir='ltr'><strong>In</strong></span> <span class='ocrx_word' id='word_1_634' title='bbox 2002 4515 2177 4585; x_wconf 76' lang='lat' dir='ltr'><strong>ﬁnem,</strong></span> <span class='ocrx_word' id='word_1_635' title='bbox 2209 4513 2439 4583; x_wconf 85' lang='lat' dir='ltr'><strong>psalmus</strong></span> <span class='ocrx_word' id='word_1_636' title='bbox 2465 4513 2654 4578; x_wconf 83' lang='lat' dir='ltr'><strong>David,</strong></span> <span class='ocrx_word' id='word_1_637' title='bbox 2684 4514 2938 4567; x_wconf 87' lang='lat' dir='ltr'><strong>canticum</strong></span> <span class='ocrx_word' id='word_1_638' title='bbox 2966 4515 3376 4568; x_wconf 84' lang='lat' dir='ltr'><strong>resurrectionis.</strong></span> 
     </span>
    </p>
   </div>
   <div class='ocr_carea' id='block_1_89' title="bbox 175 4626 1751 4711">
    <p class='ocr_par' dir='ltr' id='par_1_89' title="bbox 175 4636 1744 4711">
     <span class='ocr_line' id='line_1_89' title="bbox 175 4636 1744 4711; baseline 0.003 -20"><span class='ocrx_word' id='word_1_639' title='bbox 175 4641 334 4706; x_wconf 85' lang='lat' dir='ltr'><strong>gratia</strong></span> <span class='ocrx_word' id='word_1_640' title='bbox 369 4636 586 4697; x_wconf 87' lang='lat' dir='ltr'><strong>Domini</strong></span> <span class='ocrx_word' id='word_1_641' title='bbox 617 4656 712 4711; x_wconf 89' lang='lat' dir='ltr'><strong>per</strong></span> <span class='ocrx_word' id='word_1_642' title='bbox 740 4640 897 4696; x_wconf 79' lang='lat' dir='ltr'><strong>ﬁdem</strong></span> <span class='ocrx_word' id='word_1_643' title='bbox 929 4640 1110 4696; x_wconf 88' lang='lat' dir='ltr'><strong>decori</strong></span> <span class='ocrx_word' id='word_1_644' title='bbox 1135 4639 1257 4694; x_wconf 87' lang='lat' dir='ltr'><strong>facti</strong></span> <span class='ocrx_word' id='word_1_645' title='bbox 1285 4651 1441 4708; x_wconf 86' lang='lat' dir='ltr'><strong>sunt,</strong></span> <span class='ocrx_word' id='word_1_646' title='bbox 1471 4655 1606 4710; x_wconf 88' lang='lat' dir='ltr'><strong>quos</strong></span> <span class='ocrx_word' id='word_1_647' title='bbox 1634 4641 1744 4710; x_wconf 87' lang='lat' dir='ltr'><strong>pri-</strong></span> 
     </span>
    </p>
   </div>
   <div class='ocr_carea' id='block_1_90' title="bbox 1853 4626 3444 4711">
    <p class='ocr_par' dir='ltr' id='par_1_90' title="bbox 1926 4626 3444 4696">
     <span class='ocr_line' id='line_1_90' title="bbox 1926 4626 3444 4696; baseline -0.001 -15"><span class='ocrx_word' id='word_1_648' title='bbox 1926 4628 2184 4696; x_wconf 89' lang='lat' dir='ltr'><strong>Quamvis</strong></span> <span class='ocrx_word' id='word_1_649' title='bbox 2242 4628 2361 4682; x_wconf 83' lang='lat' dir='ltr'><strong>haec</strong></span> <span class='ocrx_word' id='word_1_650' title='bbox 2410 4630 2625 4682; x_wconf 77' lang='lat' dir='ltr'><strong>nomina</strong></span> <span class='ocrx_word' id='word_1_651' title='bbox 2676 4642 2795 4696; x_wconf 76' lang='lat' dir='ltr'><strong>qua:</strong></span> <span class='ocrx_word' id='word_1_652' title='bbox 2824 4626 2875 4680; x_wconf 88' lang='lat' dir='ltr'><strong>in</strong></span> <span class='ocrx_word' id='word_1_653' title='bbox 2921 4627 3095 4695; x_wconf 89' lang='lat' dir='ltr'><strong>capite</strong></span> <span class='ocrx_word' id='word_1_654' title='bbox 3137 4627 3274 4680; x_wconf 80' lang='lat' dir='ltr'><strong>tituli</strong></span> <span class='ocrx_word' id='word_1_655' title='bbox 3317 4634 3444 4680; x_wconf 91' lang='lat' dir='ltr'><strong>sunt</strong></span> 
     </span>
    </p>
   </div>
   <div class='ocr_carea' id='block_1_91' title="bbox 177 4729 1749 4802">
    <p class='ocr_par' dir='ltr' id='par_1_91' title="bbox 177 4729 1749 4802">
     <span class='ocr_line' id='line_1_91' title="bbox 177 4729 1749 4802; baseline 0.001 -18"><span class='ocrx_word' id='word_1_656' title='bbox 177 4729 289 4787; x_wconf 86' lang='lat' dir='ltr'><strong>dem</strong></span> <span class='ocrx_word' id='word_1_657' title='bbox 332 4735 726 4790; x_wconf 84' lang='lat' dir='ltr'><strong>incredulitatis</strong></span> <span class='ocrx_word' id='word_1_658' title='bbox 756 4736 955 4789; x_wconf 91' lang='lat' dir='ltr'><strong>macies</strong></span> <span class='ocrx_word' id='word_1_659' title='bbox 981 4732 1250 4788; x_wconf 70' lang='lat' dir='ltr'><strong>horrenda</strong></span> <span class='ocrx_word' id='word_1_660' title='bbox 1280 4733 1544 4802; x_wconf 88' lang='lat' dir='ltr'><strong>turpabat.</strong></span> <span class='ocrx_word' id='word_1_661' title='bbox 1570 4732 1749 4802; x_wconf 85' lang='lat' dir='ltr'><strong>Prima</strong></span> 
     </span>
    </p>
   </div>
   <div class='ocr_carea' id='block_1_92' title="bbox 179 4820 1751 4897">
    <p class='ocr_par' dir='ltr' id='par_1_92' title="bbox 179 4820 1751 4897">
     <span class='ocr_line' id='line_1_92' title="bbox 179 4820 1751 4897; baseline -0.001 -19"><span class='ocrx_word' id='word_1_662' title='bbox 179 4820 398 4895; x_wconf 82' lang='lat' dir='ltr'><strong>denique</strong></span> <span class='ocrx_word' id='word_1_663' title='bbox 427 4826 571 4880; x_wconf 91' lang='lat' dir='ltr'><strong>satio</strong></span> <span class='ocrx_word' id='word_1_664' title='bbox 596 4841 691 4895; x_wconf 90' lang='lat' dir='ltr'><strong>per</strong></span> <span class='ocrx_word' id='word_1_665' title='bbox 718 4824 1004 4895; x_wconf 84' lang='lat' dir='ltr'><strong>prophetas</strong></span> <span class='ocrx_word' id='word_1_666' title='bbox 1032 4826 1085 4879; x_wconf 92' lang='lat' dir='ltr'><strong>in</strong></span> <span class='ocrx_word' id='word_1_667' title='bbox 1108 4824 1289 4880; x_wconf 83' lang='lat' dir='ltr'><strong>Judaea</strong></span> <span class='ocrx_word' id='word_1_668' title='bbox 1318 4826 1532 4878; x_wconf 87' lang='lat' dir='ltr'><strong>natione</strong></span> <span class='ocrx_word' id='word_1_669' title='bbox 1562 4838 1751 4897; x_wconf 50' lang='lat' dir='ltr'><strong>prove;</strong></span> 
     </span>
    </p>
   </div>
   <div class='ocr_carea' id='block_1_93' title="bbox 178 4914 1752 4988">
    <p class='ocr_par' dir='ltr' id='par_1_93' title="bbox 178 4914 1752 4988">
     <span class='ocr_line' id='line_1_93' title="bbox 178 4914 1752 4988; baseline 0.003 -22"><span class='ocrx_word' id='word_1_670' title='bbox 178 4914 275 4982; x_wconf 88' lang='lat' dir='ltr'><strong>nit;</strong></span> <span class='ocrx_word' id='word_1_671' title='bbox 304 4916 540 4972; x_wconf 84' lang='lat' dir='ltr'><strong>secunda</strong></span> <span class='ocrx_word' id='word_1_672' title='bbox 565 4916 620 4971; x_wconf 93' lang='lat' dir='ltr'><strong>in</strong></span> <span class='ocrx_word' id='word_1_673' title='bbox 649 4918 899 4986; x_wconf 77' lang='lat' dir='ltr'><strong>gentibus</strong></span> <span class='ocrx_word' id='word_1_674' title='bbox 930 4932 1026 4986; x_wconf 88' lang='lat' dir='ltr'><strong>per</strong></span> <span class='ocrx_word' id='word_1_675' title='bbox 1054 4916 1331 4988; x_wconf 88' lang='lat' dir='ltr'><strong>apostolos</strong></span> <span class='ocrx_word' id='word_1_676' title='bbox 1353 4917 1511 4987; x_wconf 83' lang='lat' dir='ltr'><strong>longe</strong></span> <span class='ocrx_word' id='word_1_677' title='bbox 1541 4916 1752 4985; x_wconf 87' lang='lat' dir='ltr'><strong>lateque</strong></span> 
     </span>
    </p>
   </div>
   <div class='ocr_carea' id='block_1_94' title="bbox 179 4993 1747 5079">
    <p class='ocr_par' dir='ltr' id='par_1_94' title="bbox 179 4993 1747 5079">
     <span class='ocr_line' id='line_1_94' title="bbox 179 4993 1747 5079; baseline 0.001 -20"><span class='ocrx_word' id='word_1_678' title='bbox 179 5004 356 5064; x_wconf 86' lang='lat' dir='ltr'><strong>diffusa</strong></span> <span class='ocrx_word' id='word_1_679' title='bbox 376 5019 480 5065; x_wconf 90' lang='lat' dir='ltr'><strong>est.</strong></span> <span class='ocrx_word' id='word_1_680' title='bbox 503 5010 608 5065; x_wconf 88' lang='lat' dir='ltr'><strong>Sed</strong></span> <span class='ocrx_word' id='word_1_681' title='bbox 633 5009 751 5079; x_wconf 88' lang='lat' dir='ltr'><strong>plus</strong></span> <span class='ocrx_word' id='word_1_682' title='bbox 773 5009 839 5063; x_wconf 89' lang='lat' dir='ltr'><strong>de</strong></span> <span class='ocrx_word' id='word_1_683' title='bbox 862 5010 975 5064; x_wconf 86' lang='lat' dir='ltr'><strong>istis</strong></span> <span class='ocrx_word' id='word_1_684' title='bbox 1004 5009 1194 5078; x_wconf 83' lang='lat' dir='ltr'><strong>ﬁnibus</strong></span> <span class='ocrx_word' id='word_1_685' title='bbox 1215 4993 1398 5063; x_wconf 75' lang='lat' dir='ltr'><strong>deserti</strong></span> <span class='ocrx_word' id='word_1_686' title='bbox 1426 5008 1747 5079; x_wconf 80' lang='lat' dir='ltr'><strong>frumentum</strong></span> 
     </span>
    </p>
   </div>
   <div class='ocr_carea' id='block_1_95' title="bbox 178 5100 1751 5179">
    <p class='ocr_par' dir='ltr' id='par_1_95' title="bbox 178 5100 1751 5179">
     <span class='ocr_line' id='line_1_95' title="bbox 178 5100 1751 5179; baseline 0.002 -28"><span class='ocrx_word' id='word_1_687' title='bbox 178 5100 336 5158; x_wconf 89' lang='lat' dir='ltr'><strong>virtus</strong></span> <span class='ocrx_word' id='word_1_688' title='bbox 374 5101 589 5157; x_wconf 90' lang='lat' dir='ltr'><strong>Domini</strong></span> <span class='ocrx_word' id='word_1_689' title='bbox 618 5102 973 5172; x_wconf 78' lang='lat' dir='ltr'><strong>conquisivit,</strong></span> <span class='ocrx_word' id='word_1_690' title='bbox 1019 5117 1178 5170; x_wconf 88' lang='lat' dir='ltr'><strong>quam</strong></span> <span class='ocrx_word' id='word_1_691' title='bbox 1219 5101 1285 5156; x_wconf 91' lang='lat' dir='ltr'><strong>de</strong></span> <span class='ocrx_word' id='word_1_692' title='bbox 1308 5101 1414 5156; x_wconf 88' lang='lat' dir='ltr'><strong>illis</strong></span> <span class='ocrx_word' id='word_1_693' title='bbox 1444 5102 1603 5156; x_wconf 90' lang='lat' dir='ltr'><strong>terris</strong></span> <span class='ocrx_word' id='word_1_694' title='bbox 1632 5116 1751 5179; x_wconf 68' lang='lat' dir='ltr'><strong>quae</strong></span> 
     </span>
    </p>
   </div>
   <div class='ocr_carea' id='block_1_96' title="bbox 179 5192 1747 5264">
    <p class='ocr_par' dir='ltr' id='par_1_96' title="bbox 179 5192 1747 5264">
     <span class='ocr_line' id='line_1_96' title="bbox 179 5192 1747 5264; baseline 0 -20"><span class='ocrx_word' id='word_1_695' title='bbox 179 5192 326 5249; x_wconf 69' lang='lat' dir='ltr'><strong>cultae</strong></span> <span class='ocrx_word' id='word_1_696' title='bbox 358 5194 707 5260; x_wconf 85' lang='lat' dir='ltr'><strong>videbantur,</strong></span> <span class='ocrx_word' id='word_1_697' title='bbox 757 5198 1033 5264; x_wconf 87' lang='lat' dir='ltr'><strong>apparuit;</strong></span> <span class='ocrx_word' id='word_1_698' title='bbox 1078 5195 1221 5249; x_wconf 87' lang='lat' dir='ltr'><strong>sicut</strong></span> <span class='ocrx_word' id='word_1_699' title='bbox 1268 5193 1526 5262; x_wconf 78' lang='lat' dir='ltr'><strong>propheta</strong></span> <span class='ocrx_word' id='word_1_700' title='bbox 1572 5192 1747 5247; x_wconf 88' lang='lat' dir='ltr'><strong>dicit:</strong></span> 
     </span>
    </p>
   </div>
   <div class='ocr_carea' id='block_1_97' title="bbox 180 5279 1754 5357">
    <p class='ocr_par' dir='ltr' id='par_1_97' title="bbox 180 5279 1754 5357">
     <span class='ocr_line' id='line_1_97' title="bbox 180 5279 1754 5357; baseline 0 -21"><span class='ocrx_word' id='word_1_701' title='bbox 180 5279 391 5351; x_wconf 74' lang='lat' dir='ltr'><strong>Latere,</strong></span> <span class='ocrx_word' id='word_1_702' title='bbox 419 5287 607 5341; x_wconf 83' lang='lat' dir='ltr'><strong>sterilis</strong></span> <span class='ocrx_word' id='word_1_703' title='bbox 644 5302 762 5357; x_wconf 81' lang='lat' dir='ltr'><strong>qua:</strong></span> <span class='ocrx_word' id='word_1_704' title='bbox 788 5302 889 5340; x_wconf 88' lang='lat' dir='ltr'><strong>non</strong></span> <span class='ocrx_word' id='word_1_705' title='bbox 918 5286 1054 5355; x_wconf 87' lang='lat' dir='ltr'><strong>paris</strong></span> <span class='ocrx_word' id='word_1_706' title='bbox 1077 5302 1097 5350; x_wconf 85' lang='lat'><strong><em>;</em></strong></span> <span class='ocrx_word' id='word_1_707' title='bbox 1120 5300 1326 5352; x_wconf 83' lang='lat' dir='ltr'><strong>erumpe</strong></span> <span class='ocrx_word' id='word_1_708' title='bbox 1348 5291 1396 5336; x_wconf 89' lang='lat' dir='ltr'><strong>et</strong></span> <span class='ocrx_word' id='word_1_709' title='bbox 1423 5282 1611 5349; x_wconf 88' lang='lat' dir='ltr'><strong>clama,</strong></span> <span class='ocrx_word' id='word_1_710' title='bbox 1637 5298 1754 5353; x_wconf 76' lang='lat' dir='ltr'><strong>qua:</strong></span> 
     </span>
    </p>
   </div>
   <div class='ocr_carea' id='block_1_98' title="bbox 180 5376 1754 5449">
    <p class='ocr_par' dir='ltr' id='par_1_98' title="bbox 180 5376 1754 5449">
     <span class='ocr_line' id='line_1_98' title="bbox 180 5376 1754 5449; baseline 0.001 -22"><span class='ocrx_word' id='word_1_711' title='bbox 180 5391 272 5429; x_wconf 88' lang='lat' dir='ltr'><strong>non</strong></span> <span class='ocrx_word' id='word_1_712' title='bbox 301 5380 527 5447; x_wconf 86' lang='lat' dir='ltr'><strong>parturis</strong></span> <span class='ocrx_word' id='word_1_713' title='bbox 548 5394 569 5433; x_wconf 92' lang='lat'><strong><em>:</em></strong></span> <span class='ocrx_word' id='word_1_714' title='bbox 595 5379 719 5449; x_wconf 87' lang='lat' dir='ltr'><strong>quia</strong></span> <span class='ocrx_word' id='word_1_715' title='bbox 748 5376 895 5432; x_wconf 77' lang='lat' dir='ltr'><strong>multi</strong></span> <span class='ocrx_word' id='word_1_716' title='bbox 914 5379 1011 5447; x_wconf 80' lang='lat' dir='ltr'><strong>ﬁlii</strong></span> <span class='ocrx_word' id='word_1_717' title='bbox 1042 5378 1256 5431; x_wconf 77' lang='lat' dir='ltr'><strong>deserttc</strong></span> <span class='ocrx_word' id='word_1_718' title='bbox 1280 5376 1443 5447; x_wconf 86' lang='lat' dir='ltr'><strong>magis</strong></span> <span class='ocrx_word' id='word_1_719' title='bbox 1463 5391 1619 5445; x_wconf 87' lang='lat' dir='ltr'><strong>quam</strong></span> <span class='ocrx_word' id='word_1_720' title='bbox 1641 5379 1754 5447; x_wconf 84' lang='lat' dir='ltr'><strong>ejus</strong></span> 
     </span>
    </p>
   </div>
   <div class='ocr_carea' id='block_1_99' title="bbox 178 5467 1758 5540">
    <p class='ocr_par' dir='ltr' id='par_1_99' title="bbox 178 5467 1758 5540">
     <span class='ocr_line' id='line_1_99' title="bbox 178 5467 1758 5540; baseline 0.001 -18"><span class='ocrx_word' id='word_1_721' title='bbox 178 5483 285 5536; x_wconf 78' lang='lat' dir='ltr'><strong>qua:</strong></span> <span class='ocrx_word' id='word_1_722' title='bbox 310 5471 459 5525; x_wconf 83' lang='lat' dir='ltr'><strong>habet</strong></span> <span class='ocrx_word' id='word_1_723' title='bbox 484 5474 672 5527; x_wconf 87' lang='lat' dir='ltr'><strong>virum.</strong></span> <span class='ocrx_word' id='word_1_724' title='bbox 703 5471 870 5529; x_wconf 85' lang='lat' dir='ltr'><strong>Colles</strong></span> <span class='ocrx_word' id='word_1_725' title='bbox 890 5486 1019 5527; x_wconf 89' lang='lat' dir='ltr'><strong>vero</strong></span> <span class='ocrx_word' id='word_1_726' title='bbox 1039 5470 1287 5540; x_wconf 90' lang='lat' dir='ltr'><strong>copiosos</strong></span> <span class='ocrx_word' id='word_1_727' title='bbox 1311 5477 1575 5538; x_wconf 82' lang='lat' dir='ltr'><strong>martyres</strong></span> <span class='ocrx_word' id='word_1_728' title='bbox 1601 5467 1758 5523; x_wconf 86' lang='lat' dir='ltr'><strong>debe-</strong></span> 
     </span>
    </p>
   </div>
   <div class='ocr_carea' id='block_1_100' title="bbox 179 5556 1754 5633">
    <p class='ocr_par' dir='ltr' id='par_1_100' title="bbox 179 5556 1754 5633">
     <span class='ocr_line' id='line_1_100' title="bbox 179 5556 1754 5633; baseline -0.002 -20"><span class='ocrx_word' id='word_1_729' title='bbox 179 5573 291 5617; x_wconf 87' lang='lat' dir='ltr'><strong>mus</strong></span> <span class='ocrx_word' id='word_1_730' title='bbox 309 5562 576 5633; x_wconf 89' lang='lat' dir='ltr'><strong>accipere,</strong></span> <span class='ocrx_word' id='word_1_731' title='bbox 615 5564 739 5633; x_wconf 87' lang='lat' dir='ltr'><strong>quia</strong></span> <span class='ocrx_word' id='word_1_732' title='bbox 767 5562 871 5632; x_wconf 87' lang='lat' dir='ltr'><strong>ipsi</strong></span> <span class='ocrx_word' id='word_1_733' title='bbox 892 5569 1019 5616; x_wconf 85' lang='lat' dir='ltr'><strong>sunt</strong></span> <span class='ocrx_word' id='word_1_734' title='bbox 1042 5569 1159 5630; x_wconf 89' lang='lat' dir='ltr'><strong>post</strong></span> <span class='ocrx_word' id='word_1_735' title='bbox 1180 5558 1453 5629; x_wconf 84' lang='lat' dir='ltr'><strong>apostolos</strong></span> <span class='ocrx_word' id='word_1_736' title='bbox 1474 5556 1754 5612; x_wconf 88' lang='lat' dir='ltr'><strong>celsiores.</strong></span> 
     </span>
    </p>
   </div>
   <div class='ocr_carea' id='block_1_101' title="bbox 179 5647 1757 5726">
    <p class='ocr_par' dir='ltr' id='par_1_101' title="bbox 179 5647 1757 5726">
     <span class='ocr_line' id='line_1_101' title="bbox 179 5647 1757 5726; baseline -0.003 -20"><span class='ocrx_word' id='word_1_737' title='bbox 179 5647 284 5708; x_wconf 73' lang='lat' dir='ltr'><strong>Hoc</strong></span> <span class='ocrx_word' id='word_1_738' title='bbox 334 5654 477 5710; x_wconf 89' lang='lat' dir='ltr'><strong>enim</strong></span> <span class='ocrx_word' id='word_1_739' title='bbox 516 5655 807 5726; x_wconf 82' lang='lat' dir='ltr'><strong>signiﬁcat,</strong></span> <span class='ocrx_word' id='word_1_740' title='bbox 849 5655 1184 5708; x_wconf 65' lang='lat' dir='ltr'><strong>exsultatione</strong></span> <span class='ocrx_word' id='word_1_741' title='bbox 1216 5651 1565 5721; x_wconf 78' lang='lat' dir='ltr'><strong>arcingentur,</strong></span> <span class='ocrx_word' id='word_1_742' title='bbox 1600 5649 1757 5725; x_wconf 85' lang='lat' dir='ltr'><strong>quia,</strong></span> 
     </span>
    </p>
   </div>
   <div class='ocr_carea' id='block_1_102' title="bbox 179 5742 1753 5817">
    <p class='ocr_par' dir='ltr' id='par_1_102' title="bbox 179 5742 1753 5817">
     <span class='ocr_line' id='line_1_102' title="bbox 179 5742 1753 5817; baseline -0.001 -21"><span class='ocrx_word' id='word_1_743' title='bbox 179 5755 455 5812; x_wconf 70' lang='lat' dir='ltr'><strong>prmstante</strong></span> <span class='ocrx_word' id='word_1_744' title='bbox 481 5747 738 5815; x_wconf 87' lang='lat' dir='ltr'><strong>Domino,</strong></span> <span class='ocrx_word' id='word_1_745' title='bbox 768 5746 1081 5817; x_wconf 88' lang='lat' dir='ltr'><strong>perveniunt</strong></span> <span class='ocrx_word' id='word_1_746' title='bbox 1104 5744 1170 5801; x_wconf 86' lang='lat' dir='ltr'><strong>ad</strong></span> <span class='ocrx_word' id='word_1_747' title='bbox 1206 5751 1469 5800; x_wconf 59' lang='lat' dir='ltr'><strong>aeternum</strong></span> <span class='ocrx_word' id='word_1_748' title='bbox 1498 5742 1753 5813; x_wconf 82' lang='lat' dir='ltr'><strong>gaudium</strong></span> 
     </span>
    </p>
   </div>
   <div class='ocr_carea' id='block_1_103' title="bbox 181 5837 998 5913">
    <p class='ocr_par' dir='ltr' id='par_1_103' title="bbox 181 5837 998 5913">
     <span class='ocr_line' id='line_1_103' title="bbox 181 5837 998 5913; baseline -0.002 -17"><span class='ocrx_word' id='word_1_749' title='bbox 181 5850 269 5907; x_wconf 76' lang='lat' dir='ltr'><strong>per</strong></span> <span class='ocrx_word' id='word_1_750' title='bbox 291 5837 633 5899; x_wconf 84' lang='lat' dir='ltr'><strong>tolerantiam</strong></span> <span class='ocrx_word' id='word_1_751' title='bbox 665 5841 998 5913; x_wconf 87' lang='lat' dir='ltr'><strong>passionum.</strong></span> 
     </span>
    </p>
   </div>
   <div class='ocr_carea' id='block_1_104' title="bbox 1810 4720 3441 4793">
    <p class='ocr_par' dir='ltr' id='par_1_104' title="bbox 1810 4720 3441 4793">
     <span class='ocr_line' id='line_1_104' title="bbox 1810 4720 3441 4793; baseline -0.002 -16"><span class='ocrx_word' id='word_1_752' title='bbox 1810 4736 1813 4739; x_wconf 74' lang='lat'><em>‘</em></span> <span class='ocrx_word' id='word_1_753' title='bbox 1861 4726 2065 4793; x_wconf 91' lang='lat' dir='ltr'><strong>posita,</strong></span> <span class='ocrx_word' id='word_1_754' title='bbox 2116 4724 2391 4793; x_wconf 78' lang='lat' dir='ltr'><strong>prmmissa</strong></span> <span class='ocrx_word' id='word_1_755' title='bbox 2432 4722 2766 4793; x_wconf 82' lang='lat' dir='ltr'><strong>expositione</strong></span> <span class='ocrx_word' id='word_1_756' title='bbox 2798 4720 3079 4775; x_wconf 88' lang='lat' dir='ltr'><strong>videantur</strong></span> <span class='ocrx_word' id='word_1_757' title='bbox 3108 4735 3227 4775; x_wconf 84' lang='lat' dir='ltr'><strong>esse</strong></span> <span class='ocrx_word' id='word_1_758' title='bbox 3268 4721 3441 4774; x_wconf 83' lang='lat' dir='ltr'><strong>netis-</strong></span> 
     </span>
    </p>
   </div>
   <div class='ocr_carea' id='block_1_105' title="bbox 1855 4814 3441 4889">
    <p class='ocr_par' dir='ltr' id='par_1_105' title="bbox 1855 4814 3441 4889">
     <span class='ocr_line' id='line_1_105' title="bbox 1855 4814 3441 4889; baseline -0.003 -18"><span class='ocrx_word' id='word_1_759' title='bbox 1855 4818 2012 4889; x_wconf 81' lang='lat' dir='ltr'><strong>sima,</strong></span> <span class='ocrx_word' id='word_1_760' title='bbox 2054 4826 2228 4871; x_wconf 87' lang='lat' dir='ltr'><strong>tamen</strong></span> <span class='ocrx_word' id='word_1_761' title='bbox 2261 4831 2367 4870; x_wconf 91' lang='lat' dir='ltr'><strong>non</strong></span> <span class='ocrx_word' id='word_1_762' title='bbox 2400 4818 2501 4871; x_wconf 88' lang='lat' dir='ltr'><strong>erit</strong></span> <span class='ocrx_word' id='word_1_763' title='bbox 2536 4817 2897 4885; x_wconf 90' lang='lat' dir='ltr'><strong>importunum</strong></span> <span class='ocrx_word' id='word_1_764' title='bbox 2929 4814 3223 4867; x_wconf 86' lang='lat' dir='ltr'><strong>scientibus</strong></span> <span class='ocrx_word' id='word_1_765' title='bbox 3271 4814 3441 4868; x_wconf 89' lang='lat' dir='ltr'><strong>inter-</strong></span> 
     </span>
    </p>
   </div>
   <div class='ocr_carea' id='block_1_106' title="bbox 1854 4904 3443 4976">
    <p class='ocr_par' dir='ltr' id='par_1_106' title="bbox 1854 4904 3443 4976">
     <span class='ocr_line' id='line_1_106' title="bbox 1854 4904 3443 4976; baseline -0.001 -14"><span class='ocrx_word' id='word_1_766' title='bbox 1854 4908 1980 4962; x_wconf 90' lang='lat' dir='ltr'><strong>dum</strong></span> <span class='ocrx_word' id='word_1_767' title='bbox 2011 4908 2122 4973; x_wconf 65' lang='lat' dir='ltr'><strong>ipsa</strong></span> <span class='ocrx_word' id='word_1_768' title='bbox 2178 4913 2463 4976; x_wconf 82' lang='lat' dir='ltr'><strong>repetere,</strong></span> <span class='ocrx_word' id='word_1_769' title='bbox 2512 4907 2571 4960; x_wconf 87' lang='lat' dir='ltr'><strong>ut</strong></span> <span class='ocrx_word' id='word_1_770' title='bbox 2600 4906 2826 4960; x_wconf 91' lang='lat' dir='ltr'><strong>intentio</strong></span> <span class='ocrx_word' id='word_1_771' title='bbox 2870 4904 3032 4959; x_wconf 87' lang='lat' dir='ltr'><strong>totius</strong></span> <span class='ocrx_word' id='word_1_772' title='bbox 3081 4904 3443 4974; x_wconf 87' lang='lat' dir='ltr'><strong>inscriptionis</strong></span> 
     </span>
    </p>
   </div>
   <div class='ocr_carea' id='block_1_107' title="bbox 1853 4987 3438 5075">
    <p class='ocr_par' dir='ltr' id='par_1_107' title="bbox 1853 4987 3438 5075">
     <span class='ocr_line' id='line_1_107' title="bbox 1853 4987 3438 5075; baseline -0.002 -22"><span class='ocrx_word' id='word_1_773' title='bbox 1853 4987 2155 5075; x_wconf 80' lang='lat' dir='ltr'><strong>evidentius</strong></span> <span class='ocrx_word' id='word_1_774' title='bbox 2178 4999 2346 5068; x_wconf 88' lang='lat' dir='ltr'><strong>possit</strong></span> <span class='ocrx_word' id='word_1_775' title='bbox 2374 4998 2608 5069; x_wconf 83' lang='lat' dir='ltr'><strong>agnosci.</strong></span> <span class='ocrx_word' id='word_1_776' title='bbox 2639 4998 2703 5050; x_wconf 85' lang='lat' dir='ltr'><strong>In</strong></span> <span class='ocrx_word' id='word_1_777' title='bbox 2728 4998 2905 5067; x_wconf 80' lang='lat' dir='ltr'><strong>ﬁnem,</strong></span> <span class='ocrx_word' id='word_1_778' title='bbox 2930 4996 3069 5065; x_wconf 86' lang='lat' dir='ltr'><strong>quod</strong></span> <span class='ocrx_word' id='word_1_779' title='bbox 3094 4995 3292 5050; x_wconf 88' lang='lat' dir='ltr'><strong>dictum</strong></span> <span class='ocrx_word' id='word_1_780' title='bbox 3322 5010 3403 5051; x_wconf 90' lang='lat' dir='ltr'><strong>est</strong></span> <span class='ocrx_word' id='word_1_781' title='bbox 3423 5043 3438 5062; x_wconf 82' lang='grc'><em>,</em></span> 
     </span>
    </p>
   </div>
   <div class='ocr_carea' id='block_1_108' title="bbox 1854 5087 3442 5161">
    <p class='ocr_par' dir='ltr' id='par_1_108' title="bbox 1854 5087 3442 5161">
     <span class='ocr_line' id='line_1_108' title="bbox 1854 5087 3442 5161; baseline -0.004 -14"><span class='ocrx_word' id='word_1_782' title='bbox 1854 5091 2071 5161; x_wconf 88' lang='lat' dir='ltr'><strong>respicit</strong></span> <span class='ocrx_word' id='word_1_783' title='bbox 2102 5090 2169 5145; x_wconf 89' lang='lat' dir='ltr'><strong>ad</strong></span> <span class='ocrx_word' id='word_1_784' title='bbox 2203 5090 2487 5144; x_wconf 88' lang='lat' dir='ltr'><strong>Dominum</strong></span> <span class='ocrx_word' id='word_1_785' title='bbox 2518 5087 2680 5160; x_wconf 68' lang='grc'><strong>214</strong></span> <span class='ocrx_word' id='word_1_786' title='bbox 2716 5088 3053 5143; x_wconf 87' lang='lat' dir='ltr'><strong>Salvatorem</strong></span> <span class='ocrx_word' id='word_1_787' title='bbox 3076 5128 3089 5151; x_wconf 95' lang='lat'><strong>,</strong></span> <span class='ocrx_word' id='word_1_788' title='bbox 3122 5087 3261 5142; x_wconf 89' lang='lat' dir='ltr'><strong>sicut</strong></span> <span class='ocrx_word' id='word_1_789' title='bbox 3313 5089 3442 5141; x_wconf 90' lang='lat' dir='ltr'><strong>dicit</strong></span> 
     </span>
    </p>
   </div>
   <div class='ocr_carea' id='block_1_109' title="bbox 1854 5164 3443 5254">
    <p class='ocr_par' dir='ltr' id='par_1_109' title="bbox 1854 5164 3443 5254">
     <span class='ocr_line' id='line_1_109' title="bbox 1854 5164 3443 5254; baseline -0.003 -14"><span class='ocrx_word' id='word_1_790' title='bbox 1854 5164 2142 5254; x_wconf 72' lang='lat' dir='ltr'><strong>Apostolus</strong></span> <span class='ocrx_word' id='word_1_791' title='bbox 2169 5180 2351 5238; x_wconf 82' lang='lat' dir='ltr'><strong>:Finis</strong></span> <span class='ocrx_word' id='word_1_792' title='bbox 2372 5183 2504 5235; x_wconf 89' lang='lat' dir='ltr'><strong>enim</strong></span> <span class='ocrx_word' id='word_1_793' title='bbox 2533 5183 2657 5253; x_wconf 87' lang='lat' dir='ltr'><strong>legis</strong></span> <span class='ocrx_word' id='word_1_794' title='bbox 2682 5178 2918 5235; x_wconf 85' lang='lat' dir='ltr'><strong>Christus</strong></span> <span class='ocrx_word' id='word_1_795' title='bbox 2941 5182 3011 5234; x_wconf 86' lang='lat' dir='ltr'><strong>ad</strong></span> <span class='ocrx_word' id='word_1_796' title='bbox 3034 5183 3284 5249; x_wconf 77' lang='lat' dir='ltr'><strong>iustitiam</strong></span> <span class='ocrx_word' id='word_1_797' title='bbox 3301 5181 3443 5249; x_wconf 76' lang='lat' dir='ltr'><strong>omni</strong></span> 
     </span>
    </p>
   </div>
   <div class='ocr_carea' id='block_1_110' title="bbox 1854 5270 3441 5349">
    <p class='ocr_par' dir='ltr' id='par_1_110' title="bbox 1854 5270 3441 5349">
     <span class='ocr_line' id='line_1_110' title="bbox 1854 5270 3441 5349; baseline -0.004 -17"><span class='ocrx_word' id='word_1_798' title='bbox 1854 5279 2079 5334; x_wconf 86' lang='lat' dir='ltr'><strong>credenti</strong></span> <span class='ocrx_word' id='word_1_799' title='bbox 2109 5277 2285 5349; x_wconf 81' lang='lat' dir='ltr'><strong>(Rom.</strong></span> <span class='ocrx_word' id='word_1_800' title='bbox 2307 5292 2363 5341; x_wconf 76' lang='grc' dir='ltr'><strong>ι,</strong></span> <span class='ocrx_word' id='word_1_801' title='bbox 2390 5275 2470 5345; x_wconf 69' lang='grc' dir='ltr'><strong>ι).</strong></span> <span class='ocrx_word' id='word_1_802' title='bbox 2495 5270 2735 5328; x_wconf 87' lang='lat' dir='ltr'><strong>Psalmus</strong></span> <span class='ocrx_word' id='word_1_803' title='bbox 2758 5273 2927 5343; x_wconf 90' lang='lat' dir='ltr'><strong>ipsum</strong></span> <span class='ocrx_word' id='word_1_804' title='bbox 2956 5274 3073 5328; x_wconf 91' lang='lat' dir='ltr'><strong>sine</strong></span> <span class='ocrx_word' id='word_1_805' title='bbox 3093 5274 3441 5343; x_wconf 86' lang='lat' dir='ltr'><strong>ambiguitate</strong></span> 
     </span>
    </p>
   </div>
   <div class='ocr_carea' id='block_1_111' title="bbox 1858 5366 3444 5438">
    <p class='ocr_par' dir='ltr' id='par_1_111' title="bbox 1858 5366 3444 5438">
     <span class='ocr_line' id='line_1_111' title="bbox 1858 5366 3444 5438; baseline -0.004 -13"><span class='ocrx_word' id='word_1_806' title='bbox 1858 5370 2159 5435; x_wconf 85' lang='lat' dir='ltr'><strong>denuntiat,</strong></span> <span class='ocrx_word' id='word_1_807' title='bbox 2201 5368 2324 5437; x_wconf 89' lang='lat' dir='ltr'><strong>quia</strong></span> <span class='ocrx_word' id='word_1_808' title='bbox 2347 5366 2576 5438; x_wconf 89' lang='lat' dir='ltr'><strong>psalmus</strong></span> <span class='ocrx_word' id='word_1_809' title='bbox 2604 5381 2671 5421; x_wconf 81' lang='lat' dir='ltr'><strong>ex</strong></span> <span class='ocrx_word' id='word_1_810' title='bbox 2693 5366 3058 5436; x_wconf 89' lang='lat' dir='ltr'><strong>superioribus</strong></span> <span class='ocrx_word' id='word_1_811' title='bbox 3090 5376 3265 5431; x_wconf 89' lang='lat' dir='ltr'><strong>sonat,</strong></span> <span class='ocrx_word' id='word_1_812' title='bbox 3300 5367 3444 5419; x_wconf 87' lang='lat' dir='ltr'><strong>sicut</strong></span> 
     </span>
    </p>
   </div>
   <div class='ocr_carea' id='block_1_112' title="bbox 1860 5455 3438 5532">
    <p class='ocr_par' dir='ltr' id='par_1_112' title="bbox 1860 5455 3438 5532">
     <span class='ocr_line' id='line_1_112' title="bbox 1860 5455 3438 5532; baseline -0.006 -15"><span class='ocrx_word' id='word_1_813' title='bbox 1860 5477 2021 5532; x_wconf 88' lang='lat' dir='ltr'><strong>opera</strong></span> <span class='ocrx_word' id='word_1_814' title='bbox 2052 5459 2167 5528; x_wconf 85' lang='lat' dir='ltr'><strong>ejus</strong></span> <span class='ocrx_word' id='word_1_815' title='bbox 2194 5458 2441 5528; x_wconf 86' lang='lat' dir='ltr'><strong>dictaque</strong></span> <span class='ocrx_word' id='word_1_816' title='bbox 2469 5462 2783 5512; x_wconf 89' lang='lat' dir='ltr'><strong>sonuerunt.</strong></span> <span class='ocrx_word' id='word_1_817' title='bbox 2819 5455 2986 5510; x_wconf 82' lang='lat' dir='ltr'><strong>David</strong></span> <span class='ocrx_word' id='word_1_818' title='bbox 3029 5465 3208 5510; x_wconf 89' lang='lat' dir='ltr'><strong>autem</strong></span> <span class='ocrx_word' id='word_1_819' title='bbox 3237 5456 3438 5511; x_wconf 89' lang='lat' dir='ltr'><strong>dictum</strong></span> 
     </span>
    </p>
   </div>
   <div class='ocr_carea' id='block_1_113' title="bbox 1861 5548 3443 5622">
    <p class='ocr_par' dir='ltr' id='par_1_113' title="bbox 1861 5548 3443 5622">
     <span class='ocr_line' id='line_1_113' title="bbox 1861 5548 3443 5622; baseline -0.007 -10"><span class='ocrx_word' id='word_1_820' title='bbox 1861 5567 1943 5612; x_wconf 88' lang='lat' dir='ltr'><strong>est</strong></span> <span class='ocrx_word' id='word_1_821' title='bbox 2000 5551 2339 5622; x_wconf 87' lang='lat' dir='ltr'><strong>interpretari</strong></span> <span class='ocrx_word' id='word_1_822' title='bbox 2386 5548 2759 5606; x_wconf 87' lang='lat' dir='ltr'><strong>desiderabilis</strong></span> <span class='ocrx_word' id='word_1_823' title='bbox 2808 5559 2861 5603; x_wconf 89' lang='lat' dir='ltr'><strong>et</strong></span> <span class='ocrx_word' id='word_1_824' title='bbox 2900 5562 3059 5603; x_wconf 90' lang='lat' dir='ltr'><strong>manu</strong></span> <span class='ocrx_word' id='word_1_825' title='bbox 3100 5549 3253 5603; x_wconf 79' lang='lat' dir='ltr'><strong>fortis</strong></span> <span class='ocrx_word' id='word_1_826' title='bbox 3278 5593 3291 5615; x_wconf 89' lang='lat'><strong>,</strong></span> <span class='ocrx_word' id='word_1_827' title='bbox 3322 5563 3443 5616; x_wconf 74' lang='lat' dir='ltr'><strong>qua:</strong></span> 
     </span>
    </p>
   </div>
   <div class='ocr_carea' id='block_1_114' title="bbox 1860 5642 3443 5716">
    <p class='ocr_par' dir='ltr' id='par_1_114' title="bbox 1860 5642 3443 5716">
     <span class='ocr_line' id='line_1_114' title="bbox 1860 5642 3443 5716; baseline -0.007 -12"><span class='ocrx_word' id='word_1_828' title='bbox 1860 5649 2020 5704; x_wconf 87' lang='lat' dir='ltr'><strong>verba</strong></span> <span class='ocrx_word' id='word_1_829' title='bbox 2061 5644 2367 5716; x_wconf 84' lang='lat' dir='ltr'><strong>specialiter</strong></span> <span class='ocrx_word' id='word_1_830' title='bbox 2415 5644 2684 5713; x_wconf 81' lang='lat' dir='ltr'><strong>pertinent</strong></span> <span class='ocrx_word' id='word_1_831' title='bbox 2734 5643 2800 5697; x_wconf 88' lang='lat' dir='ltr'><strong>ad</strong></span> <span class='ocrx_word' id='word_1_832' title='bbox 2854 5642 3050 5713; x_wconf 76' lang='lat' dir='ltr'><strong>Regem</strong></span> <span class='ocrx_word' id='word_1_833' title='bbox 3104 5654 3345 5695; x_wconf 88' lang='lat' dir='ltr'><strong>nostrum</strong></span> <span class='ocrx_word' id='word_1_834' title='bbox 3387 5648 3443 5693; x_wconf 84' lang='lat' dir='ltr'><strong>et</strong></span> 
     </span>
    </p>
   </div>
   <div class='ocr_carea' id='block_1_115' title="bbox 1861 5733 3441 5806">
    <p class='ocr_par' dir='ltr' id='par_1_115' title="bbox 1861 5733 3441 5806">
     <span class='ocr_line' id='line_1_115' title="bbox 1861 5733 3441 5806; baseline -0.008 -11"><span class='ocrx_word' id='word_1_835' title='bbox 1861 5741 2147 5796; x_wconf 87' lang='lat' dir='ltr'><strong>Dominum</strong></span> <span class='ocrx_word' id='word_1_836' title='bbox 2171 5736 2463 5792; x_wconf 80' lang='lat' dir='ltr'><strong>Christum.</strong></span> <span class='ocrx_word' id='word_1_837' title='bbox 2493 5735 2676 5791; x_wconf 77' lang='lat' dir='ltr'><strong>Restat</strong></span> <span class='ocrx_word' id='word_1_838' title='bbox 2702 5751 2843 5791; x_wconf 90' lang='lat' dir='ltr'><strong>nunc</strong></span> <span class='ocrx_word' id='word_1_839' title='bbox 2870 5746 2926 5790; x_wconf 91' lang='lat' dir='ltr'><strong>ut</strong></span> <span class='ocrx_word' id='word_1_840' title='bbox 2951 5734 3227 5806; x_wconf 85' lang='lat' dir='ltr'><strong>sequentia</strong></span> <span class='ocrx_word' id='word_1_841' title='bbox 3257 5733 3441 5784; x_wconf 88' lang='lat' dir='ltr'><strong>dicere</strong></span> 
     </span>
    </p>
   </div>
   <div class='ocr_carea' id='block_1_116' title="bbox 1862 5822 3442 5901">
    <p class='ocr_par' dir='ltr' id='par_1_116' title="bbox 1862 5822 3442 5901">
     <span class='ocr_line' id='line_1_116' title="bbox 1862 5822 3442 5901; baseline -0.007 -14"><span class='ocrx_word' id='word_1_842' title='bbox 1862 5830 2172 5887; x_wconf 87' lang='lat' dir='ltr'><strong>debeamus.</strong></span> <span class='ocrx_word' id='word_1_843' title='bbox 2223 5822 2491 5883; x_wconf 78' lang='lat' dir='ltr'><strong>Canticum</strong></span> <span class='ocrx_word' id='word_1_844' title='bbox 2535 5824 2676 5885; x_wconf 85' lang='lat' dir='ltr'><strong>istud</strong></span> <span class='ocrx_word' id='word_1_845' title='bbox 2728 5826 3015 5901; x_wconf 86' lang='lat' dir='ltr'><strong>generale,</strong></span> <span class='ocrx_word' id='word_1_846' title='bbox 3056 5825 3195 5897; x_wconf 82' lang='lat' dir='ltr'><strong>quod</strong></span> <span class='ocrx_word' id='word_1_847' title='bbox 3240 5822 3340 5876; x_wconf 85' lang='lat' dir='ltr'><strong>dici</strong></span> <span class='ocrx_word' id='word_1_848' title='bbox 3373 5822 3442 5876; x_wconf 86' lang='lat' dir='ltr'><strong>de</strong></span> 
     </span>
    </p>
   </div>
  </div>
