4020 6348
563 356 665 422 ibi

1824 363 1892 427 tu.
1940 361 2217 428 nunc:th
2253 357 2661 429 cassmnom

3752 368 3857 431 εει

562 483 789 539 Domino
817 484 1092 541 Salvatore
1121 486 1399 556 praemissa
1436 487 1658 544 nomina
1706 487 2036 554 docuerunt,
2078 489 2144 544 de
2171 495 2224 554 Α
2248 490 2452 545 dictum
2510 498 2596 546 est
2617 530 2634 558 ,
2679 489 2796 544 date
2820 487 3046 561 gloriam
3074 475 3220 548 laudi
3262 491 3377 563 ejus
3398 532 3414 561 ,
3453 491 3511 549 ct
3545 491 3852 548 antidotum

560 579 792 650 gloriosa
815 578 980 650 ipsius
1005 583 1397 638 resurrectione
1418 583 1759 652 praedicatur,
1780 599 1875 654 per
1889 585 2030 654 quod
2053 585 2150 640 Ec-

561 661 721 726 clesia
747 682 933 742 gentes
961 673 1232 740 admonet,
1259 689 1388 744 quas
1415 689 1508 743 per
1529 675 1750 744 gratiam
1777 675 1983 729 Domini
2010 689 2148 744 pra:-

562 763 766 818 sciebat
782 777 900 819 esse
925 765 1244 832 credituras,
1269 777 1326 820 ut
1345 767 1702 823 communiter
1722 767 2006 838 gaudeant,
2030 771 2149 836 Quae

562 863 720 925 erant
755 856 809 911 in
856 871 955 912 suo
981 859 1165 928 Capite
1207 861 1541 928 reparandae.
1591 860 1694 915 Sed
1725 862 1976 930 quoniam
2017 875 2149 930 gens

559 947 743 1003 Judaea
769 964 828 1004 se
861 958 1064 1004 tantum
1090 952 1155 1006 ad
1185 953 1354 1007 beata:
1385 953 1507 1008 vitae
1539 953 1754 1022 praemia
1785 952 1999 1021 putabat
2023 960 2150 1006 esse

560 1051 864 1109 venturam,
914 1046 1036 1114 quia
1081 1044 1221 1099 inter
1245 1047 1469 1099 etetera's
1493 1047 1756 1110 nationes,
1806 1059 1924 1113 qua:
1976 1043 2151 1098 adhuc

558 1131 714 1188 idolis
757 1132 954 1189 dedita:
1003 1135 1347 1202 serviebant,
1405 1137 1515 1192 sola
1553 1139 1720 1206 legem
1771 1136 1886 1192 veri
1938 1137 2148 1192 Domini

559 1221 761 1279 habere
810 1225 1094 1280 videbatur
1143 1225 1260 1298 (sed
1307 1239 1424 1282 erat
1469 1226 1801 1283 infidelitatis
1855 1241 1969 1282 suae
2023 1227 2152 1281 vitio

557 1315 868 1388 peccatura)
902 1310 1195 1386 prephetiaa
1247 1319 1438 1390 spiritu
1490 1321 1748 1374 canticum
1785 1318 1922 1374 istud
1970 1329 2149 1373 sancta

557 1409 796 1478 profudit
822 1411 1060 1466 Ecclesia
1085 1430 1097 1465 :
1122 1427 1370 1468 asserens
1400 1429 1550 1484 spem
1576 1414 1718 1468 illam
1739 1413 2150 1469 resurrectionis

557 1515 664 1556 non
704 1503 878 1557 solum
910 1503 1094 1559 lldeles
1119 1521 1188 1559 ex
1220 1505 1418 1560 Judmis
1441 1547 1455 1571 ,
1487 1505 1581 1562 sed
1623 1505 2032 1560 universitatem
2081 1505 2149 1557 de

557 1594 765 1647 cunctis
799 1594 1044 1663 gentibus
1093 1594 1423 1662 habitoram;
1477 1597 1616 1650 sicut
1655 1595 1913 1650 Dominus
1966 1595 2094 1648 dicit
2137 1611 2150 1647 :

565 1678 696 1740 Viuo
725 1702 839 1756 ego,
873 1687 994 1740 dicit
1020 1684 1293 1754 Dominus,
1316 1699 1363 1742 et
1391 1689 1685 1756 implebitur
1707 1689 1871 1759 gloria
1900 1703 2009 1741 mea
2037 1689 2152 1740 uni-

556 1789 702 1829 uersa
731 1786 865 1830 terra
892 1776 1081 1848 (Num.
1125 1795 1240 1842 xw,
1281 1778 1393 1850 Ἡ).
1425 1781 1664 1850 Denique
1695 1790 1748 1834 et
1779 1781 2015 1849 psa'mus
2047 1778 2153 1834 iste

557 1867 638 1923 sic
669 1867 881 1924 inchoat
910 1887 922 1923 :
955 1870 1188 1925 Jubilate
1219 1871 1347 1938 Deo,
1382 1875 1546 1927 omnis
1571 1883 1724 1927 terra.

1128 1973 1324 2041 Divisio
1368 1989 1571 2056 psalmi.

625 2094 824 2154 Contra
869 2099 1269 2169 persuasionem
1303 2099 1614 2156 Judazorum
1635 2143 1650 2164 ,
1683 2098 1772 2170 qui
1809 2115 1868 2156 se
1898 2099 2151 2155 dicebant

553 2188 703 2244 solos
731 2189 798 2244 ad
823 2189 1034 2246 beatam
1065 2191 1226 2245 vitam
1251 2201 1363 2260 pra;
1383 2193 1630 2247 omnibus
1652 2194 1943 2262 pertinere,
1976 2203 2150 2246 mater

555 2277 799 2335 Ecclesia
847 2295 1000 2351 spem
1050 2281 1316 2351 generalis
1361 2284 1770 2338 resurrectionis
1821 2282 2154 2353 interpositis

553 2366 725 2423 tribus
777 2367 1218 2438 diapsalmatibus
1265 2371 1387 2425 laeta
1423 2370 1690 2426 decantat;
1739 2373 1916 2426 Primo
1955 2372 2147 2427 ordine

554 2457 776 2515 hortans
825 2463 1228 2517 universitatem
1253 2503 1271 2525 .
1309 2471 1368 2517 ut
1393 2463 1460 2518 de
1497 2463 1706 2518 Domini
1750 2464 2147 2520 resurrectione

552 2556 907 2624 congaudeat.
927 2557 1268 2624 qure'cunctis
1291 2566 1407 2612 erat
1429 2555 1675 2612 ﬁdelibus
1701 2566 1900 2613 mterna
1924 2557 2142 2628 praemia

552 2645 880 2713 praestitum.
909 2648 1159 2704 Secundo
1181 2648 1370 2704 ordine
1401 2649 1588 2703 invitat
1616 2663 1804 2704 omnes
1835 2658 1892 2703 ut
1922 2647 2146 2703 veniant

548 2737 618 2790 ad
646 2735 739 2792 Dei
762 2751 922 2807 opera
947 2739 1366 2808 consideranda;
1407 2750 1670 2809 quatenus
1705 2757 1809 2796 una
1847 2741 2144 2796 creduli'as

545 2829 735 2899 jungat
778 2846 913 2900 quos
956 2846 1118 2886 unum
1169 2835 1449 2901 prmmium
1493 2842 1808 2902 exspectare
1834 2833 2140 2888 videbatur.

552 2924 737 2980 Tertio
763 2925 956 2980 lterum
987 2936 1172 2982 monet
1191 2938 1377 2996 gentes
1399 2935 1459 2982 ut
1481 2927 1765 2982 Dominum
1797 2926 2140 2992 benedieant,

485 3019 497 3035 '
553 3019 643 3090 qui
673 3031 775 3072 nos
800 3017 926 3072 licet
956 3018 1190 3074 diversis
1221 3021 1410 3089 probet
1442 3018 1871 3074 tribulationibus
1893 3061 1907 3083 ,
1959 3026 2141 3073 tamen

548 3111 616 3166 ad
646 3112 882 3179 requiem
911 3126 1023 3165 sua:
1054 3112 1410 3166 miserationis
1441 3111 1689 3168 adducet.
1715 3113 1916 3178 Quarto
1949 3111 2141 3166 ordine

549 3202 744 3259 iterum
766 3203 955 3258 invitat
975 3203 1396 3269 universitatem,
1424 3214 1480 3258 ut
1499 3204 1821 3259 commonita
1845 3203 1974 3276 [ed.,
1996 3219 2144 3258 com-

548 3292 776 3367 munita]
815 3295 1061 3364 exemplo
1090 3295 1422 3351 liberationis
1449 3306 1590 3363 sum,
1620 3271 1866 3366 amplius
1907 3297 2141 3353 confidat
2172 3271 2218 3344 β

549 3387 605 3441 in
667 3386 892 3442 Domino
925 3404 938 3440 :
969 3387 1293 3444 benedicens
1336 3403 1457 3444 eum
1485 3431 1500 3458 ,
1544 3391 1795 3461 quoniam
1839 3392 2139 3447 orationem

550 3477 668 3550 ejus
697 3480 958 3538 exaudire
983 3481 1234 3552 dignatus
1255 3492 1356 3538 est.

1086 3593 1357 3666 Expositio
1384 3597 1591 3669 psalmi.

620 3702 776 3762 Vers.
809 3707 862 3766 i.
889 3705 1115 3761 Jubilate
1138 3707 1264 3774 Deo,
1294 3711 1457 3765 omnis
1487 3720 1657 3775 terra;
1702 3711 1957 3783 psalmum
1985 3713 2139 3770 dicite

547 3798 742 3854 nomini
765 3794 910 3870 ejus;
939 3801 1054 3854 date
1074 3802 1293 3871 gloriam
1314 3803 1458 3858 laudi
1480 3805 1613 3874 ejus.
1643 3805 1841 3860 Sancta
1871 3801 2136 3870 Ecclesia,

543 3891 684 3947 sicut
711 3891 968 3959 diximus,
993 3893 1132 3948 omni
1153 3903 1303 3950 teme
1329 3895 1457 3950 dicit
1476 3911 1598 3951 esse
1620 3897 1985 3967 gaudendum,
2015 3914 2136 3968 qua:

543 3993 661 4039 erat
686 3982 900 4039 Christo
927 3985 1154 4042 Domino
1175 3986 1469 4044 creditura.
1498 3983 1751 4044 Jubitatio
1773 3990 1916 4045 enim
1935 3990 2134 4047 dicitur

539 4076 828 4132 exsultatio
867 4078 1080 4145 cordis,
1113 4093 1233 4146 quae
1274 4081 1636 4136 immensitate
1679 4082 1764 4138 sui
1794 4083 1976 4138 verbis
2025 4099 2132 4138 non

540 4179 719 4237 potest
740 4172 1017 4240 explicari.
1067 4171 1222 4227 Unde
1269 4173 1466 4228 merito
1505 4189 1536 4227 a
1568 4174 1662 4228 tali
1704 4177 1872 4230 verbo
1901 4178 2130 4244 sumpsit

539 4261 788 4329 initium,
834 4273 891 4315 ut
930 4263 1103 4331 magni
1135 4264 1378 4318 beneficii
1417 4265 1974 4334 incomprehensibilis
2007 4283 2128 4336 pro-

537 4350 757 4406 baretur
809 4366 929 4408 esse
970 4353 1174 4408 laetitia.
1213 4354 1346 4410 Nam
1389 4372 1511 4412 cum
1551 4357 1717 4424 dicit,
1751 4359 1916 4413 omnis
1947 4369 2118 4428 terra,

2253 584 2474 638 cceleste
2507 582 2796 638 siticulosis
2839 582 3034 636 animis
3084 583 3414 639 bauriamus.
3463 585 3564 640 Dat
3618 586 3853 658 gloriam

2251 675 2398 730 laudi
2440 676 2554 746 ejus
2577 675 2664 745 qui
2697 675 2965 745 praeconia
2999 676 3204 730 Domini
3229 675 3562 747 frequentata
3603 679 3858 734 exsulta-

2253 765 2401 820 tione
2431 765 2806 832 concelebrat,
2840 767 2899 820 nt
2926 767 3094 821 totum
3137 766 3237 836 ipsi
3268 767 3561 837 deputans,
3585 768 3728 824 nihil
3761 772 3860 822 bu.

2252 857 2422 911 manis
2463 855 2692 912 aestimet
2737 857 2940 912 viribus
2978 857 3379 927 applicandum.
3431 857 3719 916 Vitandum
3775 864 3863 918 est

2253 951 2394 1004 enim
2419 960 2474 1005 et
2497 952 2640 1006 omni
2674 952 2851 1006 studio
2883 951 3190 1020 fugiendum
3223 967 3290 1008 ne
3320 952 3576 1023 fragilitas
3606 953 3860 1010 humana

2254 1041 2496 1098 laudibus
2527 1045 2640 1097 auis
2679 1044 2880 1098 ambiat
2919 1045 3085 1116 erigi,
3119 1054 3242 1116 qua:
3272 1047 3440 1116 magis
3496 1046 3654 1103 debet
3701 1045 3862 1117 ju’su

2255 1133 2624 1202 increpatione
2655 1135 2883 1206 culpari.

2329 1224 2482 1280 Vcrs.
2515 1226 2570 1284 9..
2597 1224 2758 1280 Dicite
2780 1227 2883 1280 Deo
2905 1245 2922 1282 :
2948 1227 3114 1292 Quam
3137 1227 3386 1284 terribilia
3408 1237 3525 1283 sunt
3545 1246 3708 1300 opera
3735 1225 3894 1286 tua?

2253 1314 2305 1366 in
2339 1315 2663 1368 multitudine
2689 1316 2888 1369 virtutis
2921 1327 3022 1370 tua:
3062 1319 3366 1372 mentientur
3393 1320 3480 1372 tibi
3516 1320 3719 1374 inimici
3761 1321 3860 1376 tari.

2255 1405 2553 1460 Audiamus
2581 1405 2706 1475 quid
2739 1405 2975 1460 Ecclesia
3006 1417 3193 1474 gentes
3217 1423 3321 1462 uno
3363 1419 3628 1464 commate
3656 1410 3864 1466 domat

2253 1494 2469 1561 dicere,
2505 1507 2560 1549 et
2610 1511 2852 1565 magnam
2883 1511 3097 1550 causam
3139 1499 3412 1567 religionis
3442 1500 3540 1554 sub
3583 1500 3861 1558 brevitate

2253 1589 2594 1642 concludere.
2627 1590 2795 1655 Quam
2837 1590 3084 1644 terribilia
3110 1601 3228 1644 sunt
3261 1610 3414 1659 opera
3441 1601 3528 1646 tua
3546 1595 3565 1648 ,ν
3591 1594 3860 1664 Quamvis

2252 1693 2408 1747 opera
2459 1675 2670 1733 Domini
2721 1680 2866 1734 dicat
2907 1695 3026 1735 esse
3057 1681 3338 1751 terribilia,
3367 1693 3540 1739 tamen
3585 1689 3860 1754 qttatsltzﬁi

2253 1771 2478 1826 terroris
2524 1771 2756 1826 habeant
2787 1786 2891 1826 non
2936 1772 3131 1838 edixit;
3173 1775 3269 1829 sed
3300 1791 3453 1843 apcra
3497 1776 3713 1831 Domini
3759 1779 3860 1834 hac

2183 1884 2230 1944 Β
2258 1864 2465 1918 ratione
2517 1863 2750 1919 arbitror
2793 1879 2916 1919 esse
2966 1868 3292 1934 metuenda,
3344 1880 3400 1922 ut
3436 1869 3859 1926 consideremus

2256 1953 2382 2024 quid
2406 1953 2562 2009 nobis
2587 1953 2758 2023 possit
2778 1954 3042 2021 accidere,
3074 1957 3119 2011 si
3140 1957 3228 2011 illa
3255 1957 3526 2028 maiestas,
3546 1970 3670 2030 qua:
3693 1977 3860 2018 mun-

2253 2046 2378 2100 dum
2411 2046 2661 2101 miserata
2703 2041 2960 2116 ri-spexit,
3004 2049 3238 2116 peccatis
3281 2050 3477 2105 nostris
3522 2048 3858 2108 facientibus

2253 2137 2509 2192 reddatur
2540 2137 2768 2192 infensa.
2811 2138 2950 2193 Deus
2985 2140 3128 2195 enim
3173 2156 3270 2210 pro
3294 2141 3450 2197 nobis
3476 2141 3735 2214 dignatus
3770 2156 3857 2201 est

2257 2227 2418 2283 homo
2450 2228 2588 2296 ﬁeri,
2618 2231 2756 2285 sicut
2785 2230 2894 2284 Leo
2924 2245 3058 2300 papa
3101 2232 3168 2286 ad
3196 2231 3516 2288 Flavianum
3561 2235 3852 2302 scribens,

2252 2321 2442 2376 doctor
2456 2322 2782 2392 apostolicus
2801 2321 2930 2377 dicit
2946 2321 3144 2392 (Epist.
3163 2323 3324 2391 iO,ad
3341 2323 3578 2379 Flauian.
3591 2367 3607 2392 ,
3621 2343 3746 2395 cap.
3765 2331 3854 2399 ηε

2253 2413 2476 2468 Creator
2501 2414 2814 2484 angelorum
2845 2423 2982 2468 unus
3013 2427 3202 2484 passus
3229 2423 3314 2470 est
3341 2431 3461 2472 esse
3491 2421 3849 2476 mortalium:

2252 2505 2538 2560 invisibilis
2567 2507 2622 2560 in
2667 2507 2805 2572 suis,
2851 2506 3076 2562 visibilis
3101 2515 3185 2564 est
3212 2509 3383 2564 factus
3408 2511 3462 2565 in
3492 2513 3733 2580 nostris;
3759 2515 3846 2570 in-

2251 2597 2759 2668 comprehensibilis
2784 2599 2955 2655 voluit
2981 2601 3397 2671 comprehendi;
3437 2613 3564 2660 ante
3594 2613 3848 2676 tempora

2251 2701 2496 2756 manens,
2521 2705 2643 2747 esse
2663 2691 2826 2760 coepit
2854 2707 2920 2748 ex
2953 2701 3216 2762 tempore.
3251 2693 3633 2752 Uuiversitatis
3661 2698 3849 2754 Domi-

2251 2797 2372 2848 nus,
2399 2782 2647 2839 servilem
2674 2772 2897 2840 t'oi-mam
2922 2781 3241 2842 obumbrata
3278 2789 3576 2857 maiestatis
3603 2805 3718 2846 suae
3750 2793 3851 2848 imo

2248 2873 2540 2928 mensitate
2568 2874 2825 2944 suscepit.
2872 2876 3221 2946 lmpassibilis
3251 2873 3395 2934 Deus
3424 2897 3531 2936 non
3561 2895 3648 2938 est
3693 2883 3847 2939 dedi-

2247 2974 2440 3032 gnatus
2491 2964 2654 3019 homo
2696 2980 2818 3021 esse
2865 2969 3164 3038 passibilis,
3210 2981 3263 3026 et
3298 2971 3624 3030 immortalis
3654 2979 3846 3033 mortis

2247 3054 2453 3126 legibus
2484 3056 2784 3126 subiacere.
2841 3059 2964 3115 llaec
3009 3061 3054 3116 si
3099 3062 3543 3131 consideremus,
3593 3070 3846 3124 terribilia

2247 3146 2401 3202 nobis
2447 3155 2564 3200 sunt
2602 3163 2756 3218 Opera
2786 3149 3028 3217 Domini,
3072 3153 3287 3223 quando
3332 3163 3495 3210 tanta:
3523 3157 3826 3228 dignationi

2249 3255 2348 3296 nec
2378 3239 2507 3295 illud
2536 3255 2820 3310 possumus
2849 3243 3128 3311 exhibere,
3156 3246 3298 3316 quod
3330 3263 3427 3316 pro
3459 3262 3641 3305 nostra
3664 3253 3841 3310 salute

2247 3338 2496 3408 dignatur
2520 3351 2618 3391 nos
2664 3337 2905 3395 caelestis
2947 3341 3116 3409 pietas
3143 3341 3457 3399 admonere.
3489 3343 3580 3400 Sic
3605 3348 3753 3404 enim
3785 3358 3842 3404 et

2245 3432 2373 3487 alibi
2397 3431 2591 3501 legitur
2617 3450 2632 3485 :
2665 3429 2914 3498 Domine,
2939 3431 3112 3486 audivi
3132 3421 3368 3488 auditum
3391 3444 3560 3505 tuunt,
3582 3447 3634 3490 et
3662 3438 3841 3504 timui;

2243 3526 2555 3580 consideravi
2595 3541 2752 3595 opera
2781 3535 2891 3593 tua,
2921 3533 2971 3579 et
3011 3526 3190 3594 επραυί
3221 3526 3450 3597 (llabac.
3477 3543 3568 3594 nt,
3607 3529 3700 3602 2).
3723 3532 3838 3589 Sd

2247 3619 2410 3673 timor
2430 3619 2529 3674 iste
2551 3617 2876 3673 allectuosus
2896 3627 2946 3673 et
2969 3617 3086 3686 pius
3111 3627 3218 3684 est,
3240 3617 3582 3676 dulcedinem
3607 3621 3834 3694 habens,

2243 3725 2349 3775 non
2379 3710 2758 3764 amaritudinis
2807 3709 3147 3781 qualitatem;
3199 3723 3350 3779 spem
3397 3724 3696 3781 generans,
3730 3731 3834 3770 non

2241 3801 2596 3858 diliidcntiam
2625 3817 2848 3867 creans;
2895 3799 3224 3858 desiderium
3267 3804 3572 3870 cumulans,
3603 3821 3711 3862 non
3741 3823 3830 3862 aro

2239 3893 2424 3949 dorem
2446 3892 2724 3948 cbaritatis
2745 3891 3114 3963 exstinguens.
3141 3895 3415 3965 Sequitur,
3434 3896 3488 3950 in
3505 3896 3834 3952 multitudine

2235 3985 2437 4040 uirtutis
2459 3994 2559 4039 tute
2582 3985 2891 4040 mentientur
2926 3985 3014 4040 tibi
3045 3987 3241 4041 inimici
3270 3989 3367 4042 tui.
3414 3986 3702 4041 Multitudo
3727 3990 3831 4042 sir-

2238 4076 2360 4130 tutis
2385 4085 2533 4142 erat,
2576 4076 2719 4146 quod
2749 4076 2970 4132 curabat
2998 4077 3245 4134 homines
3271 4079 3484 4135 diversa
3517 4081 3829 4138 inﬁrmitate

2235 4166 2568 4233 laborantes;
2614 4165 2707 4222 sed
2747 4166 2801 4222 in
2845 4167 2944 4224 hac
2990 4170 3178 4223 uirtute
3219 4172 3598 4226 mentiebantur
3635 4174 3830 4227 inimici

2232 4255 2372 4326 ejus,
2391 4256 2605 4326 quando
2629 4255 2879 4312 dicebant
2906 4275 2918 4311 :
2944 4259 3072 4314 Haec
3095 4261 3244 4331 signa
3269 4261 3321 4316 in
3348 4263 3678 4319 Beelzebutb
3705 4265 3825 4320 facit

2233 4349 2447 4419 (Matt/2.
2487 4365 2560 4404 xtl
2585 4385 2602 4415 ,
2648 4349 2763 4420 24).
2799 4349 3006 4407 Mentitl
3033 4361 3156 4408 sunt
3198 4355 3360 4408 etiam
3389 4356 3445 4410 in
3491 4357 3824 4412 multitudine

3986 1969 3987 2000 ι

3985 2001 3987 2052 l

3985 2137 3987 2200 1

537 4459 646 4501 non
681 4447 922 4512 humum,
953 4448 1047 4502 sed
1072 4447 1258 4504 lldeles
1284 4449 1550 4518 signiﬁcat
1575 4465 1641 4506 ac
1670 4452 1917 4518 devotos,
1939 4452 2028 4522 qui
2058 4453 2126 4509 de
2229 4441 2431 4496 uirtutis
2457 4441 2596 4510 ejus,
2623 4443 2838 4513 quando
2871 4443 3002 4498 dicit
3035 4459 3048 4496 :
3091 4443 3341 4501 Videbitis
3379 4445 3577 4502 Filium
3601 4449 3824 4502 [comitiis

538 4539 629 4594 tali
684 4538 931 4608 poterant
965 4540 1199 4610 gaudere
1240 4540 1519 4596 miraculo.
1551 4542 1681 4609 Quae
1723 4545 1890 4613 ligura
1928 4544 2127 4599 dicitur

2244 4537 2511 4592 reicientem
2534 4539 2590 4592 in
2632 4537 2850 4592 nubibus
2879 4537 2992 4592 ccli
3031 4537 3247 4610 (Matth.
3277 4555 3437 4607 xxvr,
3480 4539 3583 4611 64,
3616 4541 3729 4612 65).
3761 4543 3821 4597 Et

535 4630 882 4698 metonymia,
915 4630 965 4685 id
997 4640 1080 4686 est
1105 4634 1503 4697 transmutatio,
1534 4633 1744 4702 quoties
1775 4648 1868 4702 per
1896 4633 1950 4689 id
1981 4635 2119 4704 quod
2150 4651 2204 4712 υ
2233 4627 2307 4684 illi
2331 4629 2592 4685 dixerunt
2617 4645 2633 4685 ε
2661 4629 3075 4702 Βιωριιεηιαυὲιῖ
3103 4630 3232 4701 (ιαίά
3255 4631 3425 4686 adhuc
3449 4649 3656 4703 egent!“
3687 4634 3821 4689 mli-

532 4722 798 4784 eontinet,
833 4721 882 4777 id
921 4722 1064 4794 'quod
1103 4725 1408 4778 continetur
1442 4723 1688 4779 edicitur.
1722 4723 1937 4780 Judreos
1969 4728 2115 4782 enim

534 4813 624 4866 tali
655 4814 1030 4882 praedicatione
1056 4816 1355 4880 cOnvincit,
1403 4814 1496 4884 qui
1534 4829 1686 4883 spem
1719 4814 1892 4870 beata:
1937 4831 2116 4871 resur-

529 4908 785 4961 rectionis
834 4908 935 4964 sibi
995 4917 1200 4963 tantum
1255 4908 1591 4963 :estimabant
1635 4923 1757 4962 esse
1800 4909 2112 4976 pollicitam.

530 4998 800 5065 Sequitur,
825 5000 1076 5064 psalmum
1094 4999 1248 5053 dicite
1268 4999 1463 5054 nomini
1486 4999 1617 5069 ejus.
1641 4999 1769 5053 Post
1790 4999 1934 5054 illam
1960 5001 2116 5056 inex-

528 5089 829 5159 plicabilem
848 5091 1216 5160 jubilaliouem
1249 5105 1544 5161 congruum
1573 5091 1668 5144 fuit
1692 5097 1749 5144 ut
1777 5090 1842 5145 ad
1861 5093 2115 5160 psalmo-

526 5178 668 5232 diam
699 5179 1004 5235 credituros
1035 5183 1262 5252 populos
1295 5183 1630 5244 hortaretur;
1663 5192 1927 5250 quatenus
1969 5183 2111 5251 quod

523 5271 703 5323 animo
745 5283 1097 5341 conceperat,
1138 5273 1763 5344 depromptis'laudibus
1797 5273 2114 5342 explicaret.

525 5360 656 5415 lllud
714 5363 859 5417 enim
908 5363 1010 5418 soli
1053 5363 1160 5419 Deo
1204 5366 1516 5435 cognitum,
1567 5365 1705 5419 istud
1739 5364 1910 5419 funerat
1945 5374 1999 5419 et
2047 5366 2114 5420 ab

523 5456 828 5512 hominibus
854 5457 1182 5512 audiendum
1203 5502 1218 5526 ,
1251 5461 1392 5514 sicut
1421 5459 1614 5529 legitur
1639 5476 1652 5512 :
1694 5457 1860 5514 Corde
1886 5460 2114 5512 creditur

518 5546 588 5600 ad
607 5546 901 5616 justitiam;
923 5564 1011 5602 ore
1030 5558 1199 5602 autem
1221 5549 1280 5618 ﬁt
1309 5551 1565 5620 confessio
1587 5549 1656 5602 ad
1679 5547 1896 5604 salutem
1928 5548 2108 5620 (Rom.

2230 4719 2362 4778 bus?
2389 4721 2470 4776 Ad
2503 4731 2834 4792 postremum
2863 4721 3063 4776 mentiti
3089 4729 3210 4775 sunt
3232 4723 3286 4775 in
3310 4724 3643 4778 multitudine
3667 4725 3819 4778 uirtu-

2225 4815 2291 4868 tis
2321 4815 2462 4882 ejus,
2491 4813 2710 4882 quando
2738 4823 2860 4884 post
2885 4813 3304 4870 resurrectionis
3330 4814 3557 4884 gloriam
3587 4816 3708 4872 data
3732 4831 3819 4885 pe-

2223 4907 2377 4962 cunia
2406 4906 2717 4973 custodibus
2739 4905 2994 4959 dicebant
3022 4922 3038 4960 :
3065 4903 3235 4960 Dicite
3257 4905 3381 4972 quia
3409 4918 3658 4962 venerunt
3681 4919 3818 4961 nocte

2223 4997 2468 5068 discipuli
2496 4999 2628 5068 ejus,
2656 5004 2710 5050 et
2753 4997 2916 5067 furati
2935 5003 3058 5050 sunt
3085 5013 3200 5050 eum
3222 5037 3238 5061 ,
3271 4996 3416 5051 nobis
3448 4998 3814 5054 dormientibss

2223 5088 2441 5159 (Matth.
2481 5105 2669 5155 xxvut,
2706 5090 2817 5156 15).
2859 5089 2949 5144 Sic
2994 5089 3319 5144 venerabilis
3349 5100 3522 5148 mater
3550 5094 3654 5148 sub
3677 5109 3810 5148 com-

2225 5179 2418 5248 pendio
2443 5179 2720 5236 brevitatis
2747 5179 2937 5234 futurae
2957 5188 3158 5235 sancte
3190 5180 3587 5238 incarnationis
3617 5192 3811 5254 myste-

2222 5273 2301 5326 ria
2331 5271 2647 5326 declaravit.

2291 5365 2447 5422 Vera.
2479 5365 2533 5419 5.
2561 5365 2739 5419 Omnis
2770 5373 2907 5420 terra
2933 5363 3111 5420 adoret
3137 5374 3208 5431 te,
3234 5373 3284 5418 et
3307 5363 3499 5432 psallat
3526 5365 3654 5431 tibi;
3685 5362 3808 5431 psal-

2221 5475 2360 5513 mum
2389 5459 2528 5512 dicat
2555 5458 2754 5510 nomini
2782 5467 2890 5521 tuo,
2914 5457 3195 5511 Altissime.
3221 5457 3355 5523 Quia
3379 5456 3635 5524 superius
3665 5470 3806 5510 mett—

2219 5553 2345 5607 titos
2375 5551 2541 5608 fuisse
2571 5550 2704 5605 dixit
2728 5550 3006 5614 inimicos,
3041 5563 3187 5604 nunc
3207 5549 3534 5619 generalitas
3557 5550 3804 5604 adnuente-

2215 5652 2302 5698 tur
2342 5652 2402 5698 ut
2447 5642 2714 5699 veraciter
2747 5641 2928 5695 adoret
2975 5641 3259 5694 Dominum
3301 5639 3462 5710 εἷς
3506 5639 3800 5692 Christum.

2214 5735 2463 5800 Addidit,
2508 5744 2558 5790 et
2596 5732 2786 5802 psallat
2822 5733 2945 5798 tibi,
2993 5731 3134 5802 quod
3183 5747 3368 5788 revera
3415 5730 3614 5785 divinis
3659 5729 3797 5782 decet

2213 5829 2496 5884 virtutibus
2526 5825 2786 5882 exhiberi.
2827 5824 3202 5895 Subsequitur,
3237 5823 3494 5894 psalmum
3537 5824 3674 5878 dicat
3705 5836 3795 5874 ne-

518 5654 568 5703 x,
631 5640 739 5711 l0).
786 5639 936 5708 Quod
977 5651 1157 5696 autem
1207 5639 1372 5707 dicit,
1417 5641 1615 5695 nomini
1649 5644 1800 5714 ejus,
1845 5639 2113 5711 signiﬁcat

518 5732 800 5787 D-nminum
831 5733 1189 5796 Salvatorem,
1219 5735 1375 5802 cujus
1405 5733 1639 5787 adventu
1677 5734 1854 5786 mundi
1889 5735 2105 5789 vulnera

515 5827 808 5898 probantur
858 5843 980 5884 esse
1032 5836 1240 5884 curata.
1298 5823 1639 5882 intendamus
1694 5840 1907 5896 quoque
1962 5829 2101 5898 quod
