4020 6348
230 412 347 469 453

1175 416 1533 474 EXPOSITIO
1572 418 1638 473 ΙΝ
1682 418 2145 475 PSALTERIUM.
2186 418 2380 476 PSAL.
2424 417 2588 474 LXV.

3420 428 3517 481 654

232 529 368 583 mini
399 536 522 595 tuo,
546 527 839 595 Altissime.
866 528 1019 584 Prius
1048 528 1288 599 dixerat,
1336 534 1523 602 psallat
1551 534 1674 600 tibi,
1704 541 1823 603 post
1853 532 1901 594 Α
1933 532 2148 596 meavit,
2172 532 2351 586 mundi
2372 530 2528 600 huius
2549 529 2879 601 signiﬁcabat
2903 526 3100 588 ﬂuenta
3135 534 3324 590 secure
3354 549 3515 605 posse

233 623 437 677 iterum
467 636 606 693 pene
628 624 743 693 ipsa
769 623 928 678 verba
956 625 1189 694 repetiit,
1223 626 1317 680 sed
1348 626 1482 681 bene
1515 629 1825 696 perquiren-

233 714 387 769 tibus
428 715 587 784 longe
633 714 845 770 diversa
894 727 1047 780 sunt;
1093 716 1240 782 prius
1284 719 1426 772 enim
1478 718 1826 787 psalmodiam

234 806 471 877 intelligi
503 806 676 860 voluit
707 824 721 859 :
753 805 837 860 hic
859 821 985 860 vero
1012 821 1173 874 opera
1203 808 1499 862 sanctitatis
1530 800 1825 863 admonuit.

230 899 371 954 Nam
396 912 517 953 cum
540 895 695 964 dicit,
725 897 920 950 nomini
943 906 1053 961 tuo,
1078 897 1354 961 Altissime,
1380 897 1663 968 signiﬁcat,
1692 898 1831 952 sicut

235 1004 405 1059 supra
440 988 641 1043 dictum
673 995 783 1052 est,
818 987 1103 1043 Dominum
1143 989 1478 1045 Salvatorem
1502 1032 1517 1058 ,
1556 991 1643 1059 qui
1675 990 1830 1045 Altis-

235 1083 403 1136 simus
430 1080 553 1152 jure
584 1080 783 1135 dicitur
814 1097 828 1134 :
858 1080 981 1151 quia
1015 1080 1146 1136 nihil
1176 1094 1336 1150 supra
1362 1098 1421 1137 se
1461 1084 1650 1149 altius,
1692 1082 1831 1138 sicut

146 1212 205 1252 ο
237 1173 403 1229 Pater
420 1182 473 1228 et
501 1172 736 1243 Spiritus
763 1183 997 1239 sanctus,
1022 1173 1310 1243 quidquam
1338 1175 1829 1245 liaberchgnnsci-

236 1274 349 1319 tur.
377 1264 531 1333 Quod
559 1279 754 1319 nomen
782 1264 1015 1332 positum
1046 1270 1129 1318 est
1156 1264 1222 1318 ad
1255 1265 1679 1319 convincendam
1709 1280 1829 1333 spe-

236 1355 453 1410 cialiter
482 1353 789 1424 superbiam
818 1352 1123 1407 Judteorum
1142 1394 1157 1419 ,
1188 1355 1278 1423 qui
1306 1353 1381 1408 sic
1416 1354 1679 1422 alijeetum
1711 1368 1830 1408 esse

235 1444 626 1509 crediderunt,
652 1451 712 1497 ut
732 1458 853 1497 eum
879 1444 1193 1510 cruciﬁgere
1225 1458 1327 1497 non
1356 1454 1632 1512 paverent.
1659 1444 1829 1499 Simul

238 1538 419 1592 etiam
446 1535 552 1591 hoc
578 1534 795 1590 nomine
825 1534 1057 1589 convioli
1084 1540 1209 1589 sunt
1237 1534 1450 1601 Ariani;
1475 1546 1604 1588 nam
1637 1534 1726 1603 qui
1749 1544 1830 1588 est

234 1620 541 1685 Altissimus
564 1629 614 1683 in
641 1628 842 1683 deitate
859 1642 975 1692 sua,
994 1644 1100 1681 non
1132 1628 1518 1696 potesthabere
1544 1628 1825 1697 majorem.

315 1721 474 1777 νει-ε.
502 1722 554 1776 4.
588 1718 767 1775 Venite
795 1729 840 1774 et
868 1720 1030 1774 videte
1057 1737 1213 1789 Opera
1244 1720 1473 1785 Domini,
1503 1737 1654 1790 quam
1684 1723 1831 1774 terri—

232 1812 358 1866 bilis
390 1813 443 1866 in
485 1814 713 1867 consiliis
753 1830 905 1884 super
936 1814 1073 1883 ﬁlios
1097 1814 1383 1868 hominum.
1421 1813 1625 1883 Sponsa
1672 1814 1829 1883 Regis

1934 622 2182 686 transire,
2208 631 2261 675 et
2289 621 2354 675 ad
2380 623 2709 691 poenitentia:
2733 623 2996 678 tutissima
3022 626 3325 694 pervenire.
3362 625 3515 682 Unde

1931 726 2153 766 necesse
2201 711 2299 765 fuit
2328 720 2386 766 ut
2418 713 2652 767 Ecclesia
2679 727 2798 768 cum
2823 716 3024 770 sanctis
3054 716 3184 770 viris
3208 716 3264 770 in
3291 717 3518 784 idipsum

1933 815 1994 856 se
2032 800 2239 855 diceret
2272 817 2378 855 esse
2405 802 2722 871 lwtaturam,
2754 800 2842 857 ubi
2872 812 2954 859 est
2982 806 3158 873 gaudii
3187 805 3359 859 nostri
3401 806 3522 860 lous

1932 901 1987 947 et
2012 893 2202 948 salutis
2233 902 2449 947 aeterna:
2473 895 2622 963 origo
2649 906 2964 964 praeparata.
2998 896 3151 962 Quod
3174 910 3302 952 vero
3330 898 3404 951 ait
3424 898 3517 965 ibi,

1930 986 1984 1037 in
2010 985 2258 1055 idipsum,
2282 985 2423 1040 inter
2449 985 2663 1055 protiria
2689 985 2981 1057 Scriptura:
3002 988 3197 1043 divina:
3220 996 3522 1045 connume-

1932 1074 2156 1127 randum
2186 1085 2291 1129 est.

2003 1169 2158 1226 Vers.
2191 1171 2243 1227 6.
2281 1173 2382 1238 Qui
2412 1174 2707 1228 dominatur
2734 1174 2787 1227 in
2813 1172 3001 1229 uirtute
3030 1192 3122 1230 sua
3149 1178 3200 1232 in
3234 1188 3478 1233 aeternum
3498 1224 3513 1248 ,

1930 1261 2068 1313 oculi
2094 1263 2205 1332 ejus
2228 1280 2381 1331 super
2402 1273 2571 1332 gentes
2592 1267 2886 1335 respiciunt.
2912 1266 3169 1335 Exposuit
3196 1270 3337 1338 quod
3364 1269 3518 1325 dixe-

1932 1361 2044 1418 rat,
2092 1351 2409 1407 Ltrtabimur
2434 1355 2486 1407 in
2516 1355 2769 1422 idipsum;
2797 1356 3001 1411 scilicet
3034 1374 3047 1411 :
3082 1358 3199 1423 Qui
3222 1360 3519 1414 dominatur

1930 1445 1983 1498 in
2013 1448 2196 1499 virtute
2217 1464 2311 1500 sua
2340 1449 2391 1499 in
2429 1457 2695 1503 wternum.
2728 1450 2997 1503 Dominari
3035 1452 3175 1505 enim
3212 1462 3436 1522 possunt
3465 1461 3520 1506 et

1932 1536 2201 1604 principes
2228 1542 2526 1605 terrarum;
2561 1538 2653 1594 sed
2688 1555 2790 1593 non
2821 1541 2872 1595 in
2904 1543 3085 1596 virtute
3111 1561 3229 1612 sua,
3261 1554 3433 1615 neque
3462 1547 3518 1599 in

1931 1640 2195 1683 aeternum.
2230 1632 2568 1700 Quapropter
2593 1630 2708 1686 haec
2729 1631 2834 1686 duo
2867 1632 3042 1687 addita
3070 1644 3224 1701 sunt,
3259 1645 3315 1690 ut
3344 1636 3520 1691 omni-

1932 1720 2166 1788 potentis
2214 1718 2376 1790 Regis
2406 1722 2575 1775 virtus
2616 1723 2783 1790 possit
2816 1723 3047 1777 ostendi.
3088 1724 3153 1778 Et
3190 1739 3256 1779 ne
3287 1727 3521 1794 promis~

1934 1808 2118 1863 siones
2142 1811 2424 1878 praedictas
2442 1809 2625 1865 inanes
2642 1819 2855 1880 putaret
2874 1811 3046 1866 adhuc
3068 1827 3210 1867 caeca
3226 1810 3517 1885 gentilitas,

234 1908 432 1962 interni
485 1907 675 1963 ordine
726 1907 963 1962 secundo
1007 1918 1193 1976 gentes
1232 1908 1421 1962 invitat
1468 1918 1525 1961 ut
1574 1906 1827 1961 miracula
1859 1899 1907 1960 B
1934 1899 2178 1965 addidit.
2225 1899 2362 1954 oculi
2404 1904 2516 1971 ejus
2539 1918 2695 1970 super
2724 1911 2895 1974 gentes
2921 1906 3235 1974 respiciunt,
3282 1912 3342 1959 ut
3380 1901 3533 1974 quod

232 2000 456 2059 Veteris
480 2000 812 2055 Testameuti
837 2000 1044 2055 devotis
1073 1998 1278 2069 possint
1302 2000 1571 2055 mentibus
1598 2000 1825 2066 intueri;

186 2142 195 2147 ,
232 2103 508 2162 quatenus
535 2092 676 2162 quod
704 2091 931 2146 llebrzeo
963 2092 1159 2161 populo
1190 2089 1241 2145 in
1274 2090 1440 2161 figura
1486 2087 1732 2158 contigit,
1774 2088 1829 2144 in

232 2200 299 2241 se
346 2192 673 2254 cognoscant
701 2184 978 2239 verissime
1022 2183 1189 2239 fuisse
1218 2184 1559 2254 completum.
1608 2183 1829 2253 Proprie

236 2292 375 2335 vero
402 2277 598 2333 dictum
630 2286 746 2345 est,
790 2276 999 2345 Venite,
1038 2278 1188 2348 quasi
1218 2277 1392 2333 adhuc
1424 2278 1579 2347 longe
1610 2279 1827 2347 positis,

238 2369 397 2439 quasi
426 2370 602 2426 adhuc
630 2371 681 2423 in
708 2368 994 2441 Babylonia
1018 2369 1234 2425 civitate
1259 2370 1614 2424 morantibus.
1648 2368 1832 2424 Videte

235 2464 476 2531 positum
498 2472 604 2528 est,
627 2462 681 2516 id
710 2468 793 2517 est
823 2462 1023 2516 lumine
1048 2462 1223 2517 cordis
1244 2462 1540 2530 agnoscite.
1565 2462 1828 2516 Caeterum

234 2552 554 2609 carnalibus
592 2548 768 2609 oculis
799 2552 985 2607 videre
1000 2568 1118 2608 non
1152 2561 1437 2623 poterant,
1472 2568 1588 2622 quae
1618 2562 1833 2607 consta-

233 2642 378 2699 bant
402 2659 520 2699 esse
544 2644 831 2713 prteterita.
862 2643 1031 2716 Opera
1061 2642 1271 2698 Domini
1301 2659 1404 2698 non
1434 2643 1533 2698 lata
1560 2642 1684 2697 dicit
1713 2658 1832 2711 qua:

238 2749 438 2790 omnes
469 2736 661 2803 pariter
680 2733 884 2800 vident,
913 2735 1131 2801 coelum,
1158 2740 1379 2799 terram,
1404 2748 1551 2788 mare
1573 2728 1625 2787 et
1653 2735 1832 2789 omnia

238 2839 370 2894 quae
411 2824 463 2878 in
496 2825 572 2880 eis
605 2835 751 2890 sunt;
798 2825 891 2880 sed
922 2826 1007 2879 illa
1052 2824 1246 2879 invitat
1271 2839 1365 2879 eos
1414 2824 1722 2893 specialiter
1754 2825 1833 2878 ius

239 2916 433 2983 tueri,
504 2931 621 2986 qua:
675 2908 971 2971 ﬁdelissimi
1030 2916 1382 2985 Spiritualiter
1451 2923 1830 2984 agnoverunt,

242 3006 492 3061 [lein-teis
538 3007 867 3077 fugientibus
902 3007 1136 3062 divisum
1186 3023 1334 3062 mare
1383 3008 1649 3077 patuisse,
1704 3020 1833 3075 qua-

240 3095 489 3167 draginta
537 3099 695 3152 annis
743 3098 967 3169 populos
1007 3098 1074 3152 ad
1128 3099 1463 3153 saturitatem
1521 3107 1705 3168 pastos
1777 3097 1829 3152 in

240 3201 465 3252 eremo,
512 3187 673 3243 siccis
722 3188 945 3257 pedibus
996 3189 1279 3243 transitum
1333 3188 1583 3244 Jordanis
1629 3188 1830 3243 ﬂuenta

1932 1989 2038 2045 illas
2066 2002 2160 2060 per
2185 2006 2245 2046 se
2272 1991 2454 2046 videre
2480 2007 2582 2046 non
2614 1998 2880 2062 poterant,
2911 2003 3127 2063 aspectu
3159 1994 3273 2048 veri
3304 1995 3520 2049 luminis

1933 2081 2271 2137 intuerentur
2298 2083 2511 2137 amatae.
2540 2084 2795 2138 Dominus
2821 2085 2965 2140 enim
2992 2098 3125 2155 quos
3149 2087 3368 2156 respicit
3395 2086 3517 2142 illa-

1932 2173 2130 2238 minat;
2164 2188 2296 2244 quos
2324 2174 2542 2228 visitare
2562 2174 2834 2244 disponit,
2856 2183 2910 2229 et
2937 2174 3150 2231 liberat.

2005 2272 2159 2328 Vers.
2213 2273 2266 2326 7.
2312 2272 2415 2340 Qui
2456 2274 2507 2327 in
2537 2274 2613 2327 ira
2644 2284 2961 2343 provocant,
3003 2292 3106 2329 non
3145 2276 3433 2330 exaltentur
3468 2277 3521 2331 in

1934 2364 2239 2435 semetipsis.
2281 2363 2625 2418 Consuetudo
2672 2363 2975 2434 fragilitatis
3033 2373 3232 2419 nostrae
3286 2372 3521 2435 congrua

1935 2451 2200 2508 brevitate
2223 2452 2492 2524 descripta
2517 2464 2622 2520 est,
2679 2452 2802 2523 quia
2829 2454 2954 2509 dam
2983 2455 3105 2509 talia
3132 2452 3357 2509 facimus
3384 2456 3525 2511 unde

1935 2545 2001 2599 ad
2029 2545 2160 2600 iram
2194 2540 2477 2599 Dominum
2510 2559 2899 2614 provocemus,
2929 2545 3301 2614 exaltamurin
3335 2546 3531 2600 nobis-‘

1935 2633 2206 2704 metipsis,
2248 2646 2466 2702 peccata
2498 2643 2678 2688 nostra
2702 2632 3176 2703 magis'cupientes
3204 2632 3513 2688 defendere.

1933 2724 2039 2780 Sed
2064 2723 2164 2778 hos
2188 2723 2433 2792 prohibet
2454 2723 2507 2776 in
2528 2724 2721 2793 seipsis
2752 2725 2987 2788 exaltari,
3018 2734 3150 2789 quos
3181 2727 3393 2793 oportet
3422 2725 3523 2777 hua

1934 2818 2088 2872 miles
2109 2817 2356 2872 inveniri.
2382 2812 2592 2870 Fideles
2614 2816 2755 2869 enim
2780 2829 2885 2868 non
2918 2814 2971 2868 in
2998 2830 3077 2882 se,
3107 2814 3203 2870 sed
3228 2817 3280 2869 in
3305 2813 3522 2869 Christo

1934 2907 2154 2962 exaltari
2179 2915 2393 2976 oportet
2416 2948 2431 2972 ,
2487 2904 2577 2959 ubi
2605 2903 2830 2959 altitudo
2855 2902 3005 2958 ﬁrma
3036 2915 3137 2972 est,
3166 2914 3222 2960 et
3250 2920 3523 2975 nunquam

1932 2997 2168 3053 ruiturus
2189 3009 2462 3051 ascensus.
2643 3032 2646 3035 ι
3306 2992 3309 2995 ’

2005 3097 2160 3153 Vers.
2182 3097 2234 3151 8.
2260 3095 2570 3160 Benedicite,
2596 3104 2790 3166 gentes,
2818 3091 2983 3148 Deum
3006 3103 3258 3159 nostrum,
3282 3103 3329 3149 et
3350 3094 3528 3148 audite

1935 3203 2106 3241 vocem
2128 3186 2295 3241 laudis
2312 3189 2442 3258 ejus.
2468 3185 2626 3240 Venit
2650 3185 2713 3238 ad
2744 3185 2956 3240 tertium
2981 3183 3302 3253 membrum,
3332 3183 3382 3236 in
3413 3197 3523 3252 quo

241 3280 570 3351 praebuisse,
601 3290 653 3335 et
683 3292 874 3336 cratera
906 3299 1026 3353 qua:
1051 3281 1250 3337 .lttdzris
1274 3283 1564 3352 ﬁguraliter
1590 3283 1828 3351 contige-
1860 3262 1907 3333 C
1936 3289 2122 3350 gentes
2152 3286 2337 3334 mouet
2364 3288 2421 3331 ttt
2452 3276 2619 3331 Deum
2649 3291 2833 3332 verum
2869 3289 3107 3331 consona
3138 3275 3519 3344 praedicatione

238 3380 393 3427 runt.
426 3372 663 3441 Subjecit
686 3414 701 3440 ,
734 3390 889 3443 quam
922 3373 1162 3427 terribilis
1184 3375 1238 3428 in
1264 3375 1489 3427 consiliis
1517 3390 1669 3443 super
1699 3374 1837 3443 ﬁlios

242 3463 529 3517 hominum.
562 3462 725 3518 Filios
765 3464 1039 3519 hominum
1085 3465 1206 3519 fecit
1237 3465 1501 3521 terribiles
1532 3475 1691 3536 atque
1723 3480 1836 3520 me-

244 3552 479 3609 tuendos
502 3554 621 3628 lius.
644 3554 708 3609 Α.
721 3597 735 3621 ,
761 3555 928 3611 factus
945 3566 1027 3611 est
1050 3557 1302 3613 terribilis
1319 3568 1479 3627 atque
1496 3558 1833 3621 metuendus,

241 3660 392 3711 cum,
423 3643 580 3716 etc.),
609 3660 729 3700 cum
759 3662 852 3715 per
878 3662 973 3702 eos
1000 3647 1252 3702 miracula
1276 3661 1466 3718 magna
1493 3646 1831 3701 monstravit.

240 3736 447 3793 Verum
505 3754 623 3808 qua:
650 3739 753 3793 sint
786 3738 888 3794 ista
921 3755 1080 3809 opera
1104 3782 1120 3805 ,
1163 3755 1282 3809 qua:
1314 3739 1428 3793 vult
1450 3748 1633 3809 gentes
1663 3737 1837 3793 adhuc

242 3830 410 3886 rudes
432 3846 726 3902 agnoscere
742 3871 757 3897 ,
780 3832 1054 3901 sequentia
1087 3831 1457 3886 declarabunt.

310 3922 470 3978 Vers.
505 3923 555 3979 5.
592 3923 692 3990 Qui
720 3925 963 3977 convertit
992 3939 1133 3977 mare
1170 3923 1221 3976 in
1245 3921 1444 3976 aridam
1472 3960 1486 3987 ,
1528 3930 1576 3975 et
1616 3919 1836 3991 [lumina

236 4015 621 4086 pertransibunt
643 4016 769 4085 pede
800 4016 910 4069 :ibi
940 4014 1226 4069 ltetabimur
1243 4014 1295 4067 in
1309 4013 1557 4082 idipsum.
1583 4012 1687 4065 lsta
1712 4017 1838 4064 sunt

236 4123 399 4176 Opera
429 4104 671 4172 Domini,
704 4123 825 4177 qua:
853 4107 1101 4177 superior
1130 4121 1317 4159 ver-us
1359 4104 1654 4157 admonuit.
1699 4101 1835 4156 Con;

238 4198 392 4253 vertit
418 4214 559 4251 mare
590 4199 642 4252 in
670 4199 894 4272 aridam,
919 4197 1133 4268 quando
1157 4198 1440 4251 Hebraeum
1466 4197 1717 4267 populum
1744 4210 1836 4262 per

238 4289 454 4344 medios
485 4289 680 4345 ﬂuctus
728 4290 830 4346 iter
859 4289 983 4345 fecit
1023 4289 1221 4343 habere
1254 4298 1544 4343 terrenum.
1590 4284 1837 4340 Flumina

235 4383 568 4452 pertransivit
617 4385 773 4452 pede,
815 4381 1027 4453 quando
1076 4380 1308 4437 Jordane
1356 4379 1539 4434 dextra
1594 4379 1835 4446 laevaque

234 4460 449 4541 diviso,
492 4472 547 4527 in
579 4480 773 4527 terram
817 4471 1248 4541 repromissionis
1278 4470 1556 4525 Judaicnm
1606 4469 1826 4525 deduxt

233 4564 559 4620 exercitum.
606 4564 714 4622 Sed
745 4564 1093 4634 quaerendum
1126 4572 1209 4620 est
1246 4563 1312 4619 ad
1341 4564 1476 4635 quid
1512 4563 1704 4635 plurali
1739 4580 1836 4618 nu-

1939 3369 2259 3441 gloriﬁcent.
2293 3369 2568 3437 Sequitur,
2601 3374 2647 3422 et
2678 3368 2851 3421 audite
2885 3382 3053 3420 vocem
3086 3366 3255 3419 laudis
3284 3366 3427 3437 ejus,
3471 3365 3522 3419 id

1937 3471 2014 3516 est
2047 3476 2164 3529 qute
2193 3460 2322 3515 dicit
2353 3460 2508 3515 Pater
2547 3458 2614 3514 de
2645 3457 2785 3514 Filio
2814 3456 2960 3513 ﬁdeli
3002 3448 3319 3513 credulitate
3355 3457 3525 3511 suscié

1937 3555 2067 3626 pite.
2106 3553 2223 3610 Vox
2240 3559 2384 3610 enim
2411 3552 2580 3608 laudis
2606 3555 2772 3623 ipsius
2799 3562 2881 3609 est
2911 3570 2923 3607 ε
2961 3551 3061 3606 llic
3086 3562 3157 3607 est
3186 3549 3356 3605 Filius
3382 3567 3526 3605 meus

1936 3647 2173 3716 dilectus,
2205 3649 2258 3702 in
2284 3664 2384 3717 quo
2424 3648 2549 3700 mihi
2577 3647 2701 3701 bene
2729 3647 3017 3718 complacui
3044 3645 3258 3718 (Matth.
3288 3659 3343 3699 ιη
3364 3685 3379 3709 ,
3409 3636 3523 3714 ωδ

1936 3742 2104 3808 Quam
2134 3740 2435 3811 purissimis
2464 3755 2527 3795 ac
2547 3740 2758 3794 dev0tis
2789 3740 3055 3794 mentibus
3078 3746 3291 3810 oportet
3319 3738 3524 3809 audiri,

1937 3843 1996 3889 ut
2022 3849 2157 3888 unus
2178 3841 2338 3903 atque
2367 3833 2506 3887 idem
2538 3833 2787 3889 credatur
2818 3831 3075 3886 Dominus
3105 3832 3346 3887 Christus
3371 3872 3387 3897 ,
3431 3833 3525 3901 qui

1936 3934 2060 3978 ante
2086 3924 2283 3980 saecula
2313 3939 2374 3978 ex
2408 3923 2565 3977 Patre
2596 3921 2905 3992 progenitus
2932 3932 3015 3977 est
3051 3920 3524 3976 consubstantialis

1938 4016 2069 4085 ipsi,
2099 4023 2155 4071 et
2183 4031 2246 4070 ex
2292 4013 2455 4068 Maria
2492 4013 2709 4083 Virgine
2737 4021 3070 4082 procreatus,
3101 4011 3255 4066 nobis
3275 4011 3526 4083 dignatus

1936 4118 2018 4163 est
2048 4108 2161 4163 (leri
2194 4107 2245 4162 in
2276 4114 2549 4175 assumpta
2588 4105 2918 4159 humanitate
2954 4104 3267 4160 consimilis.
3320 4104 3520 4164 Sancta

1936 4201 2081 4257 enim
2115 4200 2355 4255 Ecclesia
2388 4201 2441 4253 in
2484 4198 2582 4252 hac
2614 4196 2717 4253 ﬁde
2744 4197 2905 4263 vivit,
2947 4197 3000 4251 in
3029 4196 3127 4250 hac
3150 4192 3251 4251 llde
3281 4196 3521 4267 prolicit,

1937 4305 1993 4347 ut
2025 4292 2078 4347 in
2106 4291 2330 4346 Domino
2357 4288 2572 4345 Christo
2601 4304 2701 4345 nec
2729 4288 2845 4344 sine
2875 4303 3001 4344 vera
3029 4286 3306 4344 divinitate
3335 4290 3549 4369 humae

1937 4388 2111 4451 nitas,
2164 4397 2264 4439 nec
2292 4381 2410 4438 sine
2435 4398 2558 4437 vera
2589 4382 2837 4438 credatur
2874 4382 3205 4437 humanitate
3247 4381 3521 4439 divinitas.

2010 4477 2161 4533 Vers.
2192 4476 2245 4531 9.
2274 4474 2377 4541 Qui
2398 4476 2566 4546 posuit
2591 4462 2817 4529 animam
2859 4492 3023 4529 meant
3053 4479 3120 4529 ad
3144 4476 3317 4540 vitam,
3349 4484 3397 4529 et
3422 4492 3523 4530 non

1940 4569 2077 4623 dedit
2096 4566 2399 4622 commoveri
2418 4567 2568 4635 pedes
2594 4583 2750 4622 meos.
2774 4565 2923 4620 Nunc
2944 4574 3222 4620 enumerat
3242 4565 3435 4634 quibus
3451 4578 3521 4619 ex

241 4670 396 4711 mero
419 4656 639 4725 [Iuntina
666 4658 922 4727 posuerit,
950 4656 1075 4712 dum
1103 4657 1344 4728 legamus
1372 4658 1423 4711 in
1454 4657 1689 4713 Jordane
1717 4668 1834 4713 tan-
1862 4641 1915 4701 D
1940 4662 2115 4727 causis
2141 4658 2507 4715 misericordia
2534 4657 2741 4711 Domini
2768 4656 3108 4725 prmdicetur.
3138 4656 3251 4709 Duo
3272 4665 3395 4708 sunt
3422 4656 3524 4711 ista

237 4750 519 4802 tummodo
540 4749 863 4821 contigisse?
889 4749 1003 4804 Non
1032 4750 1456 4820 immerito,quia
1481 4750 1602 4806 licet
1631 4750 1683 4805 in
1716 4752 1832 4821 ipso

235 4840 581 4896 solummodo
611 4843 927 4912 contigerit,
962 4842 1271 4913 frequenter
1301 4853 1476 4899 tamen
1507 4843 1703 4899 ibidem
1736 4860 1829 4898 ac—

236 4930 438 4986 cidisse
479 4943 827 4987 monSIratur.
859 4931 989 4987 Nam
1021 4942 1075 4987 et
1105 4934 1234 4988 Elite
1265 4934 1370 4989 illic
1409 4935 1528 4989 talis
1574 4936 1828 4988 transitus

235 5022 362 5089 fuit,
416 5031 471 5078 ct
517 5023 778 5093 discipulo
816 5025 985 5094 ipsius
1032 5025 1275 5080 redeunti
1303 5026 1550 5080 similiter
1589 5026 1825 5083 ﬂuminis

235 5116 406 5186 ipsius
458 5115 656 5172 ﬂuenta
707 5128 992 5187 patuerunt
1036 5117 1140 5190 (IV
1180 5120 1302 5190 Reg.
1339 5134 1412 5183 ιι,
1446 5119 1505 5184 8,
1554 5118 1665 5189 il).
1699 5120 1825 5173 Sive

232 5208 357 5277 quia
389 5211 682 5278 Scriptura:
723 5210 923 5264 divinae.
961 5224 1075 5264 mus
1107 5220 1207 5274 est,
1248 5218 1302 5265 et
1328 5226 1490 5263 unum
1522 5225 1617 5279 pro
1658 5211 1827 5280 pluri-

234 5298 334 5356 mis
392 5299 616 5368 dicere,
666 5312 719 5357 et
768 5303 991 5373 plurima
1032 5302 1250 5357 unitatis
1306 5304 1523 5357 nomine
1566 5303 1821 5359 vocitare.

231 5390 517 5462 Sequitur,
570 5395 640 5449 ibi
670 5397 957 5451 (tutabimur
1002 5399 1053 5450 in
1093 5396 1336 5466 idipsum.
1371 5395 1466 5450 llic
1504 5396 1614 5466 jam
1646 5415 1823 5452 sacra-

233 5494 413 5538 menta
462 5486 674 5541 illorum
722 5502 944 5555 Operum
977 5489 1191 5543 festinat
1236 5486 1548 5553 ostendere,
1599 5488 1719 5559 quia
1765 5491 1816 5543 in

233 5590 417 5631 eorum
458 5577 893 5648 prmiiguratione
922 5580 1188 5635 veraciter
1216 5587 1335 5649 post
1363 5579 1572 5633 laetatus
1604 5588 1684 5634 est
1723 5595 1817 5648 po-

233 5667 389 5736 pulus
419 5665 782 5726 Christianus.
814 5669 946 5724 Nam
984 5670 1125 5741 quod
1152 5685 1282 5740 gens
1313 5669 1493 5725 Judtca
1527 5685 1620 5738 per
1652 5670 1819 5725 maria

236 5761 500 5825 transivit,
532 5777 765 5832 sequens
795 5762 992 5819 Christi
1036 5762 1296 5833 baptisma
1331 5761 1630 5816 nuntiabat.
1669 5761 1818 5828 Quod

235 5848 449 5909 ﬂumina
478 5853 594 5911 sine
616 5854 908 5912 altitudinis
936 5855 1171 5927 periculo
1201 5855 1357 5913 siccis
1382 5853 1606 5927 pedibus
1638 5863 1817 5911 trans-

1934 4764 2269 4810 sacramenta
2316 4752 2653 4808 liberationis
2698 4757 2896 4805 nostrae
2930 4766 2944 4803 :
2984 4750 3213 4818 primum
3243 4746 3385 4817 quod
3423 4760 3524 4803 nos

1934 4860 2029 4914 per
2052 4857 2244 4899 munus
2268 4842 2605 4911 baptismatis
2627 4839 2772 4895 ducit
2791 4839 2856 4893 ad
2883 4839 3078 4903 vitam;
3099 4851 3204 4891 non
3231 4836 3371 4891 enim
3395 4836 3522 4892 illuc

1933 4938 2132 4993 nostris
2160 4935 2366 4991 meritis
2392 4933 2755 5005 pervenimus,
2786 4929 2882 4987 sed
2913 4931 3079 5000 ipsius
3109 4927 3371 4983 beneﬁcio
3420 4929 3523 4984 mi-

1931 5030 2217 5085 serationis
2244 5026 2584 5084 attrabimur.
2614 5025 2813 5081 Deinde
2840 5039 2906 5079 ne
2936 5038 3032 5078 nos
3061 5020 3258 5077 exinde
3301 5020 3522 5092 permit-

1932 5129 2008 5176 tat
2030 5119 2245 5190 expelli,
2271 5120 2360 5189 qui
2387 5116 2640 5188 gravibus
2664 5114 2805 5169 vitiis
2831 5112 3122 5185 probamur
3142 5112 3370 5169 onerati.
3404 5110 3521 5182 Ipse

1933 5212 2076 5266 enim
2110 5226 2207 5264 nos
2227 5210 2369 5279 ponit
2398 5207 2469 5262 ad
2492 5208 2649 5261 vitam
2678 5206 2768 5275 qui
2797 5205 2930 5259 dixit
2955 5220 2968 5257 :
2998 5201 3108 5278 Ego
3132 5218 3243 5258 sum
3265 5203 3366 5269 via,
3390 5203 3523 5257 ueri-

1933 5313 2042 5369 tas,
2075 5310 2122 5355 et
2146 5303 2250 5356 vita
2276 5298 2456 5368 (Joan.
2488 5312 2605 5361 xlv,
2646 5295 2727 5366 6).
2756 5295 2874 5365 ipse
2912 5310 3125 5366 gressus
3153 5303 3367 5350 uestros
3413 5298 3520 5348 non

1932 5395 2063 5452 sinit
2089 5393 2451 5459 commoveri,
2483 5390 2573 5460 qui
2603 5405 2819 5445 manum
2848 5403 2998 5444 suam
3031 5390 3191 5446 Petro
3211 5402 3281 5446 ne
3311 5403 3524 5460 merge-

1933 5500 2081 5546 retur
2101 5488 2341 5544 extendit
2363 5483 2575 5558 (Matth.
2609 5500 2716 5550 xiv,
2749 5482 2862 5556 51).
2896 5482 2963 5538 Et
2989 5499 3056 5539 ne
3078 5485 3326 5540 crederes
3346 5482 3519 5539 otiose

1932 5579 2029 5634 ista
2059 5579 2196 5644 dici,
2243 5593 2273 5633 a
2305 5576 2494 5649 quibus
2539 5575 2793 5647 periculis
2833 5574 3052 5631 liberata
3105 5576 3298 5643 fuerit,
3330 5574 3519 5631 subter

1929 5680 2229 5727 enumerat.

2000 5762 2157 5817 Vcrs.
2193 5762 2275 5816 10.
2312 5759 2567 5825 Quoniam
2604 5757 2831 5831 probasti
2871 5773 2995 5822 nos,
3044 5755 3177 5811 Deus
3209 5773 3226 5811 :
3274 5757 3389 5826 igne
3425 5770 3518 5809 nos

1929 5852 2254 5920 nominasti,
2279 5851 2409 5907 sicut
2430 5852 2546 5923 igne
2583 5849 2905 5905 examinatur
2928 5857 3214 5918 argentum.
3250 5846 3518 5901 Hactenus
