4020 6348
479 391 587 449 ιόὗ

1725 393 1796 449 tt.
1837 389 2113 471 AURELII
2152 385 2546 448 cassroodm

3631 391 3762 450 ιῖῗσ

479 509 738 582 singulari
767 523 992 566 numero
1009 506 1354 580 prophetasse
1379 504 1588 562 videtur
1615 503 1882 569 Ecclesia;
1909 517 2049 558 nunc
2076 506 2124 561 Α
2153 502 2308 563 nibus
2365 502 2646 558 roboraret
2672 544 2687 570 ,
2740 493 2936 572 quibus
2982 500 3127 556 tanta
3166 501 3386 572 prmmia
3433 471 3760 578 pollicetur.

482 602 761 671 pluraliter
792 603 1026 672 loquitur
1048 615 1130 664 ex,
1168 598 1428 662 membris
1464 597 1575 652 suis
1597 636 1616 662 ,
1669 613 1767 668 per
1805 597 1904 650 hos
1948 610 2058 651 tres

483 707 672 748 versus
696 707 968 762 exponens
996 675 1179 744 ﬁdeles
1212 687 1421 742 Domini
1452 687 1665 760 quantis
1693 685 2053 741 tribulationi-

483 782 586 838 bus
628 782 953 851 afﬂigantur.
982 779 1203 833 Probari
1246 792 1345 831 nos
1375 777 1498 831 facit
1527 777 1687 842 Deus,
1720 775 1934 846 quando
1962 790 2060 845 per

483 875 695 930 diversa
744 874 906 943 316
939 886 1136 940 genera
1165 873 1517 940 tentationum
1565 884 1660 936 pro
1705 869 1788 941 sui
1829 866 2058 940 nominis

484 963 821 1030 confessione
870 962 1208 1017 tolerantiam
1260 951 1429 1015 beata:
1479 959 1744 1029 passionis
1779 957 2056 1033 indulget.

483 1056 598 1112 Non
647 1057 788 1111 enim
819 1035 908 1110 ille
936 1069 1032 1109 nos
1064 1055 1336 1123 probando
1377 1053 1555 1118 novit,
1587 1051 1680 1108 sed
1729 1049 2059 1119 prmsciendo
2087 1117 2094 1124 _

483 1138 780 1218 cognoscit.
811 1147 1119 1218 Sequuntur
1141 1145 1364 1201 diversae
1390 1153 1682 1216 martyrum
1709 1158 1901 1221 poenae.
1930 1140 2060 1215 Igne

483 1239 627 1308 enim
667 1239 942 1310 charitatis
981 1237 1303 1290 examinatur
1331 1235 1484 1290 beata
1514 1234 1839 1290 conscientia
1867 1272 1883 1299 ,
1939 1246 2058 1303 quae

483 1337 688 1404 tantum
733 1321 931 1399 Christi
969 1327 1177 1384 Domini
1203 1342 1386 1404 amore
1413 1325 1778 1402 succenditur.
1813 1335 1867 1378 ut
1897 1340 2058 1400 uren-

485 1418 613 1474 tium
642 1411 975 1472 flammarum
1017 1418 1281 1494 tormenta
1313 1417 1606 1471 vincantur.
1651 1414 1754 1469 Sed
1785 1416 1887 1470 iste
1927 1415 2060 1483 ignis

483 1525 590 1566 non
621 1504 1078 1578 consumptorius,
1105 1509 1197 1562 sed
1238 1507 1572 1584 purgatorius
1597 1515 1704 1585 est.
1729 1508 1893 1560 Datur
1917 1507 2056 1561 enim

484 1601 720 1680 argenti
749 1600 1076 1675 exemplum,
1123 1598 1264 1672 quod
1297 1599 1420 1667 igne
1455 1597 1577 1652 ideo
1616 1597 1967 1665 decoquitur,
2003 1605 2058 1651 nt

483 1673 670 1765 purius
710 1673 834 1765 inde
879 1673 1154 1744 reddatur.
1193 1689 1405 1744 Jaceret
1450 1687 1590 1741 enim
1636 1702 1812 1762 massa
1853 1687 2058 1762 argenti

485 1764 609 1836 cum
635 1764 882 1836 sordibus
903 1781 1034 1844 suis,
1059 1779 1158 1833 nisi
1186 1777 1362 1848 magni
1383 1773 1576 1832 caloris
1597 1775 1856 1830 beneficio
1881 1777 2058 1830 nativa

484 1873 883 1946 inquinamenta
907 1872 1221 1946 deponeret.
1695 1943 1698 1946 ῃ
1900 1941 1906 1946 ξ
1994 1945 1996 1947 ὶ

555 1965 710 2021 Vers.
741 1965 798 2020 ll
814 2002 828 2018 .
855 1964 1117 2019 Induxiin
1139 1979 1228 2016 nos
1251 1959 1304 2016 in
1327 1962 1378 2016 la
1392 1951 1596 2028 meum;
1619 1959 1831 2036 posuisti
1849 1959 2063 2014 tribula-

481 2041 646 2127 tiones
672 2057 724 2110 in
738 2056 893 2132 dorso
917 2065 1112 2110 nostra.
1141 2036 1404 2131 induxisti
1425 2068 1516 2106 nos
1537 2053 1592 2106 in
1612 2043 1868 2122 laqueum,
1904 2049 1955 2136 id
1980 2059 2066 2106 est

483 2149 686 2203 intrare
723 2161 821 2201 nos
869 2138 1042 2201 fecisti
1077 2145 1332 2216 custodite
1380 2152 1598 2198 catenas
1629 2156 1763 2212 quas
1801 2151 2086 2224 martyres

482 2239 752 2295 sustinere
777 2245 1109 2294 meruerunt.
1141 2229 1371 2306 Laqueus
1391 2234 1480 2304 qui
1511 2247 1616 2288 non
1645 2233 1940 2302 deciperet,
1967 2231 2064 2288 sed

484 2327 738 2398 probaret
767 2342 783 2382 :
832 2325 924 2397 qui
955 2314 1151 2396 corpus
1176 2317 1390 2395 quidem
1424 2332 1692 2387 necteret,
1716 2313 1824 2378 sed
1871 2323 2064 2377 anima:

481 2417 694 2494 vincula
721 2417 1067 2480 dissolveret;
1102 2415 1191 2486 qui
1239 2414 1344 2471 non
1374 2415 1439 2470 ad
1472 2405 1680 2488 reatum
1717 2404 2060 2489 perdiuCeret,

483 2513 581 2567 sed
620 2511 972 2584 absolutionis
1019 2512 1156 2566 dona
1208 2495 1505 2579 praestaret.
1551 2509 1797 2576 Addidit,
1844 2509 2080 2592 posuisti-

486 2603 840 2682 trt'bulationes
869 2603 920 2656 in
945 2602 1102 2656 dorso
1125 2610 1330 2670 nostra;
1353 2597 1601 2655 videlicet
1627 2600 1850 2655 verbera
1871 2615 1990 2670 qua:
2008 2609 2064 2654 et

485 2685 684 2762 Paulus
731 2695 980 2764 pertulit,
1007 2702 1063 2750 et
1106 2694 1309 2762 reliqua
1341 2693 1577 2748 fidelium
1605 2693 1756 2770 turba
1786 2688 2078 2772 sustinuit.

399 2787 412 2794 “
484 2786 567 2866 Ad
596 2787 700 2842 hoc
739 2785 1056 2868 verberibus
1102 2785 1397 2848 humiliati,
1427 2795 1486 2840 ut
1522 2765 1839 2840 diabolicam
1877 2797 2064 2866 super-

483 2857 627 2945 biam
647 2893 768 2956 cum
792 2860 976 2958 mundi
995 2877 1161 2956 ipsius
1180 2877 1540 2958 delectatione
1565 2861 1903 2958 reSpuerent.
1929 2876 2080 2956 Nam

482 2985 604 3026 cum
632 2970 758 3025 dicit
787 2988 800 3024 :
837 2955 1066 3024 Posuisti
1094 2955 1442 3024 tribulationes
1477 2970 1532 3022 in
1558 2955 1712 3046 dorso
1741 2955 1942 3036 nastro,
1988 2959 2062 3024 si-

483 3062 702 3136 gniﬁcat
724 3076 1014 3130 corporeos
1045 3062 1284 3129 dolores,
1313 3076 1447 3132 quos
1470 3061 1534 3116 de
1561 3061 1722 3137 illatis
1749 3063 2062 3118 verberibus

481 3155 834 3212 sustinebant.
899 3199 906 3206 .

2158 591 2533 648 Ilolocaustum
2564 597 2706 668 enim
2744 585 2939 649 dicitur
2971 601 3138 648 totum
3169 595 3464 650 incensum.
3505 595 3567 649 Et
3615 597 3762 664 quia

2158 697 2218 737 se
2250 685 2496 754 superius
2520 675 2875 754 citaminatum
2900 686 3018 755 igne
3039 673 3247 740 dixerat
3269 683 3409 739 sicut
3435 677 3766 753 argentum,

2154 770 2296 841 juste
2325 787 2384 827 se
2409 773 2777 828 holocaustum
2803 765 3107 829 oblaturum
3131 763 3280 840 dicit,
3316 774 3416 828 hoc
3435 784 3515 830 est
3544 765 3768 843 purga-

2159 869 2265 916 tam
2293 863 2504 917 delictis
2525 864 2755 918 animam
2777 878 2950 918 suam.
2976 859 3247 931 Sequitur,
3273 857 3483 940 reddam
3505 860 3597 917 tibi
3608 855 3769 940 rota

2157 971 2292 1019 mea,
2324 955 2374 1008 id
2401 965 2481 1010 est
2510 966 2566 1010 ut
2587 954 2772 1010 laudes
2796 963 2913 1009 tuas
2939 955 3037 1010 Sub
3061 950 3413 1024 perpetuitate
3436 939 3768 1017 decantem,
3809 1027 3814 1030 i

2159 1055 2212 1099 et
2238 1040 2357 1100 cum
2380 1041 2583 1114 angelis
2612 1055 2664 1101 et
2697 1045 3072 1115 potestatibus,
3106 1045 3313 1099 thronis
3337 1054 3390 1099 et
3415 1035 3771 1099 dominatio-

2160 1136 2317 1191 nibus
2363 1135 2618 1206 hymnum
2667 1137 3050 1192 misericordiae
3094 1134 3212 1190 tute
3246 1151 3459 1206 semper
3501 1137 3770 1192 edicam.

2160 1229 2284 1303 Ilico
2316 1223 2436 1303 sunt
2469 1229 2611 1283 enim
2653 1237 2774 1282 vota
2812 1227 3070 1293 ﬁdelium,
3107 1229 3219 1283 haec
3246 1229 3504 1283 desideria
3524 1217 3770 1298 simpli-

2159 1299 2299 1374 cium
2327 1299 2786 1386 Christianorum,
2820 1314 2876 1374 ut
2907 1319 2960 1374 in
2994 1314 3078 1374 illa
3109 1305 3360 1375 societate
3391 1311 3768 1390 recipiantur,

2160 1409 2251 1480 qui
2282 1425 2342 1465 se
2371 1397 2489 1464 ﬁdei
2521 1413 2572 1465 et
2593 1424 2813 1479 operum
2845 1407 3126 1464 sanctitate
3148 1409 3459 1478 junxerunt.

2235 1493 2389 1555 Vers.
2432 1498 2518 1554 14.
2557 1499 2684 1566 Quae
2711 1501 3052 1554 distinxerunt
3083 1499 3220 1553 labia
3259 1515 3371 1553 mea
3391 1542 3406 1568 ,
3433 1510 3477 1554 et
3513 1493 3769 1553 locutum

2161 1602 2234 1648 est
2255 1609 2312 1647 os
2339 1608 2506 1645 meum
2527 1593 2578 1646 in
2608 1592 2936 1646 tribulatione
2954 1592 3196 1658 mca.,]lia
3221 1602 3336 1645 vota
3354 1595 3586 1662 exponit,
3623 1607 3771 1660 quae

2161 1685 2410 1753 Superius
2421 1682 2576 1747 dixit,
2594 1683 2643 1737 id
2661 1693 2743 1736 est
2761 1699 2876 1752 ante
2891 1677 3230 1738 distinxeruni
3251 1683 3382 1737 labia
3398 1680 3536 1746 mea;
3555 1680 3771 1735 fideles

2162 1768 2302 1827 enim
2330 1771 2571 1843 quamvis
2593 1775 2642 1826 in
2666 1759 3082 1829 afflictioneisint
3105 1764 3260 1842 positi
3301 1759 3577 1844 (sicutiob
3597 1768 3768 1841 fuit),

2088 1860 2137 1920 Β
2166 1854 2449 1917 Dominum
2499 1853 2736 1928 laudant,
2781 1873 2834 1918 et
2863 1878 2921 1919 se
2953 1857 3163 1933 semper
3199 1869 3470 1917 accusant.
3509 1860 3770 1930 ideoque

2164 1943 2458 2019 probantur
2469 1950 2568 2003 dist
2592 1950 2781 2018 ngue're
2800 1960 2922 2004 vota
2934 1951 3079 2004 labiis
3100 1950 3230 2015 suis,
3256 1943 3378 2020 quia
3395 1949 3611 2003 dubium
3637 1948 3766 2002 'noii

2165 2051 2247 2098 est
2274 2042 2500 2100 divisum
2533 2049 2654 2098 esse
2701 2041 2842 2111 quod
2881 2041 3198 2098 humanitati
3228 2043 3534 2111 imputatur,
3567 2049 3626 2095 et
3659 2039 3772 2092 Di-

2167 2133 2374 2188 vinitati
2396 2128 2609 2206 semper
2629 2132 2870 2188 offertur.
2897 2133 2961 2188 Et
2984 2132 3190 2202 respiCe
3210 2125 3422 2188 beatam
3446 2127 3770 2186 t'olerantidi
3797 2137 3802 2144 '

2164 2226 2533 2295 sanctitatem,
2567 2236 2622 2280 ut
2653 2227 2740 2280 ll'a
2771 2240 2831 2280 se
2862 2231 2979 2280 vota
3011 2224 3180 2280 laudis
3207 2222 3352 2279 dicat
3375 2224 3604 2279 reidere
3629 2221 3773 2292 pbst

2166 2311 2638 2386 resurrectiOnem,
2663 2321 2780 2387 qua:
2803 2317 2854 2372 in
2873 2304 3210 2373 tribulatione
3223 2317 3511 2382 concinuit,
3529 2317 3772 2386 quando

2165 2407 2472 2484 frequenter
2493 2410 2670 2464 carnis
2701 2409 3066 2466 imbecillitate
3098 2417 3365 2477 peccatur,
3393 2416 3446 2461 et
3469 2405 3772 2460 doloribus

2165 2499 2303 2555 victa
2337 2501 2648 2571 plerumque
2679 2517 2782 2556 non
2811 2501 3004 2556 sinitur
3051 2500 3228 2554 anima
3261 2498 3549 2569 probabilia
3593 2503 3770 2552 cum;

2169 2587 2314 2664 plere
2351 2593 2632 2664 disposita.
2666 2594 2761 2649 llic
2801 2601 2978 2648 autem
3023 2585 3112 2648 Dei
3145 2583 3369 2647 munere
3399 2599 3542 2646 tanta
3590 2589 3765 2658 copia

2167 2683 2442 2740 charitatis
2497 2684 2838 2750 ostenditur,
2885 2681 2941 2739 ul
2987 2683 3213 2739 adversa
3236 2681 3418 2738 omnia
3462 2684 3771 2752 sup'eraSsa

2166 2780 2518 2833 monstretur.

2237 2869 2390 2932 Vers.
2437 2863 2534 2932 ἰδέ
2568 2859 2886 2932 Ilolocausta
2926 2859 3208 2934 medullam
3239 2877 3450 2946 offeram
3494 2875 3585 2931 tibi
3634 2881 3767 2932 curri

2167 2968 2370 3022 incenso
2423 2978 2472 3023 et
2519 2969 2798 3025 arietibus.
2821 2969 3012 3025 Adhuc
3051 2969 3164 3040 ipsa
3192 2980 3307 3023 vota
3341 2984 3460 3036 quae
3501 2968 3766 3037 superius

2167 3062 2513 3126 memoravit,
2544 3061 2785 3131 exponit.
2838 3060 3160 3116 Holocausta
3186 3059 3465 3123 medulltta
3493 3068 3619 3114 sunt
3666 3057 3770 3114 sai-

2165 3139 2363 3207 crilicia
2387 3151 2505 3221 qua
2531 3146 2662 3221 puro
2690 3156 2846 3221 atqde
2870 3141 3056 3206 intimo
3077 3150 3242 3207 corde
3280 3145 3474 3206 divinis
3513 3153 3726 3219 cons‘tpe
3743 3179 3767 3189 -

555 3235 710 3302 Vers.
745 3248 830 3302 12.
865 3225 1161 3320 Imposuisn'
1200 3225 1434 3301 homines
1458 3261 1612 3324 super
1641 3247 1808 3316 capita
1837 3254 2013 3300 nostra
2045 3263 2064 3302 :
2093 3244 2136 3304 C
2171 3232 2348 3299 ctibus
2376 3243 2588 3298 damus.
2611 3225 2741 3298 Nam
2773 3237 2985 3314 quando
3009 3239 3062 3296 in
3091 3237 3263 3297 vicem
3296 3233 3590 3296 holocausti
3621 3239 3766 3294 οοίμ

484 3339 808 3394 transivimus
849 3338 1147 3412 per'ignem
1175 3348 1222 3392 et
1255 3354 1478 3411 aquam,
1505 3348 1552 3412 et
1597 3339 1848 3392 induxisti
1889 3354 1981 3393 nos
2010 3340 2066 3394 in

485 3430 830 3501 refrigerium.
861 3427 1184 3497 Imposuisti,
1216 3428 1366 3493 dicit,
1397 3437 1454 3482 ut
1477 3428 1653 3482 omnia
1685 3427 1848 3498 ipsius
1877 3415 2070 3490 volun-r

485 3531 597 3578 tate
616 3521 750 3576 facta
777 3522 938 3591 fuisse
958 3529 1257 3588 constaret,
1281 3519 1419 3575 sicut
1442 3505 1840 3576 dicitDominus
1863 3521 2062 3576 Pilato:

487 3613 613 3669 Non
625 3613 832 3668 haberes
844 3621 1139 3686 potestatem
1152 3614 1204 3666 in
1227 3627 1326 3680 me,
1350 3611 1450 3665 nisi
1467 3611 1559 3665 tibi
1584 3613 1703 3666 data
1727 3596 1907 3682 fuisset
1925 3600 2067 3667 desu-

487 3722 580 3779 per
599 3703 780 3778 (Joan.
810 3721 926 3780 xix,
957 3703 1068 3774 ll).
1087 3695 1360 3774 Seqititur,
1389 3703 1714 3770 Itomines,ut
1741 3697 2065 3774 intelligeres

488 3807 820 3870 peccatores,
841 3798 1037 3869 quippe
1062 3798 1151 3868 qui
1179 3797 1640 3868 persecutionibus
1670 3798 1828 3851 saevis
1851 3803 2066 3852 sanctos

486 3899 749 3960 martyres
769 3887 994 3944 diversis
1012 3890 1332 3962 cruciatibus
1354 3887 1681 3958 affligebant.
1709 3887 1878 3956 Super
1895 3891 2066 3956 capita

487 3991 681 4048 nostra,
719 3982 820 4035 hoc
844 3989 956 4046 est,
980 3989 1037 4034 ut
1068 3979 1228 4035 dares
1253 3980 1332 4034 eis
1361 3965 1677 4049 potestatem
1705 3971 1986 4048 capitalem
2012 3980 2063 4031 in

487 4087 590 4128 nos
619 4073 756 4148 ferre
781 4058 1124 4128 sententiam.
1154 4070 1398 4136 Addidit,
1430 4072 1754 4125 transivimus
1783 4087 1872 4142 per
1899 4073 2066 4141 ignem

395 4227 397 4229 ,
487 4175 536 4221 et
565 4147 781 4236 aquam,
809 4151 948 4234 quod
977 4147 1158 4235 utique
1185 4152 1382 4244 factum
1410 4174 1512 4230 est,
1537 4163 1749 4234 quando
1771 4163 1906 4219 alios
1929 4155 2069 4244 mar-~

489 4269 665 4328 tyrum
696 4257 832 4327 ignis
859 4257 1175 4326 absumpsit,
1205 4241 1340 4313 alios
1368 4272 1501 4327 aqua
1526 4258 1836 4324 devoravit,
1888 4266 1942 4313 et
1971 4241 2068 4332 per

459 4355 464 4358 ’
489 4351 701 4405 diversa
727 4349 995 4404 elementa
1019 4363 1164 4404 mors
1188 4363 1372 4402 eorum
1407 4347 1659 4418 probatur
1688 4348 1929 4418 impleta.
1969 4349 2068 4406 Se-

487 4440 672 4518 quitur
696 4438 878 4518 satculi
909 4438 1051 4494 illius
1077 4438 1234 4495 beata
1266 4427 1579 4508 promissio,
1609 4449 1657 4494 et
1697 4433 1947 4496 indusiati
1973 4459 2067 4498 nos

489 4533 544 4588 in
566 4516 924 4604 refrigerium,
969 4538 1026 4585 ut
1082 4529 1184 4586 ista
1212 4531 1390 4585 omnia
1421 4546 1540 4600 quae
1570 4532 1620 4584 in
1663 4518 1918 4586 membris
1953 4533 2066 4587 suis

2172 3335 2446 3390 tritioncm
2485 3333 2662 3390 cordis
2688 3333 2994 3398 offerimus,
3032 3341 3244 3403 oportet
3274 3340 3330 3386 ut
3371 3333 3514 3387 intus
3554 3327 3768 3386 habeat

2171 3423 2509 3494 purissimam
2539 3423 2720 3488 ﬁdem,
2745 3423 2747 3426 ⁴
2770 3423 2914 3477 intus
2943 3423 3136 3478 habeat
3163 3430 3323 3492 opera
3354 3419 3510 3488 ﬁdei,
3541 3436 3662 3490 qua:
3683 3420 3762 3475 ad

2169 3499 2341 3574 vicem
2384 3517 2628 3572 medullae
2657 3517 2986 3572 oblationem
3030 3516 3434 3587 pinguissimam
3474 3514 3701 3569 reddant
3745 3515 3761 3567 ἑ

2169 3627 2237 3668 ne
2263 3612 2331 3665 sit
2364 3605 2572 3666 aridum
2599 3619 2762 3680 ’atqne
2801 3625 3026 3664 vacuum
3057 3609 3196 3680 quod
3229 3606 3426 3664 divinis
3451 3608 3766 3678 conspecti-

2169 3703 2268 3759 bus
2298 3703 2656 3757 immolamus.
2689 3691 3024 3771 Quapropter
3052 3699 3174 3755 talia
3207 3715 3266 3755 se
3294 3696 3598 3754 holocausta
3626 3701 3761 3770 pro-

2170 3791 2328 3848 tnittit
2355 3783 2570 3858 oiierre,
2613 3809 2731 3860 quae
2762 3789 3067 3849 firmitatem
3110 3789 3644 3862 habeant‘medulla,
3698 3795 3762 3848 et

2169 3885 2545 3956 pinguedinem
2579 3883 2700 3940 fidei
2732 3885 3003 3941 salutaris.
3043 3881 3296 3953 Addidit,
3319 3893 3434 3938 cum
3457 3889 3663 3939 insenso
3702 3885 3760 3938 el

2167 3979 2428 4032 arietibus.
2449 3975 2725 4032 Incenstmt
2749 3977 3016 4048 significat
3039 3981 3328 4040 orationes,
3354 3993 3471 4047 quae
3497 3976 3564 4031 ad
3585 3977 3760 4032 instar

2171 4067 2538 4138 thymiamatis
2582 4068 2784 4122 divinis
2824 4069 3202 4139 conspectibus
3244 4065 3574 4134 oli'eruntur;
3616 4064 3756 4123 sicut

2167 4159 2294 4214 alibi
2328 4147 2522 4228 legitur
2554 4177 2566 4212 :
2596 4149 2760 4214 Intret
2783 4162 2946 4214 oratio
2977 4169 3088 4212 mea
3109 4160 3237 4213 sicut
3266 4160 3526 4214 incensum
3556 4156 3610 4214 in
3630 4155 3764 4214 aeuo,

2165 4257 2342 4321 spe‘ctu
2391 4258 2478 4303 tuo
2516 4245 2684 4319 (Psal.
2727 4265 2860 4315 ch,
2911 4248 2994 4320 2).
3037 4247 3232 4305 Arietes
3278 4257 3406 4304 Vero
3447 4250 3751 4320 signiﬁcant

2167 4343 2460 4412 apostolos,
2492 4343 2581 4412 qui
2607 4342 2770 4398 duces
2813 4341 3120 4398 Christiano
3151 4343 3346 4413 populo
3369 4333 3470 4413 piis
3496 4343 3754 4412 pradica-

2170 4417 2402 4487 tionibus
2443 4425 2784 4488 exstiterunt.
2826 4423 2890 4488 Et
2930 4423 3139 4502 respice
3167 4434 3416 4502 quaniam
3467 4443 3750 4503 utrumque

2168 4526 2478 4596 conjunxit,
2517 4515 2773 4594 dicendo,
2813 4543 2929 4581 cum
2957 4528 3164 4580 incenso
3188 4536 3235 4580 et
3263 4525 3527 4581 arietibus.
3573 4523 3748 4597 ipsum

489 4623 791 4694 patiebatur
816 4611 1078 4684 Ecclesia,
1108 4621 1298 4674 nonad
1321 4612 1691 4676 detestabilem
1717 4621 2061 4688 ptenain,svd
2094 4621 2143 4680 D
2168 4633 2353 4673 revera
2405 4619 2670 4672 incensum
2720 4611 3093 4672 suavissimum
3150 4626 3233 4672 est
3287 4616 3551 4682 Domino,
3607 4616 3746 4688 quod

487 4710 557 4768 ad
581 4708 775 4782 quietis
793 4709 1172 4766 beatitudinem
1189 4723 1542 4779 cognosceres
1569 4725 1691 4766 esse
1717 4711 1934 4768 collata.
1963 4702 2066 4768 Re-

491 4804 757 4878 [rigerittm
777 4809 861 4857 est
883 4801 1026 4857 enim
1050 4810 1168 4871 post
1197 4814 1509 4870 perurentes
1538 4817 1696 4858 curas
1733 4799 2064 4864 delectabilis

490 4902 548 4948 et
570 4907 779 4948 amoena
807 4892 1094 4970 securitas,
1119 4907 1276 4970 quam
1309 4894 1361 4946 in
1393 4889 1481 4947 illa
1519 4893 1868 4952 retributione
1894 4901 2065 4954 susci-

490 4983 643 5055 piunt
667 4983 758 5055 qui
781 4967 1007 5062 patipro
1040 4967 1247 5038 Domini
1281 4985 1497 5040 nomine
1525 4997 1856 5045 meruerunt.

561 5074 715 5130 Vers.
761 5076 844 5130 i5.
878 5061 1108 5129 Introibo
1135 5076 1188 5128 in
1217 5075 1423 5128 domum
1461 5086 1603 5130 tuam
1632 5079 1685 5132 in
1720 5070 2067 5148 holocaustis;

489 5160 702 5221 reddam
731 5167 822 5222 tibi
841 5179 951 5220 vota
977 5183 1108 5222 mea.
1132 5165 1228 5222 Hic
1253 5167 1478 5222 redeunt
1509 5170 1746 5225 membra
1771 5166 1970 5229 Christi
2000 5168 2066 5228 ad

492 5271 772 5314 numerum
814 5247 1159 5326 singularem.
1195 5258 1333 5313 Dicit
1359 5248 1501 5314 enim
1533 5274 1729 5330 corpus
1753 5263 1868 5332 ejus
1898 5264 1952 5316 in
1977 5265 2071 5317 do-

491 5367 631 5406 mum
678 5351 846 5421 ipsius
885 5366 944 5406 se
985 5351 1210 5408 feliciter
1235 5353 1574 5418 intraturum,
1627 5353 1679 5406 id
1707 5365 1787 5407 est
1829 5353 1881 5408 in
1921 5354 2065 5408 illam

489 5439 722 5496 futuram
751 5428 1044 5496 Jerusalem
1072 5431 1159 5496 ubi
1189 5455 1291 5496 non
1320 5439 1626 5496 holocausta
1653 5440 1911 5511 pecudum
1931 5484 1946 5509 ,
1971 5441 2067 5498 sed

493 5529 698 5602 puritas
713 5533 968 5602 qurt'ritur
990 5531 1308 5586 animarum.
1336 5531 1399 5586 Et
1422 5531 1640 5588 intende
1659 5537 1909 5602 quoniam
1931 5535 2070 5589 s'cut

494 5621 665 5677 tribus
687 5622 930 5678 versibus
957 5607 1324 5692 superioribus
1355 5635 1540 5692 pinnas
1571 5633 1864 5695 martyrum
1903 5625 2066 5695 dixit,

493 5715 564 5770 ita
599 5728 737 5768 nunc
764 5713 882 5771 aliis
904 5723 1130 5783 quatuor
1154 5729 1319 5784 usque
1345 5714 1410 5769 ad
1434 5715 1590 5770 ﬁnem
1619 5716 1898 5772 divisionis
1921 5732 2070 5772 com-

490 5814 756 5862 memorat
779 5795 923 5862 bona
946 5803 1252 5873 beatorum;
1283 5815 1338 5860 ut
1366 5805 1546 5861 ﬁdeles
1575 5807 1629 5862 in
1657 5807 1805 5863 duris
1826 5803 2069 5865 afﬂictio-

2170 4707 2534 4779 apostolorum
2583 4709 2954 4764 traditionibus
2987 4709 3240 4778 probatur
3278 4709 3613 4776 adjunctnm.
3643 4709 3749 4763 ble-

2172 4812 2352 4857 mento
2393 4812 2570 4858 autem
2595 4803 2737 4872 quod
2768 4803 2856 4858 hic
2885 4819 3070 4858 versus
3113 4813 3166 4858 et
3197 4816 3429 4871 sequens
3466 4801 3746 4872 allegorice

2172 4892 2545 4962 proferuntur;
2589 4907 2683 4961 per
2719 4893 3102 4962 significantias
3127 4893 3268 4948 enim
3298 4893 3607 4948 animalium
3659 4893 3748 4948 de-

2171 4983 2406 5042 claratur
2432 4983 2634 5040 oblatio
2662 4986 2999 5040 dev0torum.

2245 5087 2398 5142 Vers.
2431 5087 2516 5141 16.
2552 5086 2778 5152 ΟΙῙεναηι
2805 5087 2896 5141 tibi
2933 5089 3077 5140 boves
3115 5103 3228 5141 cum
3263 5086 3435 5142 hircis.
3468 5085 3630 5141 Boves
3675 5087 3746 5140 in-

2173 5177 2481 5248 telliguntur
2502 5169 2901 5246 prtedicatores,
2920 5177 3008 5247 qui
3032 5187 3246 5248 pectora
3273 5175 3503 5232 humana
3530 5173 3745 5234 feliciter

2171 5277 2454 5324 exarantes
2481 5309 2497 5335 ,
2547 5284 2732 5324 eorum
2781 5271 3027 5324 sensibus
3073 5270 3310 5326 cmlestis
3354 5265 3503 5324 verbi
3547 5269 3740 5325 semina

2172 5351 2443 5414 fructuosa
2493 5357 2816 5415 condebant.
2865 5349 3016 5414 Hirci
3057 5375 3187 5416 vero
3219 5361 3619 5430 intelliguntur,
3665 5360 3743 5427 qui

2173 5449 2449 5505 diabolicis
2506 5452 2857 5521 pravitatibus
2893 5452 3180 5521 studentes
3209 5451 3433 5521 bispidis
3474 5453 3616 5507 vitiis
3661 5467 3743 5503 ιε·

2173 5541 2423 5598 stiuntnr.
2457 5531 2651 5598 Hircus
2679 5545 2821 5599 enim
2863 5543 3036 5600 dictus
3063 5553 3145 5600 est
3173 5547 3321 5613 quasi
3359 5543 3615 5601 hirsutus.
3647 5543 3740 5598 Sed

2173 5639 2228 5686 et
2271 5647 2365 5687 eos
2393 5646 2515 5687 cum
2547 5633 2717 5690 bobus
2759 5632 2918 5689 oll‘ert
2948 5633 3216 5702 Ecclesia,
3263 5634 3478 5703 quando
3503 5633 3743 5688 conversi

2172 5719 2387 5778 Christo
2437 5717 2666 5780 Domino
2717 5725 3064 5782 confitentur.
3115 5723 3306 5780 Hircus
3343 5725 3485 5781 enim
3530 5725 3625 5780 fuit
3663 5726 3739 5778 ille

2177 5808 2309 5870 latro
2340 5813 2427 5886 qui
2459 5811 2719 5886 pendebat
2751 5817 2802 5872 in
2834 5830 3021 5883 cruce;
3056 5815 3149 5873 sed
3177 5831 3297 5872 mox
3321 5814 3495 5872 factus
3522 5823 3602 5873 est
3629 5811 3740 5878 bos.
