4036 6342
246 420 335 486 ἄῖῆ

253 542 441 615 quando
450 540 513 598 ad
524 538 930 596 conversionem
940 537 1201 605 veritatis,
1218 538 1442 594 Domino
1458 536 1802 608 respiciente,
1830 538 1887 600 Α

250 615 490 708 pervenit.
520 632 663 689 Dixit
685 632 827 688 enim
854 650 869 687 :
890 630 1144 686 Memento
1163 631 1287 697 mei,
1310 628 1550 700 Domine,
1573 644 1688 684 cum
1714 643 1802 684 ue-

249 732 373 787 neris
396 732 447 784 in
472 744 685 799 regnum
712 737 858 783 tuum
884 726 1037 801 (Luc.
1066 742 1217 793 χχιιι,
1250 725 1368 795 42).

314 820 454 877 Vers.
483 818 570 875 Γ.
603 817 782 874 Venite
818 828 867 875 et
890 820 1064 875 audite
1080 860 1095 883 ,
1120 828 1168 873 et
1196 817 1417 873 narrabo
1439 817 1578 872 vobis
1596 857 1611 883 ,
1633 831 1807 871 omnes

246 913 323 983 qui
363 910 543 965 timetis
566 908 867 981 Dominum,
896 909 1243 981 quanta’fecit
1270 909 1457 964 animos
1480 923 1626 963 mete.
1653 907 1810 963 Venit

246 1003 305 1059 ad
322 1011 554 1073 quartam
580 1003 924 1073 positionem,
948 1001 1038 1058 ubi
1056 1016 1161 1057 non
1181 1001 1290 1071 jam
1312 1000 1495 1065 rudes,
1515 999 1609 1057 sed
1622 998 1807 1056 fideles

245 1094 456 1151 advocat
500 1109 565 1150 ac
603 1095 826 1151 devotos
868 1111 884 1150 :
915 1095 1026 1166 jam
1055 1094 1189 1151 nihil
1228 1093 1295 1151 de
1320 1093 1659 1165 passionibus
1696 1094 1809 1150 suis

244 1199 693 1252 commemorans,
723 1186 818 1242 sed
846 1193 1017 1243 totum
1047 1187 1113 1242 de
1152 1186 1344 1242 animos
1365 1199 1476 1242 sum
1497 1185 1811 1243 liberatione

242 1276 493 1332 locutura.
529 1276 815 1332 Audiamus
852 1287 1044 1349 quanta
1068 1278 1188 1347 fecit
1218 1277 1405 1332 anima
1427 1276 1630 1347 ipsius,
1658 1285 1717 1331 ut
1757 1282 1814 1331 et

242 1383 332 1424 nos
358 1369 629 1425 discamus
655 1371 1120 1441 expetere,'217
1143 1369 1286 1440 quod
1309 1368 1460 1425 Matri
1493 1376 1691 1425 nostra:
1718 1380 1812 1431 co-,

238 1463 573 1531 gnoverimus
600 1463 884 1519 Dominum
912 1461 1225 1518 contulisse.

311 1554 455 1611 Vers.
476 1555 566 1611 l8.
596 1556 677 1610 Ad
701 1557 871 1627 ipsum
894 1572 982 1611 ore
1005 1570 1114 1611 meo
1141 1554 1381 1623 clamaui,
1412 1566 1461 1610 et
1484 1554 1701 1611 exaltari
1720 1553 1813 1608 sub

237 1647 407 1718 lingua
435 1664 569 1703 mea.
599 1648 693 1704 llis
712 1647 919 1705 duabus
939 1648 1101 1705 rebus
1124 1648 1403 1719 diligenter
1431 1647 1665 1718 impletis
1687 1661 1813 1718 per-

238 1740 397 1798 fectus
423 1741 660 1799 efﬁcitur
683 1742 1039 1799 Christianus.
1071 1742 1332 1810 Primum,
1360 1750 1415 1797 ut
1437 1741 1506 1797 ad
1527 1740 1814 1797 Dominum

232 1834 411 1890 clamet
440 1851 533 1890 ore
562 1850 693 1903 suo,
730 1835 785 1891 id
823 1845 907 1892 est
932 1845 1081 1892 recta
1108 1834 1459 1903 conscientia,
1490 1849 1599 1891 non
1623 1833 1817 1891 volun-

235 1935 338 1984 tate
364 1942 643 1998 perversa.
665 1928 755 1986 Sic
780 1930 925 1985 enim
954 1928 1022 1984 de
1048 1927 1132 1983 his
1151 1926 1379 1984 dicimus
1402 1926 1493 1997 qui
1519 1926 1699 1996 aliqua
1724 1939 1813 1980 ra-
1841 1924 1891 1987 B

232 2019 375 2076 tione
396 2019 663 2076 falluntur
692 2039 708 2075 :
737 2019 971 2077 Mentem
999 2033 1150 2076 suam
1177 2034 1285 2075 non
1312 2017 1502 2086 habet;
1532 2025 1667 2079 sunt
1686 2015 1818 2072 alie-

231 2129 296 2170 na
319 2130 443 2186 quae
474 2116 732 2186 loquitur.
759 2115 899 2186 Ergo
943 2132 1031 2170 ore
1070 2128 1167 2169 suo
1195 2112 1424 2179 clamat,
1452 2111 1545 2182 qui
1586 2110 1816 2166 Domino

229 2222 359 2280 pure
387 2209 699 2280 supplicat:
733 2208 855 2279 quia
882 2208 1015 2263 illud
1042 2221 1151 2263 non
1179 2215 1445 2272 nostrum,
1468 2205 1564 2260 sed
1594 2202 1816 2259 omnino

229 2298 564 2357 diabolicum
615 2308 699 2356 est
738 2300 882 2370 quod
935 2298 1277 2370 cognoscitur
1303 2310 1423 2353 esse
1473 2307 1813 2365 perversum.

226 2390 538 2449 Secundum
565 2391 806 2463 sequitur
824 2432 839 2459 ,
867 2402 915 2447 et
946 2391 1165 2447 exaltari
1193 2390 1287 2445 sub
1332 2389 1510 2459 lingua
1539 2402 1675 2442 mea.
1706 2384 1817 2443 Sub

227 2482 408 2551 lingua
451 2482 617 2549 dicit,
648 2482 703 2538 in
742 2482 1071 2540 conscientia
1103 2499 1115 2536 :
1148 2480 1272 2552 quia
1313 2494 1409 2536 cor
1443 2488 1683 2535 nostrum
1724 2477 1819 2533 sub

223 2575 409 2647 lingua
438 2584 628 2632 nostra
649 2586 753 2644 est,
782 2576 873 2632 ubi
902 2577 1062 2631 tacita
1089 2574 1415 2647 cogitatione
1436 2572 1738 2637 laudamus,
1762 2578 1823 2651 et

223 2670 465 2723 exaltare
496 2668 653 2724 nobis
683 2668 831 2725 illum
854 2669 1142 2738 ,videmur,
1194 2668 1285 2737 qui
1323 2680 1537 2737 semper
1561 2665 1821 2735 probatur

219 2759 572 2815 Altissimus.
602 2759 672 2815 Et
696 2760 816 2816 vide
837 2759 1080 2816 ordinem
1109 2774 1311 2816 rerum.
1345 2757 1525 2814 Primo
1547 2756 1684 2818 dixit
1708 2755 1822 2813 oris

221 2851 568 2917 clamorem;
622 2850 817 2908 deinde
864 2852 1015 2908 venit
1053 2851 1119 2908 ad
1159 2851 1503 2922 purissimum
1532 2848 1710 2907 cordis
1736 2846 1820 2904 al-

221 2939 456 3008 lectum,
492 2942 635 2999 unde
662 2951 719 2999 et
744 2943 893 2999 taciti
923 2943 1160 3000 solemus
1199 2944 1394 3000 audiri.

294 3034 466 3091 V'crs.
501 3034 591 3091 19.
620 3033 952 3106 lniquitatem
977 3038 1023 3091 si
1050 3036 1289 3108 conspexi
1317 3037 1371 3091 in
1393 3035 1544 3091 corde
1562 3050 1695 3103 meo,
1718 3049 1824 3090 non
1930 3036 1947 3067 '

220 3128 482 3183 exaudiat
512 3125 677 3183 Deus.
720 3128 873 3195 Quod
918 3127 1171 3184 dixerat:
1202 3128 1447 3183 Eamltavi
1493 3127 1586 3182 sub
1639 3127 1823 3198 lingua

113 3202 123 3213 ’
220 3233 334 3273 utea
355 3259 377 3288 ,
409 3219 598 3289 ipsum
630 3218 918 3290 diligenter
944 3222 1185 3290 exponit.
1217 3217 1351 3274 Nam
1375 3218 1463 3289 qui
1490 3218 1657 3274 Deum
1703 3217 1821 3272 lau~

220 3305 313 3364 dat
340 3309 401 3364 in
428 3308 605 3365 corde
632 3323 754 3377 suo,
783 3323 888 3366 non
913 3308 1076 3366 debet
1100 3324 1317 3365 sensum
1368 3310 1514 3364 varia
1560 3309 1821 3380 imagina-

217 3402 372 3461 tione
402 3402 771 3477 confundere,
790 3418 891 3459 nec
913 3402 1146 3474 aliquam
1166 3403 1483 3473 iniquitatem
1509 3402 1823 3473 conspicere,

217 3494 318 3550 sed
350 3504 539 3551 totam
590 3494 668 3550 illi
710 3504 945 3551 mentem
975 3495 1382 3565 vigilantissime
1423 3493 1714 3565 deputare,
1764 3500 1826 3549 ut

213 3586 403 3645 locum
436 3589 501 3644 in
533 3602 604 3645 eo
624 3588 870 3645 diabolus
891 3597 1123 3660 nequeat
1151 3588 1413 3645 invenire.
1439 3587 1528 3644 Sic
1553 3587 1695 3644 enim
1723 3601 1824 3659 pu-

213 3678 355 3735 ritas
386 3680 611 3734 orantis
636 3679 896 3749 accipitur
914 3721 930 3748 ,
957 3680 1003 3735 si
1031 3680 1195 3736 nullis
1240 3680 1621 3751 cogitationum
1649 3678 1825 3735 sordi-

208 3769 318 3826 bus
348 3770 664 3841 polluatur.
692 3769 835 3826 Dicit
856 3771 999 3826 enim
1025 3788 1037 3823 :
1072 3772 1129 3828 Si
1158 3771 1261 3827 hoc
1298 3772 1420 3839 feci,
1454 3788 1556 3826 non
1582 3770 1825 3826 exaudiat

211 3861 365 3919 Deus
389 3879 412 3919 :
436 3862 744 3920 ostendens
769 3863 1023 3935 quoniam
1050 3864 1142 3935 qui
1169 3864 1299 3921 talia
1330 3864 1553 3934 iaciunt,
1574 3864 1824 3921 inanibus

206 3954 538 4011 visionibus
579 3953 901 4011 illuduntur.

294 4045 468 4101 γει-ε.
494 4045 591 4102 20.
627 4044 910 4116 RrOpterea
938 4047 1200 4103 exaudiuit
1229 4063 1309 4100 me
1336 4046 1497 4115 Deus,
1530 4054 1580 4101 et
1606 4044 1827 4100 intendit

202 4137 331 4192 uoci
360 4138 627 4193 orationis
654 4152 800 4194 mete.
827 4139 958 4207 Quia
979 4155 1086 4195 non
1115 4146 1465 4210 conspexerat
1494 4137 1825 4208 iniquitatem

205 4228 271 4286 in
304 4230 496 4286 corde
526 4245 646 4300 suo,
683 4238 965 4301 propterea
992 4244 1053 4287 se
1103 4230 1235 4287 dicit
1259 4229 1520 4285 auditum.
1544 4229 1637 4284 llle
1680 4227 1827 4284 enim

200 4322 436 4380 clamor
460 4324 715 4380 ascendit
738 4325 807 4379 ad
832 4323 1116 4380 Dominum
1146 4323 1238 4395 qni
1264 4322 1618 4394 pollutionem
1644 4334 1827 4376 rerum

204 4426 327 4467 non
354 4410 539 4466 habet
569 4414 946 4472 humanarum.
968 4416 1313 4472 lntcndentes
1343 4414 1486 4470 enim
1508 4413 1576 4470 ad
1604 4414 1781 4483 ipsum
1806 4426 1823 4480 ,'

200 4504 387 4559 talem
425 4500 730 4570 recipimus
760 4500 1204 4576 vicissitudinem,
1231 4515 1289 4563 ut
1315 4514 1371 4562 et
1403 4506 1492 4561 ille
1525 4519 1624 4560 nos
1653 4502 1823 4559 mise-

198 4604 371 4651 ratus
398 4596 673 4649 intendat.
706 4591 946 4662 Denique
967 4592 1067 4647 hoc
1092 4591 1332 4662 sequitur
1351 4631 1366 4657 ,
1395 4606 1443 4645 et
1470 4597 1687 4647 intendit
1716 4595 1825 4650 soci

199 4687 491 4743 orationis
525 4700 672 4739 mete.
706 4683 1081 4755 Supplicemus
1103 4698 1232 4756 ergo
1254 4693 1313 4740 ut
1341 4683 1502 4740 donet
1530 4683 1687 4740 nobis
1706 4698 1826 4739 ora-
1855 4709 1909 4771 Β

199 4781 437 4834 tionem
466 4775 821 4846 purissimam
843 4814 857 4840 ,
886 4783 1151 4845 quatenus
1190 4774 1418 4831 ﬁdeliter
1457 4783 1743 4843 exoratus,
1774 4783 1830 4832 et

192 4870 299 4928 ille
331 4882 457 4925 nos
481 4865 801 4937 plenissime
822 4867 890 4924 de
917 4866 1152 4923 sacrario
1181 4882 1293 4923 suae
1316 4866 1530 4938 pietatis
1554 4865 1831 4923 exaudiat.

277 4963 466 5019 Vers.
500 4959 598 5014 21.
626 4957 934 5014 Benedictus
959 4959 1230 5028 Dominus,
1278 4960 1367 5030 qui
1395 4976 1497 5015 non
1523 4960 1713 5014 amovit
1739 4958 1833 5021 de:

190 5060 598 5134 precationem
623 5072 791 5111 meum
825 5066 873 5112 et
921 5054 1325 5112 misericordiam
1350 5072 1495 5111 suam
1521 5072 1553 5109 a
1580 5070 1678 5110 me.
1709 5053 1826 5110 Duo

189 5157 305 5211 ista
343 5166 624 5212 connexa
652 5160 799 5208 sunt.
830 5140 1062 5219 Quando
1094 5152 1233 5207 Deus
1284 5151 1693 5221 deprecationem
1721 5167 1830 5206 non

185 5256 459 5318 antovet,
506 5245 930 5301 misericordiam
953 5259 1106 5302 suam
1127 5243 1244 5298 sine
1272 5242 1609 5299 dubitatione
1629 5257 1830 5300 conce-

185 5343 302 5398 dit.
332 5341 505 5397 Nam
537 5354 658 5395 cum
682 5338 853 5395 oratio
880 5348 1065 5395 nostra
1086 5336 1452 5407 suspenditur,
1481 5346 1535 5393 et
1562 5336 1708 5394 illius
1729 5337 1832 5393 mi-

181 5437 550 5498 sericordia
595 5434 913 5507 protelatur.
962 5431 1378 5489 Consideremus
1420 5431 1578 5487 etiam
1622 5440 1829 5500 quarto:

181 5533 393 5604 partis
431 5528 659 5586 initium
680 5568 697 5596 ,
722 5542 823 5598 qua
853 5512 1014 5583 fuerit
1052 5526 1277 5582 veritate
1303 5531 1642 5593 conceptum.
1686 5522 1832 5581 Dixit

180 5629 359 5684 enim
404 5643 423 5680 :
471 5621 661 5677 Venite
686 5631 735 5678 et
759 5623 931 5678 audite
958 5631 1151 5691 quanta
1193 5621 1309 5692 fecit
1336 5622 1524 5675 anima:
1557 5635 1704 5675 mete.
1736 5621 1836 5677 Se-

176 5726 374 5773 cutus
404 5725 516 5768 est
544 5717 593 5770 in
625 5717 732 5772 fine
769 5717 1133 5773 voracissima:
1163 5715 1532 5787 promissionis
1561 5714 1779 5770 allectus
1814 5734 1827 5769 :

176 5809 328 5881 quia
372 5818 505 5860 nec
551 5805 953 5874 deprecationem
998 5808 1116 5878 ejus
1158 5807 1408 5863 amovisse
1445 5805 1787 5877 cognoscitur
1811 5847 1827 5875 ,

174 5915 303 5961 nec
333 5896 783 5953 misericordiam
807 5914 958 5953 suam
987 5898 1329 5970 suspendisse
1355 5906 1701 5957 monstratur.

579 5991 851 6054 Pauor.
899 5993 1010 6053 LX
1021 5995 1094 6058 Χ.

1147 420 1502 483 exposmo
1537 419 1606 479 IN
1646 408 2104 480 PSALTERIUM.
2145 413 2338 480 PSAL.
2379 416 2565 480 LXVI.

3378 422 3485 485 458

2447 534 2717 592 Conclusio
2739 536 2945 605 psalmi.

1978 648 2276 720 Pedisequa
2322 649 2537 719 quidem
2587 648 2925 719 expositione
2974 648 3210 719 psalmus
3252 650 3354 707 iste
3382 651 3486 709 de-

1822 752 1827 759 ‘
1909 756 2099 799 cursus
2128 748 2244 807 est,
2267 741 2364 798 sed
2390 741 2549 798 modo
2573 741 2732 798 nobis
2778 750 2861 798 est
2898 740 3016 813 ejus
3045 742 3327 798 adunanda
3356 758 3486 802 con-

1909 822 2121 904 tertio,~
2140 844 2200 893 ut
2237 836 2404 892 virtus
2434 835 2592 906 hujus
2632 837 2825 893 cantici
2868 836 3146 895 evidenter
3186 839 3358 908 possit
3393 855 3488 911 ag-

1910 927 2080 983 nosci.
2116 926 2352 983 Primum
2378 927 2683 983 salutariter
2711 937 2895 998 gentes
2916 927 3147 985 allocuta
3172 938 3256 985 est
3301 940 3486 987 sancta

1909 1029 2085 1075 mater
2135 1019 2398 1086 Ecclesia,
2427 1028 2486 1075 ut
2531 1019 2853 1091 generaliter
2898 1019 2952 1075 in
3001 1021 3209 1076 Domini
3239 1021 3485 1079 laudibus

1910 1120 2258 1182 occupentur,
2286 1120 2548 1182 quatenus
2605 1126 2896 1182 supernum
2939 1111 3263 1169 desiderium
3304 1116 3488 1171 mundi

1912 1204 2066 1261 nobis
2093 1206 2248 1261 tollat
2275 1205 2543 1261 allectum.
2576 1205 2777 1261 Deinde
2802 1206 2992 1262 invitat
3028 1222 3141 1273 eas,
3190 1215 3251 1263 ut
3274 1208 3489 1267 discant

1912 1296 2170 1354 miracula
2224 1297 2435 1354 Veteris
2499 1298 2830 1355 Testamenti
2881 1299 2947 1354 ad
3004 1302 3490 1371 praetigurationem

1912 1390 2020 1448 illis
2045 1391 2222 1462 potius
2250 1391 2363 1447 visa
2408 1390 2578 1448 fuisse
2610 1392 2832 1448 concedi
2855 1377 2887 1459 ;’
2912 1401 3175 1462 quatenus
3226 1394 3293 1450 ad
3339 1409 3494 1464 spem

1914 1482 2203 1539 maximam
2229 1497 2462 1553 sequens
2491 1483 2719 1554 populus
2747 1485 3050 1540 concitetur
3069 1525 3085 1553 ,
3116 1487 3331 1556 quando
3360 1502 3498 1558 qumi

1912 1574 2081 1632 veteri
2109 1575 2302 1645 populo
2348 1584 2473 1632 sunt
2518 1577 2785 1647 praestita,
2818 1576 3009 1632 futurae
3054 1580 3479 1649 regenerationis

1913 1665 2175 1723 beneﬁcia
2203 1667 2534 1723 nuntiabant.
2567 1668 2757 1724 Docuit
2797 1683 2896 1724 nos
2930 1669 3091 1725 etiam
3131 1672 3385 1740 quoniam
3416 1673 3491 1731 de

1916 1761 2143 1817 diversis
2188 1760 2427 1817 cladibus
2478 1775 2609 1833 quas
2664 1762 2751 1818 hic
2799 1762 3029 1833 populus
3059 1764 3287 1821 sustinet
3331 1765 3498 1822 Chri-

1917 1855 2145 1922 stianus,
2176 1854 2387 1911 Domini
2410 1855 2759 1913 miseratione
2777 1854 3054 1924 liberetur,
3078 1867 3134 1914 et
3160 1857 3228 1914 ad
3254 1858 3399 1914 illam
3420 1859 3497 1916 fe-

1916 1946 2074 2003 licem
2103 1946 2360 2017 patriam,
2390 1946 2508 2016 ipso
2547 1945 2837 2018 largiente,
2872 1948 3169 2017 perveniat.
3200 1948 3498 2006 Promissio

1916 2040 2222 2112 singularis,
2253 2040 2473 2111 sponsio
2500 2039 2893 2107 desiderabilis,
2923 2049 2978 2097 et
3021 2041 3133 2111 hic,
3164 2042 3282 2112 ipso
3309 2051 3498 2113 prote-

1917 2141 2096 2203 gente,
2126 2131 2402 2196 custodiri,
2435 2139 2489 2187 et
2527 2131 2630 2199 ibi,
2658 2132 2848 2188 eodem
2881 2132 3172 2204 largiente,
3204 2135 3258 2191 in
3296 2143 3501 2191 aeterno

1918 2226 2140 2297 praemio
2165 2224 2435 2282 collocari.
2461 2224 2573 2279 Hoc
2600 2225 2645 2281 si
2678 2224 2785 2280 ﬁxo
2808 2225 2990 2281 animo
3018 2241 3232 2296 semper
3263 2226 3501 2283 intendi-

1920 2333 2075 2388 mus,
2113 2331 2385 2389 nunquam
2419 2314 2604 2373 mundi
2647 2317 2806 2373 istius
2827 2318 3069 2397 pericula
3109 2318 3499 2387 formidamus;

1918 2412 2014 2469 sed
2042 2426 2163 2468 cum
2188 2409 2372 2467 laetitia
2398 2425 2605 2467 summa
2633 2404 2998 2480 cantabimus,
3035 2413 3178 2484 quod
3234 2414 3289 2469 in
3338 2413 3501 2486 hujus

1918 2504 2110 2576 psalmi
2144 2503 2253 2563 line
2290 2504 2651 2574 conscriptum
2692 2511 2776 2560 est
2816 2522 2828 2557 :
2861 2503 3168 2560 Benedictus
3213 2505 3499 2577 Dominus,

1920 2596 2009 2666 qui
2038 2610 2141 2650 non
2166 2597 2353 2650 amovit
2382 2595 2793 2664 deprecationem
2816 2612 2983 2652 meum
3010 2605 3060 2653 et
3095 2598 3505 2655 misericordiam

1921 2702 2071 2743 suam
2090 2703 2125 2742 a
2150 2703 2249 2743 me.

2081 2848 2089 2855 λ
2184 2827 2551 2886 EXPOSITIO
2588 2828 2656 2887 IN
2693 2828 3025 2889 PSALMUM
3061 2830 3246 2890 LXVI.

2066 2940 2134 2998 In
2158 2942 2330 3013 finem,
2359 2943 2415 2998 in
2445 2942 2677 3014 hymnis,
2704 2943 2932 3013 psalmus
2958 2944 3145 2999 cantici
3170 2942 3355 2998 David.

1996 3083 2235 3157 Hymnus
2259 3092 2316 3141 et
2342 3085 2597 3140 canticum
2631 3084 2749 3143 haec
2774 3085 2883 3142 duo
2906 3086 3146 3156 nomina,
3180 3086 3285 3143 nisi
3331 3086 3506 3145 subti-

1925 3181 2047 3239 liter
2081 3181 2467 3252 inspiciantur,
2495 3197 2661 3237 unum
2689 3181 2941 3238 videntur
2977 3181 3366 3251 propemodum
3420 3184 3507 3239 in-

1925 3272 2105 3331 dicare
2132 3272 2484 3345 mysterium:
2512 3272 2636 3343 quia
2662 3281 2890 3343 utraque
2927 3271 3138 3328 laudem
3182 3272 3395 3329 Domini
3426 3274 3503 3330 si-

1923 3366 2179 3440 gnificare
2206 3374 2590 3423 monstrantur.
2611 3365 2878 3437 Hymnutn
2892 3366 3124 3423 diximus
3141 3380 3360 3425 carmen
3385 3384 3508 3428 esse

1923 3457 2083 3516 metri
2105 3456 2329 3528 alicujus
2348 3457 2465 3529 lege
2485 3458 2869 3528 compositum;
2896 3458 3037 3514 sicut
3059 3473 3247 3515 omnes
3271 3460 3507 3531 psalmos

1924 3549 1979 3606 in
2010 3550 2238 3606 Hebraea
2267 3550 2449 3621 lingua
2476 3557 2687 3606 constat
2729 3564 2850 3605 esse
2891 3548 3168 3606 formatos.
3201 3551 3265 3607 lli
3291 3555 3508 3623 quoties

1924 3641 2026 3699 soli
2054 3649 2325 3711 ponuntur
2351 3641 2405 3696 in
2429 3638 2612 3707 titulis,
2638 3639 3012 3711 signiﬁcantur
3034 3642 3251 3713 organis
3285 3651 3340 3699 et
3365 3653 3506 3717 tym-

1925 3736 2078 3807 panis
2105 3733 2272 3791 luisse
2292 3733 2505 3806 prolati.
2529 3732 2636 3790 Sed
2660 3735 2761 3789 iste
2787 3733 3007 3805 hymnus
3030 3748 3193 3805 quem
3220 3752 3361 3792 nunc
3380 3752 3507 3807 pro—

1926 3827 2087 3898 pheta
2106 3827 2287 3894 canit,‘
2310 3826 2432 3882 ideo
2460 3826 2718 3897 praemisit
2757 3827 2811 3881 in
2840 3827 3016 3895 ﬁnem,
3049 3830 3171 3898 quia
3203 3838 3314 3884 tota
3334 3832 3507 3888 oratio

1928 3921 1997 3978 ad
2048 3921 2333 3977 Dominum
2376 3918 2648 3975 Christum
2691 3919 2808 3973 sine
2846 3918 3179 3975 dubitatione
3232 3921 3503 3992 dirigitur.

1926 4014 2174 4070 Psalmus
2196 4027 2323 4070 vero
2352 4012 2541 4066 cantici
2561 4019 2646 4067 est
2672 4009 2766 4080 qui
2793 4010 2908 4065 sola
2938 4012 3182 4068 humana:
3211 4013 3360 4069 vocis
3387 4032 3504 4072 mo-

1928 4107 2204 4164 dulatione
2254 4105 2563 4161 cauebatur.
2620 4104 2731 4159 Sed
2776 4117 2918 4159 nunc
2970 4117 3066 4174 per
3118 4105 3235 4162 haec
3284 4108 3503 4166 nomina

1929 4207 2216 4269 utrumque
2268 4194 2686 4265 deprehenditur
2729 4192 2970 4265 potuisse
3012 4195 3300 4268 conjungi,
3356 4208 3411 4255 ut
3452 4210 3508 4257 et

1929 4285 2550 4345 instrumentisamusicis
2582 4293 2638 4342 et
2674 4287 2903 4341 humana
2936 4301 3067 4343 voce
3100 4299 3415 4358 caneretur;
3447 4302 3506 4349 ct

1931 4380 2054 4437 ideo
2080 4379 2254 4436 omnis
2292 4385 2481 4433 cantus
2510 4387 2564 4432 et
2583 4377 2802 4449 hymnus
2821 4388 2925 4446 est,
2954 4393 3059 4435 non
3084 4382 3258 4437 omnis
3287 4382 3508 4453 hymnus

1931 4480 1987 4529 et
2013 4482 2199 4528 cantus
2217 4479 2319 4528 est.
2349 4469 2480 4525 Nam
2502 4468 2606 4525 hoc
2626 4469 2781 4525 nobis
2807 4471 3164 4529 distinctionis
3187 4474 3345 4543 hujus
3373 4490 3511 4544 pra:-

1932 4564 2023 4622 het
2053 4564 2334 4630 indicium,
2365 4563 2487 4633 quia
2515 4562 2706 4633 psalmi
2735 4563 2825 4633 qui
2857 4565 3126 4619 canticum
3150 4580 3255 4621 non
3281 4566 3501 4635 habent,

1938 4664 2182 4726 poterant
2201 4672 2296 4728 per
2323 4655 2439 4713 sola
2465 4657 2669 4737 musica
2696 4657 3046 4713 instrumenta
3071 4662 3297 4714 cantari.

2501 4766 2698 4824 Diuisio
2727 4768 2935 4839 psalmi.

2008 4877 2137 4934 Post
2161 4877 2482 4948 sexagesimi
2510 4878 2680 4948 quinti
2720 4878 2909 4948 psalmi
2945 4880 3210 4937 canticum
3247 4882 3511 4944 Resurrc—

1936 4972 2149 5039 ctionis,
2166 4970 2395 5027 mirabili
2410 4970 2599 5028 ordine
2622 4972 3051 5044 deprecationem
3079 4992 3229 5033 suam
3252 4983 3512 5052 prOpheta

1936 5063 2243 5134 subiunxit,
2265 5070 2325 5120 ut
2361 5062 2626 5120 benedicti
2664 5064 2732 5119 ad
2770 5063 3005 5122 divinam
3032 5071 3389 5138 cognitionem
3419 5076 3514 5132 de-

1936 5157 2059 5214 duci
2081 5172 2404 5226 mereamur,
2435 5158 2501 5214 ad
2523 5172 2680 5228 quam
2719 5166 2906 5214 nostra
2949 5174 3055 5216 non
3082 5165 3291 5233 possint
3320 5171 3511 5226 merita

1936 5251 2237 5321 pervenire.
2268 5250 2447 5306 Prima
2495 5264 2623 5320 ergo
2656 5257 2808 5322 parte
2836 5250 3082 5310 fidelibus
3121 5255 3345 5328 loquens
3391 5277 3516 5332 sup-

1936 5344 2101 5416 plicat
2142 5351 2200 5400 ut
2236 5340 2482 5400 benedici
2528 5357 2652 5399 cum
2697 5344 2829 5415 ipsis
2856 5357 3126 5404 mereatur
3174 5365 3203 5403 a
3253 5352 3517 5421 Domino;

1938 5445 2198 5507 quatenus
2224 5434 2507 5491 illuminati
2532 5434 2693 5492 corde
2712 5475 2728 5503 ,
2758 5437 2810 5491 in
2837 5441 3044 5495 cunctis
3082 5443 3333 5511 gentibus
3361 5446 3519 5502 Chri—

1886 5583 1894 5601 ,
1938 5535 2079 5583 stum
2101 5525 2381 5583 Dominum
2400 5525 2792 5595 praedicandum
2804 5539 2925 5584 esse
2948 5542 3292 5601 cognoscant.
3316 5535 3519 5594 Deinde

1937 5632 2228 5675 conversus
2257 5618 2323 5673 ad
2353 5617 2637 5674 Dominum
2661 5658 2677 5685 ,
2715 5620 3011 5691 prophetiae
3039 5624 3229 5693 spiritu
3254 5628 3517 5682 conﬁten-

1936 5713 2062 5769 dum
2092 5712 2168 5767 illi
2192 5712 2325 5768 dicit
2351 5726 2382 5766 a
2411 5711 2641 5782 populis,
2674 5714 2800 5783 quia
2825 5719 3010 5782 gentes
3033 5714 3238 5783 judicat
3268 5718 3323 5772 in
3353 5719 3491 5782 αιηυί

1935 5814 2063 5864 tate.
2090 5805 2276 5862 Tertio
2307 5803 2801 5861 eumdemversum
2833 5806 3049 5874 repetit,
3084 5819 3241 5874 quem
3266 5806 3518 5875 superius

1934 5899 2089 5970 dixit,
2124 5899 2226 5957 hoc
2251 5899 2565 5972 mysterium
2613 5897 2904 5973 adjiciens,
2937 5896 3059 5967 quia
3070 5896 3323 6049 gructum
3357 5910 3521 5965 suum

2034 6026 2043 6031 -
2536 6026 2541 6029 -
3034 5987 3060 6046 1

3034 5987 3060 6046 1

3994 0 3997 79 ‹

3994 100 3997 189 ‘
