4020 6348
537 417 647 479 159

1758 430 1827 490 Μ.
1868 434 2144 493 AURELII
2181 434 2575 497 CASSIODOBI

3712 440 3826 500 £60

541 552 685 651 terra
712 539 822 651 jam
843 541 1097 651 protulit;
1125 549 1185 651 ejt
1208 541 1326 645 ideo
1346 540 1688 614 frequentate
1732 547 1895 605 verbo
1924 559 2112 619 postu-
2140 551 2196 625 Α
2290 548 2446 607 Vere.
2477 552 2532 607 3.
2567 549 2921 621 Conﬁteanlur
2964 546 3054 609 tibi
3084 544 3285 624 populi,
3314 544 3490 622 Deus;
3514 556 3826 651 conﬁtean-

543 635 619 691 lat
647 647 745 690 nos
769 632 967 691 debere
996 632 1265 690 benedici.

1075 776 1344 846 Expositio
1378 780 1584 851 psalmi.

611 917 766 973 Vere.
797 917 851 975 1.
881 914 1023 974 Deus
1048 910 1348 975 misereatur
1391 924 1586 993 nostri,
1617 932 1664 980 et
1692 924 1954 980 benedicat
1992 940 2121 990 nos;

538 1009 795 1065 illuminet
822 1010 1016 1064 vultum
1043 1027 1195 1067 suum
1223 1030 1375 1084 super
1403 1032 1518 1082 nos,
1548 1024 1594 1071 et
1620 1016 1925 1072 misereatur
1949 1017 2118 1073 nobis.

540 1098 997 1170 Supplicationem
1020 1116 1169 1157 suam
1197 1105 1359 1177 218
1390 1105 1647 1176 propheta
1671 1096 1907 1179 dirigens
1932 1107 2000 1164 ad
2028 1122 2123 1164 ne-

538 1191 762 1247 cessarii
783 1193 1013 1248 nominis
1032 1196 1264 1250 cucurrit
1311 1197 1593 1253 auxilium.
1622 1198 1769 1255 Bene
1796 1200 1940 1259 enim
1972 1200 2120 1270 prius

538 1282 768 1337 misereri
795 1284 963 1353 petiit,
997 1285 1086 1355 qui
1115 1286 1183 1341 de
1214 1287 1527 1345 meritorum
1558 1305 1776 1346 suorum
1823 1305 1988 1361 opere
2013 1306 2119 1347 non

535 1375 901 1446 praesumpsit.
928 1374 1082 1430 Prius
1110 1378 1251 1432 enim
1286 1377 1387 1433 fuit
1414 1421 1428 1445 ,
1460 1387 1518 1435 ut
1547 1379 1867 1435 misereretur
1893 1380 2122 1437 erranti-

539 1465 661 1537 bus,
716 1476 769 1523 et
828 1476 1010 1537 postea
1054 1469 1444 1526 benedictionis
1493 1486 1604 1526 suae
1651 1470 1789 1527 dona
1818 1481 2119 1543 praestaret.

536 1556 672 1612 Nam
693 1555 996 1612 benedictio
1024 1558 1236 1614 Domini
1267 1576 1363 1616 nos
1395 1576 1606 1631 semper
1628 1571 1939 1633 augmentat
1966 1580 1981 1617 :
2009 1563 2122 1621 sive

537 1664 660 1705 cum
689 1649 836 1704 illum
864 1650 1224 1720 benedicimus,
1250 1668 1349 1710 nos
1370 1655 1615 1711 absolute
1644 1655 1981 1726 proﬁcimus;
2005 1656 2120 1714 sive

536 1757 659 1799 cum
683 1758 781 1799 nos
811 1743 902 1800 ille
949 1745 1292 1815 benedixerit,
1340 1749 1536 1805 animae
1586 1758 1785 1806 nostrae
1839 1748 2119 1820 profutura

537 1835 804 1892 concedit.
838 1835 945 1893 Sed
993 1853 1295 1917 quaeramus
1324 1855 1485 1911 quam
1530 1841 1963 1899 benedictionem
1995 1856 2121 1913 pos-

2225 647 2307 695 tur
2337 641 2424 696 tibi
2454 642 2636 713 populi
2666 659 2859 700 omnes.
2891 644 3180 713 Postquam
3202 642 3361 701 ﬁdem
3390 646 3676 716 provenire
3711 641 3824 717 ᾖο-

2224 732 2364 801 pulis
2388 734 2631 789 exoravit
2655 735 2917 805 propheta
2943 777 2960 803 ,
3000 736 3149 795 venit
3173 735 3241 793 ad
3274 736 3564 795 secundam
3593 747 3826 809 partem

2222 821 2406 879 dicens
2434 825 2501 879 ad
2529 826 2812 882 Dominum
2851 843 2866 881 :
2896 826 3252 897 Conﬁteantur
3277 827 3367 883 tibi
3398 829 3594 900 populi,
3633 829 3827 885 Deus.

2223 914 2576 985 Conﬁteantur
2603 918 2823 975 verbum
2846 918 3180 988 aequivocum
3209 926 3332 985 est;
3358 932 3482 976 nam
3510 928 3566 976 et
3592 921 3829 987 laudes,

2224 1018 2281 1067 et
2305 1020 2646 1080 peccatorum
2678 1013 3079 1083 deplorationes
3117 1013 3360 1069 noscitur
3389 1012 3621 1083 indicare
3668 1027 3826 1073 con-

2222 1101 2404 1158 fessio.
2437 1102 2546 1161 Sed
2575 1104 2664 1159 hic
2704 1112 2992 1172 utrumque
3019 1102 3182 1160 debet
3210 1102 3455 1173 intelligi,
3488 1110 3548 1159 ut
3590 1113 3646 1160 et
3676 1117 3826 1173 pec-

2221 1202 2337 1250 cata
2367 1209 2463 1251 sua
2494 1196 2830 1265 conﬁteantur
2860 1195 3060 1266 populi,
3089 1205 3147 1253 et
3172 1196 3397 1267 gloriam
3429 1194 3636 1251 Domini
3666 1210 3828 1265 prie-

2225 1286 2412 1343 dicare
2440 1302 2548 1344 non
2571 1288 2841 1346 desinant.
2873 1289 3114 1359 Denique
3150 1286 3372 1345 verbum
3408 1288 3581 1357 ipsum
3608 1288 3671 1342 in
3703 1301 3828 1342 uno

2222 1395 2387 1437 versu
2412 1381 2656 1437 noscitur
2692 1394 2815 1439 esse
2847 1380 3173 1451 geminatum
3197 1419 3214 1449 ,
3265 1388 3324 1434 ut
3364 1393 3393 1432 a
3422 1378 3559 1434 ﬁdeli
3602 1377 3826 1447 populo

2228 1474 2354 1548 [ms.
2383 1473 2473 1541 A.,
2502 1472 2595 1541 F.,
2624 1473 2690 1527 ad
2713 1473 2924 1531 ﬁdelem
2954 1468 3231 1544 populum]
3257 1478 3424 1529 totum
3448 1482 3825 1538 cognoscens

2222 1580 2346 1623 esse
2395 1564 2722 1622 faciendum.
2754 1563 2887 1623 Nam
2915 1565 3061 1634 quod
3091 1562 3316 1629 addidit,
3344 1577 3533 1626 omnes,
3568 1560 3823 1616 Donati-

2208 1669 2431 1727 starum
2459 1659 2753 1731 pravitates
2779 1658 2946 1723 elisit,
2964 1658 3055 1729 qui
3083 1663 3272 1727 putant
3292 1654 3587 1711 Ecclesiatu
3612 1652 3826 1709 Domi-

2220 1753 2279 1810 ni
2300 1752 2354 1809 in
2377 1752 2509 1809 orbe
2544 1760 2809 1807 terrarum
2835 1765 2942 1807 non
2964 1764 3087 1809 esse
3113 1748 3382 1805 diffusam.

2298 1844 2452 1904 Vere.
2475 1844 2531 1901 ι.
2559 1844 2821 1901 Lwtentur
2843 1853 2892 1900 et
2926 1845 3179 1900 exsultent
3202 1850 3372 1914 gentes
3398 1855 3419 1895 :
3440 1838 3690 1910 quoniam
3712 1840 3824 1911 ju-

536 1929 693 1995 tulat,
723 1929 846 1999 quia
870 1930 1049 1986 multa:
1074 1941 1200 1987 sunt
1228 1948 1368 2005 quae,
1401 1933 1661 2005 largiente
1703 1935 1951 2004 Domino,
1983 1949 2119 1991 con-
2145 1929 2195 1992 B
2222 1938 2364 1997 dicas
2389 1938 2607 2010 populos
2650 1937 2707 1991 in
2751 1935 3019 2008 (equitate,
3050 1944 3098 1991 et
3128 1942 3302 2007 gentes
3334 1934 3388 1988 in
3424 1941 3560 1988 terra
3591 1930 3819 2001 dirigis.

537 2021 822 2080 ceduntur.
854 2020 1124 2078 Benedixit
1151 2024 1318 2080 Adam
1344 2034 1469 2082 ante
1505 2031 1782 2096 peccatum
1811 2027 1997 2084 dicens
2026 2027 2075 2083 ei
2101 2046 2115 2084 :

541 2113 829 2173 Cresciteet
856 2118 1289 2190 multiplicamini,
1318 2129 1365 2174 et
1401 2120 1589 2190 replete
1616 2130 1826 2189 terram,
1863 2130 1911 2177 et
1947 2122 2116 2175 domi—

535 2211 738 2265 namini
782 2214 894 2279 eius
921 2209 1074 2281 (Gen.
1107 2226 1145 2279 ι,
1173 2212 1289 2282 28).
1344 2211 1623 2268 Benedixit
1668 2212 1939 2269 Abraham
1993 2229 2115 2268 cum

536 2303 709 2360 dixit:
738 2302 1050 2359 Benedicens
1073 2303 1366 2359 benedicam
1390 2314 1458 2372 te,
1489 2312 1538 2359 et
1559 2305 1908 2376 multiplicans
1937 2305 2116 2359 multi-

533 2399 741 2470 plicabo
770 2413 938 2454 semen
976 2406 1117 2452 tuum
1156 2399 1285 2454 sicut
1319 2398 1493 2453 stellas
1536 2398 1650 2453 eali
1678 2405 1724 2453 et
1748 2398 1879 2452 sicut
1909 2412 2115 2452 arenam

536 2509 651 2565 qua:
672 2503 746 2549 est
765 2494 833 2550 ad
853 2509 995 2550 oram
1012 2495 1168 2551 maris
1192 2493 1347 2566 (Gen.
1362 2510 1498 2562 χχιι,
1520 2496 1633 2565 17).
1660 2494 1927 2551 Benedixit
1954 2495 2114 2551 etiam

534 2590 711 2642 terras
738 2584 794 2641 in
821 2585 998 2641 varios
1026 2585 1231 2652 fructus
1258 2626 1273 2651 ,
1300 2594 1356 2641 ut
1386 2584 1731 2657 indigentiam
1766 2596 1965 2642 nostra:
2005 2585 2115 2642 fra-

534 2676 753 2748 gilitatis
777 2677 1108 2735 excluderet.
1139 2676 1243 2735 Sed
1270 2678 1359 2735 hic
1386 2677 1528 2734 illam
1555 2677 1989 2735 benedictionem
2020 2694 2114 2752 pe-

536 2770 646 2839 tiit,
677 2785 838 2841 quam
870 2772 1058 2828 subter
1084 2772 1327 2843 exponit,
1360 2781 1422 2828 ut
1455 2772 1707 2830 tenebras
1736 2781 1932 2829 nostrae
1961 2787 2114 2828 meno

536 2862 610 2919 tis
641 2862 967 2933 excludens,
1007 2864 1252 2923 claritate
1289 2878 1389 2923 nos
1417 2864 1633 2921 Domini
1660 2863 1957 2922 Salvatoris
1993 2864 2118 2919 illu-

534 2957 711 3015 minet.
744 2957 997 3031 Sequitur
1021 2957 1241 3033 quippe,
1268 2958 1518 3015 illuminet
1547 2958 1745 3013 vultum
1782 2974 1937 3014 suum
1964 2973 2119 3025 super

534 3064 650 3105 nos.
678 3048 802 3105 Haec
846 3058 963 3105 erat
990 3051 1179 3120 petitio
1228 3048 1657 3115 benedictionis,
1709 3058 1765 3104 ut
1806 3050 2118 3104 illuminant

533 3142 732 3199 vultum
768 3158 918 3198 suum
949 3158 1104 3214 super
1121 3157 1214 3201 eos
1240 3161 1254 3197 :
1285 3142 1414 3213 quia
1448 3157 1571 3198 eum
1601 3141 1783 3198 videre
1824 3156 1932 3197 non
1962 3150 2115 3211 pote-

534 3241 680 3299 rant,
707 3231 800 3305 qui
826 3232 883 3288 in
912 3233 1026 3290 suis
1053 3234 1258 3289 viribus
1288 3232 1505 3288 luminis
1526 3232 1789 3289 beneﬁcia
1817 3246 1922 3288 non
1952 3232 2115 3288 habe-

2225 2030 2586 2105 Quaerendum
2615 2029 2771 2087 nobis
2799 2036 2886 2086 est
2909 2042 3074 2099 quare
3100 2034 3316 2083 moneat
3342 2032 3527 2097 gentes
3553 2024 3739 2079 trctari
3770 2032 3824 2078 et

2229 2123 2524 2190 exsultare,
2565 2136 2688 2177 cum
2713 2119 2969 2191 judicium
2996 2119 3280 2175 Dominum
3315 2117 3456 2173 dicat
3481 2131 3603 2171 esse
3626 2114 3821 2171 factu-

2221 2215 2382 2274 rum?
2407 2214 2643 2271 Metuere
2664 2213 2806 2268 enim
2835 2220 3011 2282 potest
3038 2226 3130 2267 rea
3161 2210 3507 2275 conscientia,
3544 2222 3672 2262 cum
3706 2220 3820 2261 au-

2220 2309 2303 2367 dit
2329 2321 2577 2364 veracem
2613 2305 2896 2363 Dominum
2914 2305 3298 2377 iudicaturum.
3322 2302 3427 2361 Sed
3449 2303 3515 2358 de
3539 2301 3650 2357 illis
3670 2300 3821 2356 dicit

2219 2402 2310 2472 qui
2340 2400 2451 2470 jam
2482 2397 2715 2463 confessi
2740 2406 2961 2468 peccata
2984 2439 3002 2464 ,
3048 2396 3337 2453 formidare
3369 2403 3646 2466 nequeunt
3666 2406 3819 2448 ven-

2219 2503 2340 2552 tura
2358 2493 2581 2563 judicia.
2608 2490 2720 2548 illis
2748 2490 2892 2547 enim
2923 2505 3026 2549 non
3053 2490 3239 2562 judex,
3266 2489 3361 2547 sed
3399 2488 3697 2545 advocatus
3724 2496 3818 2544 est

2217 2586 2487 2656 Christus,
2518 2585 2613 2656 qui
2641 2599 2702 2641 se
2730 2584 2948 2655 propria
2989 2582 3332 2639 confessione
3352 2594 3357 2601 ί
3377 2580 3807 2637 damnaverunt.

2200 2670 2559 2752 Quapropter
2587 2680 2843 2736 exsultent
2870 2688 3043 2750 gentes
3071 2686 3127 2734 et
3151 2676 3434 2749 gaudeant,
3460 2689 3581 2746 qua:
3610 2662 3813 2729 ἰδοίαιῆ

2218 2774 2339 2846 ejus
2381 2775 2439 2830 in
2464 2772 2808 2829 confessione
2852 2770 3156 2841 praevenire
3177 2776 3508 2826 meruerunt.
3537 2765 3812 2836 Sequitur

2220 2879 2385 2927 causa
2440 2864 2641 2931 laetitia;
2690 2880 2704 2917 :
2754 2862 2877 2933 quia
2914 2859 3253 2917 misericordi
3285 2858 3456 2929 judici
3502 2856 3812 2927 probantur

2218 2971 2341 3014 esse
2369 2956 2599 3014 confessi
2626 2996 2641 3021 ,
2673 2954 2765 3026 qui
2789 2952 2938 3010 novit
2967 2952 3250 3008 humilium
3288 2949 3451 3007 corda
3481 2962 3709 3013 sanare,
3748 2954 3809 3006 et

2218 3050 2577 3123 superborum
2620 3049 2757 3105 colla
2800 3048 3099 3105 concidere.
3130 3046 3263 3103 Nam
3292 3052 3350 3102 ut
3394 3044 3544 3101 illam
3575 3043 3805 3101 confes-

2219 3142 2424 3199 sionem
2457 3156 2617 3212 quam
2649 3140 2885 3197 diximus
2909 3180 2924 3203 ,
2970 3138 3250 3196 debuisses
3290 3135 3603 3202 advertere,
3626 3135 3763 3192 dicit
3784 3177 3802 3203 ,

2219 3244 2267 3290 et
2311 3243 2482 3305 gentes
2511 3234 2566 3288 in
2598 3242 2737 3289 terra
2770 3231 2975 3303 dirigis,
2999 3231 3182 3300 utique
3224 3230 3277 3287 in
3304 3231 3408 3285 hoc
3444 3227 3680 3294 mundo,
3707 3226 3804 3283 ubi

530 3322 687 3381 bant.
720 3323 873 3380 Illum
901 3323 1045 3380 enim
1074 3322 1339 3380 humanus
1356 3324 1540 3380 videre
1561 3337 1666 3379 non
1697 3331 1875 3395 potest
1902 3338 2115 3391 sensus,
2148 3315 2195 3382 C
2223 3341 2316 3385 eas
2342 3327 2471 3385 lacis
2499 3326 2691 3383 delicta
2729 3325 2944 3396 propria
2978 3322 3259 3389 conﬁteri,
3302 3331 3361 3379 ut
3399 3320 3666 3378 diabolica
3695 3334 3805 3376 ne-

533 3420 645 3476 uisi
673 3418 766 3491 qui
799 3417 1101 3489 splendoris
1140 3419 1309 3490 ipsius
1350 3417 1511 3475 fuerit
1544 3417 1791 3473 claritate
1844 3417 2111 3487 perfusus.

536 3511 776 3584 Repetit,
797 3521 847 3567 et
871 3513 1169 3568 misereatur
1196 3513 1361 3569 nobis.
1389 3512 1701 3569 Necessaria
1725 3512 1957 3581 iteratio,
1984 3528 2116 3584 quo-

538 3603 684 3660 niam
709 3612 765 3660 et
788 3619 818 3659 a
845 3603 1218 3660 misericordia
1254 3605 1467 3661 Domini
1498 3605 1764 3676 proﬁcere
1793 3605 2080 3676 incipimus
2098 3647 2113 3674 ,

538 3694 668 3753 etin
697 3696 834 3752 bona
863 3709 982 3766 spe,
1015 3695 1133 3765 ipso
1159 3695 1437 3767 largiente,
1465 3709 1761 3753 servamur.
1790 3696 1918 3764 Quae
1949 3698 2115 3769 ﬁgura

540 3786 735 3844 dicitur
762 3787 1086 3859 epembasis,
1119 3787 1172 3843 id
1198 3799 1302 3855 est,
1330 3788 1584 3859 repetitio
1609 3790 1794 3846 crebra
1827 3790 2112 3847 sermonis.

566 3907 585 3947 χ
612 3878 766 3935 Vers.
795 3879 850 3933 2.
882 3877 951 3934 Ut
986 3894 1351 3951 cognoscamus
1398 3881 1454 3934 in
1504 3888 1643 3935 terra
1682 3882 1816 3935 uiam
1847 3891 1987 3936 tuam
2011 3923 2027 3949 ,
2058 3883 2113 3936 in

536 3972 771 4027 omnibus
789 3970 1021 4042 gentibus
1062 3972 1288 4027 salutare
1316 3981 1483 4027 tuum.
1520 3970 1812 4029 Evidenter
1847 3974 2116 4043 expressit

534 4066 680 4138 quod
706 4066 955 4133 superius
978 4065 1142 4137 dixit,
1173 4066 1434 4123 benedicat
1464 4084 1592 4135 nos;
1621 4077 1692 4135 et,
1722 4068 1974 4123 illuminet
2002 4067 2114 4123 vul-

539 4173 650 4216 tum
674 4178 821 4218 suum
840 4178 992 4235 super
1016 4179 1129 4219 nos.
1160 4162 1242 4219 Ad
1265 4164 1369 4221 hoc
1399 4167 1541 4221 enim
1567 4164 1669 4221 ista
1715 4166 2026 4236 proﬁciunt,
2057 4175 2113 4222 ut

537 4256 593 4311 in
621 4257 723 4311 hoc
749 4256 951 4311 mundo
979 4272 1345 4328 cognoscamus
1397 4260 1532 4313 viam
1580 4260 1725 4315 illam
1761 4261 2024 4325 veritatis,
2058 4260 2113 4318 id

534 4356 621 4404 est
653 4348 934 4404 Dominum
962 4348 1323 4421 Salvatorem,
1354 4354 1443 4423 qui
1471 4367 1570 4409 nos
1610 4354 1756 4411 ducit
1786 4355 1852 4411 ad
1899 4356 2060 4411 vitam
2094 4372 2107 4410 :

535 4440 590 4494 in
617 4454 720 4511 qua
750 4454 908 4496 nemo
926 4455 1110 4497 errare
1137 4444 1354 4514 poterit,
1388 4445 1490 4501 nisi
1519 4447 1609 4517 qni
1652 4447 1719 4503 ab
1763 4448 1879 4518 ejus
1910 4448 2111 4519 regulis

533 4530 750 4588 deviare
796 4533 1092 4602 praesumit.
1120 4533 1188 4589 Et
1231 4551 1299 4592 ne
1322 4552 1420 4593 nos
1463 4540 1692 4609 probare
1717 4541 1819 4595 hoc
1844 4543 2111 4611 exemplis

534 4624 653 4681 aliis
681 4639 962 4695 egeremus
985 4666 1001 4693 ,
1046 4628 1165 4696 quis
1193 4638 1336 4685 esset
1369 4634 1450 4685 via
1476 4674 1489 4697 ,
1523 4641 1915 4702 consequenter
1943 4650 2109 4702 expo-

2210 3428 2422 3491 Aqueaut
2449 3433 2637 3475 errore
2660 3418 2921 3477 subverti.
2961 3443 2974 3463 ο

2294 3522 2448 3577 Vera.
2472 3522 2525 3577 5.
2550 3519 2903 3589 Conﬁteantur
2927 3518 3015 3573 tibi
3039 3518 3237 3588 populi,
3264 3515 3432 3582 Deus;
3458 3513 3802 3586 conﬁtenda!

2218 3613 2308 3668 tibi
2335 3612 2515 3683 pepuli
2546 3625 2738 3666 omnes.
2777 3609 2934 3666 Venit
2960 3610 3025 3665 ad
3064 3610 3277 3665 tertiam
3306 3609 3693 3672 narrationem,
3742 3609 3801 3663 in

2216 3718 2322 3774 qua
2350 3715 2565 3759 versum
2593 3700 2814 3772 quidem
2842 3701 3090 3757 secunda:
3108 3700 3275 3771 partis
3296 3699 3528 3767 repetit,
3553 3697 3650 3754 sed
3676 3711 3801 3753 om-

2216 3794 2347 3850 nino
2367 3808 2478 3849 rem
2500 3792 2660 3849 aliam
2687 3793 2873 3848 subter
2893 3792 3110 3861 adjecit.
3132 3790 3188 3847 1n
3211 3789 3479 3861 superiori
3504 3787 3649 3847 enim
3676 3804 3799 3846 ver-

2214 3902 2281 3945 su
2310 3886 2489 3957 posuit
2518 3901 2536 3942 :
2573 3884 2831 3942 Lcetentur
2858 3894 2906 3941 et
2933 3885 3187 3940 exsultent
3209 3892 3381 3956 gentes
3404 3899 3423 3949 ;
3444 3897 3589 3939 nunc
3614 3891 3799 3939 autem

2216 3981 2348 4038 dicit
2377 3998 2390 4035 :
2420 3981 2583 4036 Terra
2612 3980 2753 4035 dedit
2784 3981 3007 4049 fructum
3033 3994 3217 4043 suum;
3266 3984 3328 4033 ut
3353 3977 3458 4033 etsi
3484 3990 3652 4032 unum
3692 3975 3799 4032 ini-

2214 4075 2349 4131 tium
2378 4080 2559 4140 sonet,
2589 4086 2698 4128 non
2731 4081 2906 4128 tamen
2933 4084 3129 4128 sensus
3165 4070 3281 4141 ipse
3308 4076 3530 4139 propter
3556 4081 3797 4138 sequen-

2216 4167 2288 4222 tia
2316 4166 2383 4222 ad
2431 4178 2624 4222 causas
2658 4163 2865 4221 similes
2910 4162 3133 4220 tendere
3171 4160 3436 4218 videatur.
3486 4159 3624 4216 istos
3665 4174 3797 4213 vero

2215 4257 2438 4330 populos
2460 4271 2597 4328 quos
2624 4255 2944 4326 frequenter
2970 4254 3192 4325 repetit,
3221 4251 3440 4323 quidam
3463 4265 3557 4307 eos
3590 4248 3795 4305 duode-

2213 4352 2321 4409 cim
2353 4351 2525 4408 tribus
2568 4349 2874 4419 intelligere
2900 4348 3203 4413 voluerunt,
3235 4360 3355 4418 quae
3381 4346 3436 4402 in
3464 4344 3559 4405 illo
3590 4341 3795 4411 iudicio

2213 4441 2667 4501 remunerationis
2691 4440 2917 4511 gratiam
2947 4446 3371 4509 consequentur.

2284 4542 2439 4600 Vere.
2471 4543 2524 4598 6.
2555 4541 2715 4597 Terra
2744 4542 2885 4597 dedit
2915 4542 3136 4604 fructum
3178 4547 3329 4586 suum
3357 4545 3377 4585 :
3406 4531 3674 4586 benedieat
3698 4548 3791 4586 nos

2214 4636 2375 4695 Deus,
2405 4636 2546 4686 Deus
2569 4637 2761 4684 noster.
2793 4625 2951 4682 Terra
2972 4626 3108 4681 dedit
3136 4627 3360 4697 fructum
3382 4641 3556 4693 suum,
3586 4627 3792 4683 scilicet

532 4720 661 4786 suit,
691 4721 744 4774 in
769 4720 1001 4775 omnibus
1025 4722 1257 4794 gentibus
1284 4725 1510 4779 salutare
1532 4734 1705 4789 tuum;
1736 4733 1795 4779 ut
1821 4739 1920 4779 nec
1951 4726 2108 4781 unius
2136 4704 2190 4766 Ῑ)
2212 4720 2588 4803 confessiones
2633 4717 2953 4789 populorum
2977 4760 2992 4785 ,
3023 4716 3167 4785 quod
3210 4718 3459 4787 superius
3499 4717 3792 4786 provenire

532 4814 637 4870 loci
662 4815 745 4869 via
776 4814 875 4871 ista
924 4815 1269 4883 crederetur,
1310 4825 1364 4871 et
1412 4817 1571 4886 quale
1606 4824 1752 4872 esset
1790 4816 2111 4872 beneﬁcium

531 4904 760 4973 mundi,
806 4905 1113 4963 testimonio
1154 4907 1389 4964 nominis
1430 4907 1514 4965 sui
1562 4908 1827 4977 potuisset
1869 4911 2106 4981 agnosci.

530 4997 683 5065 Quod
713 5014 909 5056 nomen
935 5000 1036 5072 ipsi
1061 4999 1278 5063 Christo
1308 5001 1537 5057 Domino
1558 5001 1842 5058 evidenter
1863 5010 2102 5072 aptatum

531 5100 635 5163 est,
668 5094 880 5165 quando
913 5094 1101 5153 beatus
1127 5095 1217 5152 ille
1247 5095 1471 5150 Simeon
1500 5108 1622 5149 eum
1652 5094 1704 5149 in
1736 5096 1983 5152 manibus
2013 5111 2102 5152 ac-

528 5184 736 5255 cipiens
764 5184 927 5242 dixit:
947 5185 1103 5251 Nunc
1133 5186 1331 5247 dimitte
1354 5201 1549 5241 seruum
1570 5194 1712 5249 tuum
1731 5185 1785 5242 in
1806 5204 1949 5258 pace,
1979 5189 2104 5258 quia

428 5350 437 5359 _
528 5276 762 5335 viderunt
788 5279 922 5335 oeuli
947 5279 1048 5334 mei
1091 5278 1318 5345 salutare
1356 5286 1501 5339 tuum
1525 5317 1540 5343 ,
1583 5279 1718 5349 quod
1747 5280 1939 5348 parasti
1985 5289 2103 5337 ante

526 5370 713 5440 [aciem
739 5371 966 5427 omnium
1012 5367 1320 5442 populorum
1352 5368 1504 5438 (Luc.
1537 5384 1595 5436 ll,
1623 5369 1740 5439 39),
1780 5379 1884 5427 etc.
1916 5369 2106 5427 Consi-

524 5460 654 5518 dera
681 5463 843 5521 etiam
872 5460 1015 5535 quod
1048 5461 1103 5519 in
1143 5461 1314 5531 primo
1340 5474 1499 5519 versu
1546 5460 1785 5531 loquitur
1837 5460 1904 5516 ad
1935 5474 2105 5530 popu-

520 5553 636 5625 lum
684 5555 928 5623 ﬁdelem,
974 5561 1030 5609 et
1071 5552 1251 5609 subito
1291 5553 1621 5611 convertitur
1673 5553 1740 5609 ad
1819 5552 2101 5610 Dominum

522 5643 818 5713 Christum,
852 5659 959 5699 non
994 5642 1187 5712 injuria
1210 5686 1225 5711 ,
1265 5643 1517 5712 quoniam
1567 5642 1667 5699 hoc
1709 5651 1793 5700 est
1844 5643 2104 5699 membris

520 5737 669 5809 loqui
699 5738 843 5811 quod
867 5735 1050 5807 capiti.
1094 5734 1219 5790 llaec
1256 5736 1423 5806 ﬁgura
1457 5736 1657 5793 dicitur
1686 5734 2100 5805 prosphonesis,

524 5825 578 5889 id
605 5834 689 5881 est
710 5828 1049 5891 exclamatio,
1076 5827 1284 5897 quoties
1332 5829 1471 5884 inter
1506 5829 1611 5883 alia
1640 5845 1761 5900 quae
1788 5828 2056 5901 loquimur
2081 5866 2102 5900 ,

521 5914 591 5972 ad
620 5915 904 5972 Dominum
932 5916 1107 5972 subito
1134 5917 1295 5973 verba
1322 5918 1705 5976 convertimus.

2213 4812 2516 4871 necessaria
2570 4811 2891 4880 repetitione
2954 4810 3291 4865 memoravit.
3340 4809 3547 4866 Revera
3600 4827 3784 4877 suum,

2211 4918 2368 4975 quem
2396 4903 2485 4973 pia
2514 4901 2724 4957 Domini
2768 4902 3011 4971 largitate
3035 4901 3305 4971 percepit,
3353 4915 3462 4955 non
3488 4917 3649 4970 quem
3679 4902 3789 4958 dia-

2208 4998 2332 5055 bolo
2360 4997 2660 5054 seminante
2687 4993 2983 5065 generavit.
3018 4993 3172 5048 Dedit
3196 4992 3359 5049 etiam
3384 5003 3521 5049 terra
3560 4995 3785 5064 fructum

2210 5106 2400 5156 suum,
2460 5087 2676 5160 quando
2718 5087 3000 5143 Dominum
3059 5086 3394 5142 Salvatorem
3446 5085 3785 5143 diversarum

2207 5183 2444 5255 gentium
2476 5182 2630 5236 turba
2656 5179 2916 5248 suscepit.
2949 5179 3041 5233 Illa
3084 5178 3225 5235 enim
3273 5191 3393 5248 quae
3418 5187 3540 5233 erat
3568 5186 3786 5248 peccato

2209 5277 2341 5333 Adae
2360 5275 2531 5345 spinis
2543 5274 2661 5347 [πω.
2681 5272 2725 5329 G
2739 5312 2777 5343 .,
2804 5280 3143 5344 peccatorum
3168 5268 3358 5343 spinis]
3370 5279 3426 5327 et
3446 5271 3663 5327 tribulis
3675 5271 3787 5341 ple-

2206 5380 2296 5432 na,
2328 5366 2547 5422 vitalem
2575 5365 2810 5422 fructum
2834 5364 3040 5430 intulit,
3062 5378 3183 5420 cum
3208 5364 3421 5419 Domini
3448 5362 3788 5432 jussionibas

2207 5459 2463 5517 obedivit.
2494 5459 2645 5514 Tunc
2671 5457 2813 5514 enim
2838 5457 3205 5528 apostolorum
3230 5454 3366 5511 ﬁdes
3389 5455 3444 5511 in
3485 5455 3665 5510 varias
3690 5454 3790 5508 lin-

2208 5566 2339 5623 gnas
2368 5560 2558 5608 sancto
2584 5550 2786 5620 Spiritu
2816 5549 3062 5618 replente
3085 5546 3364 5618 prorupit;
3394 5553 3522 5602 tunc
3561 5546 3789 5601 virtutes

2209 5644 2617 5702 inaestimabiles
2637 5647 2874 5699 mundus
2895 5643 3116 5713 agnovit
3137 5657 3153 5708 ;
3179 5649 3307 5697 tunc
3336 5653 3527 5696 revera
3553 5638 3783 5695 fructum

2208 5752 2364 5795 suum
2404 5745 2545 5793 terra
2586 5735 2829 5806 protulit,
2854 5734 3067 5805 quando
3091 5734 3275 5805 spinas
3295 5732 3495 5789 diaboli
3534 5724 3786 5782 tribulos-

2206 5843 2312 5901 que
2341 5828 2600 5886 deseruit.
2632 5829 2699 5882 Et
2723 5828 2847 5897 quia
2871 5826 3078 5883 fructus
3106 5824 3392 5895 provenire
3415 5817 3615 5889 potuit,
3638 5816 3783 5886 justo

2208 5919 2510 5977 benedictio
2559 5918 2896 5988 postulatur;
2946 5915 3074 5975 dicit
3127 5914 3271 5973 enim
3312 5909 3645 5968 :Beaedicat
3690 5920 3781 5962 nos
