4020 6348
201 406 302 473 itit

202 526 367 591 Deus,
396 519 539 591 Deus
567 526 761 583 uoster.
791 509 1011 589 Diiér'at
1044 517 1211 587 semel
1234 514 1406 582 Deus;
1433 515 1527 570 sed
1556 528 1630 589 pe
1655 527 1783 583 gen-
1812 518 1867 579 Α

202 619 378 679 tilium
406 614 665 672 Dominus
692 616 990 682 putaretur,
1030 608 1155 680 quia
1182 608 1284 678 ipsi
1315 606 1483 661 Deum
1511 620 1569 661 se
1596 605 1783 660 dicunt

203 714 418 779 colere,
443 706 687 781 quamvis
714 704 870 761 vanis
913 702 1185 759 erroribus
1228 700 1573 769 implicentur
1594 740 1607 763 ,
1638 698 1788 753 addi-

205 808 287 865 dit
316 816 518 872 tamen,
555 798 699 856 Deus
726 806 932 864 uoster;
960 805 1017 850 ut
1055 809 1242 859 revera
1273 794 1388 864 ipse
1430 791 1579 847 solus
1608 790 1790 849 colen-

1120 374 1483 459 Exrosurto'
1511 398 1575 461 IN.
1616 395 2060 459 psamumun.
2106 394 2293 469 usas.
2335 388 2539 450 van.

3357 381 3461 453 ιρι

2469 505 2660 560 Divisio
2688 504 2893 575 psatmt.

1961 618 2312 675 Providentiae
2352 618 2539 690 spiritu
2572 618 2833 694 propheta
2871 616 3192 697 completus,
3221 632 3340 695 quas
3367 617 3466 672 ini-

1889 713 2044 785 micis
2071 712 2284 768 Domini
2325 713 2600 777 accidant,
2646 712 2726 766 vel
2765 726 2881 781 qua:
2912 711 3155 767 ﬁdelibus
3193 712 3246 783 in
3294 712 3466 769 l'utura

1890 805 2220 875 judicatioue
2250 804 2577 874 contingant,
2616 820 2709 874 per
2736 804 3027 871 Optativum
3052 806 3266 877 modum
3295 805 3468 875 primo

206 900 311 957 dus
338 897 478 969 Deus
522 892 812 960 credatur,
860 904 1018 959 quem
1061 894 1245 944 sancta
1272 885 1534 942 οδῐὶιοηεδ
1563 884 1695 940 com
1739 889 1791 937 εί
1894 896 2135 968 ingressu
2169 899 2354 971 psalmi
2377 898 2534 969 hujus
2565 898 2944 955 convenienter
2980 898 3159 975 edicit,
3186 906 3242 953 ιιι
3267 908 3319 953 et
3352 913 3471 967 per-

209 988 505 1053 conﬁtetur
532 985 775 1041 Ecclesia
796 1025 814 1053 ,
851 982 955 1043 hoc
981 990 1099 1051 est,
1129 980 1340 1037 Patrem
1359 1021 1373 1048 ,
1402 987 1456 1035 et
1486 977 1710 1043 Filium,
1741 983 1795 1031 et

210 1084 475 1155 Spiritum
503 1090 771 1138 sanctum.

218 1167 231 1176 ’
286 1176 443 1235 Vers.
476 1176 529 1229 7.
557 1173 834 1229 Benedicat
871 1186 963 1231 nos
990 1168 1166 1241 Deus,
1195 1178 1242 1225 et
1292 1176 1520 1235 metuant
1552 1182 1663 1233 eum
1692 1182 1798 1221 om-

1903 990 2041 1045 ﬁdos
2067 991 2135 1046 de
2167 1006 2319 1061 poena
2354 1000 2572 1056 terreat,
2619 1000 2671 1046 et
2703 989 2929 1044 tatuulos
2962 990 3169 1046 Domini
3210 990 3471 1071 promissa

1898 1086 2338 1140 remuneratione
2374 1083 2626 1141 lmtiﬁcct.
2673 1083 2919 1139 Secundo
2965 1085 3204 1155 ingressu
3248 1085 3473 1165 virtutes

1898 1176 2162 1248 signiﬁcat
2186 1190 2317 1246 quas
2344 1176 2569 1231 contulit
2598 1176 2792 1245 populo
2814 1173 3156 1238 Judznorum;
3187 1188 3249 1225 ac
3273 1173 3466 1253 deinde

212 1288 308 1333 nes
336 1270 463 1340 ﬁnes
491 1278 660 1325 terror.
706 1267 953 1335 Geminat
974 1306 989 1333 ,
1033 1264 1313 1320 Benedicat
1343 1281 1455 1332 nos,
1483 1263 1626 1335 quod
1654 1274 1797 1332 saepe
1900 1266 2031 1322 dicit
2056 1268 2502 1341 quemadmodum
2532 1285 2597 1325 ex
2632 1269 2711 1325 his
2746 1269 2966 1339 perfecit
2990 1269 3307 1349 Ecclesium.
3339 1269 3469 1351 Ter-

216 1361 573 1433 repetendum
603 1370 705 1427 est,
730 1367 784 1414 et
811 1359 926 1415 sine
952 1357 1059 1427 ﬁne
1079 1366 1289 1417 constat
1313 1358 1603 1427 optandum
1630 1374 1644 1411 :
1676 1355 1802 1427 quia

218 1471 438 1529 semper
482 1453 884 1521 necessarium,
918 1466 1134 1521 semper
1180 1451 1439 1539 probatur
1466 1464 1588 1507 esse
1632 1448 1801 1520 proﬁ-

218 1565 406 1609 cuum.
432 1550 561 1618 Quae
583 1548 753 1620 ﬁgura
784 1547 981 1603 dicitur
1009 1545 1294 1616 tautologia
1318 1586 1332 1613 ,
1369 1544 1422 1599 id
1461 1551 1543 1602 est
1564 1542 1802 1614 ejusdem

220 1642 495 1701 sermonis
524 1640 759 1709 iteratio.
796 1640 1103 1697 lntueamur
1144 1638 1305 1694 etiam
1348 1636 1804 1706 quemadmodum

225 1735 392 1795 timor
434 1735 523 1791 Dei
564 1734 704 1791 inter
752 1735 914 1805 219
958 1747 1149 1804 magna
1193 1746 1417 1787 munera
1465 1729 1801 1800 postuletur,

212 1825 441 1897 quando
480 1836 598 1895 post
617 1824 1038 1891 benedictionem
1063 1825 1280 1894 petitam
1326 1833 1501 1879 metus
1529 1823 1648 1891 ejus
1677 1836 1810 1877 con-

1905 1362 1978 1417 tio
2007 1377 2101 1432 per
2131 1363 2327 1418 montis
2356 1364 2588 1434 speciem
2624 1364 2885 1433 signiﬁcat
2914 1363 3196 1419 Dominum
3229 1362 3475 1419 Salvato-

1905 1467 2042 1521 rem,
2077 1468 2324 1509 asserens
2377 1470 2495 1523 quas
2541 1454 2793 1510 beneﬁcia
2843 1455 3149 1524 praestiterit
3199 1453 3475 1529 Ecclesiae,

1907 1546 2120 1617 quando
2151 1562 2268 1602 eam
2300 1548 2707 1602 resurrectionis
2762 1562 2870 1602 sua:
2901 1564 3123 1607 munere
3162 1548 3480 1604 sublevavit.

1909 1635 2116 1706 Quarto
2154 1637 2490 1693 inimicorum
2532 1638 2742 1694 Domini
2774 1639 3075 1710 superbiam
3124 1653 3485 1709 conquassan-

1910 1730 2031 1787 dam
2061 1746 2180 1787 esse
2208 1733 2533 1801 pronuntiat,
2564 1742 2615 1787 et
2644 1734 3023 1789 conversiones
3050 1739 3105 1788 et
3136 1731 3390 1801 martyria
3419 1733 3488 1795 ab

1914 1834 2139 1895 utroque
2168 1839 2296 1879 sexu
2328 1810 2584 1881 etiam‘ex
2614 1825 2860 1895 pessimis
2890 1825 3019 1880 dicit
3051 1840 3169 1879 esse
3200 1824 3442 1881 facienda
3468 1866 3486 1893 ,

224 1918 345 1995 cedi
393 1928 543 1979 terrte
588 1918 775 1988 ﬁnibus
818 1925 1096 1975 exoratur.
1131 1916 1227 1971 Est
1273 1914 1415 1973 enim
1472 1916 1609 1987 inter
1639 1915 1805 1984 prima
1840 1917 2028 1995 Bcum
2081 1916 2338 1971 adventus
2388 1917 2596 1972 Domini
2660 1918 2859 1972 mundo
2913 1919 3159 1973 salutaris
3218 1917 3478 1973 illuxerit.

229 2012 325 2070 Dei
354 2028 611 2079 munera,
663 2013 912 2082 quoniam
942 2012 1031 2081 qui
1070 2011 1217 2066 illum
1258 2010 1446 2065 timere
1490 2018 1721 2074 norunt,
1756 2016 1813 2065 et

226 2119 409 2165 amare
431 2120 538 2177 non
568 2106 842 2163 desinunt.
866 2105 957 2161 Sic
978 2104 1122 2163 enim
1153 2112 1205 2159 et
1232 2103 1483 2159 Salomon
1507 2103 1636 2163 dicit
1661 2120 1673 2155 :
1704 2101 1812 2157 lni-

229 2198 357 2253 tium
383 2197 646 2267 sapientia:
684 2198 835 2253 timor
864 2196 1071 2257 Domini
1099 2194 1286 2267 (Eccli.
1325 2211 1364 2262 1,
1400 2197 1513 2267 16),
1542 2204 1597 2251 et
1625 2195 1678 2257 in
1707 2195 1811 2250 alio

232 2293 439 2362 psalmo
462 2310 475 2346 :
504 2291 700 2349 Timent
716 2291 994 2355 Dominum
1018 2290 1181 2349 omnis
1196 2298 1333 2344 terra
1351 2288 1524 2361 (Psat.
1541 2305 1705 2350 χχιιι,
1732 2288 1809 2360 8).

231 2380 343 2437 Sed
372 2382 527 2445 timor
556 2384 659 2439 iste
696 2396 803 2441 non
849 2397 915 2437 ex
952 2381 1180 2439 humana
1212 2380 1568 2450 trepidatione
1597 2380 1811 2435 contin-

228 2475 327 2547 git,
356 2475 447 2531 sed
469 2476 650 2533 divina
678 2475 1028 2547 inspiratione
1057 2483 1360 2545 praestatur.
1394 2473 1548 2531 Hunc
1586 2487 1716 2543 ergo
1746 2472 1805 2527 ti-

229 2583 437 2629 morem
469 2579 615 2628 terrte
640 2570 827 2640 ﬁnibus
866 2570 1125 2641 propheta
1151 2570 1446 2627 miseratus
1477 2572 1715 2640 optavit,
1752 2578 1812 2624 ut

231 2670 294 2720 et
311 2664 533 2737 credere
569 2665 902 2736 inciperent,
948 2675 1004 2722 et
1030 2665 1234 2723 credita
1258 2674 1415 2723 cauta
1458 2664 1815 2722 sollicitudine

230 2754 599 2813 custodirent.

765 2871 1039 2930 Conclusio
1074 2875 1279 2947 psalmi.

308 2983 478 3052 Quam
510 2983 794 3043 latissimos
833 2987 957 3045 ﬁdei
994 3003 1215 3060 campos
1249 2990 1349 3047 sub
1388 2989 1651 3048 brevitate
1688 3005 1816 3047 sua-

231 3078 459 3133 vissima
478 3079 715 3150 psalmus
736 3080 837 3138 iste
858 3082 1167 3152 complexus
1188 3085 1301 3139 est!
1327 3084 1654 3156 Supplicavit
1674 3087 1818 3141 enim

237 3171 468 3228 Domino
510 3172 767 3242 Christo,
812 3183 872 3231 ut
915 3175 1151 3232 adventu
1198 3191 1294 3233 suo
1347 3162 1664 3235 benedicere
1720 3194 1819 3235 nos

235 3260 386 3333 larga
414 3265 611 3334 pietate
631 3266 915 3337 dignetur:
944 3279 1208 3338 quatenus
1237 3269 1382 3326 salus
1412 3271 1595 3327 mundi
1630 3287 1819 3342 exspe-

236 3365 380 3413 ctata
435 3360 680 3429 gentibus
712 3361 1036 3429 innotescat,
1089 3370 1145 3418 et
1171 3362 1399 3419 fructum
1442 3365 1823 3422 misericordias

239 3448 414 3520 ipsius
445 3451 514 3509 de
562 3453 871 3524 plenissima
916 3456 1180 3529 religione
1222 3458 1539 3531 percipiant.
1572 3459 1654 3515 Sit
1699 3474 1825 3532 ergo

240 3542 400 3598 nobis
441 3553 495 3601 et
547 3544 810 3603 brevitate
861 3547 1237 3618 dulcissimus,
1277 3558 1331 3606 et
1378 3550 1673 3622 prophetiae
1715 3568 1827 3608 sua:

242 3632 505 3703 dignitate
533 3639 854 3707 praeclarus,
896 3641 1109 3711 quando
1157 3641 1287 3698 illud
1331 3650 1456 3699 ante
1512 3652 1590 3699 tot
1632 3645 1827 3701 saecula

242 3728 545 3798 praedixit,
599 3734 737 3801 quod
789 3734 901 3804 jam
951 3735 1256 3792 salutariter
1310 3738 1541 3793 mundus
1588 3739 1821 3811 agnovit.

244 3817 468 3887 Praesta,
504 3821 615 3879 Bex
645 3832 868 3894 aiterne,
896 3836 956 3882 ut
990 3827 1127 3883 sicut
1148 3838 1199 3884 te
1229 3829 1283 3883 in
1319 3828 1619 3889 humilitate
1649 3832 1829 3889 carnis

244 3914 467 3970 venisse
491 3916 859 3987 cognovimus,
893 3919 966 3974 ita
997 3930 1050 3976 et
1080 3920 1131 3975 in
1162 3922 1378 3977 deitatis
1426 3924 1665 3993 potentia
1699 3939 1831 3982 con-

243 4017 463 4061 cessum
488 4005 645 4063 nobis
675 4007 994 4068 clementem
1021 4010 1257 4083 judicem
1288 4014 1603 4073 sentiamus.

497 4119 856 4180 EXPOSITIO
893 4125 961 4181 IN
998 4126 1326 4185 PSALMUM
1371 4128 1580 4187 LXVII.

556 4210 626 4267 In
653 4213 829 4283 finem,
862 4217 1090 4287 psalmus
1117 4220 1303 4274 cantici
1323 4218 1516 4275 Dauid.

320 4322 444 4379 Vim
478 4324 709 4380 nominis
736 4326 888 4384 istius
915 4328 1039 4405 hinc
1066 4330 1325 4389 debemus
1371 4333 1674 4406 advertere,
1707 4337 1833 4406 quia

246 4409 375 4465 dum
399 4409 522 4480 ﬁnis
548 4416 775 4487 dicatur,
804 4419 857 4474 in
886 4420 1039 4477 initio
1068 4436 1285 4495 semper
1318 4428 1641 4497 apponitur;
1669 4430 1835 4501 signi-

248 4504 376 4559 ﬁcat
404 4504 549 4560 enim
577 4520 757 4561 rerum
787 4521 945 4578 caput
975 4523 1029 4571 et
1055 4519 1312 4585 teternalc
1341 4522 1684 4593 principium,
1726 4526 1834 4582 sic-

248 4605 307 4652 ut
354 4598 473 4667 ipse
529 4597 582 4653 in
622 4597 909 4671 Evangelio
957 4602 1082 4659 dicit
1115 4622 1130 4659 :
1163 4603 1275 4678 Ego
1321 4626 1435 4665 sum
1484 4617 1832 4687 principium,

1915 2008 2106 2076 Quinto
2137 2007 2263 2063 dicit
2294 2010 2344 2063 in
2391 2008 2633 2064 ecclesiis
2662 2009 2947 2064 Dominum
2977 2008 3175 2065 debere
3205 2009 3487 2077 benedici,

1914 2102 1999 2157 ubi
2030 2103 2278 2172 apostoli,
2312 2112 2368 2158 et
2400 2102 2643 2157 Christus
2672 2101 2784 2172 ipse
2815 2102 3118 2183 prtedicavit
3151 2102 3490 2183 :supplicans

1917 2184 1974 2253 ut
2005 2198 2142 2253 dona
2174 2214 2292 2271 quae
2327 2198 2475 2253 dedit
2506 2197 2752 2254 ﬁdelibus
2794 2199 2924 2265 suis,
2957 2180 3281 2253 censervare
3306 2180 3492 2266 digne?

1916 2300 2022 2347 tur.
2058 2292 2236 2348 Monet
2262 2292 2422 2347 etiam
2454 2302 2510 2347 ut
2554 2292 2808 2347 velociter
2852 2291 2917 2345 ad
2948 2292 3229 2365 Dominum
3274 2289 3493 2345 veniant

1914 2386 2001 2456 qui
2032 2385 2083 2439 in
2109 2384 2210 2441 hoc
2238 2385 2437 2440 mundo
2472 2395 2719 2456 tanquam
2773 2386 2824 2440 in
2860 2382 3094 2457 Egypto
3132 2392 3186 2438 et
3213 2381 3492 2457 Ethiopia

1913 2488 2330 2535 commorantur.
2377 2478 2540 2535 Sesto
2564 2478 2805 2549 ingressu
2852 2476 3254 2532 universitatem
3303 2483 3485 2530 monet

1915 2581 1973 2627 ut
2002 2572 2191 2642 psallat
2235 2572 2458 2627 Domino
2507 2572 2719 2628 Christo
2745 2614 2759 2639 ,
2809 2571 2898 2642 qui
2932 2569 3042 2642 jam
3086 2567 3494 2626 resurrectionis

1914 2678 2026 2722 suae
2054 2665 2307 2721 miracula
2341 2666 2622 2736 patefecit;
2647 2678 2712 2720 ac
2737 2664 2931 2722 deinde
2960 2664 3222 2735 psalmum
3257 2661 3488 2718 domini—

1918 2772 1981 2815 ca
2022 2758 2178 2814 laude
2207 2757 2487 2814 conclusit.

2452 2897 2720 2971 Expositio
2763 2898 2965 2969 psalmi.

1991 3042 2142 3100 Vers.
2177 3043 2230 3099 1.
2260 3040 2519 3113 Exsurgot
2547 3040 2708 3109 Deus,
2735 3050 2781 3097 et
2807 3041 3116 3113 dissipentur
3128 3039 3321 3095 inimici
3350 3041 3494 3114 ejus;

1920 3144 1965 3192 et
1992 3136 2191 3208 fugiant
2218 3151 2250 3188 a
2288 3135 2421 3206 facie
2465 3136 2579 3206 ejus
2620 3134 2709 3203 qui
2737 3134 2954 3189 oderunt
2996 3150 3129 3190 eum.
3153 3133 3498 3193 Conﬁdenter

1922 3229 2181 3302 propheta
2210 3230 2417 3285 videtur
2443 3238 2630 3298 optare
2658 3230 2800 3300 quod
2842 3229 2988 3286 novit
3031 3244 3154 3286 esse
3185 3239 3481 3287 venturum.

1848 3304 1894 3367 (ἶ
1926 3324 2065 3380 Petit
2093 3324 2236 3380 enim
2267 3324 2715 3380 resurrectionem
2745 3323 2940 3378 Christi
2967 3362 2984 3390 ,
3016 3323 3069 3385 in
3114 3336 3221 3393 qua
3269 3322 3492 3393 dissipa-

1924 3427 2100 3472 rentur
2121 3416 2354 3482 adversi,
2378 3416 2585 3473 scilicet
2610 3415 2799 3478 Judzei,
2828 3415 2920 3487 qui
2950 3414 3354 3471 resurrectionis
3380 3414 3497 3484 ejus

1927 3510 2159 3567 videndo
2181 3510 2494 3580 potentiam,
2515 3509 2730 3566 sceleris
2753 3510 2836 3565 sui
2865 3508 3101 3565 facinora
3123 3507 3495 3565 formidabant.

1929 3602 2074 3660 Ultio
2103 3603 2299 3674 quippe
2338 3616 2527 3658 eorum
2570 3616 2676 3658 uno
2716 3600 2881 3658 verbo
2913 3599 3184 3670 descripta
3228 3608 3334 3658 est.
3382 3601 3501 3657 Non

1927 3693 2071 3749 enim
2104 3694 2157 3747 in
2186 3708 2343 3748 unam
2369 3704 2579 3764 gentem
2606 3693 2834 3763 populus
2866 3692 2977 3764 ipse
3004 3692 3260 3750 collectus
3278 3702 3380 3761 est,
3409 3692 3503 3752 sed

1928 3800 2023 3856 per
2052 3785 2236 3841 orbem
2277 3795 2540 3841 terrarum
2573 3784 2740 3841 etl‘usa
2784 3784 3353 3855 charitate‘ldispersus
3397 3796 3500 3843 est.

1930 3877 2180 3948 Sequitur
2229 3877 2617 3933 inaestimabilis
2652 3891 2808 3947 ptena
2857 3876 3157 3935 maledicti:
3202 3888 3258 3933 ut
3301 3879 3365 3943 ab
3390 3882 3505 3950 ejus

1929 3972 2061 4042 facie
2088 3973 2288 4043 fugiant
2312 3972 2466 4043 cujus
2490 3971 2688 4042 ubique
2727 3980 2939 4027 constat
2980 3986 3104 4028 esse
3143 3975 3505 4042 praesentiam.

1931 4065 2098 4133 Quale
2123 4077 2203 4120 est
2228 4066 2371 4121 enim
2399 4080 2612 4135 semper
2633 4063 2836 4136 fugere,
2861 4074 2915 4121 et
2938 4063 3128 4129 infensi
3144 4066 3341 4138 judicis
3367 4047 3505 4139 prte-

1931 4157 2157 4213 sentiam
2191 4171 2297 4211 non
2324 4156 2524 4212 vitare?
2553 4156 2789 4221 Addidit,
2820 4157 2904 4228 q'ui
2924 4158 3138 4213 oderunt
3163 4174 3297 4227 eum,
3329 4167 3385 4216 ut
3409 4175 3502 4219 eos

1933 4245 2258 4317 signiﬁcaret
2285 4248 2374 4317 qui
2403 4246 2458 4302 in
2479 4261 2572 4303 sua
2596 4247 2884 4318 pertinacia
2903 4249 3277 4307 constiterunt.
3309 4252 3501 4310 Odium

1933 4337 2074 4393 enim
2126 4336 2229 4392 illis
2277 4339 2437 4393 rebus
2482 4336 2739 4394 debemus
2773 4339 2964 4409 quibus
3021 4356 3122 4399 nos
3166 4344 3508 4414 acquiescere

1936 4430 2240 4486 nullatenus
2272 4445 2429 4500 posse
2457 4432 2791 4501 prolitemur.

2010 4520 2162 4577 Vers.
2196 4522 2251 4575 2.
2283 4521 2430 4578 Sicut
2460 4522 2631 4599 deﬁcit
2662 4525 2835 4595 {uinus
2864 4526 3127 4595 deﬁciant.

2011 4613 2163 4669 Vers.
2194 4614 2247 4669 5.
2285 4614 2434 4671 Sicut
2468 4616 2585 4688 ﬂuit
2620 4631 2737 4671 cera
2761 4633 2793 4669 a
2832 4618 2965 4687 facie
3006 4620 3159 4689 ignis,
3191 4620 3265 4676 sic
3309 4633 3513 4691 pereant

249 4701 463 4762 propter
490 4693 627 4762 quod
647 4700 692 4748 et
721 4694 899 4765 loquor
925 4697 1064 4754 vobis
1087 4695 1268 4773 (Joan.
1295 4718 1411 4771 vnt,
1440 4704 1556 4776 26).
1586 4708 1836 4778 Sequitur
1866 4698 1914 4758 D
1939 4716 2228 4775 peccatores
2266 4722 2298 4758 a
2326 4706 2455 4779 facie
2482 4707 2600 4762 Dei.
2646 4708 2701 4762 In
2732 4708 2848 4764 istis
2877 4707 3084 4764 duobus
3129 4712 3369 4768 versibus
3413 4698 3513 4770 sub

247 4785 484 4863 psalmus
513 4786 719 4853 cantici,
749 4788 839 4860 qui
870 4789 1100 4847 humana
1130 4801 1335 4851 tantum
1359 4796 1518 4868 solet,
1547 4807 1605 4855 ut
1630 4800 1831 4858 dictum

248 4888 355 4945 est,
388 4893 522 4936 voce
548 4881 773 4937 cantari.
812 4880 979 4936 Dauid
1006 4893 1181 4942 autem
1212 4888 1391 4956 ipsum"
1423 4890 1709 4949 Dominum
1735 4895 1835 4953 de-

249 4971 449 5049 signat,
481 4987 636 5047 quem
659 4981 713 5030 et
739 4975 856 5046 ﬁnis
873 4975 962 5032 ille
985 4979 1313 5047 pronuntiat.
1337 4981 1549 5055 Longus
1577 4986 1832 5056 psalmus,

248 5073 301 5121 ct
325 5063 395 5121 ad
428 5062 699 5121 fastidium
730 5066 1074 5125 relevandum
1118 5071 1356 5142 quinque
1396 5073 1839 5146 diapsalmatibus

247 5163 607 5224 praenotatus,
636 5171 731 5225 per
755 5171 873 5226 qua:
901 5171 999 5215 nos
1023 5157 1315 5231 divisiones
1344 5175 1711 5236 competenter
1734 5167 1836 5225 im-

246 5246 574 5325 pressimus.
604 5245 735 5302 Nam
763 5246 893 5302 licet
920 5247 1017 5306 has
1060 5249 1112 5304 in
1144 5250 1266 5305 aliis
1290 5254 1509 5323 psalmis
1531 5297 1547 5323 ,
1582 5267 1835 5330 quantum

245 5338 455 5419 aspirat
502 5339 789 5409 Dominus,
843 5342 1079 5398 humana
1122 5353 1487 5413 perscrutetur
1534 5348 1832 5421 industria,

247 5428 369 5513 isne
398 5440 580 5488 tamen
612 5431 906 5491 incisiones
934 5435 1179 5493 absolute
1209 5440 1497 5509 sequenda:
1526 5454 1670 5511 sunt,
1700 5461 1834 5516 quas

247 5537 345 5597 per
371 5525 725 5596 diapsalmata
776 5527 957 5585 divina
1007 5528 1136 5586 fecit
1187 5533 1501 5591 auctoritas.
1542 5536 1831 5595 Sciendum

249 5628 329 5669 est
375 5630 556 5691 autem
601 5628 714 5676 toto
757 5620 964 5693 psalmo
1021 5638 1119 5692 per
1164 5626 1415 5697 mysticus
1459 5630 1836 5691 similitudines

249 5706 710 5783 psalmigraphum
742 5714 928 5786 loqui,
979 5714 1068 5786 qui
1116 5721 1470 5778 sacramentis
1515 5726 1835 5795 evangelicis

250 5803 477 5887 omnino
508 5806 744 5887 repletus
786 5818 889 5875 est,
925 5819 981 5865 et
1018 5812 1351 5893 ascensionis
1390 5815 1589 5875 Christi
1627 5818 1827 5877 descri-

240 5898 436 5983 ptione
464 5900 658 5985 devota
681 5913 1006 5961 monstratur
1036 5921 1152 5969 esse
1181 5910 1502 5981 prtecipuus.

1940 4800 2339 4868 comparatione
2367 4802 2576 4872 gemina
2606 4810 2947 4871 peccatorum
2989 4818 3147 4876 paena
3186 4806 3509 4875 praedicitur.

1940 4890 2141 4948 Fumus
2173 4903 2254 4948 est
2281 4895 2423 4963 enim
2456 4910 2521 4951 ex
2552 4896 2762 4951 ﬂamma
2792 4897 2890 4952 ista
2920 4898 3247 4968 corruptibili
3288 4915 3513 4975 surgens

1942 4984 2223 5041 tenebrosa
2250 4985 2609 5058 conglobatio,
2628 5003 2766 5059 quae,
2789 4998 3042 5061 quantum
3074 4989 3191 5061 plus
3216 4993 3512 5062 extollitur,

1949 5083 2153 5132 tantum
2197 5091 2293 5147 per
2339 5078 2498 5133 inane
2530 5088 2792 5135 tenuatur.
2826 5079 2959 5139 Huic
2991 5090 3298 5150 peccatores
3324 5086 3519 5143 merito

1947 5178 2325 5242 comparantur
2342 5212 2357 5237 ,
2381 5172 2630 5240 quoniam
2653 5187 2719 5227 ex
2743 5173 2955 5249 ﬂamma
2985 5176 3233 5246 nequitiae
3261 5193 3372 5234 sua:
3399 5194 3521 5250 pro-

1945 5260 2149 5318 ducunt
2173 5264 2445 5321 turnil‘eras
2469 5266 2728 5331 actiones,
2760 5282 2880 5339 qua:
2916 5268 3041 5327 licet
3080 5271 3149 5328 ad
3185 5272 3399 5343 altiora,
3433 5288 3522 5329 su-

1944 5357 2128 5428 perbia
2157 5356 2411 5428 faciente,
2445 5369 2792 5430 consurgant,
2823 5376 3045 5421 necesse
3071 5373 3157 5421 est
3189 5374 3249 5420 ut
3284 5380 3383 5423 sua
3409 5382 3523 5427 ma-

1943 5449 2047 5520 gis,
2076 5450 2223 5505 velut
2253 5450 2447 5517 fumus,
2476 5450 2716 5507 elatione
2738 5452 3005 5510 deﬁciant.
3037 5455 3288 5527 Sequitur
3323 5474 3515 5517 eorum

1942 5542 2044 5599 alia
2072 5546 2422 5614 comparatio.
2443 5545 2571 5600 Cera
2590 5552 2673 5601 est
2694 5562 2761 5602 ex
2793 5549 2924 5603 lavis
2943 5551 3165 5607 collecta
3185 5561 3364 5609 tenera
3389 5556 3525 5610 mol-

1938 5637 2113 5708 lisque
2136 5639 2450 5704 substantia,
2484 5656 2602 5711 quae
2631 5642 2708 5711 sic
2737 5643 2874 5713 ignis
2904 5644 3083 5701 calore
3126 5646 3434 5714 resolvitur,
3464 5658 3525 5704 ut

1944 5728 2061 5801 ejus
2084 5732 2415 5800 corpulentia
2444 5734 2655 5803 penitus
2676 5734 3005 5793 absumatur.
3033 5737 3201 5808 Hujus
3222 5738 3521 5794 similitudo

1945 5826 2379 5898 delinquentibus
2406 5842 2776 5900 competenter
2793 5842 3039 5903 aptatur,
3068 5836 3321 5904 quoniam
3352 5832 3405 5888 in
3436 5832 3520 5901 jn-

1946 5915 2086 5972 dicio
2118 5914 2211 5972 Dei
2262 5938 2293 5974 a
2339 5925 2469 5990 facie
2512 5924 2682 5994 ipsius
2726 5926 2805 5984 sic
2853 5926 3162 5998 ᾱὶερειριιηι
3205 5939 3512 5997 peccatores,
