4020 6348
568 452 676 516 4(ἰὸ

1797 451 1868 512 u.
1911 449 2189 512 AURELII
2224 399 2623 508 CASSIDDORI

2923 428 2937 470 θ
3735 439 3852 500 sos

567 573 1019 649 quemadmodum
1043 587 1180 630 certe
1201 571 1590 645 deliquatitudo
1607 571 1858 643 proximo
1878 571 2000 642 igne
2021 585 2150 625 con-

2329 563 2570 620 Vers..ﬁ.
2605 559 2967 616 Turbabuntur
3006 576 3038 615 a
3067 559 3198 631 facie
3226 561 3338 632 ejus
3373 557 3551 617 Patris
3575 561 3852 630 orphan-

566 669 816 727 sumitur.
844 667 912 722 Et
939 667 1144 723 intuere
1169 665 1312 737 quod
1343 666 1432 722 hic
1462 673 1770 736 peccatores
1818 664 1873 719 in
1905 662 2158 718 substan-

489 797 496 804 -
567 761 645 818 tia
669 776 764 817 sua
793 774 900 815 non
938 761 1066 816 dicit
1109 775 1270 830 posse
1297 759 1582 824 consumi,
1623 759 1714 829 qui
1743 767 2003 828 perpetuo
2031 755 2166 826 igne

567 856 860 927 torqueudi
890 864 1043 921 sunt;
1073 855 1169 911 sed
1199 853 1331 910 dicit
1357 868 1450 910 eos
1493 871 1526 907 α
1553 855 1686 926 facie
1707 851 1806 907 Dei
1832 867 1939 906 esse
1963 851 2156 922 peritu-

565 965 655 1006 ros
679 990 695 1018 ,
726 949 850 1018 quia
881 962 1155 1016 nunquam
1203 947 1270 1002 ad
1319 948 1546 1018 gratiam
1594 946 1760 1018 ipsius
1792 943 2156 1015 beneﬁciaque

480 1051 493 1073 ⁶
566 1041 786 1098 venturi
810 1050 952 1106 sunt,
979 1045 1117 1097 sicut
1162 1040 1376 1110 quidam
1405 1041 1704 1096 errantium
1748 1039 1934 1096 dicere
1980 1045 2155 1094 tenta-

563 1143 787 1192 verunt.
817 1134 885 1190 Et
913 1143 1039 1190 nota
1068 1134 1210 1205 quod
1238 1135 1291 1189 in
1315 1135 1398 1190 his
1427 1135 1674 1191 versibus
1697 1134 1864 1204 ﬁgura
1892 1139 1976 1189 est
2001 1145 2166 1203 para-.

565 1227 715 1296 bole,
747 1229 799 1284 id
831 1237 914 1284 cst
963 1243 1144 1283 rerum
1177 1227 1516 1284 dissimilium
1567 1228 1930 1297 comparatio;
1961 1237 2155 1295 pecca-

565 1324 772 1380 toribus
807 1324 954 1381 enim
997 1304 1174 1379 fumus
1230 1332 1286 1380 et
1323 1339 1444 1380 cera
1487 1334 1796 1394 comparata
1835 1331 2152 1379 noscuntur.

637 1413 794 1470 Vers.
824 1415 880 1470 4.
908 1414 978 1468 Et
996 1416 1133 1488 justi
1160 1417 1454 1486 epulentur,
1493 1425 1542 1470 et
1577 1415 1834 1471 exsultent
1863 1416 1918 1469 in
1952 1431 2156 1487 conspe-

570 1514 658 1559 ctu
675 1503 766 1559 Dei
779 1504 1129 1572 ;delectentur
1153 1507 1208 1560 in
1231 1508 1434 1562 laztitia.
1457 1506 1605 1563 Sicut
1630 1508 1878 1578 superius
1905 1508 2045 1563 dicta
2075 1513 2157 1562 est

566 1612 734 1668 poena
777 1608 1146 1669 peccatorum,
1201 1601 1273 1656 ita
1315 1617 1456 1658 nunc
1479 1602 1746 1672 justorum
1795 1600 2157 1658 remuneratio

565 1701 793 1748 ventura
817 1701 1086 1749 narratur.
1115 1693 1313 1764 Epulas
1334 1694 1562 1750 dicimus
1589 1695 1881 1770 exquisitas
1911 1702 1966 1750 et
1987 1694 2158 1748 abun-

567 1784 762 1841 dantes
803 1785 986 1854 copias
1030 1786 1294 1854 ciborum,
1329 1788 1519 1857 quibus
1562 1797 1617 1844 et
1659 1802 1856 1858 corpus
1887 1786 2153 1857 reficitur,

567 1883 624 1930 et
678 1875 996 1946 plerumque
1023 1875 1346 1932 desiderium
1383 1880 1546 1950 220
1595 1877 1872 1934 edacitatis
1908 1886 2154 1949 augetur.

2258 673 2374 711 rum
2409 664 2460 710 'et
2496 651 2698 708 Iudicis
2741 653 3013 708 viduarum
3056 669 3076 707 :
3113 653 3253 708 Deus
3287 653 3343 706 in
3367 652 3481 708 loco
3513 659 3690 707 sancto
3722 657 3850 707 clo.

2263 751 2550 819 Postquam
2579 748 2740 804 'dixit
2788 747 2842 802 in
2889 753 3185 816 conspectu
3233 745 3446 801 Domini
3493 744 3663 801 beatis
3719 756 3858 801 esse

2258 842 2598 915 gaudendum
2623 884 2638 906 ,
2671 855 2816 896 nunc
2845 856 2877 894 α
2899 839 3033 911 facie
3059 840 3222 911 ipsius
3248 837 3532 910 praedones
3555 846 3718 910 atque
3743 838 3858 893 inl-

2259 937 2376 1008 pios
2397 937 2594 992 asserit
2623 949 2742 992 esse
2770 932 3080 1006 pellendos,
3111 933 3202 1003 qui
3240 932 3510 1003 orphanos
3549 943 3614 987 ac
3653 930 3860 986 viduas

2259 1045 2401 1087 saeva
2429 1029 2716 1100 cupiditate
2745 1027 3064 1084 dilacerant.
3104 1024 3320 1080 Turbati
3346 1026 3490 1082 enim
3531 1033 3584 1081 et
3612 1023 3858 1080 nimium

2259 1122 2610 1179 formidantes
2638 1139 2671 1176 a
2709 1121 2842 1192 facie
2883 1118 2984 1175 Dei
3038 1119 3173 1175 tales
3216 1118 3583 1190 expelluntur,
3623 1114 3860 1188 quando

2258 1214 2524 1270 audierint
2549 1231 2560 1266 :
2597 1213 2678 1268 Ite
2699 1215 2752 1267 in
2779 1214 2947 1285 ignem
2965 1222 3233 1282 aeternum,
3261 1213 3350 1283 qui
3377 1221 3586 1283 paratus
3615 1219 3686 1268 est
3723 1211 3858 1264 dia-

2261 1305 2376 1360 bolo
2399 1313 2446 1360 et
2471 1304 2668 1377 angelis
2701 1308 2814 1378 ejus
2843 1303 3059 1375 (Matth.
3093 1319 3220 1373 xxv,
3255 1302 3370 1374 41).
3398 1303 3501 1360 Sed
3531 1303 3623 1374 qui
3645 1303 3722 1358 sit
3751 1303 3862 1360 ista
3929 1340 3932 1344 -

2259 1412 2290 1452 a
2313 1396 2467 1467 cujus
2490 1395 2628 1452 facie
2654 1396 2952 1466 pelluntur,
2977 1395 3218 1468 exponit,
3252 1394 3305 1450 id
3323 1404 3426 1461 est,
3459 1393 3632 1450 Patris
3650 1395 3861 1466 orpha-

2257 1504 2442 1544 norunt
2471 1497 2519 1543 et
2543 1487 2746 1543 Iudicis
2775 1488 3067 1543 viduarum.
3106 1489 3186 1545 De
3231 1502 3340 1559 quo
3365 1495 3422 1544 et
3446 1487 3573 1544 alibi
3601 1487 3817 1560 legitur
3841 1501 3860 1542 :

2259 1579 2478 1653 Pupilla
2513 1592 2560 1638 et
2588 1582 2757 1638 uidua:
2797 1591 2850 1636 tu
2877 1584 2978 1638 eris
3005 1583 3220 1656 adjutor
3241 1581 3417 1655 (Psal.
3446 1597 3522 1652 1x,
3561 1581 3672 1652 η).
3705 1580 3862 1649 Quid

2259 1689 2389 1746 ergo
2417 1674 2759 1745 depraedator
2785 1689 2973 1730 eorum
3021 1675 3132 1746 pati
3157 1675 3376 1744 poterit,
3405 1673 3497 1745 qui
3535 1671 3742 1744 iudicis
3773 1672 3864 1730 sui

2260 1775 2540 1837 susceptos
2581 1767 2744 1836 impia
2789 1767 3117 1824 laceratione
3144 1767 3435 1823 contrivit?
3461 1765 3638 1822 Patris
3661 1773 3860 1824 autem

2262 1865 2310 1915 et
2332 1855 2536 1913 Iudicis
2571 1857 2840 1928 genitivos
2871 1858 3050 1929 posuit
3090 1872 3248 1915 casus
3269 1898 3285 1925 ,
3313 1868 3374 1914 ut
3401 1857 3528 1930 quid
3555 1859 3631 1915 sit
3657 1857 3822 1915 Dens
3843 1898 3862 1929 ,

565 1967 667 2023 llis
696 1976 1080 2038 comparantur
1111 1969 1302 2039 pabula
1332 1948 1570 2026 ﬁdelium
1595 2014 1609 2039 ,
1643 1973 1830 2043 sagina
1850 1948 2147 2041 justorum,

2261 1948 2346 2005 his
2373 1950 2835 2020 complexioaibus
2873 1950 3043 2021 possit
3080 1951 3314 2008 ostendi.
3347 1950 3567 2007 Addidit
3594 1966 3860 2024 quoque,

564 2061 659 2131 qui
696 2063 918 2117 saturati
947 2063 1120 2118 adhuc
1140 2063 1469 2132 desiderant,
1498 2072 1552 2120 et
1578 2064 1645 2121 de
1671 2065 1984 2122 caelestibus
2006 2063 2145 2120 deli-

565 2154 668 2210 ciis
721 2156 1114 2226 inexplebiliter
1152 2156 1470 2213 farciuntur.
1522 2157 1628 2214 Sed
1679 2159 1768 2214 ubi
1815 2159 2154 2229 reperiantur

563 2244 684 2300 istae
722 2245 962 2311 delicite,
1011 2246 1402 2316 subsequenter
1445 2248 1784 2320 adjungitur;
1848 2249 2054 2306 scilicet
2098 2249 2153 2304 in

563 2347 844 2408 conspectu
875 2339 1007 2406 Dei,
1034 2338 1125 2396 ubi
1167 2355 1383 2412 semper
1412 2349 1495 2397 est
1536 2341 1907 2398 desiderabilis
1946 2351 2002 2399 et
2027 2356 2153 2398 vera

562 2427 769 2485 laetitia.
810 2432 976 2499 Quale
1006 2441 1090 2488 est
1117 2433 1258 2488 enim
1290 2434 1549 2489 exsultare
1586 2434 1688 2490 sub
1715 2443 2006 2505 conspectu
2035 2444 2154 2490 tan-

563 2521 604 2578 ti
631 2523 848 2593 judicis,
873 2533 930 2580 ut
959 2524 1108 2581 illum
1145 2541 1306 2596 quem
1336 2527 1425 2583 hic
1459 2527 1604 2596 juste
1630 2528 1920 2584 metuimus
1943 2567 1957 2594 ,
1985 2527 2153 2598 ipsius

566 2631 795 2674 munere
821 2619 1031 2674 liberati
1057 2619 1156 2675 sub
1179 2619 1296 2690 ejus
1324 2621 1610 2690 praesentia
1633 2620 2004 2690 gaudeamus?
2043 2620 2153 2676 Ad-

557 2707 712 2780 iecit,
741 2710 1050 2766 delectentur
1079 2712 1133 2765 in
1164 2712 1364 2780 latitia,
1409 2722 1468 2767 ut
1499 2713 1598 2769 hoc
1627 2713 1802 2783 ipsum
1835 2713 1955 2769 illos
1983 2717 2151 2784 possit

561 2803 850 2871 delectare,
891 2804 1033 2874 quod
1059 2803 1165 2860 laeti
1201 2813 1326 2860 sunt
1361 2821 1374 2859 :
1407 2806 1531 2876 quia
1562 2805 1688 2860 dum
1720 2806 1958 2862 laetitiam
2000 2821 2150 2863 suam

562 2894 711 2951 nullo
743 2906 943 2952 norunt
984 2898 1092 2954 fiue
1144 2897 1530 2968 claudendam,
1567 2900 1784 2967 suavius
1823 2901 1876 2956 in
1915 2916 1978 2958 ea
2015 2903 2152 2956 dele-

569 2983 804 3054 ctanttir,
847 3000 1007 3056 quam
1049 3003 1110 3044 se
1138 2989 1432 3046 amissuros
1478 3003 1600 3046 esse
1644 3005 1751 3047 non
1774 2992 2034 3048 sentiunt.
2063 2993 2153 3050 Sic

559 3074 910 3131 beatitudinis
976 3077 1118 3135 illius
1181 3090 1406 3136 ventura
1465 3079 1692 3136 felicitas
1746 3081 2152 3140 sublucentibus

475 3151 484 3160 ’
563 3165 883 3235 quibusdam
915 3167 1147 3224 modulis
1186 3169 1473 3225 indicatur.

635 3258 789 3316 Vers.
820 3261 874 3316 5.
905 3261 1119 3316 Cantate
1149 3261 1280 3330 Deo,
1313 3264 1568 3334 psalmum
1594 3265 1746 3320 dicite
1775 3266 1970 3320 nomini
1998 3255 2149 3339 ejus;

2255 2039 2397 2096 Deus
2420 2041 2475 2095 in
2500 2041 2612 2096 loco
2633 2051 2808 2096 sancto
2829 2057 2954 2109 suo,
2985 2041 3411 2099 subaudiendum
3449 2051 3552 2114 est,
3592 2043 3686 2115 qui
3737 2043 3855 2099 im-

2255 2134 2570 2191 mutabilem
2597 2144 2779 2190 servat
2819 2135 3139 2207 ﬁrmamque
3181 2138 3540 2205 sententiam;
3580 2137 3730 2193 sicut
3787 2137 3860 2194 de

2255 2229 2373 2300 ipso
2403 2243 2434 2284 a
2471 2228 2630 2284 Patre
2660 2228 2957 2300 Augustino
2984 2230 3186 2286 dictum
3209 2239 3333 2288 est:
3365 2231 3541 2289 Malas
3568 2241 3860 2304 tempora,

2256 2335 2358 2378 nec
2380 2331 2559 2376 mutas
2583 2321 2808 2377 consilia
2839 2321 2976 2390 (Lib.
3011 2337 3030 2378 ι
3057 2322 3242 2395 Conf.,
3263 2339 3382 2395 cap.
3411 2322 3494 2397 ὁ).

2329 2414 2481 2470 Vers.
2514 2415 2568 2469 7.
2590 2413 2750 2484 Deus,
2771 2415 2860 2487 qui
2879 2414 3111 2471 habitare
3129 2417 3257 2487 facit
3286 2417 3554 2473 unanimes
3573 2419 3630 2472 in
3652 2419 3856 2488 tto-so;

2255 2505 2343 2577 qui
2363 2505 2531 2560 educit
2568 2506 2760 2562 uinctos
2784 2507 2840 2562 in
2862 2508 3184 2578 fortitudine.
3212 2507 3270 2564 In
3299 2509 3403 2566 hoc
3430 2523 3590 2566 versu
3613 2519 3676 2568 et
3713 2511 3858 2568 duo-

2255 2596 2355 2653 bus
2385 2597 2506 2654 aliis
2550 2598 2641 2669 qui
2689 2608 2988 2669 sequuntur
3035 2615 3134 2672 per
3177 2600 3552 2659 duodecimam
3599 2604 3854 2674 speciem

2256 2687 2584 2746 definitionis
2621 2706 2742 2761 qua:
2768 2689 2958 2748 Graece
2985 2693 3096 2749 κατ’
3124 2692 3361 2762 ἔπαινον,
3392 2694 3580 2751 Latine
3601 2709 3703 2766 per
3734 2695 3858 2751 lau-

2257 2783 2377 2840 dem
2402 2784 2627 2852 dicitur,
2675 2786 2982 2842 declaratur
3025 2787 3145 2859 quis
3172 2788 3246 2844 sit
3274 2788 3450 2858 Deus,
3493 2789 3547 2844 id
3572 2797 3691 2858 est,
3751 2789 3859 2858 Qui

2258 2876 2489 2932 habitare
2518 2878 2645 2949 facit
2674 2878 2941 2934 unanimes
2963 2880 3018 2933 in
3046 2879 3200 2936 domo
3224 2897 3248 2948 ;
3271 2880 3411 2937 sicut
3431 2880 3630 2952 legitur
3656 2881 3714 2938 in
3750 2883 3858 2938 Ac-

2257 2969 2401 3026 tibus
2445 2969 2811 3042 apostolorum
2863 2989 2880 3028 :
2931 2971 3285 3030 Multitudinis
3328 2983 3498 3031 autent
3527 2976 3857 3030 credentium

2257 3072 2367 3116 erat
2392 3079 2479 3118 cor
2507 3079 2668 3118 unum
2694 3071 2743 3118 et
2769 3063 2942 3119 anima
2971 3081 3075 3120 una
3114 3066 3252 3138 (Act.
3284 3082 3338 3122 tv
3358 3109 3375 3137 ,
3416 3065 3531 3138 52).
3559 3067 3688 3124 Sive
3727 3069 3857 3139 quia

2259 3155 2536 3226 pr0pheta:
2563 3165 2620 3212 et
2649 3157 2992 3228 evangelista:
3022 3160 3075 3214 in
3107 3158 3270 3216 domo
3289 3159 3504 3216 Domini
3526 3174 3694 3216 unum
3727 3173 3856 3217 sen-

2261 3249 2489 3317 tientes,
2528 3249 2749 3306 verbum
2780 3249 3022 3308 veritatis
3055 3261 3418 3310 consentanea
3461 3252 3856 3325 praedicatione

565 3350 664 3405 iter
709 3351 866 3422 facite
911 3351 996 3420 ei,
1025 3355 1112 3422 qui
1153 3355 1382 3408 ascendit
1414 3371 1568 3424 super
1612 3372 1878 3426 occasum;
1906 3358 2150 3416 Dominus

2263 3343 2426 3399 locuti
2457 3351 2599 3399 sunt.
2633 3343 2702 3400 Et
2729 3345 2856 3401 alibi
2886 3347 3003 3416 ipse
3031 3346 3268 3404 dicturus
3309 3359 3430 3405 est:
3464 3348 3635 3416 Quom
3659 3348 3857 3404 bonum

562 3453 747 3498 nomen
790 3453 864 3498 est
915 3446 961 3499 ei
973 3461 993 3510 ;
1041 3446 1288 3502 exsultate
1315 3447 1369 3501 in
1399 3457 1668 3517 conspectu
1694 3453 1824 3523 ejus.
1858 3451 2147 3524 Postquam

564 3537 926 3608 pessimorum
989 3554 1176 3610 poenas
1224 3541 1604 3614 justorumque
1650 3544 1872 3614 pra-mia
1926 3555 2150 3601 ventura

564 3632 837 3700 narravit,
879 3632 1126 3688 hortatur
1166 3635 1394 3704 populos
1430 3637 1692 3707 propheta
1737 3645 1795 3692 ut
1826 3638 1878 3692 in
1908 3637 1992 3693 his
2028 3653 2150 3708 quae

563 3724 848 3781 audierant
895 3726 1039 3782 fideli
1082 3737 1262 3786 mente
1314 3739 1703 3799 praesumentes
1729 3771 1746 3796 ,
1806 3730 1991 3786 laudes
2040 3731 2151 3787 Deo

563 3819 871 3892 bymnidica
885 3822 1243 3878 exsultatione
1259 3824 1656 3880 concelebrent.
1674 3824 1858 3881 Cantat
1878 3825 2022 3882 enim
2040 3824 2152 3880 Deo

561 3912 655 3982 qui
703 3913 1212 3984 contemplationem
1263 3916 1385 3986 ejus
1439 3932 1576 3987 puro
1623 3932 1687 3973 ac
1737 3916 1882 3972 fideli
1937 3931 2152 3988 semper

567 4003 751 4061 animo
779 4015 1082 4064 contuetur.
1134 4007 1406 4063 Psalmum
1445 4010 1571 4064 dicit
1623 4010 1819 4063 nomini
1863 4011 2008 4080 ejus,
2059 4009 2151 4081 qui

561 4112 727 4170 opera
756 4101 954 4170 efficit,
986 4117 1106 4174 quae
1131 4103 1226 4160 ille
1261 4105 1536 4176 praecepit.
1570 4105 1845 4176 Sequitur,
1878 4107 1972 4162 iter
1998 4107 2152 4179 facite

561 4196 631 4262 ei,
666 4195 718 4252 id
746 4207 830 4254 est
876 4198 1039 4253 corda
1075 4208 1257 4254 vestra
1301 4201 1583 4271 purificata
1632 4209 1936 4273 praeparate
1960 4243 1976 4271 ,
2032 4217 2152 4273 qua:

559 4290 809 4360 dignetur
863 4303 1081 4350 sanctus
1138 4294 1397 4350 Dominus
1437 4296 1691 4364 introire;
1743 4297 1858 4354 sive
1894 4298 2151 4368 prmdica—

561 4384 793 4440 tionibus
816 4386 987 4442 beatis
1007 4397 1230 4444 cunctos
1259 4389 1504 4456 imbuite,
1527 4393 1668 4448 sicut
1700 4393 1865 4449 Isaias
1889 4394 2150 4464 propheta

558 4474 690 4531 dicit
721 4493 735 4531 :
778 4475 968 4532 Parate
997 4479 1101 4533 vias
1132 4478 1364 4548 Domini,
1412 4491 1576 4537 rectas
1622 4485 1775 4556 facite
1798 4487 2004 4542 semitas
2035 4489 2150 4558 ejus

555 4563 714 4638 (lsai.
756 4583 846 4637 χι,
879 4567 954 4640 5).
999 4569 1106 4626 Sed
1129 4572 1214 4625 cui
1243 4571 1334 4626 fiat
1373 4572 1517 4628 istud
1545 4575 1640 4628 iter
1669 4575 1920 4643 edicitur,
1953 4577 2042 4647 qui
2066 4589 2151 4632 as-'

555 4661 724 4740 cgtdit
745 4678 897 4734 super
933 4678 1191 4720 occasum.
1218 4666 1460 4720 Ascendit
1494 4668 1677 4737 utique
1713 4669 1967 4724 Dominus
1996 4671 2150 4726 Chri-

2255 3448 2302 3496 et
2351 3455 2503 3508 quam
2542 3440 2835 3510 jucundum
2882 3441 3117 3498 habitare
3153 3445 3339 3516 fratres
3389 3445 3442 3498 in
3473 3460 3634 3500 unum
3666 3443 3854 3515 (Psal.

2254 3547 2452 3598 cxxxu,
2483 3529 2569 3602 1)!
2618 3531 2685 3586 In
2714 3533 2868 3588 domo
2895 3535 3038 3594 enim
3066 3535 3210 3592 illius
3247 3536 3350 3607 ipsi
3379 3537 3610 3592 habitant
3657 3541 3753 3608 qui
3799 3552 3858 3595 se

2255 3636 2438 3682 mutua
2472 3626 2740 3684 charitate
2759 3629 3093 3687 consociant.
3127 3630 3195 3686 In
3217 3631 3371 3687 domo
3400 3647 3531 3690 vero
3543 3631 3856 3688 Ecclesiam

2254 3719 2542 3792 signiﬁcat.
2576 3721 2858 3793 Sequitur,
2891 3726 2981 3796 qui
3002 3725 3173 3781 educit
3202 3727 3395 3782 vinctos
3435 3727 3487 3781 in
3517 3726 3851 3797 fortitudine.

2253 3812 2354 3868 llic
2394 3813 2682 3871 humanum
2709 3831 2884 3887 genus
2913 3817 3216 3889 signiﬁcat,
3257 3820 3402 3892 quod
3445 3821 3687 3876 vinctum
3733 3821 3854 3892 lege

2255 3906 2463 3976 peccati
2512 3906 2846 3964 fortitudinis
2886 3923 2999 3966 suae
3041 3911 3238 3968 robore
3292 3911 3562 3972 liberavit.
3611 3913 3854 3984 Alligato

2255 3999 2400 4058 enim
2429 3999 2666 4070 diabolo,
2709 4002 2888 4058 eduxit
2915 4004 3105 4060 vinctos
3131 4020 3268 4076 quos
3296 4005 3516 4063 tenebat
3543 4005 3636 4062 ille
3674 4008 3853 4078 capti-

2255 4105 2374 4148 vos.
2424 4093 2568 4150 Bene
2617 4105 2799 4152 autem
2839 4096 3040 4154 dictum
3082 4108 3198 4169 est,
3252 4101 3461 4168 eduxit,
3500 4101 3626 4172 quia
3654 4115 3754 4158 eos
3784 4102 3853 4158 ab

2253 4186 2468 4244 inferno
2508 4188 2744 4245 liberans
2766 4234 2780 4260 ,
2822 4191 2888 4246 ad
2909 4193 3102 4263 gaudia
3147 4194 3299 4269 regni
3326 4194 3564 4251 ctelestis
3590 4194 3848 4252 elevavit.

2327 4279 2479 4338 Vers.
2509 4281 2561 4338 8.
2608 4283 2861 4339 Similiter
2901 4300 2988 4341 eos
3016 4287 3189 4358 quiin
3235 4286 3367 4342 iram
3411 4297 3726 4358 prouocant,
3763 4288 3853 4358 qui

2257 4374 2494 4432 habitant
2535 4377 2591 4431 in
2630 4378 2894 4449 sepulcris.
2931 4380 3225 4438 Enumerat
3267 4381 3442 4438 adhuc
3480 4396 3616 4454 quos
3663 4380 3846 4434 educit

2253 4468 2464 4525 vinctos
2521 4469 2574 4524 in
2627 4469 2942 4528 fortitudine
2983 4487 3102 4530 sua.
3133 4472 3200 4528 In
3227 4475 3358 4529 iram
3385 4475 3526 4526 enim
3563 4480 3846 4542 provocant

2252 4559 2564 4628 Dominum,
2596 4561 2897 4633 blasphemi
2936 4574 2990 4619 et
3028 4568 3260 4631 pesslma
3313 4577 3373 4619 se
3420 4563 3840 4620 conversatione

2253 4660 2568 4705 tractantes.
2610 4652 2716 4719 Ipsi
2751 4661 2875 4706 sunt
2907 4653 3105 4724 quippe
3142 4655 3230 4724 qui
3268 4653 3377 4710 vivi
3405 4655 3639 4710 habitant
3677 4657 3730 4710 in
3761 4672 3842 4710 se-

557 4763 677 4810 stus
695 4771 849 4826 super
870 4771 1109 4811 occasum
1129 4771 1159 4812 a
1186 4760 1410 4814 mortuis
1434 4759 1786 4830 resurgendo,
1807 4769 1864 4816 ut
1879 4762 2142 4832 captivam

2259 4742 2470 4814 pulcris,
2498 4741 2552 4798 id
2578 4751 2661 4798 est
2688 4743 2777 4814 qui
2822 4743 2877 4802 in
2902 4744 3062 4801 fetida
3095 4755 3149 4802 et
3174 4747 3376 4804 carnali
3403 4749 3616 4805 actione
3644 4749 3840 4820 sepulti

553 4844 780 4902 duceret
822 4855 1064 4903 nostram
1104 4851 1506 4919 captivitatem,
1537 4861 1594 4907 et
1623 4867 1769 4908 mors
1811 4853 2142 4924 relinqueret

554 4935 778 5003 liberos,
818 4953 953 5010 quos
977 4941 1217 5009 peccatis
1245 4941 1589 5012 alligantibus
1618 4945 1833 5000 tenebat
1857 4944 2138 5003 obnoxios.

554 5027 790 5086 Necesse
837 5033 980 5088 enim
1022 5033 1125 5090 fuit
1171 5043 1230 5090 ut
1271 5052 1479 5091 occasus
1518 5037 1837 5095 tenebrosus
1891 5041 2140 5109 cederet,

553 5136 721 5191 super
743 5137 900 5192 quem
931 5124 1024 5181 Sol
1062 5127 1290 5197 iustitia:
1331 5129 1656 5198 probabatur
1694 5141 1935 5188 exortus.
1967 5132 2036 5189 Et
2077 5149 2146 5190 ne

553 5215 674 5286 quis
719 5218 1050 5289 ambigeret,
1088 5224 1204 5293 quis
1243 5225 1469 5279 ascendit
1497 5243 1650 5296 super
1678 5243 1933 5300 occasum,
1965 5229 2096 5287 dicit
2128 5248 2144 5286 :

551 5305 807 5364 Dominus
834 5317 1016 5368 nomen
1041 5323 1115 5369 est
1145 5317 1192 5370 ei
1209 5357 1224 5384 ,
1257 5326 1317 5373 ut
1344 5333 1504 5374 nemo
1534 5319 1800 5376 dubitaret
1829 5322 1994 5376 Deum
2025 5336 2148 5378 esse

552 5397 832 5456 Dominum
865 5403 1237 5476 Salvatorem,
1295 5426 1456 5479 quem
1510 5411 1729 5467 nefandi
1777 5413 1950 5469 Judmi
1999 5415 2145 5471 velut

551 5506 893 5552 communem
926 5497 1200 5554 hominem
1235 5502 1611 5558 trucidandum
1637 5519 1758 5560 esse
1789 5514 2136 5575 putaverunt.

551 5583 841 5659 Sequitur,
882 5592 1134 5644 exsultate
1171 5592 1226 5644 in
1279 5604 1552 5666 conspectu
1597 5599 1744 5668 ejus;
1770 5611 1878 5652 non
1907 5597 1962 5652 in
2008 5613 2146 5668 prte-

547 5677 720 5731 sentia
752 5677 1026 5733 hominum
1048 5723 1063 5748 ,
1097 5679 1186 5734 ubi
1216 5691 1301 5736 est
1326 5683 1528 5740 caduca
1559 5685 1776 5753 laetitia,
1817 5687 1912 5742 sed
1942 5689 1993 5741 in
2023 5705 2145 5743 con-

549 5779 722 5823 soectu
743 5772 888 5841 ejus,
919 5771 1009 5826 ubi
1050 5770 1251 5842 iugiter
1290 5789 1352 5830 se
1391 5777 1595 5845 paritas
1627 5777 1822 5834 mentis
1867 5777 2137 5846 oblectat;

548 5857 898 5924 et-quaslibet
941 5860 1028 5915 hic
1057 5877 1330 5920 aerumnas
1375 5867 1647 5938 patiatur,
1699 5869 2138 5929 consideratione

551 5945 715 6002 futun'
743 5947 951 6016 pramii
977 5963 1192 6023 semper
1221 5954 1471 6027 erigitur.

2251 4845 2379 4891 sunt
2412 4853 2426 4889 :
2456 4835 2524 4892 de
2555 4835 2749 4905 quibus
2777 4845 2833 4893 et
2869 4837 2923 4892 in
2968 4838 3078 4895 alio
3104 4839 3224 4896 loco
3251 4840 3454 4898 dictum
3480 4851 3566 4898 est
3595 4859 3609 4895 :
3644 4840 3838 4913 Sepul-

2250 4944 2394 4982 crum
2420 4936 2601 4999 patens
2628 4937 2700 4984 est
2725 4938 2901 5000 guttur
2924 4946 3100 4984 eorum
3124 4929 3294 5004 (Psal.
3325 4947 3381 5001 v,
3413 4933 3530 5004 11).
3554 4932 3688 4988 Nam
3710 4932 3838 4988 licet

2251 5031 2493 5079 mortuos
2541 5022 2814 5079 visualiter
2861 5024 3239 5094 suscitaverit,
3301 5024 3598 5082 humanum
3654 5035 3832 5081 tamen

2255 5131 2424 5186 genus
2460 5114 2528 5171 de
2562 5114 2828 5185 sepulcris
2867 5117 3100 5187 eripuit,
3149 5118 3362 5187 quando
3403 5117 3484 5174 eis
3519 5131 3618 5188 per
3652 5128 3833 5172 vera

2254 5211 2416 5267 fidem
2444 5210 2568 5266 vitae
2599 5210 2789 5282 gaudia
2814 5211 2994 5267 votiva
3021 5212 3272 5268 restituit.

2325 5302 2478 5359 Vers.
2512 5301 2566 5358 9.
2600 5301 2739 5358 Deus
2761 5345 2776 5371 ,
2810 5319 2924 5358 cum
2952 5304 3468 5384 egredererispcorans
3493 5304 3688 5376 populo
3711 5310 3834 5370 tuo;

2252 5397 2376 5451 dum
2405 5399 2832 5470 transgredereris
2861 5400 2914 5454 in
2963 5400 3181 5455 deserto.
3233 5399 3574 5472 Jungendum
3600 5408 3683 5457 est
3707 5397 3836 5452 huic

2251 5490 2454 5557 versui,
2481 5493 2841 5561 cognosceris.
2874 5491 3064 5547 Adhuc
3086 5492 3229 5548 enim
3275 5491 3329 5547 in
3358 5491 3687 5563 operationis
3710 5487 3835 5559 ejus

2253 5582 2498 5639 laudibus
2527 5593 2852 5654 perseverat.
2875 5583 3126 5657 Egressus
3155 5593 3226 5641 est
3243 5586 3470 5658 quidem
3495 5585 3635 5642 Deus
3660 5596 3836 5637 coram

2254 5677 2447 5748 populo
2488 5677 2802 5746 Israelitico,
2854 5678 2982 5736 dum
3023 5680 3077 5735 in
3123 5680 3374 5736 columna
3399 5679 3540 5752 ignis
3565 5670 3828 5750 apparuit,

2251 5774 2376 5829 dum
2409 5775 2462 5830 in
2490 5774 2704 5830 deserto
2753 5788 2847 5832 eos
2885 5790 3100 5831 manna:
3145 5775 3392 5846 largitate
3441 5767 3674 5827 satiavit.
3716 5763 3831 5821 Sed

2248 5869 2351 5923 hoc
2381 5869 2572 5924 melius
2602 5869 2668 5924 ad
2702 5870 2953 5940 populum
2978 5869 3200 5940 respicit
3229 5865 3618 5923 Christianum.
3659 5858 3826 5931 Egre-

2248 5961 2384 6015 ditur
2408 5959 2550 6016 enim
2582 5977 2754 6017 coram
2797 5961 3024 6035 populo,
3056 5960 3270 6034 quando
3305 5957 3486 6017 educit
3533 5955 3732 6014 vinctos
3759 5949 3827 6009 in
