4020 6348
203 394 321 453 468

1101 386 1462 448 EXPOSITIO
1498 387 1565 447 IN
1602 388 2061 447 PSALTERIUM.
2105 390 2295 449 PSAL.
2336 391 2544 450 LXVII.

3377 395 3486 457 466

200 502 527 563 fortitudine
564 515 694 569 sua;
723 504 938 575 quando
974 504 1366 561 resuscitantur
1394 505 1481 575 qui
1524 503 1579 558 in
1626 503 1798 573 sepul—
1827 504 1881 566 Α
1901 517 2217 560 concessum
2246 514 2350 563 est.
2379 507 2513 564 Nam
2542 507 2714 577 ipsum
2741 522 2952 580 quoque
2976 508 3327 583 Evangelium
3352 515 3489 570 mul-

208 601 317 655 eris
340 598 597 652 habitant.
642 596 823 667 Ipsum
852 597 997 654 enim
1027 605 1314 655 contuetur
1342 596 1535 665 tidelis,
1583 595 1795 665 quando

208 692 268 747 in
320 689 576 760 operibus
606 689 817 760 magnis
847 689 964 760 ejus
1002 690 1249 760 pietatem
1282 688 1682 760 potentiamque
1708 702 1798 743 co-

205 782 445 854 gnoscit.
470 781 839 856 Transgressus
869 793 943 837 est
970 783 1131 839 etiam
1159 784 1213 837 in
1237 783 1457 851 deserto,
1490 780 1703 851 quando
1732 781 1797 835 ad

207 884 405 946 gentes
431 874 600 941 venit,
634 874 701 929 ad
731 889 863 946 quas
896 875 1156 947 propheta
1184 876 1363 931 nullus
1389 876 1648 941 accessit;
1680 889 1800 945 quae

210 967 365 1022 velut
411 978 626 1022 eremus
654 964 891 1022 desolata
922 981 952 1021 a
980 966 1144 1024 verbo
1190 966 1399 1023 Domini
1442 965 1801 1023 reddebantur

220 1060 440 1116 alienae.

291 1152 448 1210 Vers.
478 1153 569 1210 10.
602 1154 767 1210 Terra
790 1152 926 1210 mola
952 1162 1056 1222 est;
1085 1155 1265 1211 etenim
1291 1156 1403 1210 (teli
1423 1155 1799 1210 distillaverunt

215 1262 250 1299 a
290 1244 424 1315 facie
463 1243 579 1311 Dei,
610 1261 755 1301 mons
798 1244 930 1301 Sina
955 1263 988 1300 a
1017 1247 1150 1317 facie
1176 1246 1273 1301 Dei
1298 1244 1485 1302 Israel.
1518 1247 1801 1319 lnterjeeto

214 1334 591 1406 diapsalmate,
615 1336 760 1393 venit
780 1336 846 1392 ad
872 1338 1166 1394 secundum
1197 1338 1521 1410 ingressum,
1555 1339 1646 1395 ubi
1676 1354 1800 1395 enu-

218 1434 400 1481 merat
423 1441 543 1496 qua:
571 1426 869 1483 Israelitico
888 1428 1087 1498 populo
1112 1430 1281 1484 virtus
1304 1428 1482 1484 divina
1510 1430 1795 1487 concessit.

216 1516 386 1573 Terra
410 1526 550 1573 mota
580 1527 675 1588 est,
707 1519 762 1574 id
791 1528 874 1576 est
919 1520 1121 1576 terreni
1163 1521 1410 1577 homines
1434 1521 1663 1577 videndo
1693 1530 1800 1578 tam

215 1624 422 1681 magna
458 1611 714 1666 miracula
765 1611 1125 1668 crediderunt.
1182 1610 1306 1668 Caeli
1355 1613 1728 1668 distillaverunt
1768 1631 1802 1668 a

219 1704 364 1774 faeie
407 1700 538 1769 Dei,
582 1703 797 1774 quando
846 1705 903 1760 in
945 1704 1118 1761 vicem
1159 1704 1550 1761 stillicidiorum
1604 1720 1802 1761 manna

215 1794 499 1852 descendit
538 1811 572 1850 a
600 1796 731 1867 facie
774 1795 914 1866 Dei,
943 1798 1067 1868 quia
1107 1812 1203 1869 per
1234 1799 1535 1856 columnam
1573 1799 1711 1871 ignis
1737 1813 1800 1856 ac

1901 607 2069 652 tarum
2098 606 2309 653 constat
2337 613 2456 654 esse
2483 600 2747 654 virtutum.
2776 601 2913 668 Quid
2928 602 3080 657 enim
3110 604 3298 661 fortius
3327 590 3489 677 quam

1900 689 2109 742 animas
2142 690 2368 756 salvare,
2402 705 2519 761 qua:
2551 706 2794 749 errorum
2824 676 3041 748 Suorum
3072 696 3215 750 vitiis
3240 676 3491 768 poterant

1899 778 2165 836 interire?
2194 782 2333 837 sicut
2360 782 2592 839 Jacobus
2635 784 2908 853 apostolus
2950 785 3079 841 dicit
3109 805 3122 841 :
3157 786 3303 843 Scire
3343 789 3488 845 debet

1898 874 2034 943 quis,
2062 874 2181 944 quia
2224 875 2312 945 qui
2339 876 2561 930 converti
2589 877 2759 947 fecerit
2778 888 3088 947 peccatorem
3113 879 3177 933 ab
3204 896 3373 937 errore
3396 884 3491 938 vim

1898 979 2005 1018 sua:
2023 1004 2039 1031 ,
2071 964 2234 1019 salvat
2259 965 2482 1019 animam
2512 969 2653 1038 ejus,
2682 977 2727 1021 et
2759 969 2923 1037 aperit
2950 970 3329 1027 multitudinem
3357 973 3490 1029 deli-

1900 1063 2094 1111 ctorum
2121 1055 2260 1127 (Jac.
2294 1073 2343 1125 v,
2375 1057 2490 1130 20).

1975 1148 2124 1205 Vers.
2155 1150 2243 1206 14.
2274 1150 2384 1205 Rea:
2411 1153 2657 1206 virtutum
2679 1151 2889 1218 dilecti,
2919 1161 2967 1207 et
2990 1154 3179 1224 species
3199 1155 3378 1210 domus
3408 1155 3489 1211 di-

1899 1242 2068 1297 videre
2102 1242 2289 1313 spolia.
2331 1243 2530 1300 Versus
2574 1244 2677 1300 iste
2723 1244 3004 1301 sollicitius
3051 1245 3373 1316 inquiratur,
3405 1256 3489 1303 est

1902 1332 2045 1388 enim
2072 1331 2361 1388 verborum
2391 1333 2680 1389 subtilitate
2711 1335 3011 1404 perplexus.
3045 1334 3141 1389 Hic
3171 1337 3313 1391 enim
3335 1382 3349 1405 ,
3407 1337 3491 1391 di-

1903 1422 2118 1491 lectum,
2153 1422 2352 1478 Filium
2381 1423 2553 1479 Patris
2580 1424 2837 1480 debemus
2875 1426 3158 1495 accipere,
3200 1427 3338 1483 sicut
3376 1428 3491 1498 ipse

1902 1511 1957 1568 in
1983 1513 2289 1591 ‘Evangelio
2326 1513 2491 1569 dicit:
2537 1514 2644 1569 Hic
2682 1524 2756 1569 est
2785 1513 2958 1569 Filius
2983 1531 3121 1569 meus
3149 1516 3363 1571 dilectus
3387 1559 3402 1584 ,
3433 1518 3489 1571 in

1901 1620 2001 1675 quo
2028 1605 2153 1658 milii
2181 1604 2303 1660 bene
2329 1606 2616 1676 complacui
2645 1604 2856 1678 (Matth.
2884 1622 2977 1675 ιιι,
3010 1606 3119 1677 l7).
3151 1608 3301 1675 Quod
3333 1609 3488 1665 sche-

1903 1710 1989 1753 ma
2019 1694 2218 1752 dicltur
2244 1698 2611 1752 antonomasia
2633 1738 2648 1763 ,
2679 1698 2731 1752 id
2760 1707 2843 1753 est
2869 1699 2985 1754 vice
3013 1698 3245 1754 nominis
3273 1699 3447 1768 posita
3468 1739 3487 1767 ,

1902 1788 2115 1860 quando
2142 1791 2222 1846 sic
2248 1790 2391 1846 aliud
2416 1805 2610 1847 nomen
2640 1792 2871 1861 ponitur,
2898 1802 2958 1847 ut
2988 1800 3166 1848 tamen
3191 1793 3321 1849 illud
3345 1795 3490 1864 quod

215 1887 378 1944 nubis
432 1889 717 1958 prtesentia
772 1888 940 1958 ipsius
990 1889 1333 1947 noscebatur.
1385 1889 1537 1946 Mons
1584 1906 1797 1963 quoque
1826 1891 1877 1953 Β
1902 1881 2262 1937 necessarium
2293 1880 2451 1936 fuerit
2476 1886 2755 1938 sentiatur.
2787 1881 2975 1938 Dilecti
3000 1897 3130 1953 ergo
3158 1884 3338 1950 Pater,
3368 1885 3485 1940 Rex

217 1978 355 2034 Sina
381 1994 416 2032 a
447 1978 578 2048 facie
606 1977 703 2034 Dei
730 1977 976 2047 fumavit,
1004 1981 1216 2052 quando
1243 1981 1317 2036 ibi
1346 1981 1551 2053 Moyses
1581 1982 1634 2038 in
1662 1983 1792 2038 dua-

214 2069 317 2126 bus
343 2070 544 2126 tabulis
572 2070 748 2142 legem
775 2070 964 2128 beatus
988 2073 1214 2143 accepit.
1246 2072 1375 2127 Nam
1422 2080 1477 2129 et
1518 2072 1572 2129 in
1609 2073 1796 2130 Exodo

217 2159 290 2215 ita
318 2162 575 2232 scriptum
610 2170 735 2217 est:
767 2160 928 2217 Totus
964 2172 1131 2219 autent
1176 2180 1319 2219 mons
1365 2164 1498 2220 Sina
1526 2165 1796 2235 fumabat,

217 2267 280 2307 eo
310 2253 444 2324 quod
464 2252 718 2309 Dominus
745 2254 1086 2311 descendisset
1110 2273 1264 2328 super
1291 2273 1409 2313 eum
1438 2256 1645 2329 (Exod.
1674 2274 1761 2313 χιιι
1778 2298 1795 2327 ,

297 2444 443 2502 Vcrs.
497 2447 586 2501 il.
643 2444 884 2501 Pluviam
934 2446 1279 2501 voluntariam
1341 2464 1610 2522 segregans
1659 2448 1799 2504 Deus

215 2537 671 2606 hereditatium;
712 2538 895 2594 etenim
922 2538 1181 2607 inﬁrmata
1206 2548 1281 2594 est
1305 2556 1324 2593 :
1346 2547 1402 2594 tu
1426 2555 1543 2595 vero
1585 2540 1801 2613 perfeci-

215 2632 289 2688 sti
318 2648 455 2688 um.
486 2632 718 2702 Exponit
741 2630 872 2688 illud
898 2630 1038 2703 quod
1068 2632 1309 2702 superius
1338 2631 1472 2688 dixit
1508 2650 1523 2689 :
1558 2632 1685 2688 Caeli
1710 2634 1795 2713 di-

217 2727 569 2783 stillaverunt.
591 2727 704 2797 Ipsa
718 2736 804 2784 est
826 2729 968 2783 enim
996 2726 1171 2799 pluvia
1193 2728 1479 2783 voluntaria
1496 2744 1652 2800 quam
1671 2738 1798 2785 tunc

218 2821 542 2878 comedendi
578 2822 727 2878 avida
765 2837 896 2892 gens
923 2821 1107 2878 Judtea
1133 2823 1448 2892 promeruit.
1480 2826 1638 2896 221
1664 2822 1796 2879 Nam

218 2920 280 2968 ut
309 2913 569 2969 voluntati
615 2913 729 2982 ejus
757 2914 1064 2985 satisﬁeret,
1097 2915 1435 2984 inexpertum
1477 2915 1793 2971 miraculum

221 3005 456 3061 mundus
484 3006 712 3076 accepit.
746 3005 933 3061 Pluvia
961 3006 1221 3077 siquidem
1247 3006 1335 3061 illa
1360 3005 1650 3062 voluntaria
1678 3008 1797 3077 fuit,

215 3112 331 3153 non
355 3099 452 3154 ista
485 3113 606 3170 quae
632 3099 958 3170 generaliter
987 3098 1184 3169 ubique
1202 3098 1533 3154 dill‘unditur.
1560 3098 1801 3170 Denique

224 3193 304 3249 sic
327 3191 597 3263 sequitur:
626 3191 911 3265 Segregans
930 3191 1066 3248 Deus
1090 3192 1376 3248 htcredituti
1396 3204 1520 3259 tum,
1541 3193 1665 3263 quia
1693 3208 1799 3248 non

1902 1972 2214 2042 angelorum
2254 1979 2309 2026 et
2348 1979 2670 2040 potestatum
2711 1978 2828 2039 est,
2861 1972 2953 2043 qui
2991 1971 3275 2029 virtutibus
3313 1974 3489 2044 impe-

1900 2069 2022 2129 rat;
2054 2061 2197 2131 quod
2228 2069 2281 2117 et
2310 2061 2377 2117 de
2407 2061 2540 2118 Filio
2566 2062 2950 2119 convenienter
2980 2064 3258 2135 accipitur,
3287 2065 3355 2121 de
3380 2080 3488 2136 quo

1900 2154 2039 2209 alius
2078 2154 2314 2223 psalmus
2350 2154 2517 2211 dicit:
2548 2153 2802 2211 Dominus
2838 2158 3082 2212 virtutum
3119 2160 3226 2228 ipse
3262 2166 3335 2214 est
3375 2160 3490 2215 Rea:

1900 2243 2081 2317 gloria:
2107 2244 2279 2316 (Psal.
2303 2262 2432 2301 χχιιι
2453 2287 2469 2309 .
2493 2248 2623 2317 l0);
2651 2250 2793 2320 quod
2818 2258 2993 2306 tamen
3019 2261 3219 2308 sancta:
3239 2252 3488 2307 Trinitati

1900 2346 2106 2396 certum
2147 2348 2231 2394 est
2260 2342 2567 2396 convenire.
2600 2341 2698 2397 Hie
2726 2349 2905 2399 tamen
2938 2344 3148 2400 Patrem
3180 2344 3293 2399 vult
3321 2344 3482 2398 intel-

1899 2429 1993 2502 ligi
2014 2470 2033 2498 ,
2066 2431 2190 2502 quia
2233 2431 2403 2488 dilecti
2433 2433 2642 2504 posuit,
2675 2434 2728 2488 id
2765 2442 2850 2489 est
2873 2432 3096 2490 Christi.
3134 2434 3405 2505 Sequitur,
3438 2443 3489 2488 et

1900 2524 2092 2593 species
2122 2524 2300 2579 domus
2333 2525 2559 2580 dividere
2587 2526 2775 2593 spolia.
2808 2525 3160 2582 Pulchritudo
3186 2525 3378 2582 domus
3403 2525 3483 2580 di-

1874 2612 2043 2670 ‘vinae
2084 2617 2446 2688 cognoscitur,
2489 2619 2706 2687 quando
2735 2621 2905 2690 spolia
2935 2619 3167 2684 diaboli,
3200 2620 3253 2675 id
3281 2628 3365 2675 est
3389 2619 3489 2676 ho-

1901 2706 2074 2761 mines
2104 2706 2354 2761 scelerati
2396 2708 2449 2762 in
2480 2707 2694 2763 Domini
2735 2709 3028 2765 Ecclesiam
3072 2709 3482 2765 transferuntur.

1904 2801 2090 2872 Spolia
2129 2802 2392 2873 siquidem
2431 2802 2629 2859 diaboli
2671 2814 2799 2861 sunt
2834 2806 3017 2875 populi
3056 2820 3191 2876 quos
3226 2806 3485 2862 Dominus

1900 2893 2114 2962 alligato
2140 2892 2278 2949 forte
2302 2894 2580 2959 liberavit,
2607 2896 2746 2951 sicut
2770 2897 2823 2950 in
2853 2896 3147 2966 Evangelio
3173 2897 3289 2967 ipse
3313 2896 3478 2952 dicit:

1904 2983 2070 3038 Nemo
2099 2985 2255 3039 intrat
2284 2985 2337 3038 in
2365 2985 2574 3039 domum
2601 2986 2751 3055 fortis
2778 2995 2825 3040 et
2853 3002 2976 3040 vasa
3004 2989 3115 3057 ejus
3146 2986 3356 3057 diripit,
3383 2986 3486 3040 nisi

1902 3076 2046 3147 prius
2089 3077 2375 3147 alligaverit
2408 3077 2589 3146 fortem
2610 3117 2626 3143 ,
2656 3085 2702 3131 et
2734 3087 2854 3131 tunc
2880 3078 3087 3132 domum
3114 3078 3255 3131 illius
3282 3078 3485 3148 diripiet

1906 3168 2103 3237 (Marc.
2133 3183 2227 3234 ιιι,
2251 3167 2365 3239 27).
2402 3168 2497 3223 llis
2524 3169 2666 3223 enim
2695 3169 2879 3238 spoliis
2920 3168 3135 3224 domum
3176 3183 3288 3224 sua:
3325 3176 3483 3239 pote-

223 3282 328 3339 hoc
355 3259 613 3339 Dominus
638 3259 756 3339 aliis
781 3259 1028 3355 gentibus
1056 3283 1222 3353 dedit,
1246 3284 1387 3354 quod
1420 3259 1801 3341 tunc-Hebraeo
1829 3276 1876 3340 C
1906 3259 2061 3316 δίδιίδ
2087 3260 2641 3355 9'03Yi5509195iam
2670 3260 3167 3355 sancwmﬁaudcm
3186 3260 3331 3327 fec“:
3352 3274 3488 3331 εἶπ’

224 3374 423 3444 pepulo
449 3376 732 3431 miseratus
758 3374 998 3430 indulsit.
1030 3374 1322 3430 [hereditas
1352 3376 1491 3431 enim
1519 3376 1681 3445 ipsius
1710 3376 1805 3432 fuit

226 3468 455 3538 populus
481 3467 857 3535 Hebraeorum,
895 3468 1035 3523 sicut
1058 3466 1287 3538 legitur:
1320 3465 1389 3520 Et
1418 3471 1556 3538 facta
1581 3476 1653 3522 est
1683 3484 1802 3535 por-
1892 3468 1901 3479 ‘

225 3561 296 3615 tio
324 3559 536 3616 Domini
580 3561 800 3633 populus
823 3563 962 3632 ejus,
992 3559 1154 3615 Jacob
1184 3560 1443 3632 funiculus
1488 3561 1801 3616 Iuvreditatis

222 3656 338 3727 ejus
376 3653 561 3725 (Deut.
592 3670 757 3720 χχχιι,
799 3655 879 3722 9).
931 3654 1059 3710 Haac
1097 3655 1141 3709 si
1180 3654 1245 3709 ad
1291 3661 1501 3723 tempus
1546 3654 1809 3723 inﬁrmata

224 3754 322 3811 est,
353 3744 580 3801 Domino
603 3745 868 3802 Salvatori
902 3746 1123 3802 minime
1145 3746 1434 3812 credendo,
1460 3746 1670 3814 perfecit
1700 3746 1806 3799 Ιιαιο

225 3838 500 3891 reditatem
526 3851 678 3893 suam
704 3878 721 3905 ,
763 3836 976 3906 quando
1003 3845 1192 3907 gentes
1234 3836 1466 3907 reliquas
1508 3836 1559 3890 in
1589 3834 1809 3905 supple-

234 3938 477 3984 mentum
508 3927 831 3985 credulitatis
856 3928 1107 3984 admittit.

302 4021 455 4077 Vers.
500 4021 590 4076 12.
631 4021 892 4076 Animalia
932 4031 1018 4075 tua
1044 4020 1400 4075 inhabitabant
1423 4019 1475 4072 in
1502 4034 1598 4073 ea:
1621 4019 1817 4090 parasti

230 4114 286 4168 in
315 4114 585 4168 dulcedine
611 4121 698 4167 tua
725 4115 941 4183 pauperi
958 4153 973 4180 ,
996 4112 1155 4167 Deus.
1177 4111 1310 4181 Quia
1338 4111 1583 4180 superius
1606 4110 1817 4167 dixerat

226 4203 295 4259 de
326 4203 639 4260 haereditate
684 4203 925 4271 Domini,
956 4212 1010 4258 tu
1047 4218 1164 4258 vero
1202 4202 1456 4272 perfecisti
1494 4216 1606 4254 eam
1628 4239 1644 4266 ,
1674 4214 1817 4255 nunc

228 4295 416 4365 adjicit
445 4294 587 4350 unde
615 4308 732 4351 eam
766 4295 1069 4365 perliceret.
1097 4292 1360 4348 Animalia
1391 4292 1605 4346 fuerunt
1630 4299 1815 4360 gentes

229 4398 357 4439 vera
386 4383 642 4453 religione
671 4395 908 4441 vacuata:
933 4402 947 4451 ;
977 4384 1072 4440 sed
1099 4399 1220 4439 cum
1250 4383 1318 4439 ad
1350 4384 1630 4438 Dominum
1656 4397 1818 4439 vene-

231 4484 390 4543 runt,
423 4473 576 4530 facta:
603 4485 728 4530 sunt
754 4478 869 4545 ejus
889 4518 905 4543 ,
937 4492 1056 4547 quae
1079 4478 1185 4546 jam
1219 4475 1351 4531 nihil
1380 4476 1649 4547 indigeant
1673 4517 1689 4542 ,
1720 4476 1817 4531 sed

233 4566 539 4623 rationabili
567 4582 628 4622 ac
656 4568 814 4638 pleno
852 4569 1050 4622 lumine
1088 4568 1473 4637 compleantur.
1517 4567 1642 4624 Harc
1672 4568 1818 4622 habi-

1908 3354 2051 3409 niam
2084 3352 2280 3409 ferocis
2308 3352 2509 3408 inimici
2535 3360 2655 3409 vota
2684 3352 2978 3409 frustravit.

1979 3469 2135 3524 Vers.
2176 3467 2264 3524 i5.
2308 3467 2369 3523 Si
2406 3468 2674 3522 dormiatis
2709 3468 2843 3522 inter
2878 3467 3072 3522 medios
3100 3466 3282 3533 sleros,
3310 3481 3490 3537 penna:

1911 3561 2161 3617 columba:
2189 3561 2526 3632 deargentata:
2545 3600 2559 3625 ,
2592 3568 2639 3614 et
2670 3560 2954 3631 posteriora
2977 3559 3119 3613 dorsi
3143 3560 3253 3629 ejus
3291 3558 3345 3612 in
3374 3572 3492 3629 spec

1911 3654 1987 3708 cie
2011 3655 2144 3707 auri.
2177 3631 2610 3710 Subahdien'dum
2631 3694 2645 3719 ,
2669 3653 2959 3723 suscipient
2982 3666 3102 3707 vos.
3124 3650 3220 3707 Hie
3245 3650 3487 3717 dormire,

1912 3754 2018 3801 non
2048 3751 2321 3815 stuporem
2344 3745 2516 3800 somni
2538 3742 2827 3813 signiﬁcat,
2855 3751 2947 3798 aut
2965 3742 3285 3799 oblivionem
3307 3755 3490 3797 rerum

1912 3854 2072 3909 quam
2104 3839 2214 3908 pati
2242 3837 2617 3893 consuevimus
2658 3818 3016 3899 dormientes;
3059 3833 3154 3888 sed
3185 3834 3491 3887 dormientes

1915 3931 2079 3997 dicit,
2122 3929 2179 3986 in
2218 3929 2501 4000 praeceptis
2546 3926 2754 3981 Domini
2795 3926 3174 3996 quiescentes,
3222 3932 3277 3978 et
3318 3924 3370 3978 in
3411 3921 3495 3977 id-

1914 4024 2092 4094 ipsum
2138 4022 2382 4091 requiem
2437 4021 2719 4075 habentes.
2772 4018 2945 4073 Cleros
2989 4018 3132 4073 enim
3175 4014 3497 4070 auctoritate
3542 4024 3553 4030 '

1917 4113 2134 4169 Patrum
2182 4110 2289 4166 duo
2336 4110 2675 4165 Testamenta
2724 4108 2983 4164 debemus
3035 4108 3313 4175 accipere,
3355 4106 3498 4163 inter

1919 4219 2038 4274 qua:
2076 4212 2259 4257 monet
2295 4201 2573 4255 continere.
2617 4206 2780 4269 atque
2821 4199 3097 4269 quiescere
3140 4195 3495 4252 Christianos.

1921 4295 2122 4352 Sensus
2170 4306 2299 4363 ergo
2345 4291 2466 4347 talis
2511 4300 2615 4347 est.
2664 4292 2982 4346 Commonet
3024 4288 3210 4345 ﬁdeles
3242 4305 3254 4341 :
3285 4288 3331 4343 si
3374 4288 3500 4343 dor-

1920 4385 2098 4441 miatis
2137 4384 2278 4439 inter
2315 4382 2421 4439 duo
2461 4382 2832 4447 Testamenta,
2878 4382 2979 4436 hoc
3020 4389 3135 4447 est,
3180 4381 3223 4434 si
3264 4381 3499 4435 animam

1919 4485 2155 4535 vestram
2185 4477 2240 4532 in
2270 4475 2568 4546 Scripturis
2598 4476 2791 4531 divinis
2821 4474 3009 4530 ultima
3048 4474 3367 4529 dormitione
3408 4487 3501 4528 re-

1924 4573 2152 4643 ponatis.
2197 4571 2583 4626 Dormitionem
2626 4582 2752 4624 vero
2794 4584 2892 4638 pro
2934 4576 3107 4622 morte
3149 4566 3274 4635 poni
3318 4565 3503 4619 Domi-

232 4664 411 4717 tabunt
443 4662 496 4717 in
526 4660 789 4729 Ecclesia,
821 4677 941 4717 cum
973 4675 1112 4716 verae
1149 4661 1420 4732 religionis
1446 4661 1674 4728 cultum,
1706 4662 1808 4731 ipsc

1924 4681 2025 4723 nus
2066 4667 2119 4721 in
2164 4664 2453 4735 Evangelio
2499 4671 2722 4718 testatur
2772 4661 2997 4716 dicens:
3030 4660 3256 4712 Lazarus
3308 4658 3505 4745 anticus

234 4755 544 4823 miserante,
576 4754 930 4824 perceperint.
965 4754 1267 4824 lterumque
1295 4753 1550 4823 quarsint
1579 4754 1679 4810 ista
1709 4754 1824 4807 ani-

235 4845 393 4900 malia
431 4853 822 4916 consequenter
859 4845 1177 4915 exponitur;
1220 4844 1347 4899 dicit
1386 4844 1527 4901 enim
1558 4864 1571 4898 :
1613 4844 1825 4901 Parasti

236 4939 288 4992 in
317 4938 591 4993 dulcedine
637 4947 725 4992 tua
774 4938 1020 5009 pauperi,
1081 4938 1239 4992 Deus.
1299 4936 1507 4993 Parasti
1557 4938 1825 5009 signiﬁcat

236 5030 662 5100 praedestinatos,
692 5030 780 5102 qui
810 5030 876 5085 ab
906 5030 1111 5099 origine
1138 5028 1339 5096 mundi,
1367 5030 1481 5098 ipso
1504 5031 1818 5099 miserante,

238 5126 521 5192 praeparati
547 5128 694 5179 sunt.
729 5119 797 5173 1n
828 5118 1094 5174 dulcedine
1133 5127 1255 5185 tua,
1290 5134 1397 5173 non
1436 5118 1619 5174 saeculi
1661 5120 1820 5189 hujus

236 5213 324 5269 ubi
368 5228 548 5269 amara
597 5214 910 5283 patiuntur,
960 5211 1053 5268 sed
1099 5211 1152 5265 in
1192 5211 1281 5265 illa
1322 5213 1582 5266 suavitate
1622 5211 1674 5266 in
1714 5224 1820 5280 qua

240 5323 491 5379 pauperes
517 5306 615 5361 Dei
651 5320 806 5376 reges
837 5304 1126 5359 ditissimos
1155 5302 1500 5358 antecellunt.

306 5400 465 5456 Vers.
508 5399 596 5455 15.
637 5397 888 5452 Dominus
938 5396 1077 5451 dabit
1125 5394 1326 5449 verbum
1362 5397 1824 5469 euangelizantibus

238 5496 446 5548 virtutes
477 5493 664 5548 multas
692 5491 833 5565 [ms.
868 5490 955 5557 A.,
987 5490 1170 5545 virtute
1196 5487 1412 5561 multa].
1443 5491 1645 5546 Versus
1676 5492 1831 5548 istius

240 5586 371 5642 ordo
402 5585 524 5639 talis
552 5594 637 5640 est
666 5601 680 5638 :
713 5584 969 5639 Dominus
998 5582 1147 5637 dabit
1176 5582 1397 5636 virtutes
1438 5582 1632 5637 multas
1664 5597 1828 5637 evan-

240 5675 593 5745 gelizantibus
618 5676 857 5731 verbum.
894 5674 1047 5728 Dedit
1073 5674 1214 5729 enim
1264 5674 1473 5727 virtutes
1504 5672 1691 5728 multas
1712 5687 1837 5744 apo-

240 5768 431 5831 stolis,
463 5767 557 5837 qui
582 5768 803 5823 verbum
833 5766 950 5837 ejus
982 5765 1280 5822 veneranda
1319 5763 1658 5822 confessione
1697 5780 1832 5835 prae-

244 5860 539 5931 dicabant,
593 5861 808 5934 quando
857 5861 936 5917 eis
988 5858 1351 5931 languentium
1408 5858 1592 5917 turbas
1644 5872 1834 5916 sanare

1924 4766 2090 4813 noster
2129 4757 2317 4811 dormit
2342 4773 2361 4822 ;
2390 4757 2475 4809 sed
2501 4770 2673 4809 eamus
2697 4764 2751 4807 ut
2779 4769 2811 4807 a
2838 4769 3017 4808 somno
3055 4751 3351 4805 suscitemus
3390 4766 3507 4803 eum

1925 4849 2103 4921 (Joan.
2124 4865 2198 4914 ιιι,
2224 4849 2330 4917 Η).
2350 4848 2623 4918 Sequitur,
2656 4861 2836 4917 pennce
2862 4844 3107 4899 columba:
3135 4844 3502 4916 deargentataz.

1923 4941 2027 4997 Per
2068 4942 2184 4995 hare
2219 4948 2484 4995 commata
2524 4939 2696 5011 (sicut
2722 4937 2966 5009 superius
2996 4934 3270 5004 diximus)
3308 4935 3509 4990 subau-

1924 5030 2178 5087 diendum
2198 5072 2213 5099 ,
2244 5031 2537 5100 suscipient
2568 5043 2681 5085 vos.
2715 5028 2906 5083 Penno:
2926 5026 3229 5097 signiﬁcant
3250 5026 3511 5082 celerita-

1896 5172 1897 5175 η
1925 5131 2031 5178 tem
2053 5167 2067 5189 ,
2099 5139 2217 5195 quae
2239 5137 2338 5179 nos
2361 5123 2412 5178 in
2437 5123 2578 5177 illam
2602 5122 2827 5192 patriam
2854 5120 3056 5175 ducunt
3078 5162 3093 5185 ,
3121 5121 3165 5177 si
3194 5119 3280 5176 hic
3307 5120 3361 5175 in
3390 5120 3509 5191 lege

1927 5215 2140 5270 Domini
2178 5215 2457 5283 quiescere
2497 5227 2817 5270 mereamur.
2865 5212 3127 5268 Columba:
3165 5214 3511 5285 deargentatte

1928 5306 2223 5363 Ecclesium
2262 5306 2581 5375 signiﬁcant,
2613 5319 2730 5374 qure
2761 5304 2953 5359 merito
2981 5305 3214 5359 columba
3265 5304 3514 5375 deat-gen-

1929 5405 2037 5451 tata
2065 5396 2276 5460 dicitur,
2307 5396 2429 5465 quia
2459 5393 2820 5450 innocentiam
2849 5395 3007 5449 habet
3033 5395 3282 5449 columba:
3303 5440 3317 5464 ,
3349 5405 3402 5448 et
3431 5393 3516 5449 di-

1935 5493 2073 5549 vinis
2117 5491 2343 5561 eloquiis
2383 5498 2636 5559 argenteo
2682 5489 2864 5545 colore
2906 5488 3253 5559 resplendet;
3299 5489 3366 5543 de
3405 5504 3508 5558 qua

1933 5584 2189 5655 scriptum
2230 5592 2313 5639 est
2344 5602 2355 5637 :
2404 5583 2520 5639 Una
2544 5593 2616 5638 est
2648 5582 2878 5638 columba
2909 5599 3048 5649 mea,
3082 5599 3185 5636 una
3215 5590 3288 5636 est
3332 5582 3516 5635 dilecta

1934 5694 2045 5732 utea
2078 5676 2252 5749 (Cant.
2280 5692 2368 5743 vt,
2392 5674 2468 5746 8).
2502 5674 2669 5745 llujus
2696 5674 2944 5729 columbae
2978 5673 3294 5744 posteriora,
3342 5670 3393 5723 id
3433 5678 3516 5723 est

1935 5766 2153 5833 ultima,
2202 5766 2254 5820 in
2294 5767 2457 5837 specie
2498 5767 2614 5819 auri
2651 5765 2943 5820 elarilicata
2994 5762 3358 5832 reSplendent,
3389 5755 3512 5824 quia

1939 5866 2222 5930 postquam
2264 5858 2330 5915 de
2370 5860 2471 5915 hoc
2510 5857 2709 5915 mundo
2752 5856 3095 5919 discesserit,
3138 5864 3293 5920 supra
3325 5862 3512 5903 aurum
