4020 6348
497 411 600 480 e'c't
1279 434 1293 441 -
1738 421 1806 479 ιι.
1843 419 2074 508 ιυιιιιι.

2189 420 2556 479 ΞΑΞΞΙΟΒΟΝ
3251 476 3259 483 ,
3675 413 3810 476 ιϐῧ

506 515 626 589 stus
653 515 824 590 gratia
851 507 1128 577 relucehit.
1161 517 1227 575 Et
1255 517 1465 590 respice
1493 518 1636 590 quod
1667 517 1719 573 in
1750 517 1853 574 hoc
1880 515 2079 572 mundo
2104 519 2156 580 Α
2184 517 2381 572 bonum
2424 515 2684 586 creditur,
2733 515 2788 572 in
2831 515 3026 574 montis
3066 513 3220 573 istius
3256 521 3336 571 cst
3361 513 3531 587 gratia
3555 513 3810 572 comi-

499 609 723 689 argento
762 611 1072 688 Comparala
1113 625 1240 674 est:
1275 617 1330 674 in
1369 615 1462 673 illa
1501 631 1636 674 vero
1679 616 2075 674 resurrectione
2181 609 2392 665 lutum!

491 709 613 768 auri
640 711 757 766 sam
789 713 972 782 specie
1004 710 1130 766 dicit
1159 711 1452 767 ornandam
1478 752 1493 778 ,
1525 711 1665 766 sicut
1694 711 1746 766 in
1778 708 2074 780 quadrage-
2249 698 2405 755 Vers-
2450 699 2536 756 l8.
2580 697 2774 770 thuid
2811 701 3078 771 suscepisti
3115 699 3278 773 [ed.,
3326 701 3596 773 suscepisti
3647 697 3812 772 nos]

495 797 634 859 siino
663 805 850 874 quarto
881 801 1084 874 psalmo
1109 799 1222 873 iam
1250 802 1450 858 dictum
1479 812 1564 858 est
1589 820 1601 856 :
1634 803 1808 858 Astitit
1836 803 2014 874 regina
2043 820 2077 858 a
2180 805 2374 849 montes
2404 793 2578 848 uberes
2602 793 2626 848 ?
2650 809 2796 849 mons
2824 796 2877 848 in
2904 810 3004 866 quo
3035 793 3400 866 beneplacitum
3426 804 3497 848 est
3528 794 3658 849 Deo
3695 791 3812 845 hac

495 893 688 950 deslris
717 895 815 948 tuis
845 895 899 948 in
927 895 1109 949 uestitu
1137 894 1404 961 deaurato,
1433 895 1816 950 circumamicta
1839 893 2079 950 varietate
2180 887 2340 943 bitarc
2376 889 2429 943 in
2456 906 2536 944 eo.
2578 888 2718 945 Dixit
2757 889 3002 961 superius
3041 887 3262 964 montem
3299 887 3496 946 debere
3535 887 3811 957 intelligi

495 987 669 1059 (Ps'al.
699 989 843 1056 ituv,
875 987 990 1059 l0).
2181 979 2466 1040 Dominum
2510 981 2886 1050 Salvatorem;
2927 983 3022 1038 sed
3063 997 3205 1038 nunc
3244 982 3586 1053 reprehendit
3659 995 3812 1050 pro-

2179 1078 2339 1147 pheta
2364 1120 2378 1147 ,
2411 1093 2478 1134 ne
2507 1078 2626 1148 quis
2657 1077 2852 1134 debeat
2888 1086 3085 1132 montes
3128 1076 3263 1132 istos
3303 1075 3606 1146 intelligere
3637 1113 3658 1140 ,
3697 1075 3808 1144 qui

2178 1161 2543 1240 apostolorum
2597 1163 2904 1224 eminentia:
2957 1175 3370 1236 comparantur,
3421 1163 3694 1236 quamvis
3744 1172 3809 1218 et

2179 1259 2326 1332 ipsos
2355 1275 2450 1330 per
2482 1259 2574 1316 Dei
2605 1261 2829 1333 gratiam
2860 1258 3037 1314 uberes
3061 1272 3184 1316 esse
3207 1271 3508 1313 noscamus.
3539 1252 3806 1312 Addidit

2179 1351 2320 1409 enim
2344 1394 2360 1420 ,
2394 1369 2535 1407 mons
2565 1353 2618 1406 in
2644 1368 2740 1422 quo
2771 1351 3140 1420 beneplacilum
3169 1360 3243 1406 est
3285 1347 3394 1404 Deo
3437 1349 3696 1404 habitare
3743 1350 3808 1402 ἱιι

2179 1461 2258 1500 eo.
2299 1443 2407 1500 Sed
2446 1460 2606 1515 quem
2659 1454 2880 1498 montem
2929 1441 3248 1499 deberemus
3284 1441 3608 1508 advertere,
3671 1441 3808 1496 evi-

2179 1532 2374 1614 denter
2403 1535 2668 1606 designat.
2705 1533 2949 1590 Christus
2977 1543 3060 1590 est
3100 1531 3245 1612 enim
3283 1533 3431 1590 solus
3472 1533 3804 1608 monquui

702 1619 1030 1700 .‘n‘fwwqu"
1057 1619 1341 1666 Ρ⁰¹¹ι¹¹¹¹⁵⁶²⁵
1361 1640 1374 1663 ’
1408 1619 1916 1700 ν⁰¹η¹⁵⁴ξ²¹⁰τ¹ε¹¹ί¹θ¹θ³
1936 1637 1951 1663 ν
1983 1619 2077 1668 Ψ¹¹
2180 1623 2327 1680 Patri
2356 1626 2710 1696 complacuit,
2747 1634 2803 1679 ut
2834 1627 2884 1680 in
2917 1623 3106 1681 eodem
3138 1619 3444 1692 habitaret;
3475 1624 3630 1681 sicut
3663 1623 3806 1695 ipse

496 1687 844 1786 pmbabililfr
872 1701 1061 1758 regem
1089 1700 1440 1786 corpora_s“a
1470 1687 1654 1743 (“Vino
1696 1689 1921 1786 "iugere
1965 1703 2078 1786 "ie'f
2180 1726 2442 1772 testatur:
2473 1687 2578 1771 ilic
2614 1687 2890 1771 est'Filius
2931 1733 3069 1771 meus
3111 1715 3361 1784 dilectus,
3493 1732 3602 1786 quo
3649 1687 3808 1770 miihi

494 1793 740 1840 ruerunt.
781 1782 896 1839 Rex
924 1795 1054 1854 ergo
1081 1797 1111 1837 a
1142 1781 1376 1854 regendo
1404 1793 1622 1838 vocatus
1651 1793 1754 1839 est.
1788 1783 1854 1839 Et
1882 1783 2076 1840 merito'

2189 1808 2302 1864 bene
2343 1809 2629 1880 complacui
2671 1805 2903 1880 (Matth.
2937 1823 3027 1874 ιιι,
3054 1803 3182 1879 17).
3228 1781 3360 1861 Nam
3406 1781 3551 1876 quod
3593 1805 3758 1861 dicit
3783 1823 3802 1859 :

431 1889 436 1893 ·
494 1877 599 1933 hoe
633 1878 736 1933 illis
764 1889 960 1932 nomen
993 1877 1299 1946 impositum
1332 1881 1446 1943 est,
1477 1877 1564 1946 Qui
1607 1876 1929 1946 cupiditates
1971 1893 2073 1933 δειε-
2178 1895 2430 1954 Ηαθίιατε
2457 1876 2519 1952 ’δη
2558 1915 2650 1963 ρο,
2682 1876 2743 1954 ἐι
2784 1897 2960 1963 patri,
3006 1906 3062 1952 ει
3101 1876 3238 1952 ιιίίιίο
3282 1906 3572 1966 utrumque
3621 1911 3802 1952 com-

496 1972 602 2028 culi
631 1972 907 2029 refrenare
933 1971 1111 2028 divina
1161 1969 1358 2028 virtute
1397 1979 1702 2063 potuerunt,
1752 1971 1890 2027 sicut
1930 1971 2074 2042 Apo-
2180 2007 2344 2048 mune
2368 1991 2452 2047 est
2477 2009 2491 2056 ;
2521 1991 2661 2046 sicut
2690 1991 2802 2063 ipse
2831 1991 2882 2046 in
2916 1989 3204 2062 Evangelio
3235 1989 3364 2045 die“
3390 2007 3401 2042 ε
3432 1989 3550 2060 Ego
3578 1990 3637 2043 ξπ
3677 1987 3805 2043 pa.

498 2064 672 2120 stolus
697 2064 955 2136 quosdam
983 2064 1264 2134 increpans
1293 2063 1462 2119 dicit:
1490 2061 1617 2119 Sine
1638 2063 1783 2118 nobis
1811 2067 2071 2135 regnatis,
2180 2095 2254 2140 ηε
2277 2127 2292 2152 ,
2330 2096 2378 2139 ει
2423 2081 2574 2138 pum
2613 2085 2664 2138 ίη
2705 2061 2784 2137 ,ne
2821 2093 2892 2138 es,
2937 2085 2954 2155 (
2973 2061 3127 2138 Joa'n.
3155 2098 3264 2150 xw,
3293 2081 3418 2154 ιο).
3473 2065 3617 2138 cum
3650 2096 3804 2152 ergo

493 2165 542 2212 et
567 2158 766 2211 utinam
796 2156 1116 2227 regnantis;
1145 2165 1202 2209 ut
1231 2163 1278 2210 et
1309 2171 1402 2210 nos
1439 2155 1695 2211 vobiscum
1736 2171 2078 2226 conregnare-

2189 2175 2342 2243 dicit,
2388 2175 2442 2230 in
2469 2182 2568 2246 quo
2597 2173 2968 2242 beneplacitum
2994 2184 3066 2228 est
3095 2173 3204 2228 Deo
3233 2172 3458 2228 habitare
3483 2173 3542 2226 in
3573 2189 3664 2240 eo,
3733 2173 3799 2227 in

499 2263 615 2303 mus
645 2247 701 2321 (1
716 2246 835 2304 Cor.
859 2264 928 2316 tv,
950 2248 1028 2318 8).
1056 2248 1164 2303 Hos
1189 2261 1316 2319 ergo
1345 2263 1484 2319 reges
1511 2247 1636 2302 dum
1665 2261 1817 2318 super
1845 2263 1957 2300 eam
1987 2261 2078 2301 c0-

2189 2281 2280 2333 quo
2303 2311 2315 2334 ,
2351 2275 2406 2322 et
2435 2268 2487 2320 in
2516 2282 2576 2320 eo
2601 2312 2616 2336 ,
2651 2267 2772 2336 quia
2800 2259 3068 2321 communi
3101 2266 3294 2336 linguas
3332 2280 3438 2320 non
3475 2265 3760 2322 convenit
3780 2303 3800 2336 ,

496 2340 734 2398 lumbam
763 2355 922 2413 quam
963 2341 1207 2411 superius
1245 2341 1416 2408 dixit,
1460 2339 1701 2394 discernit
1738 2339 2079 2396 concorditer
2181 2363 2458 2432 proprium
2492 2360 2593 2416 hoc
2625 2361 2914 2430 Scriptum}
2943 2360 3138 2415 divinae
3167 2373 3286 2415 esse
3325 2353 3605 2426 dicamus;
3639 2361 3802 2415 sic."

496 2434 756 2491 Dominus
785 2444 946 2506 atque
973 2434 1278 2503 distribuit,
1311 2449 1469 2504 super
1507 2435 1674 2489 nivem
1711 2434 2080 2490 dealbabuntur
2183 2464 2238 2510 ει
2275 2457 2329 2510 in
2368 2453 2704 2526 sexagesimo
2743 2455 2932 2524 quin“,
2972 2452 3182 2525 psalmo
3219 2450 3355 2508 dixit
3382 2468 3399 2508 ε
3431 2451 3512 2507 ηε
3536 2492 3555 2519 ,
3601 2453 3663 2507 δη
3705 2453 3800 2507 id-

496 2529 554 2584 in
590 2528 835 2596 Selmon,
865 2529 920 2584 id
949 2537 1033 2585 est
1061 2543 1221 2599 supra
1251 2528 1538 2584 candorem
1569 2527 1706 2582 nivis
1735 2527 2076 2596 elucescunt,

505 2620 596 2691 qui
636 2619 933 2676 Ecclesium
975 2634 1162 2690 regere
1202 2618 1433 2674 ﬁdeliter
1478 2629 1638 2689 atque
1686 2617 1932 2674 ordinare
1983 2631 2083 2674 no-

504 2723 746 2773 scuntur.
775 2713 930 2785 Quod
961 2723 1137 2772 autem
1170 2714 1371 2771 dictum
1412 2722 1494 2770 est
1519 2715 1574 2770 in
1603 2712 1814 2771 Selmon
1836 2754 1853 2782 ,
1885 2729 2082 2770 nomen

567 1129 722 1204 Ἴθι-ι.
766 1129 854 1187 16.
896 1129 1038 1185 Dum
1073 1130 1317 1185 discernit
1353 1131 1568 1186 celestis
1605 1146 1746 1203 reges
1783 1147 1936 1204 super
1973 1139 2076 1187 ter-

493 1202 640 1292 ram,
671 1226 786 1281 niue
807 1223 1189 1280 dealbabuntur
1211 1226 1266 1279 in
1292 1223 1526 1281 Selmon.
1556 1202 1682 1281 Post
1707 1202 2077 1296 diapsalmatis

493 1316 797 1381 silentium,
834 1317 981 1371 venit
1006 1316 1074 1371 ad
1116 1316 1307 1386 psalmi
1350 1317 1567 1372 tertium
1609 1317 1939 1383 membrum,
1977 1317 2073 1374 ubi

492 1418 776 1468 enumerat
803 1409 946 1466 dona
975 1423 1094 1480 quae
1125 1409 1408 1465 contulerit
1436 1407 1694 1465 Ecclesiae
1723 1409 2076 1465 resurrectio-

493 1505 580 1560 nis
617 1505 789 1573 gloria
828 1503 1127 1559 contrihuta
1171 1501 1450 1559 Dominus.
1495 1501 1726 1559 Caelestis
1763 1519 1908 1575 reges
1951 1511 2078 1560 sunt

492 1597 725 1666 apostoli
753 1595 1030 1665 sanctique
1055 1594 1341 1666 pontiﬁces
1361 1640 1374 1663 ,
1406 1595 1492 1651 vel
1521 1597 1699 1651 ctetcri
1731 1595 1916 1652 ﬁdeles
1936 1637 1951 1663 ,
1983 1595 2077 1668 qui

2181 2550 2351 2621 ipsum
2383 2546 2552 2618 (Psal.
2577 2562 2696 2615 LXV,
2726 2545 2805 2618 6).

2263 2664 2416 2720 Vers.
2463 2663 2549 2718 19.
2601 2659 2803 2716 Etenim
2847 2659 3097 2716 Dominus
3134 2658 3379 2714 habitabit
3413 2674 3573 2729 usque
3615 2659 3672 2712 in
3719 2659 3798 2728 ﬁ-

1135 2749 1494 2820 [“.“”“¹“’-ῗ⁰’
1521 2749 1574 2770 ”’
1603 2749 1853 2820 ”⁶”ἶ’“ἷ”’
1885 2749 2082 2820 ’³”“’“²’ῗ
2186 2773 2322 2812 nem.
2377 2755 2504 2810 Post
2558 2753 2677 2810 illos
2723 2761 2932 2808 montes
2977 2767 3110 2820 quos
3157 2751 3367 2808 dixerat
3415 2765 3521 2806 non
3569 2749 3800 2808 debere

504 2767 746 2824 "TW"
783 2767 930 2821 "T'
962 2767 1147 2820 ’“’““’.
1176 2767 1370 2771 "mm
1604 2767 1663 2771 ψ
1699 2767 1721 2768 "
1756 2767 1774 2820 ‘.
1804 2767 1807 2768 ⁷
1837 2767 1853 2782 '
2186 2773 2322 2812 nem.
2377 2767 2504 2810 Poet
2558 2767 2677 2810 Illos
2723 2767 2932 2808 montes
3015 2767 3110 2807 uos
3157 2767 3367 2808 uixerat
3415 2767 3521 2806 non
3569 2767 3798 2808 uenere

687 2807 1546 2917 IP99“?
2189 2845 2446 2917 intelligi,
2500 2845 2589 2913 qui
2636 2767 3010 2915 apostoloruttil
3039 2843 3344 2900 eminentia:
3388 2851 3798 2912 comparantur

498 2900 674 3008 divina
699 2904 874 3008 .virt'u‘s
899 2899 1236 3008 intelligitur:
1264 2899 1382 2968 Ipsa
1408 2897 1551 3008 etaim
1579 2898 1647 3008 ab
1675 2898 2084 3008 mstu’vitiorum
2506 2897 2759 2990 ‘ﬁ'omi‘n'd’
2777 2897 2783 2898 “
3149 2897 3483 3005 laqueatum
3513 2897 3635 3005 “qui
3680 2897 3798 2990 εει

501 2949 674 3006 “_"““
899 2949 1235 3006 """"°"“';
1266 2949 1382 2968 ’τη
1413 2949 1551 3004 '"j"
1581 2949 1641 2953 η
1677 2949 1805 3003 "j'"
2190 2949 2353 3010 (quia
2407 2949 2474 2992 ae
2529 2949 2757 2990 Domino
2814 2949 3094 2991 salvatore
3150 2949 3483 3005 loquebatur,
3537 2951 3574 3005 q

499 3007 598 3048 nos
628 2993 863 3050 defendit
884 3005 946 3048 ae
973 2992 1181 3048 reﬁcltf
1213 3003 1326 3062 ipsa
1353 2991 1508 3046 nobis
1535 2991 1774 3047 cmlestta
1797 2990 1936 3045 dona
1963 3004 2086 3045 con-
2194 3021 2348 3062 im“
2377 3026 2638 3062 Μηηηηη,
2710 3035 2758 3062 η,
2800 3034 3014 3062 “non”
3054 3035 3354 3062 “nmmum
3439 3036 3489 3062 ρ,
3531 3023 3572 3062 η

501 3023 598 3048 ιιυθ
628 3023 863 3050 υσιῦιιυιι
884 3023 946 3048 δυ
973 3023 1146 3048 ιϋιιυιι
1173 3035 1177 3039 ι
1215 3023 1326 3062 ιγθα
1353 3023 1508 3046 ιιυυιδ
1535 3023 1774 3047 υωισδιια
1797 3023 1936 3045 υυιιιι
1963 3023 2080 3045 ιιυιι·

501 3083 666 3153 cedit,
699 3085 836 3139 sicut
867 3093 1065 3139 Sanctia
1094 3083 1271 3139 Mariae
1301 3081 1520 3154 angelus
1542 3082 1876 3137 a'nnuutiavit
1916 3099 1933 3137 :
1967 3081 2080 3154 Spi-

2193 3043 2350 3084 mons
2377 3026 2676 3093 montium,
2709 3035 2762 3081 et
2799 3034 3014 3082 sanctus
3053 3035 3398 3090 sanctorum,
3439 3036 3494 3080 et
3531 3023 3650 3080 Rex
3693 3041 3798 3080 re-

2193 3136 2316 3194 gum
2338 3162 2354 3187 ,
2384 3129 2439 3177 et
2482 3120 2739 3177 Dominus
2775 3119 3252 3195 dominantium),
3295 3117 3438 3174 redit
3473 3117 3537 3174 ad
3579 3119 3796 3175 salutis

500 3182 634 3281 "in"
661 3177 1353 3281 imiimi.iupfnmmji
1402 3185 1480 3246 ’θ’
1537 3176 1794 3281 ciuilia“:
1839 3175 2090 3281 fuﬁ'ssfmi
2193 3175 2486 3270 hector-em
2535 3175 2750 3281 dicens,
2801 3211 3071 3268 montibus
3115 3175 3256 3277 illis,
3297 3209 3350 3266 id
3391 3217 3476 3268 est
3511 3211 3794 3280 apostolis

503 3273 820 3328 obumbr'abit
858 3273 949 3327 tibi
983 3271 1155 3340 (Luc.
1180 3289 1195 3328 ι
1217 3315 1231 3339 ,
1255 3273 1360 3342 55)
1391 3290 1405 3338 ;
1450 3280 1504 3327 et
1543 3266 1668 3327 alibi
1698 3285 1712 3328 :

498 3364 704 3419 alarum
745 3374 949 3420 tuarum
977 3373 1183 3437 protege
1212 3382 1290 3420 me
1319 3366 1339 3437 (
1367 3363 1512 3421 Psal.
1548 3379 1670 3434 1m,
1698 3364 1796 3436 9).
1841 3365 1964 3422 llaec
2002 3375 2087 3424 est

501 3459 690 3516 umbra
721 3473 839 3530 que
868 3460 923 3516 in
949 3459 1091 3515 bono
1115 3460 1348 3529 ponitur.
1379 3459 1622 3530 Denique
1647 3459 1859 3516 laudem
1888 3461 2085 3518 montis

509 3550 756 3621 sequenti
781 3565 939 3606 versu
965 3549 1208 3606 dicturus
1235 3558 1337 3607 est.
1368 3550 1756 3620 Dealbabuntur
1782 3561 1963 3608 autem
1993 3567 2088 3624 po-

508 3643 652 3698 nitur
677 3643 815 3700 etin
846 3643 1026 3710 malo;
1065 3643 1203 3700 sicut
1241 3643 1296 3698 in
1335 3644 1559 3700 Actibus
1596 3643 1962 3715 apostolorum
2004 3648 2082 3702 le-

503 3735 678 3806 gitur:
721 3733 978 3791 Percutiet
1021 3745 1068 3792 te
1109 3736 1394 3806 Dominus,
1438 3738 1608 3809 paries
1649 3737 1882 3794 dealbate
1919 3739 2081 3811 (Act.

502 3837 670 3896 χχιιι,
700 3827 734 3882 5
757 3827 818 3900 );
851 3827 954 3884 hoc
979 3837 1033 3884 et
1061 3827 1412 3897 Bvangelium
1452 3843 1665 3900 quoque
1695 3839 1922 3886 teStatur
1948 3849 1960 3884 :
1995 3831 2086 3886 Si-

499 3919 646 3974 miles
669 3921 790 3976 estis
816 3922 1152 3979 monumentis
1186 3923 1453 3990 dealbatis,
1485 3939 1600 3995 qua:
1628 3925 1779 3995 plena
1807 3934 1924 3980 sunt
1955 3925 2086 3980 ossi-

500 4016 590 4072 bus
617 4025 933 4073 mortuorum
962 4017 1175 4077 (Matth.
1202 4034 1330 4075 χχιιι
1394 4017 1510 4090 27).

578 4159 724 4216 Vers.
758 4162 846 4215 i7.
880 4161 1106 4217 Montem
1131 4160 1232 4216 Dei
1258 4171 1479 4218 montem
1509 4162 1753 4228 uberem;
1785 4177 1930 4216 mons
1955 4177 2083 4216 coa-

503 4250 739 4322 gulatus,
769 4254 929 4324 222
969 4269 1116 4308 mons
1155 4253 1380 4324 pinguis.
1421 4254 1525 4309 Per
1562 4253 1806 4324 quintam
1847 4255 2082 4324 speciem

503 4346 856 4414 deﬁnitionis,
886 4363 1004 4417 quae
1028 4347 1214 4406 Graece
1237 4353 1368 4408 κατὰ
1388 4357 1480 4411 τήν
1503 4352 1628 4416 λέξιν
1645 4392 1659 4418 ,
1685 4351 1871 4408 Latine
1889 4353 1954 4407 ad
1974 4367 2088 4408 ver-

504 4438 630 4494 bum
660 4437 874 4507 dicitur,
906 4442 1125 4512 exponit
1153 4443 1410 4513 propheta
1437 4446 1556 4514 quis
1581 4445 1652 4500 sit
1675 4460 1818 4500 mons
1849 4446 1941 4501 ille
1967 4446 2086 4503 Sel-

503 4547 656 4600 mon,
686 4547 848 4604 quem
885 4532 1134 4603 superius
1171 4534 1344 4602 dixit;
1383 4549 1448 4590 ac
1483 4536 1529 4590 si
1567 4535 1769 4592 diceret
1799 4553 1812 4590 :
1856 4536 2084 4592 Montem

501 4622 657 4692 dico,
688 4624 742 4680 id
781 4634 865 4682 est
906 4626 1079 4697 ipsum
1123 4626 1406 4683 Dominum
1452 4626 1820 4698 Salvatorem,
1869 4629 1936 4686 de
1977 4645 2084 4700 quo

501 4705 666 4771 lsaﬂs
721 4716 978 4788 propheta
1027 4718 1264 4776 cecinit:
1304 4717 1423 4773 Erit
1463 4719 1518 4774 in
1570 4718 1858 4774 novissimis
1904 4719 2080 4776 diebus

500 4817 820 4876 praeparatus
861 4824 1008 4864 mons
1033 4809 1212 4864 domus
1241 4807 1450 4864 Domini
1493 4809 1546 4864 in
1582 4811 1766 4865 uertice
1801 4811 2079 4879 montium,

501 4902 548 4947 et
594 4879 866 4952 elevabitur
911 4915 1065 4972 super
1107 4899 1264 4956 colles
1285 4941 1302 4967 ,
1351 4909 1402 4956 et
1447 4900 1593 4956 ibunt
1639 4902 1710 4956 ad
1751 4919 1866 4957 eum
1907 4919 2081 4960 omnes

409 5065 420 5076 ἢ
501 4997 673 5060 gentes
717 4988 884 5063 (lsai.
910 4993 1104 5064 11,2).
1153 4994 1411 5064 Addidit,
1463 5006 1682 5052 montem
1725 4999 1961 5066 uberem,
2007 5017 2075 5057 ex

503 5093 607 5149 quo
663 5092 911 5152 perpetua
968 5095 1024 5142 et
1076 5088 1266 5144 suavia
1315 5087 1512 5146 ﬂuenta
1565 5089 1933 5163 descendunt,
1986 5094 2079 5166 qui

502 5188 668 5244 aquas
699 5173 860 5234 habet
888 5178 1151 5249 irriguas,
1185 5191 1240 5238 et
1267 5183 1474 5240 cmlesti
1503 5185 1770 5242 suavitate
1809 5186 2073 5243 conditas.

501 5262 786 5340 Subjungit
804 5309 821 5338 ,
851 5284 994 5325 mons
1021 5273 1322 5344 coagulatus
1343 5313 1360 5342 ,
1389 5275 1598 5334 scilicet
1633 5285 1856 5348 propter
1882 5293 2080 5349 parvu-

503 5359 586 5416 los
626 5363 970 5420 enutriendos
991 5403 1009 5430 ,
1048 5365 1140 5436 qui
1167 5381 1274 5424 non
1303 5383 1425 5426 esca
1454 5369 1766 5440 corpulenta
1784 5412 1800 5438 ,
1833 5371 1926 5428 sed
1956 5385 2082 5428 coa-

501 5453 682 5524 gulato
710 5455 848 5513 lacte
878 5458 1268 5527 potandi-sunt.
1298 5460 1516 5518 Addidit
1555 5461 1714 5518 etiam
1739 5503 1753 5527 ,
1785 5479 1928 5518 mons
1959 5464 2078 5536 pin-

500 5549 644 5620 guis,
685 5551 811 5620 quia
860 5552 1133 5610 fertilitate
1168 5569 1266 5610 sua
1302 5569 1516 5627 semper
1554 5556 1856 5630 uberrimus
1891 5567 1995 5614 est.
2035 5558 2079 5614 0

429 5717 438 5724 ἰ
499 5655 657 5699 mons
688 5643 920 5702 breviter
947 5647 1165 5717 quidem
1198 5648 1478 5716 laudatus,
1513 5649 1609 5706 sed
1650 5650 1948 5707 emlestium
1992 5667 2080 5710 re-

420 5725 436 5802 ξ
500 5749 619 5790 rum
659 5739 912 5811 qualitate
949 5742 1240 5812 copiosus:
1271 5757 1337 5798 ex
1377 5757 1482 5811 quo
1520 5758 1674 5814 aquai
1713 5745 1844 5800 vivae
1882 5744 2078 5800 decur-

501 5836 665 5894 runt,
705 5827 792 5888 lac
833 5832 888 5885 in
929 5835 1268 5900 parvulorum
1310 5833 1535 5888 salutem
1578 5845 1929 5905 praeparatur,
1962 5837 2080 5906 pin-

499 5921 680 5993 guedo
732 5921 1025 5996 spiritualis
1077 5926 1402 5998 agnoscitur,
1457 5937 1512 5984 et
1563 5929 1818 6003 quidquid
1872 5945 2078 5989 summe

1905 3269 2087 3382 ειυτθῖίξ
2115 3282 2161 3350 C
2192 3308 2489 3370 inhabitare
2527 3308 2809 3368 Dominum
2851 3307 3116 3368 Christum
3152 3323 3311 3382 usque
3347 3305 3398 3364 in
3429 3307 3582 3380 ﬁnem
3603 3323 3634 3375 ἶ
3667 3307 3796 3367 sei-

2191 3407 2319 3462 licet
2347 3421 2515 3477 usque
2543 3404 2610 3460 ad
2640 3405 2934 3476 majestatis
2965 3420 3076 3460 suas
3105 3403 3550 3475 perfectissimum
3580 3403 3796 3458 termi-

2190 3514 2356 3567 num,
2387 3497 2593 3569 quiest
2630 3497 2750 3553 ﬁnis
2790 3497 2906 3554 sine
2941 3496 3082 3565 (ine,
3127 3505 3182 3554 et
3219 3496 3482 3552 honorum
3525 3495 3788 3552 omnium

2191 3591 2424 3663 perfecta
2455 3589 2752 3662 plenitudo.

2259 3704 2414 3760 νει-8.
2453 3704 2545 3760 20.
2588 3703 2779 3759 Curras
2828 3701 2922 3756 Dei
2970 3702 3142 3757 decem
3187 3701 3408 3756 millium
3456 3700 3785 3772 mut'tiples,

2190 3795 2354 3850 millia
2383 3796 2666 3850 ltetantium
2691 3811 2709 3849 :
2742 3793 2988 3850 Dominus
3017 3794 3069 3848 in
3099 3792 3206 3849 illis
3235 3794 3290 3848 in
3319 3793 3451 3850 Sina
3477 3795 3532 3848 in
3560 3803 3780 3850 sancto.

2189 3890 2534 3946 Consuetudo
2579 3900 2660 3946 est
2697 3889 2986 3960 Scriptura:
3026 3890 3220 3946 divinas
3258 3889 3542 3960 allegorice
3577 3890 3783 3960 loqui,

2191 3990 2250 4039 ut
2299 3996 2420 4038 cum
2460 3981 2604 4038 aliud
2643 3983 2819 4050 dicat,
2860 3982 3002 4037 aliud
3041 3983 3171 4038 velit
3209 3983 3430 4054 intelligi
3463 4001 3478 4046 ;
3532 3981 3674 4052 quod
3711 3981 3780 4036 in

2193 4075 2295 4132 hoc
2324 4075 2530 4144 psalmo
2559 4076 2791 4146 positum
2830 4075 3140 4146 frequenter
3177 4076 3441 4133 invenies.
3487 4075 3642 4132 Unde
3680 4074 3784 4130 hic

2193 4184 2372 4222 currus
2403 4168 2732 4240 signiﬁcatur
2781 4166 3058 4223 hominum
3093 4166 3279 4240 juncta
3316 4167 3606 4237 copulatio,
3639 4166 3772 4237 quia

2189 4259 2266 4316 ita
2297 4269 2512 4317 sanctos
2537 4261 2770 4316 charitas
2799 4260 2964 4315 vincit
2986 4301 3002 4328 ,
3032 4261 3170 4316 sicut
3209 4261 3336 4316 loris
3375 4269 3431 4316 et
3465 4259 3608 4332 jugis
3650 4259 3778 4312 ani-

2191 4354 2352 4410 malia
2378 4355 2665 4409 sociantur.
2693 4352 2845 4408 Unde
2871 4361 2926 4409 et
2953 4352 3205 4409 Dominus
3232 4353 3305 4408 ait
3333 4370 3348 4407 :
3379 4349 3573 4421 Iugum
3601 4365 3776 4403 meum

2192 4457 2344 4503 suave
2367 4455 2478 4513 est,
2511 4456 2559 4501 et
2583 4461 2712 4500 onus
2734 4461 2873 4500 meus
2899 4443 3005 4500 leve
3030 4454 3104 4499 est
3127 4444 3342 4514 (Matth.
3369 4455 3422 4497 χι
3442 4482 3458 4510 ,
3486 4441 3602 4512 50).
3634 4443 3777 4497 San-

2192 4549 2401 4597 ctorum
2451 4554 2579 4608 ergo
2625 4538 2942 4594 unanimitas
2975 4551 3157 4592 currus
3195 4543 3279 4592 est
3315 4534 3565 4603 Domini,
3606 4547 3774 4605 quem

2149 4671 2163 4702 λ
2192 4633 2280 4690 ille
2307 4634 2453 4690 velut
2482 4632 2661 4702 auriga
2701 4629 2928 4696 insidet,
2956 4637 3010 4686 et
3045 4629 3113 4684 ad
3141 4619 3429 4686 voluntatis
3456 4637 3571 4684 sum
3610 4628 3777 4682 mini-

2187 4727 2406 4783 sterium
2429 4725 2642 4782 salutari
2666 4724 2784 4791 lege
2808 4722 3131 4778 moderatur.
3156 4721 3262 4778 Sed
3288 4730 3346 4777 ut
3370 4721 3530 4778 istum
3559 4735 3772 4776 currum

2187 4819 2498 4876 ostenderet
2524 4832 2629 4884 non
2663 4814 2816 4887 equis
2844 4814 3082 4871 deditum
3103 4854 3119 4883 ,
3149 4813 3243 4869 sed
3276 4812 3524 4868 humanis
3554 4813 3765 4885 cogita-

2185 4909 2421 4966 tionibus
2449 4909 2762 4964 attributum
2783 4951 2799 4976 ,
2845 4907 2952 4976 ait,
2987 4907 3156 4961 decem
3193 4903 3414 4960 millium
3448 4903 3727 4975 multiplex
3751 4945 3766 4966 .

2183 5003 2326 5075 quod
2375 5003 2514 5058 bene
2558 4999 2628 5055 ad
2671 5000 2980 5055 innumeros
3028 4997 3283 5069 populos,
3336 5012 3442 5053 non
3487 4996 3557 5052 ad
3598 5011 3769 5066 equos

2129 5137 2138 5146 .
2184 5096 2426 5153 noscitur
2479 5093 2770 5165 pertinere.
2825 5090 3110 5160 Subiunxit
3137 5130 3153 5157 ,
3206 5088 3372 5143 millia
3425 5090 3762 5148 (celantium.

2183 5186 2327 5257 quod
2358 5185 2539 5257 utique
2563 5184 2632 5240 de
2660 5182 2905 5239 ﬁdelibus
2930 5182 3090 5238 debet
3119 5179 3363 5250 intelligi.
3397 5179 3464 5235 Et
3491 5187 3551 5235 ut
3576 5187 3767 5235 osten-

2184 5281 2401 5336 deretur
2432 5277 2632 5334 laetitia:
2661 5274 2964 5347 plenitudo,
2995 5273 3102 5342 ait,
3137 5270 3389 5328 Dominus
3416 5273 3470 5327 in
3495 5272 3603 5327 illis
3622 5313 3639 5342 ,
3669 5273 3764 5342 qui

2185 5385 2392 5444 magnae
2420 5369 2790 5429 exsultationis
2819 5377 2903 5426 est
2929 5368 3212 5436 cumulus,
3246 5375 3300 5422 et
3339 5365 3603 5422 bonorum
3644 5379 3764 5421 om-

2184 5467 2335 5524 nium
2364 5463 2592 5522 dulcedo
2622 5462 2900 5520 mirabilis.
2931 5459 3207 5530 Sequitur,
3235 5459 3291 5513 in
3321 5457 3455 5515 Sina
3481 5459 3538 5512 in
3563 5465 3764 5513 sancto.

2185 5559 2316 5617 Sina
2346 5573 2499 5614 mons
2527 5566 2607 5614 est
2636 5555 2835 5613 deserti
2867 5554 2919 5608 itu
2950 5569 3056 5623 quo
3087 5553 3296 5624 Moyses
3328 5551 3500 5621 legem
3532 5550 3764 5620 accepit,

2180 5653 2669 5721 interpretaturque
2713 5647 3062 5712 mandatum,
3117 5645 3208 5700 ubi
3260 5658 3447 5700 revera
3502 5642 3766 5698 Dominus

2179 5744 2500 5814 requiescit,
2540 5741 2796 5811 qu:miam
2839 5741 2891 5794 in
2930 5737 3128 5794 sanctis
3165 5736 3430 5793 mandatis
3465 5733 3583 5803 ejus
3624 5731 3765 5788 solet

2181 5837 2466 5908 praesentia
2509 5834 2773 5890 contueri.

2257 5927 2406 5985 Vers.
2449 5929 2536 5984 Ἡ.
2580 5927 2817 5986 Ascendit
2846 5927 2898 5983 in
2925 5927 3116 5992 altum,
3148 5924 3398 5993 captivam
3425 5920 3570 5977 duxit
3597 5919 3766 5991 capti-
