4036 6342
247 437 343 496 469

1123 422 1483 491 nxrosmu
1521 424 1583 483 lN
1623 398 2078 482 PSALTERIUM.
2120 421 2312 480 PSAL.
2352 417 2565 479 vau.

3387 413 3495 475 ιτο

246 553 457 608 nitatem.
484 545 648 615 Quam
675 545 899 615 pulchre
924 560 1021 618 per
1052 546 1224 604 ideam
1257 548 1481 618 ﬁguram
1513 542 1805 611 triumpha-
1831 529 2049 603 A-dicta
2088 546 2230 593 sunt.
2273 536 2516 607 Denique
2554 534 2634 590 sic
2673 532 2937 605 sequitur,
2985 539 3037 588 et
3076 526 3291 589 Domini
3326 533 3501 590 scitus
3572 584 3575 585 ν

248 642 369 700 toris
397 648 542 695 actus
569 637 887 695 describitur
915 641 929 694 l
958 640 1077 696 ldea
1111 649 1193 697 est
1230 641 1371 696 enim
1412 641 1648 709 species,
1690 649 1809 690 cum

1912 629 2110 682 mortis.
2141 626 2325 681 Exitus
2355 626 2531 679 mortis
2557 625 2647 696 qui
2676 623 2908 680 Domino
2953 622 3087 695 fuit,
3129 624 3246 696 ipse
3284 618 3382 681 nos
3422 623 3494 680 li-

246 748 349 791 rem
398 731 627 787 futuram
664 732 810 787 velut
846 733 1016 789 oculis
1055 730 1342 789 ollcrentes
1394 704 1598 787 motum
1648 726 1813 785 animi
1912 722 2098 788 berat,
2129 719 2245 789 ipse
2274 735 2303 773 a
2336 726 2509 774 morte
2534 718 2791 788 perpetua
2820 715 2949 772 facit
2975 716 3143 772 exire.
3187 718 3338 786 Quod
3371 704 3498 789 pu'l-a

244 820 579 884 concitamus.
622 824 715 881 ille
746 826 886 893 enim
917 827 1203 884 cruciﬁxus
1242 826 1519 884 descendit
1559 826 1625 880 ad
1668 823 1812 879 inle-

245 933 363 986 ros,
406 927 459 973 et
498 916 753 974 liberatos
800 933 832 974 a
866 920 1175 1005 paptivitatc
1220 917 1467 989 perduxit
1513 918 1579 973 ad
1621 916 1812 972 eteius.

245 1011 458 1067 Necesse
504 1009 649 1066 enim
698 1011 799 1067 fuit
844 1020 1077 1068 mortem
1126 1013 1341 1081 perire,
1391 1010 1546 1081 cujus
1590 1023 1815 1079 regnum

245 1103 341 1160 vita
368 1102 618 1173 pervasit.
652 1103 778 1159 Haec
805 1113 928 1160 sunt
958 1105 1126 1176 Spolia
1156 1105 1246 1160 illa
1275 1118 1394 1177 quae
1443 1103 1691 1175 superius
1736 1102 1817 1158 di-

246 1199 348 1265 xit,
394 1196 533 1253 unde
582 1208 766 1254 sancta
812 1210 1034 1256 ornatur
1086 1200 1365 1266 Ecclesia,
1415 1200 1557 1254 unde
1603 1196 1818 1253 Domini

246 1306 398 1361 regna
439 1290 580 1363 [ed.,
613 1291 825 1365 castra]
870 1294 1182 1364 complenda
1228 1302 1371 1349 sunt.
1418 1292 1658 1347 Ascendit
1704 1292 1819 1359 ipse

245 1385 416 1453 utique
473 1384 564 1453 qui
616 1393 834 1454 prapter
880 1401 980 1441 nos
1032 1386 1310 1443 desnendit
1354 1384 1621 1440 eruendos
1667 1383 1815 1455 [ed.,

247 1474 566 1530 erudiendos
590 1471 630 1545 l.
664 1474 730 1529 In
762 1477 955 1547 altum,
986 1475 1237 1532 videlicet
1267 1489 1426 1546 supra
1456 1476 1619 1531 caelos
1648 1474 1819 1531 caelo-

242 1582 384 1632 rum;
413 1574 467 1623 et
492 1567 639 1637 quod
666 1583 829 1639 super
852 1584 1039 1626 omnes
1065 1569 1369 1625 altitudines
1397 1577 1561 1639 atque
1586 1569 1821 1624 honores

242 1672 355 1716 esse
405 1658 766 1730 dignoscitur,
811 1660 960 1717 sedet
1004 1662 1072 1717 ad
1124 1662 1399 1718 dexteram
1448 1661 1643 1719 Patris.
1691 1662 1820 1729 Quis

243 1754 343 1824 jam
374 1752 619 1810 ﬁdelium
648 1755 716 1811 de
744 1769 997 1812 concessa
1026 1755 1276 1811 libertate
1313 1754 1550 1820 dubitet.
1591 1767 1712 1810 cum
1752 1754 1822 1809 sit

244 1847 537 1903 exstinctus
564 1848 811 1905 interitus
828 1891 844 1917 ,
877 1855 931 1905 et
958 1848 1223 1918 captivata
1248 1847 1527 1919 captivitas
1548 1848 1571 1901 l

308 1939 462 1996 Vers.
502 1939 599 1995 22.
639 1939 793 1995 Dedit
830 1940 965 1995 dona
1003 1941 1291 1996 hominibus
1318 1957 1337 1995 :
1375 1941 1557 1996 etenim
1596 1941 1680 2011 qui
1718 1954 1824 1993 non
1853 1922 1900 1991 Β
1926 1919 1982 1965 et

246 2033 447 2089 credunt
489 2033 821 2100 inhabitare,
879 2032 1127 2089 Dominus
1174 2032 1339 2091 Deus.
1390 2033 1578 2090 Adhuc
1628 2033 1683 2089 in
1734 2033 1825 2089 illa

249 2123 497 2195 triumphi
549 2124 898 2181 similitudine
946 2134 1287 2195 perseverat,
1339 2126 1552 2194 quando
1601 2126 1667 2181 ad
1721 2125 1824 2181 im-

248 2232 422 2272 mensa
449 2219 643 2289 gaudia
670 2218 985 2274 concitanda
1013 2218 1271 2274 festivitas
1298 2218 1575 2289 indicitur,
1606 2228 1662 2274 ct
1688 2219 1825 2273 dona

250 2317 587 2377 praestantur.
629 2308 781 2364 Dona
808 2309 950 2366 enim
982 2309 1195 2367 Domini
1225 2309 1443 2366 fuerunt
1479 2325 1644 2380 super
1691 2325 1826 2380 apo-

250 2403 412 2457 stolos
457 2400 690 2473 Spiritus
726 2402 897 2459 sancti
925 2417 1180 2458 concessa
1208 2404 1511 2474 magnalia;
1543 2404 1660 2457 sive
1687 2398 1827 2473 quod

253 2493 442 2549 Doctor
470 2495 708 2566 gentium
737 2495 905 2551 dicit:
944 2494 1227 2565 Unicuique
1257 2508 1427 2551 autem
1456 2507 1681 2551 nostrum
1709 2496 1830 2550 data

251 2596 318 2638 est
333 2587 503 2658 gratia
520 2590 795 2644 secundum
807 2606 1095 2646 mensuram
1108 2592 1394 2646 donationis
1411 2592 1598 2647 Christi
1614 2591 1829 2661 (Ep/tes.

251 2692 328 2745 Iv,
359 2680 456 2750 7).
490 2682 763 2751 Sequitur,
794 2683 977 2737 etenim
1005 2684 1091 2752 qui
1126 2699 1229 2737 non
1260 2687 1469 2739 credunt
1507 2686 1831 2752 inhabitare,

253 2767 503 2825 Dominus
534 2768 693 2828 Deus.
727 2768 821 2827 ilic
850 2772 1275 2828 subaudiendum
1307 2781 1390 2830 est
1410 2814 1425 2840 ,
1464 2790 1559 2829 eos
1599 2790 1831 2831 conver-

253 2858 315 2915 tit
334 2901 351 2928 ,
384 2871 445 2917 ut
474 2863 629 2919 nobis
660 2866 829 2934 possit
856 2864 1037 2920 verbis
1066 2866 1287 2936 integris
1327 2878 1576 2923 constare
1618 2879 1835 2925 senten-

254 2953 341 3008 tia.
373 2954 509 3011 Nam
552 2955 651 3022 Qui
681 2973 784 3012 non
824 2957 1037 3013 credunt
1070 2959 1389 3028 inhabitare,
1429 2960 1481 3015 id
1521 2971 1604 3016 est
1642 2963 1730 3032 qui
1768 2962 1836 3017 ad

257 3048 464 3105 Domini
494 3049 771 3122 negligunt
798 3052 1091 3121 penetralia
1137 3052 1450 3123 pervenire,
1486 3062 1542 3108 ut
1580 3055 1633 3110 in
1674 3055 1836 3113 domo

259 3140 370 3210 ejus
417 3140 542 3197 cum
591 3140 836 3198 fidelibus
884 3141 1127 3198 habitare
1176 3144 1535 3213 prmvaleant,
1584 3146 1835 3203 Dominus

259 3230 390 3289 Deus
416 3248 513 3290 eos
544 3236 840 3303 convertit,
875 3236 964 3305 qui
995 3236 1151 3292 fidem
1182 3252 1336 3292 suam
1377 3238 1612 3295 humano
1650 3244 1837 3312 generi

263 3328 548 3385 miseratus
578 3330 841 3398 indulget.
872 3330 988 3400 ipsa
1016 3331 1161 3387 enim
1194 3342 1275 3388 est
1302 3333 1472 3403 gratia
1513 3349 1632 3405 quae
1673 3335 1838 3405 gratis
1865 3316 1913 3383 α

260 3420 429 3493 datur,
481 3423 608 3494 quia
656 3438 755 3478 nos
803 3422 967 3493 ipsius
1018 3423 1153 3479 bona
1199 3426 1560 3494 praeveniunt,
1613 3424 1738 3483 dum
1786 3435 1839 3483 et

262 3511 428 3582 ipsum
458 3528 678 3585 quoque
704 3514 901 3571 bonum
934 3516 1071 3571 velle
1097 3517 1429 3573 conceditur.

328 3628 478 3686 Vers.
524 3628 618 3685 23.
656 3630 959 3685 Benedictus
1008 3629 1260 3685 Dominus
1314 3633 1375 3685 de
1424 3632 1506 3686 die
1559 3633 1611 3687 in
1666 3635 1841 3690 diem:

266 3738 565 3793 prosperum
590 3723 686 3777 iter
714 3724 863 3794 faciet
893 3724 1037 3778 nobis
1063 3721 1204 3778 Deus
1228 3714 1472 3779 salutaris
1500 3736 1691 3781 noster.
1719 3727 1845 3782 Post

266 3813 643 3885 triumphalem
696 3814 843 3869 illam
888 3813 1297 3883 descriptionem
1324 3857 1339 3882 ,
1370 3818 1568 3873 brevis
1600 3818 1842 3887 quidem,

268 3903 358 3959 sed
396 3919 593 3967 magna
631 3904 825 3961 dicitur
863 3905 1000 3963 laus.
1043 3906 1346 3963 Benedictus
1384 3908 1637 3965 Dominus
1674 3911 1737 3965 de
1765 3912 1847 3966 die

269 3993 323 4047 in
350 3996 516 4065 diem,
552 3996 605 4052 id
636 4004 719 4052 est
746 3995 954 4052 cunctis
984 3996 1173 4053 diebus
1202 4000 1454 4069 omnique
1484 4008 1725 4070 tempore
1754 4003 1850 4058 be-

272 4089 597 4145 nedicendus
632 4098 730 4146 est.
780 4091 877 4159 Qui
914 4092 1140 4145 ascendit
1170 4092 1225 4146 in
1254 4094 1444 4162 altum,
1478 4096 1727 4164 captivum
1756 4098 1849 4151 du-

272 4181 346 4234 xit
382 4184 761 4254 captivitatem,
802 4184 938 4239 dedit
977 4190 1113 4239 dona
1151 4185 1466 4251 hominibus,
1499 4187 1613 4254 ipse
1644 4188 1803 4242 etiam
1832 4231 1847 4256 ,

275 4288 571 4345 prosperum
598 4277 693 4331 iter
724 4277 876 4347 faciet
906 4276 1067 4332 nobis.
1113 4273 1226 4329 Iter
1253 4277 1450 4347 quippe
1478 4292 1695 4333 cursum
1728 4280 1852 4335 vitae

274 4363 532 4434 significat
562 4370 649 4439 qui
676 4367 789 4438 jam
819 4383 1041 4439 prosper
1073 4366 1292 4423 effectus
1322 4377 1405 4423 est
1425 4412 1439 4439 ,
1472 4370 1721 4439 quoniam
1750 4371 1855 4426 Re-

277 4454 607 4528 demptorem
655 4475 808 4515 suum
861 4461 1089 4515 mundus
1138 4462 1375 4532 agnovit.
1419 4462 1666 4533 Adjecit,
1717 4464 1854 4520 Deus

276 4549 514 4605 salutaris
545 4561 735 4617 noster,
789 4559 847 4605 ut
878 4551 1054 4606 nullus
1083 4552 1149 4606 de
1191 4568 1433 4621 prospero
1472 4554 1853 4613 dubitaretjti-

283 4655 424 4710 nere,
456 4640 545 4698 cui
575 4639 684 4697 dux
711 4642 952 4696 salutaris
977 4652 1060 4697 est
1085 4641 1340 4698 Dominus
1370 4642 1632 4701 Christus.
1665 4646 1859 4703 Dicant

282 4732 409 4788 mihi
439 4747 577 4805 quos
620 4734 922 4805 spectacula
966 4735 1196 4790 humana
1238 4737 1540 4807 delectant,
1584 4740 1711 4810 quid
1753 4742 1859 4798 tale

284 4818 333 4876 in
363 4823 689 4881 editionibus
716 4827 985 4896 pomposis
1011 4827 1289 4882 consulum
1318 4829 1575 4884 videant?
1604 4830 1719 4887 Huc
1744 4832 1859 4888 ani-

283 4928 426 4985 mos,
458 4918 564 4973 huc
595 4933 686 4972 ora
718 4916 1035 4984 deﬂectant,
1069 4918 1199 4975 illud
1241 4922 1550 4978 salutariter
1580 4924 1742 4979 corde
1771 4940 1859 4981 re-

286 5008 551 5077 spiciant:
594 5009 735 5068 unde
775 5026 879 5065 non
919 5010 988 5065 ad
1028 5011 1299 5080 fugitivam
1344 5012 1615 5080 laetitiam,
1659 5015 1753 5071 sed
1794 5016 1861 5071 ad

288 5102 695 5159 exsultationem
725 5102 1059 5159 destinentur
1087 5116 1363 5161 aeternam.

358 5193 514 5252 Vers.
559 5196 651 5252 24.
698 5195 834 5253 Deus
876 5206 1069 5266 noster,
1115 5198 1253 5254 Deus
1298 5199 1464 5254 salvos
1512 5201 1775 5271 faciendi:
1816 5210 1865 5258 et

294 5285 449 5358 223
498 5287 708 5344 Domini
734 5291 901 5346 exitus
928 5292 1128 5346 mortis.
1178 5291 1303 5347 Post
1333 5291 1699 5364 diapsalmatis
1730 5297 1866 5352 inci-

294 5376 536 5449 sionem,
587 5381 653 5439 ad
702 5390 949 5454 quartum
1000 5383 1145 5440 venit
1194 5385 1542 5456 ingressum,
1597 5389 1688 5465 ubi
1743 5390 1872 5447 dicit

296 5477 744 5541 quemadmodum
775 5488 948 5535 morte
991 5494 1084 5535 sua
1126 5495 1223 5534 nos
1263 5480 1439 5536 salvos
1480 5480 1734 5538 effecerit.
1782 5485 1874 5540 Ait

299 5567 480 5623 enim:
511 5569 649 5628 Deus
691 5582 877 5640 noster,
921 5572 1063 5628 Deus
1101 5575 1266 5628 salvos
1296 5574 1552 5643 faciendi,
1584 5575 1871 5632 subaudia-

302 5673 419 5714 mus
447 5660 533 5717 hic
554 5705 569 5729 ,
602 5663 761 5720 habet
790 5673 1107 5733 potestatem
1138 5668 1303 5721 salvos
1336 5667 1555 5734 faciendi
1585 5683 1701 5723 nos.
1734 5668 1875 5735 Qua-

306 5759 519 5833 Pl‘Opler
554 5757 669 5823 ipse
704 5770 803 5812 nos
842 5759 1005 5812 salvos
1044 5759 1161 5824 fecit
1188 5761 1274 5828 qui
1307 5766 1389 5813 est
1421 5758 1553 5813 Deus
1585 5757 1736 5830 [ed.,
1771 5759 1879 5815 Dee

307 5840 514 5913 minus]
554 5854 721 5902 noster
758 5846 910 5903 Jesus
953 5846 1231 5914 Christus,
1273 5848 1361 5918 qui
1402 5864 1499 5919 pro
1542 5848 1698 5905 nobis
1744 5851 1876 5905 mori

311 5927 550 5999 dignatus
577 5945 691 6008 est,
724 5941 811 6011 qui
840 5941 1066 5997 ascendit
1096 5941 1147 5996 in
1179 5940 1339 5996 altum
1360 5981 1375 6007 ,
1408 5949 1461 5997 et
1490 5940 1615 5999 fecit
1646 5942 1732 6000 illa
1761 5957 1879 6015 qua:

1916 812 2042 867 chre
2081 810 2311 865 arbitror
2348 821 2467 865 esse
2507 808 2845 879 subiunctum
2871 849 2886 875 ,
2933 823 3001 863 ne
3042 808 3274 865 humana
3309 806 3499 865 causa;

1917 912 2065 960 retur
2091 903 2381 959 inﬁrmitas
2401 943 2414 967 ,
2445 904 2610 971 Quare
2642 896 2888 956 morior?
2916 906 3084 971 quare
3120 900 3358 981 deﬁcio?
3385 901 3498 959 Ad-

1917 994 2083 1052 hibita
2121 1003 2203 1049 est
2241 993 2477 1064 querelis
2518 993 2720 1048 nostris
2762 1006 2953 1061 magna
2991 993 3243 1049 curatio:
3284 992 3502 1050 Domini

1916 1088 2082 1144 exitus
2108 1087 2307 1142 mortis.
2340 1084 2527 1141 Exitus
2556 1085 2735 1139 mortis
2762 1093 2845 1140 est
2873 1083 3118 1156 Domini,
3165 1086 3269 1142 hoc
3303 1094 3385 1142 est
3412 1100 3499 1142 re-
3574 1160 3583 1163 Η

1920 1178 2185 1234 surrectio
2212 1178 2389 1235 votiva
2420 1176 2674 1232 ﬁdelium.
2714 1176 2919 1231 Revera
2949 1177 3119 1231 exitus
3148 1172 3223 1231 illi
3265 1178 3502 1247 singula—
3574 1160 3579 1177 ³

1918 1268 1993 1323 ris
2022 1280 2085 1323 ac
2113 1266 2375 1323 mirabilis
2405 1266 2539 1333 fuit,
2576 1265 2699 1336 quia
2728 1274 2782 1321 et
2808 1266 2924 1335 ipse
2947 1265 3018 1320 ab
3044 1265 3229 1323 inferis
3254 1281 3503 1338 egressus
3574 1304 3579 1307 -

1919 1365 2004 1413 est
2020 1396 2035 1423 ,
2063 1365 2119 1412 et
2147 1354 2395 1411 nos-inde
2417 1369 2515 1410 suo
2537 1369 2759 1411 munere
2781 1353 3029 1424 praestitit
3046 1355 3216 1413 exire.

1994 1447 2149 1503 Vers.
2191 1445 2284 1501 25.
2330 1444 2695 1501 Verumtamen
2742 1443 2884 1499 Deus
2931 1446 3287 1515 conquassabit
3334 1449 3504 1520 capita

1921 1539 2252 1595 inimicorum
2278 1553 2487 1592 suorum
2505 1551 2527 1592 :
2552 1535 2783 1591 verticem
2821 1534 3000 1607 capilli
3038 1536 3507 1605 perambulantium

1920 1633 1976 1686 in
2028 1630 2226 1685 delictis
2277 1629 2403 1685 suis.
2450 1626 2527 1683 Ne
2570 1626 2711 1682 mala
2765 1625 3117 1696 pertinacium
3166 1628 3331 1683 inulta
3383 1642 3506 1684 esse

1924 1723 2291 1787 crederentur,
2340 1720 2512 1777 dicit:
2550 1717 2913 1775 Verumtamen
2960 1716 3103 1773 Deus
3147 1720 3509 1789 conquassth

1934 1816 2107 1886 capita
2135 1815 2458 1870 inimicorum
2485 1826 2736 1868 suorum:
2774 1819 3038 1883 quatenus
3074 1824 3236 1882 supra
3276 1813 3508 1882 perﬁdos

2030 1911 2331 1979 pertinaces
2375 1906 2665 1962 vindictam
2709 1920 2925 1976 quoque
2972 1905 3271 1975 praevenire
3308 1919 3511 1976 cogno-

1924 2015 2123 2058 sceres.
2145 2000 2329 2069 Capita
2353 1999 2681 2054 inimicorum
2703 2004 2832 2053 sunt
2856 2002 3103 2052 auctores
3128 1996 3363 2052 Judaica:
3389 1996 3477 2066 qui
3492 2024 3512 2039 -

1926 2092 2051 2149 dem
2080 2089 2364 2146 seditionis
2381 2127 2400 2156 ,
2431 2088 2526 2146 sed
2552 2097 2610 2143 et
2634 2086 3011 2142 hmreticorum
3038 2085 3157 2142 sine
3176 2086 3513 2142 dubitatione

1927 2183 2203 2240 doctores.
2230 2181 2308 2237 llli
2333 2180 2475 2237 enim
2501 2181 2555 2235 in
2583 2192 2746 2235 carne
2768 2177 3037 2234 Christum
3063 2178 3328 2245 persecuti
3353 2183 3511 2238 sunt;

1928 2276 2017 2332 isti
2073 2283 2254 2330 autem
2292 2272 2625 2329 crudeliores
2664 2270 2719 2327 in
2757 2273 2927 2341 ipsam
2965 2271 3126 2327 etiam
3168 2271 3251 2339 (si
3289 2267 3394 2325 dici
3432 2266 3514 2322 fas

1929 2365 2048 2438 est)
2089 2367 2351 2421 Deitatem
2391 2364 2710 2420 desaeviunt.
2751 2360 3021 2432 Sequitur,
3063 2362 3295 2416 uerticem
3331 2358 3512 2428 capilli

1933 2457 2433 2530 perambulantium,
2475 2457 2529 2511 id
2557 2464 2642 2511 est
2663 2496 2679 2523 ,
2719 2460 2805 2525 qui
2838 2455 2973 2509 tales
3001 2454 3103 2509 sibi
3130 2442 3519 2509 calumnﬁrum

1931 2551 2183 2606 minutias
2212 2556 2493 2620 quaerunt,
2534 2554 2592 2603 ut
2631 2548 2777 2619 ipsos
2811 2548 3021 2603 uertices
3061 2548 3367 2619 capillorum
3404 2558 3522 2616 per-

1932 2639 2194 2696 ambulare
2246 2653 2309 2695 ac
2364 2640 2693 2708 perscrutari
2745 2650 2899 2705 tosse
2952 2637 3269 2694 videantur:
3319 2635 3524 2706 signiti-

1934 2747 2067 2789 cans
2095 2730 2360 2787 versutias
2389 2728 2626 2784 inanium
2655 2729 3012 2798 quaestionum
3032 2767 3046 2793 ,
3086 2741 3207 2797 quae
3245 2726 3525 2795 profutura

1936 2825 2228 2893 deserunt,
2261 2829 2319 2877 et
2344 2835 2451 2876 non
2484 2820 2785 2875 necessaria
2823 2818 3131 2875 detestabili
3161 2818 3526 2887 disputatione

1937 2915 2279 2989 perquirunt.
2310 2913 2376 2969 Et
2403 2922 2462 2969 ut
2487 2927 2673 2968 eorum
2704 2912 2875 2967 studia
2908 2912 3085 2967 inania
3113 2909 3523 2979 comprobaret,

1938 3005 2179 3073 addidit,
2208 3005 2260 3058 in
2289 3003 2487 3058 delictis
2515 3004 2664 3058 suis:
2690 3001 2782 3057 ubi
2811 3000 3065 3069 cogitatio
3096 2999 3354 3068 insipiens
3382 2998 3481 3053 fuit
3499 3036 3518 3064 ,

1939 3113 2062 3170 quae
2091 3098 2335 3169 perduxit
2372 3096 2437 3151 ad
2468 3096 2689 3165 culpas;
2722 3106 2779 3150 ut
2805 3102 2931 3149 sunt
2959 3093 3266 3162 blanichaii,
3312 3092 3526 3148 Prisci?-

1940 3191 2203 3258 lianistae,
2236 3190 2557 3253 Donatista,
2594 3187 2865 3256 Montani,
2900 3194 2953 3242 et
2981 3186 3161 3241 cancri
3199 3185 3290 3255 qui
3325 3200 3387 3241 se
3415 3199 3526 3240 ccc-

1943 3282 2062 3338 nosi
2086 3281 2350 3352 dogmatis
2380 3279 2638 3334 fetoribus
2665 3280 3017 3335 miscuerunt.

2015 3370 2171 3426 Vers.
2210 3368 2302 3424 26.
2344 3366 2489 3422 Dixit
2528 3366 2777 3422 Dominus
2806 3383 2827 3421 :
2865 3364 2949 3420 Ea:
2975 3364 3149 3420 Busan
3194 3374 3524 3420 consutam:

1941 3470 2233 3518 consertam
2261 3462 2325 3516 de
2349 3458 2622 3531 profundis
2648 3460 2829 3513 maris.
2852 3458 2910 3513 in
2936 3459 3036 3514 hoc
3056 3474 3215 3514 versu
3238 3464 3526 3514 auctoritas

1943 3554 2100 3610 nobis
2136 3552 2432 3608 doctissimi
2472 3551 2785 3622 Hieronymi
2824 3550 3065 3606 absolute
3100 3550 3367 3620 sequenda
3405 3558 3524 3617 est,

1943 3646 2067 3717 quia
2117 3642 2391 3699 translatio
2432 3642 2548 3712 ejus
2592 3641 2767 3697 lucida
2810 3650 3055 3697 cunctam
3100 3640 3256 3697 nobis
3306 3640 3528 3711 abrogat

1947 3738 2315 3809 quarstionem.
2343 3735 2487 3790 Dixit
2512 3733 2787 3790 Dominus.
2815 3734 3123 3801 Quaeramus
3151 3734 3275 3805 quid
3304 3735 3525 3800 dixerit,

1947 3828 2286 3899 quiamescio
2316 3842 2476 3896 quam
2508 3834 2698 3896 magna
2737 3825 3023 3895 promissio
3050 3835 3133 3880 est
3158 3842 3319 3896 quam
3352 3827 3530 3881 Domi-

1947 3937 2048 3977 nus
2080 3920 2381 3989 pollicetur.
2412 3917 2581 3972 Basan
2610 3919 2992 3986 interpretatur
3014 3918 3260 3983 siccitas,
3284 3933 3401 3988 qua:
3430 3918 3532 3973 hu-

1949 4030 2168 4071 manum
2196 4028 2363 4083 genus
2393 4012 2705 4082 possederat
2731 4010 2984 4066 ariditate
3013 4012 3217 4080 peccati
3242 4027 3258 4078 ;
3288 4011 3384 4066 sed
3411 4024 3532 4066 eam

1952 4105 2213 4159 Dominus
2241 4104 2482 4157 convertit
2510 4101 2578 4157 ad
2607 4101 2926 4156 viriditatem
2956 4115 3106 4156 suam
3126 4139 3144 4167 ,
3176 4101 3303 4157 dum
3333 4102 3408 4157 illi
3438 4101 3534 4157 ilu-

1952 4197 2066 4251 vios
2115 4193 2301 4249 salutis
2350 4192 2579 4259 infudit,
2631 4202 2686 4247 et
2730 4192 3030 4263 germinare
3070 4190 3194 4249 fecit
3237 4193 3362 4248 vita:
3413 4177 3528 4247 fru-

1954 4294 2101 4343 ctum
2120 4326 2137 4355 ,
2170 4299 2289 4355 qua:
2316 4284 2464 4351 prius
2490 4282 2757 4340 inferebat
2780 4283 3028 4340 exitium.
3055 4282 3267 4355 Adiecit
3286 4325 3302 4352 ,
3329 4299 3537 4340 conuer-

1956 4389 2058 4435 tam
2096 4380 2160 4433 de
2205 4376 2476 4449 profundis
2515 4378 2672 4432 maris
2697 4417 2715 4446 ,
2760 4375 2971 4432 scilicet
3016 4376 3243 4448 populos
3290 4390 3425 4447 quos
3469 4376 3539 4432 de

1959 4473 2147 4529 mundi
2195 4472 2351 4528 istius
2398 4470 2664 4541 profundo
2702 4472 2969 4528 liberavit.
3014 4470 3164 4527 Mare
3201 4472 3345 4528 enim
3384 4486 3541 4527 mun-

1961 4562 2088 4618 dum
2130 4564 2290 4618 istum
2330 4563 2529 4618 debere
2567 4564 2810 4632 suscipi,
2851 4562 3121 4632 frequenti
3161 4562 3394 4619 lectione
3427 4563 3538 4632 jam

1963 4668 2148 4713 notum
2184 4664 2304 4723 est,
2344 4656 2433 4725 qui
2471 4664 2523 4712 et
2568 4666 2726 4726 gustu
2773 4669 2993 4712 amarus
3041 4663 3159 4725 est,
3200 4664 3257 4711 et
3291 4654 3541 4711 vitiorum

1963 4750 2209 4806 ﬂuctibus
2237 4749 2524 4819 inquietus.

2041 4845 2188 4901 Vers.
2219 4843 2311 4897 27.
2344 4841 2412 4899 Ut
2442 4842 2755 4913 intinguatur
2785 4857 2869 4913 pes
2899 4849 3017 4897 tuus
3041 4842 3095 4896 in
3122 4838 3374 4911 sanguine
3394 4854 3415 4894 :
3444 4840 3545 4894 lin-

1967 4952 2072 5006 gua
2108 4950 2292 4989 canum
2331 4944 2534 4989 tuorum
2570 4949 2633 4989 ea:
2668 4932 2888 4988 inimicis
2925 4932 2987 4985 ab
3023 4931 3157 5001 ipso.
3189 4930 3345 4985 Illum
3371 4945 3543 5001 popu-

1968 5029 2078 5084 lum
2117 5042 2275 5098 quem
2315 5027 2559 5096 superius
2600 5024 3019 5082 convertendum
3058 5023 3268 5079 dixerat
3305 5039 3371 5079 ex
3417 5037 3544 5094 pro-

1969 5120 2148 5176 fundis
2196 5119 2390 5185 maris,
2441 5133 2583 5174 nunc
2628 5117 2696 5173 ad
2742 5116 2869 5187 quid
2919 5115 3238 5186 perducatur
3282 5117 3544 5187 exponit;

1971 5213 2153 5281 utique
2188 5221 2247 5265 ut
2284 5228 2371 5282 pes
2407 5212 2547 5280 ejus,
2588 5208 2641 5263 id
2680 5216 2796 5273 est,
2838 5207 2977 5263 actio
3007 5207 3133 5263 boni
3164 5208 3421 5278 propositi
3453 5222 3542 5263 us-

1974 5320 2079 5377 que
2103 5305 2169 5361 ad
2196 5304 2508 5375 sanguinem
2535 5301 2752 5373 gloriosi
2783 5302 3022 5373 martyrii
3055 5303 3377 5372 perveniret.
3411 5302 3543 5358 Nam

1975 5400 2067 5469 qui
2094 5405 2219 5453 ante
2248 5396 2588 5467 gradiebatur
2616 5395 2668 5450 in
2697 5395 3015 5465 voluptuosa
3055 5395 3225 5458 mari,
3274 5404 3393 5463 post
3434 5409 3549 5449 am-

1978 5490 2163 5547 bulare
2192 5488 2317 5543 fecit
2343 5488 2397 5541 in
2423 5487 2697 5558 sanguine,
2729 5487 2871 5557 quod
2899 5494 2983 5542 est
3009 5486 3200 5542 durum
3234 5486 3337 5541 iter
3363 5486 3515 5541 carni
3539 5527 3557 5551 ,

1979 5581 2073 5640 sed
2093 5580 2246 5636 beata
2271 5582 2355 5635 via
2379 5589 2461 5636 est
2486 5580 2894 5649 animze,quam,
2911 5579 3028 5650 ipso
3051 5580 3363 5644 miserante,
3376 5585 3559 5632 trans-

1981 5671 2152 5735 imus,
2183 5671 2229 5725 si
2258 5670 2312 5724 in
2341 5684 2408 5725 eo
2439 5684 2587 5738 spem
2631 5678 2867 5725 nostram
2906 5668 3176 5740 cordaque
3221 5669 3548 5738 reponimus.

1985 5763 2176 5820 Addita
2206 5771 2289 5818 est
2316 5763 2541 5819 obscura
2571 5762 2784 5830 quidem
2807 5801 2823 5829 ,
2855 5761 2949 5817 sed
2981 5761 3141 5816 nimis
3181 5758 3548 5826 amplectenda

1984 5855 2244 5911 sententia
2276 5873 2288 5909 :
2322 5854 2523 5927 Lingua
2545 5871 2728 5909 canum
2758 5863 2963 5908 tuorum
2991 5868 3054 5906 ea:
3081 5849 3300 5903 inimicis
3324 5846 3392 5901 ab
3418 5848 3551 5918 ipso.

1988 5946 2147 6000 Canes
2174 5954 2228 6003 et
2259 5948 2310 6003 in
2340 5947 2481 6003 malo
2511 5957 2795 6015 ponuntur,
2829 5939 3276 6013 sicutApostolus
3312 5938 3427 5997 ait;
3467 5933 3559 5992 Vi-
