  <div class='ocr_page' id='page_1' title='image "/cluster/home/n/w/nwhite01/storage/ocr_20150623/70/hvd.32044015469356/241.png"; bbox 0 0 4036 6342; ppageno 0'>
   <div class='ocr_carea' id='block_1_1' title="bbox 467 389 589 479">
    <p class='ocr_par' dir='ltr' id='par_1_1' title="bbox 467 389 589 479">
     <span class='ocr_line' id='line_1_1' title="bbox 467 389 589 479; baseline -0.016 -29"><span class='ocrx_word' id='word_1_1' title='bbox 467 389 589 479; x_wconf 59' lang='lat' dir='ltr'><strong>an</strong></span> 
     </span>
    </p>
   </div>
   <div class='ocr_carea' id='block_1_2' title="bbox 1698 382 3740 452">
    <p class='ocr_par' dir='ltr' id='par_1_2' title="bbox 1698 382 3740 452">
     <span class='ocr_line' id='line_1_2' title="bbox 1698 382 3740 452; baseline -0.007 -1"><span class='ocrx_word' id='word_1_2' title='bbox 1698 394 1771 452; x_wconf 86' lang='grc' dir='ltr'><strong>Μ.</strong></span> <span class='ocrx_word' id='word_1_3' title='bbox 1820 388 2098 449; x_wconf 78' lang='lat' dir='ltr'><strong>AUBELII</strong></span> <span class='ocrx_word' id='word_1_4' title='bbox 2143 382 2542 446; x_wconf 79' lang='lat' dir='ltr'><strong>CASSIODORI</strong></span> <span class='ocrx_word' id='word_1_5' title='bbox 3639 382 3740 437; x_wconf 61' lang='grc'><strong>472</strong></span> 
     </span>
    </p>
   </div>
   <div class='ocr_carea' id='block_1_3' title="bbox 466 484 3738 581">
    <p class='ocr_par' dir='ltr' id='par_1_3' title="bbox 466 484 3738 581">
     <span class='ocr_line' id='line_1_3' title="bbox 466 484 3738 581; baseline -0.004 -15"><span class='ocrx_word' id='word_1_6' title='bbox 466 484 603 566; x_wconf 21' lang='grc' dir='ltr'><strong>*ἀειι</strong></span> <span class='ocrx_word' id='word_1_7' title='bbox 628 522 810 575; x_wconf 85' lang='lat' dir='ltr'><strong>canes,</strong></span> <span class='ocrx_word' id='word_1_8' title='bbox 839 508 1000 565; x_wconf 75' lang='lat' dir='ltr'><strong>videte</strong></span> <span class='ocrx_word' id='word_1_9' title='bbox 1027 508 1190 565; x_wconf 85' lang='lat' dir='ltr'><strong>malos</strong></span> <span class='ocrx_word' id='word_1_10' title='bbox 1222 498 1483 581; x_wconf 83' lang='lat' dir='ltr'><strong>operarios</strong></span> <span class='ocrx_word' id='word_1_11' title='bbox 1515 508 1734 581; x_wconf 80' lang='lat' dir='ltr'><strong>(Philip.</strong></span> <span class='ocrx_word' id='word_1_12' title='bbox 1763 524 1856 575; x_wconf 83' lang='lat' dir='ltr'><strong>ut,</strong></span> <span class='ocrx_word' id='word_1_13' title='bbox 1880 507 1937 579; x_wconf 76' lang='lat'><strong>2)</strong></span> <span class='ocrx_word' id='word_1_14' title='bbox 1963 522 1979 573; x_wconf 89' lang='lat'><strong>;</strong></span> <span class='ocrx_word' id='word_1_15' title='bbox 2008 514 2063 563; x_wconf 87' lang='lat' dir='ltr'><strong>et</strong></span> <span class='ocrx_word' id='word_1_16' title='bbox 2087 503 2267 570; x_wconf 69' lang='grc' dir='ltr'><strong>Αάὶοὶ</strong></span> <span class='ocrx_word' id='word_1_17' title='bbox 2316 500 2507 569; x_wconf 80' lang='lat' dir='ltr'><strong>debet,</strong></span> <span class='ocrx_word' id='word_1_18' title='bbox 2550 497 2642 555; x_wconf 92' lang='lat' dir='ltr'><strong>ubi</strong></span> <span class='ocrx_word' id='word_1_19' title='bbox 2677 504 2824 555; x_wconf 85' lang='lat' dir='ltr'><strong>recta</strong></span> <span class='ocrx_word' id='word_1_20' title='bbox 2864 497 2995 556; x_wconf 91' lang='lat' dir='ltr'><strong>ﬁdes</strong></span> <span class='ocrx_word' id='word_1_21' title='bbox 3035 504 3151 565; x_wconf 87' lang='lat' dir='ltr'><strong>est,</strong></span> <span class='ocrx_word' id='word_1_22' title='bbox 3194 504 3249 554; x_wconf 89' lang='lat' dir='ltr'><strong>et</strong></span> <span class='ocrx_word' id='word_1_23' title='bbox 3285 510 3413 555; x_wconf 79' lang='lat' dir='ltr'><strong>vera</strong></span> <span class='ocrx_word' id='word_1_24' title='bbox 3448 495 3738 554; x_wconf 76' lang='lat' dir='ltr'><strong>confessio.</strong></span> 
     </span>
    </p>
   </div>
   <div class='ocr_carea' id='block_1_4' title="bbox 482 595 2063 673">
    <p class='ocr_par' dir='ltr' id='par_1_4' title="bbox 482 595 2063 673">
     <span class='ocr_line' id='line_1_4' title="bbox 482 595 2063 673; baseline -0.003 -16"><span class='ocrx_word' id='word_1_25' title='bbox 482 595 545 657; x_wconf 78' lang='lat' dir='ltr'><strong>in</strong></span> <span class='ocrx_word' id='word_1_26' title='bbox 583 599 747 668; x_wconf 89' lang='lat' dir='ltr'><strong>bono,</strong></span> <span class='ocrx_word' id='word_1_27' title='bbox 776 601 913 656; x_wconf 86' lang='lat' dir='ltr'><strong>sicut</strong></span> <span class='ocrx_word' id='word_1_28' title='bbox 960 602 1047 657; x_wconf 87' lang='lat' dir='ltr'><strong>hic</strong></span> <span class='ocrx_word' id='word_1_29' title='bbox 1096 602 1326 672; x_wconf 87' lang='lat' dir='ltr'><strong>positum</strong></span> <span class='ocrx_word' id='word_1_30' title='bbox 1373 611 1499 659; x_wconf 89' lang='lat' dir='ltr'><strong>est:</strong></span> <span class='ocrx_word' id='word_1_31' title='bbox 1532 602 1601 659; x_wconf 88' lang='lat' dir='ltr'><strong>de</strong></span> <span class='ocrx_word' id='word_1_32' title='bbox 1646 602 1837 673; x_wconf 85' lang='lat' dir='ltr'><strong>quibus</strong></span> <span class='ocrx_word' id='word_1_33' title='bbox 1885 599 1961 654; x_wconf 88' lang='lat' dir='ltr'><strong>ait</strong></span> <span class='ocrx_word' id='word_1_34' title='bbox 2007 598 2063 653; x_wconf 90' lang='lat' dir='ltr'><strong>in</strong></span> 
     </span>
    </p>
   </div>
   <div class='ocr_carea' id='block_1_5' title="bbox 483 687 2066 765">
    <p class='ocr_par' dir='ltr' id='par_1_5' title="bbox 483 687 2066 765">
     <span class='ocr_line' id='line_1_5' title="bbox 483 687 2066 765; baseline 0 -20"><span class='ocrx_word' id='word_1_35' title='bbox 483 687 778 762; x_wconf 82' lang='lat' dir='ltr'><strong>Evangelio</strong></span> <span class='ocrx_word' id='word_1_36' title='bbox 815 689 1115 748; x_wconf 72' lang='lat' dir='ltr'><strong>Chananaea</strong></span> <span class='ocrx_word' id='word_1_37' title='bbox 1144 710 1159 747; x_wconf 91' lang='lat'><strong>:</strong></span> <span class='ocrx_word' id='word_1_38' title='bbox 1195 693 1414 765; x_wconf 86' lang='lat' dir='ltr'><strong>Utique,</strong></span> <span class='ocrx_word' id='word_1_39' title='bbox 1454 693 1706 765; x_wconf 78' lang='lat' dir='ltr'><strong>Domine,</strong></span> <span class='ocrx_word' id='word_1_40' title='bbox 1740 708 1860 749; x_wconf 87' lang='lat' dir='ltr'><strong>nam</strong></span> <span class='ocrx_word' id='word_1_41' title='bbox 1890 702 1937 748; x_wconf 85' lang='lat' dir='ltr'><strong>et</strong></span> <span class='ocrx_word' id='word_1_42' title='bbox 1975 708 2066 746; x_wconf 82' lang='lat' dir='ltr'><strong>ca-</strong></span> 
     </span>
    </p>
   </div>
   <div class='ocr_carea' id='block_1_6' title="bbox 484 786 2064 857">
    <p class='ocr_par' dir='ltr' id='par_1_6' title="bbox 484 786 2064 857">
     <span class='ocr_line' id='line_1_6' title="bbox 484 786 2064 857; baseline -0.001 -18"><span class='ocrx_word' id='word_1_43' title='bbox 484 799 576 840; x_wconf 84' lang='lat' dir='ltr'><strong>nes</strong></span> <span class='ocrx_word' id='word_1_44' title='bbox 605 786 761 840; x_wconf 87' lang='lat' dir='ltr'><strong>edunt</strong></span> <span class='ocrx_word' id='word_1_45' title='bbox 789 787 853 841; x_wconf 87' lang='lat' dir='ltr'><strong>de</strong></span> <span class='ocrx_word' id='word_1_46' title='bbox 879 786 1023 841; x_wconf 85' lang='lat' dir='ltr'><strong>micis</strong></span> <span class='ocrx_word' id='word_1_47' title='bbox 1049 803 1162 857; x_wconf 64' lang='lat' dir='ltr'><strong>quis</strong></span> <span class='ocrx_word' id='word_1_48' title='bbox 1197 787 1390 843; x_wconf 83' lang='lat' dir='ltr'><strong>cadunt</strong></span> <span class='ocrx_word' id='word_1_49' title='bbox 1427 788 1492 842; x_wconf 87' lang='lat' dir='ltr'><strong>de</strong></span> <span class='ocrx_word' id='word_1_50' title='bbox 1527 804 1703 842; x_wconf 86' lang='lat' dir='ltr'><strong>mensa</strong></span> <span class='ocrx_word' id='word_1_51' title='bbox 1739 786 2064 845; x_wconf 84' lang='lat' dir='ltr'><strong>dominorum</strong></span> 
     </span>
    </p>
   </div>
   <div class='ocr_carea' id='block_1_7' title="bbox 484 878 2063 952">
    <p class='ocr_par' dir='ltr' id='par_1_7' title="bbox 484 878 2063 952">
     <span class='ocr_line' id='line_1_7' title="bbox 484 878 2063 952; baseline -0.001 -18"><span class='ocrx_word' id='word_1_52' title='bbox 484 893 698 934; x_wconf 82' lang='lat' dir='ltr'><strong>suorum</strong></span> <span class='ocrx_word' id='word_1_53' title='bbox 739 879 760 952; x_wconf 96' lang='lat'>(</span> <span class='ocrx_word' id='word_1_54' title='bbox 784 878 952 936; x_wconf 77' lang='lat' dir='ltr'><strong>Marc.</strong></span> <span class='ocrx_word' id='word_1_55' title='bbox 974 895 1136 949; x_wconf 81' lang='lat' dir='ltr'><strong>mu,</strong></span> <span class='ocrx_word' id='word_1_56' title='bbox 1163 880 1237 952; x_wconf 90' lang='lat'><strong>7)</strong></span> <span class='ocrx_word' id='word_1_57' title='bbox 1263 897 1277 947; x_wconf 91' lang='lat'><strong>;</strong></span> <span class='ocrx_word' id='word_1_58' title='bbox 1311 888 1367 937; x_wconf 89' lang='lat' dir='ltr'><strong>et</strong></span> <span class='ocrx_word' id='word_1_59' title='bbox 1394 879 1451 935; x_wconf 91' lang='lat' dir='ltr'><strong>in</strong></span> <span class='ocrx_word' id='word_1_60' title='bbox 1480 879 1592 936; x_wconf 89' lang='lat' dir='ltr'><strong>alio</strong></span> <span class='ocrx_word' id='word_1_61' title='bbox 1620 879 1828 950; x_wconf 82' lang='lat' dir='ltr'><strong>psalmo</strong></span> <span class='ocrx_word' id='word_1_62' title='bbox 1864 879 2063 943; x_wconf 87' lang='lat' dir='ltr'><strong>dictum</strong></span> 
     </span>
    </p>
   </div>
   <div class='ocr_carea' id='block_1_8' title="bbox 483 968 2068 1042">
    <p class='ocr_par' dir='ltr' id='par_1_8' title="bbox 483 968 2068 1042">
     <span class='ocr_line' id='line_1_8' title="bbox 483 968 2068 1042; baseline -0.004 -14"><span class='ocrx_word' id='word_1_63' title='bbox 483 979 571 1028; x_wconf 85' lang='lat' dir='ltr'><strong>est</strong></span> <span class='ocrx_word' id='word_1_64' title='bbox 599 987 614 1025; x_wconf 89' lang='lat'><strong>:</strong></span> <span class='ocrx_word' id='word_1_65' title='bbox 646 968 1010 1026; x_wconf 81' lang='lat' dir='ltr'><strong>Convertentur</strong></span> <span class='ocrx_word' id='word_1_66' title='bbox 1036 972 1105 1026; x_wconf 87' lang='lat' dir='ltr'><strong>ad</strong></span> <span class='ocrx_word' id='word_1_67' title='bbox 1130 986 1420 1041; x_wconf 78' lang='lat' dir='ltr'><strong>vesperam,</strong></span> <span class='ocrx_word' id='word_1_68' title='bbox 1445 976 1494 1026; x_wconf 86' lang='lat' dir='ltr'><strong>et</strong></span> <span class='ocrx_word' id='word_1_69' title='bbox 1518 976 1706 1042; x_wconf 79' lang='lat' dir='ltr'><strong>famem</strong></span> <span class='ocrx_word' id='word_1_70' title='bbox 1731 971 1985 1041; x_wconf 87' lang='lat' dir='ltr'><strong>patientur</strong></span> <span class='ocrx_word' id='word_1_71' title='bbox 2011 975 2068 1023; x_wconf 86' lang='lat' dir='ltr'><strong>ut</strong></span> 
     </span>
    </p>
   </div>
   <div class='ocr_carea' id='block_1_9' title="bbox 485 1060 2063 1136">
    <p class='ocr_par' dir='ltr' id='par_1_9' title="bbox 485 1060 2063 1136">
     <span class='ocr_line' id='line_1_9' title="bbox 485 1060 2063 1136; baseline -0.001 -17"><span class='ocrx_word' id='word_1_72' title='bbox 485 1077 637 1119; x_wconf 78' lang='lat' dir='ltr'><strong>canes</strong></span> <span class='ocrx_word' id='word_1_73' title='bbox 674 1060 865 1133; x_wconf 87' lang='lat' dir='ltr'><strong>(Psal.</strong></span> <span class='ocrx_word' id='word_1_74' title='bbox 897 1078 1061 1133; x_wconf 79' lang='lat' dir='ltr'><strong>mu,</strong></span> <span class='ocrx_word' id='word_1_75' title='bbox 1091 1063 1188 1136; x_wconf 88' lang='lat'><strong>7).</strong></span> <span class='ocrx_word' id='word_1_76' title='bbox 1222 1063 1314 1120; x_wconf 90' lang='lat' dir='ltr'><strong>lsti</strong></span> <span class='ocrx_word' id='word_1_77' title='bbox 1342 1063 1485 1119; x_wconf 90' lang='lat' dir='ltr'><strong>enim</strong></span> <span class='ocrx_word' id='word_1_78' title='bbox 1516 1079 1668 1118; x_wconf 86' lang='lat' dir='ltr'><strong>canes</strong></span> <span class='ocrx_word' id='word_1_79' title='bbox 1699 1077 1795 1133; x_wconf 92' lang='lat' dir='ltr'><strong>pro</strong></span> <span class='ocrx_word' id='word_1_80' title='bbox 1834 1062 2063 1119; x_wconf 91' lang='lat' dir='ltr'><strong>Domino</strong></span> 
     </span>
    </p>
   </div>
   <div class='ocr_carea' id='block_1_10' title="bbox 484 1153 2064 1229">
    <p class='ocr_par' dir='ltr' id='par_1_10' title="bbox 484 1153 2064 1229">
     <span class='ocr_line' id='line_1_10' title="bbox 484 1153 2064 1229; baseline 0.002 -19"><span class='ocrx_word' id='word_1_81' title='bbox 484 1153 688 1211; x_wconf 76' lang='lat' dir='ltr'><strong>latrare</strong></span> <span class='ocrx_word' id='word_1_82' title='bbox 733 1169 840 1211; x_wconf 90' lang='lat' dir='ltr'><strong>non</strong></span> <span class='ocrx_word' id='word_1_83' title='bbox 887 1155 1170 1224; x_wconf 88' lang='lat' dir='ltr'><strong>desinunt,</strong></span> <span class='ocrx_word' id='word_1_84' title='bbox 1219 1156 1544 1229; x_wconf 85' lang='lat' dir='ltr'><strong>domumque</strong></span> <span class='ocrx_word' id='word_1_85' title='bbox 1590 1156 1707 1229; x_wconf 86' lang='lat' dir='ltr'><strong>ejus</strong></span> <span class='ocrx_word' id='word_1_86' title='bbox 1750 1156 2064 1214; x_wconf 75' lang='lat' dir='ltr'><strong>cautissime</strong></span> 
     </span>
    </p>
   </div>
   <div class='ocr_carea' id='block_1_11' title="bbox 484 1247 2066 1323">
    <p class='ocr_par' dir='ltr' id='par_1_11' title="bbox 484 1247 2066 1323">
     <span class='ocr_line' id='line_1_11' title="bbox 484 1247 2066 1323; baseline 0.003 -21"><span class='ocrx_word' id='word_1_87' title='bbox 484 1247 779 1319; x_wconf 74' lang='lat' dir='ltr'><strong>sagacitate</strong></span> <span class='ocrx_word' id='word_1_88' title='bbox 807 1249 1134 1305; x_wconf 88' lang='lat' dir='ltr'><strong>custodiunt.</strong></span> <span class='ocrx_word' id='word_1_89' title='bbox 1165 1249 1265 1306; x_wconf 78' lang='lat' dir='ltr'><strong>llic</strong></span> <span class='ocrx_word' id='word_1_90' title='bbox 1291 1264 1420 1322; x_wconf 85' lang='lat' dir='ltr'><strong>ergo</strong></span> <span class='ocrx_word' id='word_1_91' title='bbox 1445 1251 1574 1309; x_wconf 88' lang='lat' dir='ltr'><strong>dicit</strong></span> <span class='ocrx_word' id='word_1_92' title='bbox 1601 1268 1615 1305; x_wconf 89' lang='lat'><strong>:</strong></span> <span class='ocrx_word' id='word_1_93' title='bbox 1650 1250 1852 1323; x_wconf 81' lang='lat' dir='ltr'><strong>Lingua</strong></span> <span class='ocrx_word' id='word_1_94' title='bbox 1879 1268 2066 1306; x_wconf 84' lang='lat' dir='ltr'><strong>canum</strong></span> 
     </span>
    </p>
   </div>
   <div class='ocr_carea' id='block_1_12' title="bbox 485 1342 2067 1415">
    <p class='ocr_par' dir='ltr' id='par_1_12' title="bbox 485 1342 2067 1415">
     <span class='ocr_line' id='line_1_12' title="bbox 485 1342 2067 1415; baseline 0.004 -22"><span class='ocrx_word' id='word_1_95' title='bbox 485 1346 693 1394; x_wconf 81' lang='lat' dir='ltr'><strong>tuorum</strong></span> <span class='ocrx_word' id='word_1_96' title='bbox 718 1356 783 1395; x_wconf 81' lang='lat' dir='ltr'><strong>ea:</strong></span> <span class='ocrx_word' id='word_1_97' title='bbox 810 1342 1030 1398; x_wconf 83' lang='lat' dir='ltr'><strong>inimicis</strong></span> <span class='ocrx_word' id='word_1_98' title='bbox 1058 1343 1122 1397; x_wconf 80' lang='lat' dir='ltr'><strong>ab</strong></span> <span class='ocrx_word' id='word_1_99' title='bbox 1156 1343 1308 1413; x_wconf 90' lang='lat' dir='ltr'><strong>ipso,</strong></span> <span class='ocrx_word' id='word_1_100' title='bbox 1349 1344 1472 1415; x_wconf 83' lang='lat' dir='ltr'><strong>quia</strong></span> <span class='ocrx_word' id='word_1_101' title='bbox 1514 1344 1665 1415; x_wconf 87' lang='lat' dir='ltr'><strong>prius</strong></span> <span class='ocrx_word' id='word_1_102' title='bbox 1707 1344 1907 1399; x_wconf 71' lang='lat' dir='ltr'><strong>inimici</strong></span> <span class='ocrx_word' id='word_1_103' title='bbox 1949 1344 2067 1400; x_wconf 87' lang='lat' dir='ltr'><strong>fue-</strong></span> 
     </span>
    </p>
   </div>
   <div class='ocr_carea' id='block_1_13' title="bbox 482 1434 2066 1505">
    <p class='ocr_par' dir='ltr' id='par_1_13' title="bbox 482 1434 2066 1505">
     <span class='ocr_line' id='line_1_13' title="bbox 482 1434 2066 1505; baseline 0.003 -18"><span class='ocrx_word' id='word_1_104' title='bbox 482 1440 647 1498; x_wconf 84' lang='lat' dir='ltr'><strong>runt,</strong></span> <span class='ocrx_word' id='word_1_105' title='bbox 694 1434 786 1504; x_wconf 86' lang='lat' dir='ltr'><strong>qui</strong></span> <span class='ocrx_word' id='word_1_106' title='bbox 828 1443 1012 1505; x_wconf 88' lang='lat' dir='ltr'><strong>postea</strong></span> <span class='ocrx_word' id='word_1_107' title='bbox 1041 1437 1296 1493; x_wconf 82' lang='lat' dir='ltr'><strong>clamosis</strong></span> <span class='ocrx_word' id='word_1_108' title='bbox 1326 1436 1605 1493; x_wconf 80' lang='lat' dir='ltr'><strong>latratibus</strong></span> <span class='ocrx_word' id='word_1_109' title='bbox 1634 1437 1928 1493; x_wconf 89' lang='lat' dir='ltr'><strong>Ecclesiam</strong></span> <span class='ocrx_word' id='word_1_110' title='bbox 1959 1437 2066 1492; x_wconf 80' lang='lat' dir='ltr'><strong>Do-</strong></span> 
     </span>
    </p>
   </div>
   <div class='ocr_carea' id='block_1_14' title="bbox 487 1524 2066 1601">
    <p class='ocr_par' dir='ltr' id='par_1_14' title="bbox 487 1524 2066 1601">
     <span class='ocr_line' id='line_1_14' title="bbox 487 1524 2066 1601; baseline 0.004 -22"><span class='ocrx_word' id='word_1_111' title='bbox 487 1524 623 1579; x_wconf 87' lang='lat' dir='ltr'><strong>mini</strong></span> <span class='ocrx_word' id='word_1_112' title='bbox 649 1524 1004 1581; x_wconf 77' lang='lat' dir='ltr'><strong>vindicarunt.</strong></span> <span class='ocrx_word' id='word_1_113' title='bbox 1036 1527 1144 1583; x_wconf 81' lang='lat' dir='ltr'><strong>Sed</strong></span> <span class='ocrx_word' id='word_1_114' title='bbox 1171 1528 1275 1584; x_wconf 90' lang='lat' dir='ltr'><strong>hoc</strong></span> <span class='ocrx_word' id='word_1_115' title='bbox 1305 1528 1479 1599; x_wconf 89' lang='lat' dir='ltr'><strong>ipsum</strong></span> <span class='ocrx_word' id='word_1_116' title='bbox 1509 1545 1540 1585; x_wconf 89' lang='lat' dir='ltr'><strong>a</strong></span> <span class='ocrx_word' id='word_1_117' title='bbox 1569 1545 1677 1601; x_wconf 91' lang='lat' dir='ltr'><strong>quo</strong></span> <span class='ocrx_word' id='word_1_118' title='bbox 1706 1531 1821 1585; x_wconf 88' lang='lat' dir='ltr'><strong>ﬁeri</strong></span> <span class='ocrx_word' id='word_1_119' title='bbox 1864 1531 2066 1601; x_wconf 87' lang='lat' dir='ltr'><strong>potuis-</strong></span> 
     </span>
    </p>
   </div>
   <div class='ocr_carea' id='block_1_15' title="bbox 486 1618 2063 1695">
    <p class='ocr_par' dir='ltr' id='par_1_15' title="bbox 486 1618 2063 1695">
     <span class='ocr_line' id='line_1_15' title="bbox 486 1618 2063 1695; baseline 0.007 -25"><span class='ocrx_word' id='word_1_120' title='bbox 486 1626 609 1684; x_wconf 91' lang='lat' dir='ltr'><strong>set,</strong></span> <span class='ocrx_word' id='word_1_121' title='bbox 639 1618 868 1688; x_wconf 89' lang='lat' dir='ltr'><strong>adjecit,</strong></span> <span class='ocrx_word' id='word_1_122' title='bbox 896 1619 949 1675; x_wconf 91' lang='lat' dir='ltr'><strong>id</strong></span> <span class='ocrx_word' id='word_1_123' title='bbox 973 1629 1056 1676; x_wconf 87' lang='lat' dir='ltr'><strong>est</strong></span> <span class='ocrx_word' id='word_1_124' title='bbox 1076 1663 1091 1688; x_wconf 89' lang='lat'><strong>,</strong></span> <span class='ocrx_word' id='word_1_125' title='bbox 1120 1622 1184 1675; x_wconf 88' lang='lat' dir='ltr'><strong>ab</strong></span> <span class='ocrx_word' id='word_1_126' title='bbox 1209 1622 1340 1694; x_wconf 86' lang='lat' dir='ltr'><strong>ipso.</strong></span> <span class='ocrx_word' id='word_1_127' title='bbox 1372 1622 1448 1677; x_wconf 86' lang='lat' dir='ltr'><strong>Ab</strong></span> <span class='ocrx_word' id='word_1_128' title='bbox 1474 1624 1583 1695; x_wconf 88' lang='lat' dir='ltr'><strong>ipso</strong></span> <span class='ocrx_word' id='word_1_129' title='bbox 1604 1624 1785 1695; x_wconf 88' lang='lat' dir='ltr'><strong>utique</strong></span> <span class='ocrx_word' id='word_1_130' title='bbox 1814 1624 2063 1693; x_wconf 89' lang='lat' dir='ltr'><strong>Domino,</strong></span> 
     </span>
    </p>
   </div>
   <div class='ocr_carea' id='block_1_16' title="bbox 487 1710 2067 1785">
    <p class='ocr_par' dir='ltr' id='par_1_16' title="bbox 487 1710 2067 1785">
     <span class='ocr_line' id='line_1_16' title="bbox 487 1710 2067 1785; baseline 0.006 -23"><span class='ocrx_word' id='word_1_131' title='bbox 487 1710 581 1778; x_wconf 88' lang='lat' dir='ltr'><strong>qui</strong></span> <span class='ocrx_word' id='word_1_132' title='bbox 611 1725 792 1766; x_wconf 89' lang='lat' dir='ltr'><strong>amara</strong></span> <span class='ocrx_word' id='word_1_133' title='bbox 821 1719 992 1767; x_wconf 83' lang='lat' dir='ltr'><strong>mutat</strong></span> <span class='ocrx_word' id='word_1_134' title='bbox 1019 1713 1072 1768; x_wconf 91' lang='lat' dir='ltr'><strong>in</strong></span> <span class='ocrx_word' id='word_1_135' title='bbox 1103 1713 1441 1770; x_wconf 87' lang='lat' dir='ltr'><strong>dulcedinem</strong></span> <span class='ocrx_word' id='word_1_136' title='bbox 1463 1760 1478 1785; x_wconf 92' lang='lat'><strong>,</strong></span> <span class='ocrx_word' id='word_1_137' title='bbox 1513 1716 1787 1771; x_wconf 81' lang='lat' dir='ltr'><strong>tristitiam</strong></span> <span class='ocrx_word' id='word_1_138' title='bbox 1817 1716 1980 1771; x_wconf 80' lang='lat' dir='ltr'><strong>vertit</strong></span> <span class='ocrx_word' id='word_1_139' title='bbox 2008 1715 2067 1771; x_wconf 88' lang='lat' dir='ltr'><strong>in</strong></span> 
     </span>
    </p>
   </div>
   <div class='ocr_carea' id='block_1_17' title="bbox 489 1802 1885 1889">
    <p class='ocr_par' dir='ltr' id='par_1_17' title="bbox 489 1802 1885 1889">
     <span class='ocr_line' id='line_1_17' title="bbox 489 1802 1885 1889; baseline 0.004 -33"><span class='ocrx_word' id='word_1_140' title='bbox 489 1802 743 1872; x_wconf 76' lang='lat' dir='ltr'><strong>gaudium</strong></span> <span class='ocrx_word' id='word_1_141' title='bbox 763 1844 778 1870; x_wconf 92' lang='lat'><strong>,</strong></span> <span class='ocrx_word' id='word_1_142' title='bbox 809 1804 1154 1874; x_wconf 66' lang='lat' dir='ltr'><strong>aegritudines</strong></span> <span class='ocrx_word' id='word_1_143' title='bbox 1182 1805 1524 1889; x_wconf 75' lang='lat' dir='ltr'><strong>detestabiles</strong></span> <span class='ocrx_word' id='word_1_144' title='bbox 1554 1807 1607 1862; x_wconf 91' lang='lat' dir='ltr'><strong>in</strong></span> <span class='ocrx_word' id='word_1_145' title='bbox 1637 1806 1885 1863; x_wconf 77' lang='lat' dir='ltr'><strong>salutem.</strong></span> 
     </span>
    </p>
   </div>
   <div class='ocr_carea' id='block_1_18' title="bbox 2167 591 3740 665">
    <p class='ocr_par' dir='ltr' id='par_1_18' title="bbox 2167 591 3740 665">
     <span class='ocr_line' id='line_1_18' title="bbox 2167 591 3740 665; baseline -0.001 -14"><span class='ocrx_word' id='word_1_146' title='bbox 2167 594 2245 651; x_wconf 89' lang='lat' dir='ltr'><strong>lbi</strong></span> <span class='ocrx_word' id='word_1_147' title='bbox 2274 596 2415 650; x_wconf 89' lang='lat' dir='ltr'><strong>enim</strong></span> <span class='ocrx_word' id='word_1_148' title='bbox 2457 594 2577 665; x_wconf 80' lang='lat' dir='ltr'><strong>iure</strong></span> <span class='ocrx_word' id='word_1_149' title='bbox 2619 592 2883 661; x_wconf 85' lang='lat' dir='ltr'><strong>laudatur,</strong></span> <span class='ocrx_word' id='word_1_150' title='bbox 2925 592 3021 648; x_wconf 90' lang='lat' dir='ltr'><strong>ubi</strong></span> <span class='ocrx_word' id='word_1_151' title='bbox 3055 607 3164 648; x_wconf 87' lang='lat' dir='ltr'><strong>non</strong></span> <span class='ocrx_word' id='word_1_152' title='bbox 3209 591 3563 649; x_wconf 87' lang='lat' dir='ltr'><strong>maledicitur.</strong></span> <span class='ocrx_word' id='word_1_153' title='bbox 3606 592 3740 649; x_wconf 74' lang='lat' dir='ltr'><strong>Nam</strong></span> 
     </span>
    </p>
   </div>
   <div class='ocr_carea' id='block_1_19' title="bbox 2165 686 3817 761">
    <p class='ocr_par' dir='ltr' id='par_1_19' title="bbox 2165 686 3817 761">
     <span class='ocr_line' id='line_1_19' title="bbox 2165 686 3817 761; baseline -0.001 -16"><span class='ocrx_word' id='word_1_154' title='bbox 2165 688 2436 761; x_wconf 91' lang='lat' dir='ltr'><strong>quomodo</strong></span> <span class='ocrx_word' id='word_1_155' title='bbox 2480 688 2548 744; x_wconf 91' lang='lat' dir='ltr'><strong>ab</strong></span> <span class='ocrx_word' id='word_1_156' title='bbox 2599 688 2689 744; x_wconf 91' lang='lat' dir='ltr'><strong>illo</strong></span> <span class='ocrx_word' id='word_1_157' title='bbox 2733 687 2944 744; x_wconf 86' lang='lat' dir='ltr'><strong>laudem</strong></span> <span class='ocrx_word' id='word_1_158' title='bbox 2992 687 3285 758; x_wconf 85' lang='lat' dir='ltr'><strong>suscipiat,</strong></span> <span class='ocrx_word' id='word_1_159' title='bbox 3334 688 3423 757; x_wconf 87' lang='lat' dir='ltr'><strong>qui</strong></span> <span class='ocrx_word' id='word_1_160' title='bbox 3468 701 3532 743; x_wconf 87' lang='lat' dir='ltr'><strong>se</strong></span> <span class='ocrx_word' id='word_1_161' title='bbox 3578 687 3742 756; x_wconf 86' lang='lat' dir='ltr'><strong>impia</strong></span> <span class='ocrx_word' id='word_1_162' title='bbox 3811 686 3817 695; x_wconf 74' lang='lat'><strong><em>‘</em></strong></span> 
     </span>
    </p>
   </div>
   <div class='ocr_carea' id='block_1_20' title="bbox 2164 778 3741 853">
    <p class='ocr_par' dir='ltr' id='par_1_20' title="bbox 2164 778 3741 853">
     <span class='ocr_line' id='line_1_20' title="bbox 2164 778 3741 853; baseline -0.002 -15"><span class='ocrx_word' id='word_1_163' title='bbox 2164 781 2545 852; x_wconf 86' lang='lat' dir='ltr'><strong>superstitione</strong></span> <span class='ocrx_word' id='word_1_164' title='bbox 2582 778 2743 853; x_wconf 65' lang='grc'><strong>224</strong></span> <span class='ocrx_word' id='word_1_165' title='bbox 2777 778 3174 836; x_wconf 78' lang='lat' dir='ltr'><strong>commaculatl</strong></span> <span class='ocrx_word' id='word_1_166' title='bbox 3209 779 3478 851; x_wconf 80' lang='lat' dir='ltr'><strong>Sequitur,</strong></span> <span class='ocrx_word' id='word_1_167' title='bbox 3518 780 3583 834; x_wconf 85' lang='lat' dir='ltr'><strong>de</strong></span> <span class='ocrx_word' id='word_1_168' title='bbox 3621 781 3741 852; x_wconf 79' lang='lat' dir='ltr'><strong>fon-</strong></span> 
     </span>
    </p>
   </div>
   <div class='ocr_carea' id='block_1_21' title="bbox 2166 868 3741 942">
    <p class='ocr_par' dir='ltr' id='par_1_21' title="bbox 2166 868 3741 942">
     <span class='ocr_line' id='line_1_21' title="bbox 2166 868 3741 942; baseline -0.001 -15"><span class='ocrx_word' id='word_1_169' title='bbox 2166 868 2300 929; x_wconf 83' lang='lat' dir='ltr'><strong>tibus</strong></span> <span class='ocrx_word' id='word_1_170' title='bbox 2329 874 2517 941; x_wconf 80' lang='lat' dir='ltr'><strong>Israel,</strong></span> <span class='ocrx_word' id='word_1_171' title='bbox 2550 872 2617 929; x_wconf 90' lang='lat' dir='ltr'><strong>de</strong></span> <span class='ocrx_word' id='word_1_172' title='bbox 2665 871 2909 928; x_wconf 88' lang='lat' dir='ltr'><strong>doctrina</strong></span> <span class='ocrx_word' id='word_1_173' title='bbox 2947 871 3150 928; x_wconf 84' lang='lat' dir='ltr'><strong>scilicet</strong></span> <span class='ocrx_word' id='word_1_174' title='bbox 3191 871 3492 927; x_wconf 87' lang='lat' dir='ltr'><strong>Christiana</strong></span> <span class='ocrx_word' id='word_1_175' title='bbox 3515 912 3532 937; x_wconf 90' lang='lat'><strong>,</strong></span> <span class='ocrx_word' id='word_1_176' title='bbox 3576 876 3741 942; x_wconf 81' lang='lat' dir='ltr'><strong>quam</strong></span> 
     </span>
    </p>
   </div>
   <div class='ocr_carea' id='block_1_22' title="bbox 2166 966 3744 1043">
    <p class='ocr_par' dir='ltr' id='par_1_22' title="bbox 2166 966 3744 1043">
     <span class='ocr_line' id='line_1_22' title="bbox 2166 966 3744 1043; baseline -0.002 -16"><span class='ocrx_word' id='word_1_177' title='bbox 2166 971 2396 1043; x_wconf 83' lang='lat' dir='ltr'><strong>apostoli</strong></span> <span class='ocrx_word' id='word_1_178' title='bbox 2437 970 2685 1042; x_wconf 78' lang='lat' dir='ltr'><strong>gentibus</strong></span> <span class='ocrx_word' id='word_1_179' title='bbox 2726 967 3058 1025; x_wconf 89' lang='lat' dir='ltr'><strong>infuderunt.</strong></span> <span class='ocrx_word' id='word_1_180' title='bbox 3103 966 3246 1023; x_wconf 82' lang='lat' dir='ltr'><strong>Fons</strong></span> <span class='ocrx_word' id='word_1_181' title='bbox 3283 970 3424 1024; x_wconf 90' lang='lat' dir='ltr'><strong>enim</strong></span> <span class='ocrx_word' id='word_1_182' title='bbox 3466 969 3744 1039; x_wconf 87' lang='lat' dir='ltr'><strong>religionis</strong></span> 
     </span>
    </p>
   </div>
   <div class='ocr_carea' id='block_1_23' title="bbox 2167 1058 3747 1150">
    <p class='ocr_par' dir='ltr' id='par_1_23' title="bbox 2167 1058 3747 1150">
     <span class='ocr_line' id='line_1_23' title="bbox 2167 1058 3747 1150; baseline -0.004 -31"><span class='ocrx_word' id='word_1_183' title='bbox 2167 1062 2293 1120; x_wconf 86' lang='lat' dir='ltr'><strong>inde</strong></span> <span class='ocrx_word' id='word_1_184' title='bbox 2331 1076 2428 1132; x_wconf 91' lang='lat' dir='ltr'><strong>per</strong></span> <span class='ocrx_word' id='word_1_185' title='bbox 2463 1069 2688 1117; x_wconf 71' lang='lat' dir='ltr'><strong>caeteras</strong></span> <span class='ocrx_word' id='word_1_186' title='bbox 2736 1060 2983 1116; x_wconf 89' lang='lat' dir='ltr'><strong>nationes</strong></span> <span class='ocrx_word' id='word_1_187' title='bbox 3028 1060 3317 1115; x_wconf 77' lang='lat' dir='ltr'><strong>emanavit.</strong></span> <span class='ocrx_word' id='word_1_188' title='bbox 3361 1058 3505 1150; x_wconf 72' lang='lat' dir='ltr'><strong>Fpns</strong></span> <span class='ocrx_word' id='word_1_189' title='bbox 3544 1060 3747 1129; x_wconf 87' lang='lat' dir='ltr'><strong>quippe</strong></span> 
     </span>
    </p>
   </div>
   <div class='ocr_carea' id='block_1_24' title="bbox 2166 1152 3747 1224">
    <p class='ocr_par' dir='ltr' id='par_1_24' title="bbox 2166 1152 3747 1224">
     <span class='ocr_line' id='line_1_24' title="bbox 2166 1152 3747 1224; baseline -0.001 -13"><span class='ocrx_word' id='word_1_190' title='bbox 2166 1170 2198 1211; x_wconf 85' lang='lat' dir='ltr'><strong>a</strong></span> <span class='ocrx_word' id='word_1_191' title='bbox 2236 1154 2468 1211; x_wconf 79' lang='lat' dir='ltr'><strong>fovendo</strong></span> <span class='ocrx_word' id='word_1_192' title='bbox 2512 1153 2689 1210; x_wconf 88' lang='lat' dir='ltr'><strong>dictus</strong></span> <span class='ocrx_word' id='word_1_193' title='bbox 2725 1160 2843 1221; x_wconf 86' lang='lat' dir='ltr'><strong>est,</strong></span> <span class='ocrx_word' id='word_1_194' title='bbox 2890 1152 3033 1224; x_wconf 90' lang='lat' dir='ltr'><strong>quod</strong></span> <span class='ocrx_word' id='word_1_195' title='bbox 3071 1167 3297 1224; x_wconf 73' lang='lat' dir='ltr'><strong>corpora</strong></span> <span class='ocrx_word' id='word_1_196' title='bbox 3333 1161 3514 1210; x_wconf 89' lang='lat' dir='ltr'><strong>nostra</strong></span> <span class='ocrx_word' id='word_1_197' title='bbox 3559 1152 3747 1209; x_wconf 86' lang='lat' dir='ltr'><strong>labore</strong></span> 
     </span>
    </p>
   </div>
   <div class='ocr_carea' id='block_1_25' title="bbox 2164 1244 2591 1323">
    <p class='ocr_par' dir='ltr' id='par_1_25' title="bbox 2164 1244 2591 1323">
     <span class='ocr_line' id='line_1_25' title="bbox 2164 1244 2591 1323; baseline -0.009 -20"><span class='ocrx_word' id='word_1_198' title='bbox 2164 1246 2306 1303; x_wconf 86' lang='lat' dir='ltr'><strong>fessa</strong></span> <span class='ocrx_word' id='word_1_199' title='bbox 2334 1244 2591 1323; x_wconf 68' lang='lat' dir='ltr'><strong>refoveas.</strong></span> 
     </span>
    </p>
   </div>
   <div class='ocr_carea' id='block_1_26' title="bbox 2237 1336 3748 1410">
    <p class='ocr_par' dir='ltr' id='par_1_26' title="bbox 2237 1336 3748 1410">
     <span class='ocr_line' id='line_1_26' title="bbox 2237 1336 3748 1410; baseline 0.002 -18"><span class='ocrx_word' id='word_1_200' title='bbox 2237 1337 2394 1395; x_wconf 79' lang='lat' dir='ltr'><strong>Vers.</strong></span> <span class='ocrx_word' id='word_1_201' title='bbox 2432 1339 2522 1395; x_wconf 79' lang='lat' dir='ltr'><strong>3i.</strong></span> <span class='ocrx_word' id='word_1_202' title='bbox 2569 1336 2653 1392; x_wconf 85' lang='lat' dir='ltr'><strong>Ibi</strong></span> <span class='ocrx_word' id='word_1_203' title='bbox 2690 1337 2964 1410; x_wconf 86' lang='lat' dir='ltr'><strong>Benjantin</strong></span> <span class='ocrx_word' id='word_1_204' title='bbox 3014 1337 3379 1407; x_wconf 74' lang='lat' dir='ltr'><strong>adolescentior</strong></span> <span class='ocrx_word' id='word_1_205' title='bbox 3416 1340 3469 1393; x_wconf 91' lang='lat' dir='ltr'><strong>in</strong></span> <span class='ocrx_word' id='word_1_206' title='bbox 3509 1356 3696 1409; x_wconf 83' lang='lat' dir='ltr'><strong>pavore</strong></span> <span class='ocrx_word' id='word_1_207' title='bbox 3725 1356 3748 1395; x_wconf 92' lang='lat'><strong><em>:</em></strong></span> 
     </span>
    </p>
   </div>
   <div class='ocr_carea' id='block_1_27' title="bbox 2167 1430 3745 1504">
    <p class='ocr_par' dir='ltr' id='par_1_27' title="bbox 2167 1430 3745 1504">
     <span class='ocr_line' id='line_1_27' title="bbox 2167 1430 3745 1504; baseline 0 -17"><span class='ocrx_word' id='word_1_208' title='bbox 2167 1432 2422 1504; x_wconf 76' lang='lat' dir='ltr'><strong>principes</strong></span> <span class='ocrx_word' id='word_1_209' title='bbox 2444 1430 2586 1486; x_wconf 84' lang='lat' dir='ltr'><strong>Juda</strong></span> <span class='ocrx_word' id='word_1_210' title='bbox 2609 1433 2763 1486; x_wconf 86' lang='lat' dir='ltr'><strong>duces</strong></span> <span class='ocrx_word' id='word_1_211' title='bbox 2790 1447 2969 1486; x_wconf 81' lang='lat' dir='ltr'><strong>eorum</strong></span> <span class='ocrx_word' id='word_1_212' title='bbox 2986 1447 3007 1486; x_wconf 89' lang='lat'><strong><em>:</em></strong></span> <span class='ocrx_word' id='word_1_213' title='bbox 3035 1432 3285 1502; x_wconf 77' lang='lat' dir='ltr'><strong>principes</strong></span> <span class='ocrx_word' id='word_1_214' title='bbox 3310 1432 3547 1487; x_wconf 79' lang='lat' dir='ltr'><strong>Zabttlun</strong></span> <span class='ocrx_word' id='word_1_215' title='bbox 3564 1477 3578 1500; x_wconf 91' lang='lat'><strong>,</strong></span> <span class='ocrx_word' id='word_1_216' title='bbox 3611 1434 3745 1503; x_wconf 74' lang='lat' dir='ltr'><strong>prin-</strong></span> 
     </span>
    </p>
   </div>
   <div class='ocr_carea' id='block_1_28' title="bbox 2167 1522 3747 1596">
    <p class='ocr_par' dir='ltr' id='par_1_28' title="bbox 2167 1522 3747 1596">
     <span class='ocr_line' id='line_1_28' title="bbox 2167 1522 3747 1596; baseline -0.001 -16"><span class='ocrx_word' id='word_1_217' title='bbox 2167 1525 2310 1596; x_wconf 83' lang='lat' dir='ltr'><strong>cipes</strong></span> <span class='ocrx_word' id='word_1_218' title='bbox 2340 1522 2694 1595; x_wconf 83' lang='lat' dir='ltr'><strong>Nepluhalim.</strong></span> <span class='ocrx_word' id='word_1_219' title='bbox 2728 1522 2881 1580; x_wconf 80' lang='lat' dir='ltr'><strong>nunc</strong></span> <span class='ocrx_word' id='word_1_220' title='bbox 2909 1523 3129 1579; x_wconf 89' lang='lat' dir='ltr'><strong>modum</strong></span> <span class='ocrx_word' id='word_1_221' title='bbox 3159 1523 3442 1579; x_wconf 88' lang='lat' dir='ltr'><strong>locutionis</strong></span> <span class='ocrx_word' id='word_1_222' title='bbox 3472 1525 3747 1595; x_wconf 88' lang='lat' dir='ltr'><strong>proprium</strong></span> 
     </span>
    </p>
   </div>
   <div class='ocr_carea' id='block_1_29' title="bbox 2167 1615 3753 1690">
    <p class='ocr_par' dir='ltr' id='par_1_29' title="bbox 2167 1615 3753 1690">
     <span class='ocr_line' id='line_1_29' title="bbox 2167 1615 3753 1690; baseline -0.003 -14"><span class='ocrx_word' id='word_1_223' title='bbox 2167 1618 2563 1690; x_wconf 89' lang='lat' dir='ltr'><strong>Scripturarum</strong></span> <span class='ocrx_word' id='word_1_224' title='bbox 2593 1617 2895 1673; x_wconf 89' lang='lat' dir='ltr'><strong>divinarum</strong></span> <span class='ocrx_word' id='word_1_225' title='bbox 2938 1631 3058 1674; x_wconf 89' lang='lat' dir='ltr'><strong>esse</strong></span> <span class='ocrx_word' id='word_1_226' title='bbox 3099 1615 3364 1686; x_wconf 77' lang='lat' dir='ltr'><strong>diximus,</strong></span> <span class='ocrx_word' id='word_1_227' title='bbox 3397 1617 3614 1687; x_wconf 88' lang='lat' dir='ltr'><strong>quando</strong></span> <span class='ocrx_word' id='word_1_228' title='bbox 3646 1618 3753 1672; x_wconf 84' lang='lat' dir='ltr'><strong>lle-</strong></span> 
     </span>
    </p>
   </div>
   <div class='ocr_carea' id='block_1_30' title="bbox 2170 1709 3755 1783">
    <p class='ocr_par' dir='ltr' id='par_1_30' title="bbox 2170 1709 3755 1783">
     <span class='ocr_line' id='line_1_30' title="bbox 2170 1709 3755 1783; baseline -0.001 -16"><span class='ocrx_word' id='word_1_229' title='bbox 2170 1712 2315 1767; x_wconf 81' lang='lat' dir='ltr'><strong>braca</strong></span> <span class='ocrx_word' id='word_1_230' title='bbox 2357 1711 2573 1767; x_wconf 88' lang='lat' dir='ltr'><strong>nomina</strong></span> <span class='ocrx_word' id='word_1_231' title='bbox 2614 1711 2681 1766; x_wconf 91' lang='lat' dir='ltr'><strong>ad</strong></span> <span class='ocrx_word' id='word_1_232' title='bbox 2720 1710 2936 1782; x_wconf 88' lang='lat' dir='ltr'><strong>aliquod</strong></span> <span class='ocrx_word' id='word_1_233' title='bbox 2984 1709 3297 1782; x_wconf 86' lang='lat' dir='ltr'><strong>mysterium</strong></span> <span class='ocrx_word' id='word_1_234' title='bbox 3337 1711 3755 1783; x_wconf 87' lang='lat' dir='ltr'><strong>signiﬁcationis</strong></span> 
     </span>
    </p>
   </div>
   <div class='ocr_carea' id='block_1_31' title="bbox 2170 1803 3755 1875">
    <p class='ocr_par' dir='ltr' id='par_1_31' title="bbox 2170 1803 3755 1875">
     <span class='ocr_line' id='line_1_31' title="bbox 2170 1803 3755 1875; baseline -0.001 -14"><span class='ocrx_word' id='word_1_235' title='bbox 2170 1805 2462 1861; x_wconf 83' lang='lat' dir='ltr'><strong>interserit.</strong></span> <span class='ocrx_word' id='word_1_236' title='bbox 2497 1804 2728 1860; x_wconf 90' lang='lat' dir='ltr'><strong>Dubium</strong></span> <span class='ocrx_word' id='word_1_237' title='bbox 2757 1805 2948 1875; x_wconf 89' lang='lat' dir='ltr'><strong>quippe</strong></span> <span class='ocrx_word' id='word_1_238' title='bbox 2977 1819 3086 1860; x_wconf 89' lang='lat' dir='ltr'><strong>non</strong></span> <span class='ocrx_word' id='word_1_239' title='bbox 3111 1812 3194 1859; x_wconf 90' lang='lat' dir='ltr'><strong>est</strong></span> <span class='ocrx_word' id='word_1_240' title='bbox 3233 1818 3419 1860; x_wconf 88' lang='lat' dir='ltr'><strong>omnes</strong></span> <span class='ocrx_word' id='word_1_241' title='bbox 3457 1803 3755 1874; x_wconf 79' lang='lat' dir='ltr'><strong>prophetas</strong></span> 
     </span>
    </p>
   </div>
   <div class='ocr_carea' id='block_1_32' title="bbox 566 1881 3753 1972">
    <p class='ocr_par' dir='ltr' id='par_1_32' title="bbox 566 1881 3753 1972">
     <span class='ocr_line' id='line_1_32' title="bbox 566 1881 3753 1972; baseline 0.001 -21"><span class='ocrx_word' id='word_1_242' title='bbox 566 1896 721 1951; x_wconf 80' lang='lat' dir='ltr'><strong>Vers.</strong></span> <span class='ocrx_word' id='word_1_243' title='bbox 759 1897 850 1952; x_wconf 70' lang='lat'><strong>28.</strong></span> <span class='ocrx_word' id='word_1_244' title='bbox 889 1897 1002 1953; x_wconf 86' lang='lat' dir='ltr'><strong>Visi</strong></span> <span class='ocrx_word' id='word_1_245' title='bbox 1039 1909 1157 1955; x_wconf 85' lang='lat' dir='ltr'><strong>sunt</strong></span> <span class='ocrx_word' id='word_1_246' title='bbox 1194 1883 1411 1971; x_wconf 34' lang='lat' dir='ltr'><strong>gressus.</strong></span> <span class='ocrx_word' id='word_1_247' title='bbox 1437 1881 1541 1971; x_wconf 77' lang='lat' dir='ltr'><strong>tui,</strong></span> <span class='ocrx_word' id='word_1_248' title='bbox 1581 1901 1721 1956; x_wconf 81' lang='lat' dir='ltr'><strong>Deus</strong></span> <span class='ocrx_word' id='word_1_249' title='bbox 1747 1916 1766 1955; x_wconf 91' lang='lat'><strong><em>:</em></strong></span> <span class='ocrx_word' id='word_1_250' title='bbox 1809 1901 2068 1972; x_wconf 80' lang='lat' dir='ltr'><strong>ingressus</strong></span> <span class='ocrx_word' id='word_1_251' title='bbox 2096 1895 2147 1959; x_wconf 85' lang='grc' dir='ltr'><strong>Β</strong></span> <span class='ocrx_word' id='word_1_252' title='bbox 2172 1897 2494 1968; x_wconf 73' lang='lat' dir='ltr'><strong>evangelicae</strong></span> <span class='ocrx_word' id='word_1_253' title='bbox 2535 1896 2933 1968; x_wconf 66' lang='lat' dir='ltr'><strong>praedicationis</strong></span> <span class='ocrx_word' id='word_1_254' title='bbox 2976 1898 3191 1953; x_wconf 89' lang='lat' dir='ltr'><strong>beatum</strong></span> <span class='ocrx_word' id='word_1_255' title='bbox 3234 1903 3445 1967; x_wconf 87' lang='lat' dir='ltr'><strong>tempus</strong></span> <span class='ocrx_word' id='word_1_256' title='bbox 3486 1904 3753 1967; x_wconf 88' lang='lat' dir='ltr'><strong>optasse;</strong></span> 
     </span>
    </p>
   </div>
   <div class='ocr_carea' id='block_1_33' title="bbox 486 1972 2070 2062">
    <p class='ocr_par' dir='ltr' id='par_1_33' title="bbox 486 1972 2070 2062">
     <span class='ocr_line' id='line_1_33' title="bbox 486 1972 2070 2062; baseline 0.004 -21"><span class='ocrx_word' id='word_1_257' title='bbox 486 1984 595 2041; x_wconf 88' lang='lat' dir='ltr'><strong>.Dei</strong></span> <span class='ocrx_word' id='word_1_258' title='bbox 644 1988 742 2042; x_wconf 84' lang='lat' dir='ltr'><strong>mei</strong></span> <span class='ocrx_word' id='word_1_259' title='bbox 790 1972 973 2059; x_wconf 62' lang='lat' dir='ltr'><strong>Regis,</strong></span> <span class='ocrx_word' id='word_1_260' title='bbox 1013 1991 1100 2061; x_wconf 82' lang='lat' dir='ltr'><strong>qui</strong></span> <span class='ocrx_word' id='word_1_261' title='bbox 1137 2002 1211 2045; x_wconf 85' lang='lat' dir='ltr'><strong>est</strong></span> <span class='ocrx_word' id='word_1_262' title='bbox 1247 1992 1301 2045; x_wconf 86' lang='lat' dir='ltr'><strong>in</strong></span> <span class='ocrx_word' id='word_1_263' title='bbox 1336 2002 1512 2047; x_wconf 87' lang='lat' dir='ltr'><strong>sancto</strong></span> <span class='ocrx_word' id='word_1_264' title='bbox 1549 1993 1732 2062; x_wconf 80' lang='lat' dir='ltr'><strong>ipsius.</strong></span> <span class='ocrx_word' id='word_1_265' title='bbox 1777 1991 1944 2047; x_wconf 85' lang='lat' dir='ltr'><strong>Totus</strong></span> <span class='ocrx_word' id='word_1_266' title='bbox 1982 1990 2070 2048; x_wconf 92' lang='lat' dir='ltr'><strong>hic</strong></span> 
     </span>
    </p>
   </div>
   <div class='ocr_carea' id='block_1_34' title="bbox 495 2079 2065 2153">
    <p class='ocr_par' dir='ltr' id='par_1_34' title="bbox 495 2079 2065 2153">
     <span class='ocr_line' id='line_1_34' title="bbox 495 2079 2065 2153; baseline 0.003 -20"><span class='ocrx_word' id='word_1_267' title='bbox 495 2092 687 2135; x_wconf 89' lang='lat' dir='ltr'><strong>versus</strong></span> <span class='ocrx_word' id='word_1_268' title='bbox 728 2079 1152 2137; x_wconf 84' lang='lat' dir='ltr'><strong>incarnationem</strong></span> <span class='ocrx_word' id='word_1_269' title='bbox 1195 2082 1458 2153; x_wconf 73' lang='lat' dir='ltr'><strong>significat</strong></span> <span class='ocrx_word' id='word_1_270' title='bbox 1500 2084 1713 2139; x_wconf 87' lang='lat' dir='ltr'><strong>Domini</strong></span> <span class='ocrx_word' id='word_1_271' title='bbox 1754 2081 2065 2140; x_wconf 89' lang='lat' dir='ltr'><strong>Salvatoris.</strong></span> 
     </span>
    </p>
   </div>
   <div class='ocr_carea' id='block_1_35' title="bbox 495 2168 2069 2246">
    <p class='ocr_par' dir='ltr' id='par_1_35' title="bbox 495 2168 2069 2246">
     <span class='ocr_line' id='line_1_35' title="bbox 495 2168 2069 2246; baseline 0.004 -22"><span class='ocrx_word' id='word_1_272' title='bbox 495 2168 638 2225; x_wconf 84' lang='lat' dir='ltr'><strong>Dicit</strong></span> <span class='ocrx_word' id='word_1_273' title='bbox 679 2171 863 2228; x_wconf 85' lang='lat' dir='ltr'><strong>enim:</strong></span> <span class='ocrx_word' id='word_1_274' title='bbox 902 2172 1016 2228; x_wconf 82' lang='lat' dir='ltr'><strong>Vtsi</strong></span> <span class='ocrx_word' id='word_1_275' title='bbox 1058 2182 1178 2229; x_wconf 88' lang='lat' dir='ltr'><strong>sunt</strong></span> <span class='ocrx_word' id='word_1_276' title='bbox 1220 2190 1422 2245; x_wconf 81' lang='lat' dir='ltr'><strong>gressus</strong></span> <span class='ocrx_word' id='word_1_277' title='bbox 1466 2176 1571 2243; x_wconf 89' lang='lat' dir='ltr'><strong>tui,</strong></span> <span class='ocrx_word' id='word_1_278' title='bbox 1616 2174 1791 2241; x_wconf 85' lang='lat' dir='ltr'><strong>Deus,</strong></span> <span class='ocrx_word' id='word_1_279' title='bbox 1822 2175 1934 2231; x_wconf 86' lang='lat' dir='ltr'><strong>sive</strong></span> <span class='ocrx_word' id='word_1_280' title='bbox 1972 2190 2069 2246; x_wconf 88' lang='lat' dir='ltr'><strong>per</strong></span> 
     </span>
    </p>
   </div>
   <div class='ocr_carea' id='block_1_36' title="bbox 492 2264 2068 2340">
    <p class='ocr_par' dir='ltr' id='par_1_36' title="bbox 492 2264 2068 2340">
     <span class='ocr_line' id='line_1_36' title="bbox 492 2264 2068 2340; baseline 0.005 -23"><span class='ocrx_word' id='word_1_281' title='bbox 492 2264 758 2334; x_wconf 82' lang='lat' dir='ltr'><strong>assumpti</strong></span> <span class='ocrx_word' id='word_1_282' title='bbox 786 2265 1026 2336; x_wconf 89' lang='lat' dir='ltr'><strong>corporis</strong></span> <span class='ocrx_word' id='word_1_283' title='bbox 1055 2267 1283 2323; x_wconf 87' lang='lat' dir='ltr'><strong>formam</strong></span> <span class='ocrx_word' id='word_1_284' title='bbox 1301 2308 1317 2335; x_wconf 93' lang='lat'><strong>,</strong></span> <span class='ocrx_word' id='word_1_285' title='bbox 1350 2270 1462 2324; x_wconf 87' lang='lat' dir='ltr'><strong>sive</strong></span> <span class='ocrx_word' id='word_1_286' title='bbox 1490 2284 1585 2339; x_wconf 91' lang='lat' dir='ltr'><strong>per</strong></span> <span class='ocrx_word' id='word_1_287' title='bbox 1610 2268 1832 2339; x_wconf 86' lang='lat' dir='ltr'><strong>vestigia</strong></span> <span class='ocrx_word' id='word_1_288' title='bbox 1872 2269 2068 2340; x_wconf 67' lang='lat' dir='ltr'><strong>pracdi-</strong></span> 
     </span>
    </p>
   </div>
   <div class='ocr_carea' id='block_1_37' title="bbox 493 2355 2069 2428">
    <p class='ocr_par' dir='ltr' id='par_1_37' title="bbox 493 2355 2069 2428">
     <span class='ocr_line' id='line_1_37' title="bbox 493 2355 2069 2428; baseline 0.006 -21"><span class='ocrx_word' id='word_1_289' title='bbox 493 2355 725 2411; x_wconf 86' lang='lat' dir='ltr'><strong>cationis</strong></span> <span class='ocrx_word' id='word_1_290' title='bbox 746 2396 761 2423; x_wconf 89' lang='lat'><strong>,</strong></span> <span class='ocrx_word' id='word_1_291' title='bbox 792 2357 987 2428; x_wconf 88' lang='lat' dir='ltr'><strong>quibus</strong></span> <span class='ocrx_word' id='word_1_292' title='bbox 1021 2358 1335 2416; x_wconf 90' lang='lat' dir='ltr'><strong>innocenter</strong></span> <span class='ocrx_word' id='word_1_293' title='bbox 1363 2360 1457 2417; x_wconf 91' lang='lat' dir='ltr'><strong>ille</strong></span> <span class='ocrx_word' id='word_1_294' title='bbox 1484 2362 1539 2416; x_wconf 89' lang='lat' dir='ltr'><strong>in</strong></span> <span class='ocrx_word' id='word_1_295' title='bbox 1571 2361 1673 2416; x_wconf 86' lang='lat' dir='ltr'><strong>hoc</strong></span> <span class='ocrx_word' id='word_1_296' title='bbox 1701 2360 1902 2417; x_wconf 90' lang='lat' dir='ltr'><strong>mundo</strong></span> <span class='ocrx_word' id='word_1_297' title='bbox 1938 2375 2069 2418; x_wconf 87' lang='lat' dir='ltr'><strong>san-</strong></span> 
     </span>
    </p>
   </div>
   <div class='ocr_carea' id='block_1_38' title="bbox 491 2444 2072 2519">
    <p class='ocr_par' dir='ltr' id='par_1_38' title="bbox 491 2444 2072 2519">
     <span class='ocr_line' id='line_1_38' title="bbox 491 2444 2072 2519; baseline 0.006 -16"><span class='ocrx_word' id='word_1_298' title='bbox 491 2448 597 2503; x_wconf 88' lang='lat' dir='ltr'><strong>ctis</strong></span> <span class='ocrx_word' id='word_1_299' title='bbox 614 2444 889 2519; x_wconf 54' lang='lat' dir='ltr'><strong>ﬁessibus</strong></span> <span class='ocrx_word' id='word_1_300' title='bbox 914 2452 1221 2508; x_wconf 87' lang='lat' dir='ltr'><strong>ambulavit.</strong></span> <span class='ocrx_word' id='word_1_301' title='bbox 1256 2453 1325 2508; x_wconf 86' lang='lat' dir='ltr'><strong>Et</strong></span> <span class='ocrx_word' id='word_1_302' title='bbox 1347 2460 1405 2509; x_wconf 91' lang='lat' dir='ltr'><strong>ut</strong></span> <span class='ocrx_word' id='word_1_303' title='bbox 1432 2453 1714 2510; x_wconf 89' lang='lat' dir='ltr'><strong>Dominum</strong></span> <span class='ocrx_word' id='word_1_304' title='bbox 1739 2455 2072 2513; x_wconf 86' lang='lat' dir='ltr'><strong>Satvatorem</strong></span> 
     </span>
    </p>
   </div>
   <div class='ocr_carea' id='block_1_39' title="bbox 490 2528 2073 2616">
    <p class='ocr_par' dir='ltr' id='par_1_39' title="bbox 490 2528 2073 2616">
     <span class='ocr_line' id='line_1_39' title="bbox 490 2528 2073 2616; baseline 0.006 -23"><span class='ocrx_word' id='word_1_305' title='bbox 490 2538 772 2596; x_wconf 81' lang='lat' dir='ltr'><strong>evidenter</strong></span> <span class='ocrx_word' id='word_1_306' title='bbox 799 2543 1143 2611; x_wconf 89' lang='lat' dir='ltr'><strong>ostenderet,</strong></span> <span class='ocrx_word' id='word_1_307' title='bbox 1172 2544 1399 2615; x_wconf 89' lang='lat' dir='ltr'><strong>adjecit,</strong></span> <span class='ocrx_word' id='word_1_308' title='bbox 1425 2546 1684 2616; x_wconf 87' lang='lat' dir='ltr'><strong>ingressus</strong></span> <span class='ocrx_word' id='word_1_309' title='bbox 1711 2528 1809 2601; x_wconf 71' lang='lat' dir='ltr'><strong>Dei</strong></span> <span class='ocrx_word' id='word_1_310' title='bbox 1836 2546 1935 2601; x_wconf 87' lang='lat' dir='ltr'><strong>mei</strong></span> <span class='ocrx_word' id='word_1_311' title='bbox 1966 2538 2073 2602; x_wconf 84' lang='lat' dir='ltr'><strong>Re-</strong></span> 
     </span>
    </p>
   </div>
   <div class='ocr_carea' id='block_1_40' title="bbox 489 2632 2075 2712">
    <p class='ocr_par' dir='ltr' id='par_1_40' title="bbox 489 2632 2075 2712">
     <span class='ocr_line' id='line_1_40' title="bbox 489 2632 2075 2712; baseline 0.007 -27"><span class='ocrx_word' id='word_1_312' title='bbox 489 2632 598 2705; x_wconf 83' lang='lat' dir='ltr'><strong>gis,</strong></span> <span class='ocrx_word' id='word_1_313' title='bbox 652 2633 773 2703; x_wconf 83' lang='lat' dir='ltr'><strong>quia</strong></span> <span class='ocrx_word' id='word_1_314' title='bbox 804 2635 919 2705; x_wconf 90' lang='lat' dir='ltr'><strong>ipse</strong></span> <span class='ocrx_word' id='word_1_315' title='bbox 951 2636 1059 2691; x_wconf 79' lang='lat' dir='ltr'><strong>Rea:</strong></span> <span class='ocrx_word' id='word_1_316' title='bbox 1086 2638 1140 2693; x_wconf 91' lang='lat' dir='ltr'><strong>in</strong></span> <span class='ocrx_word' id='word_1_317' title='bbox 1170 2638 1273 2694; x_wconf 84' lang='lat' dir='ltr'><strong>hoc</strong></span> <span class='ocrx_word' id='word_1_318' title='bbox 1304 2638 1503 2695; x_wconf 87' lang='lat' dir='ltr'><strong>mundo</strong></span> <span class='ocrx_word' id='word_1_319' title='bbox 1534 2639 1840 2710; x_wconf 86' lang='lat' dir='ltr'><strong>specialiter</strong></span> <span class='ocrx_word' id='word_1_320' title='bbox 1870 2640 2075 2712; x_wconf 85' lang='lat' dir='ltr'><strong>ingres-</strong></span> 
     </span>
    </p>
   </div>
   <div class='ocr_carea' id='block_1_41' title="bbox 488 2725 2070 2802">
    <p class='ocr_par' dir='ltr' id='par_1_41' title="bbox 488 2725 2070 2802">
     <span class='ocr_line' id='line_1_41' title="bbox 488 2725 2070 2802; baseline 0.005 -23"><span class='ocrx_word' id='word_1_321' title='bbox 488 2737 589 2780; x_wconf 82' lang='lat' dir='ltr'><strong>sus</strong></span> <span class='ocrx_word' id='word_1_322' title='bbox 629 2734 752 2792; x_wconf 88' lang='lat' dir='ltr'><strong>est,</strong></span> <span class='ocrx_word' id='word_1_323' title='bbox 794 2725 864 2782; x_wconf 90' lang='lat' dir='ltr'><strong>de</strong></span> <span class='ocrx_word' id='word_1_324' title='bbox 904 2742 1009 2796; x_wconf 91' lang='lat' dir='ltr'><strong>quo</strong></span> <span class='ocrx_word' id='word_1_325' title='bbox 1054 2728 1311 2799; x_wconf 88' lang='lat' dir='ltr'><strong>scriptum</strong></span> <span class='ocrx_word' id='word_1_326' title='bbox 1350 2740 1438 2786; x_wconf 92' lang='lat' dir='ltr'><strong>est</strong></span> <span class='ocrx_word' id='word_1_327' title='bbox 1478 2732 1533 2787; x_wconf 88' lang='lat' dir='ltr'><strong>in</strong></span> <span class='ocrx_word' id='word_1_328' title='bbox 1574 2731 1727 2786; x_wconf 88' lang='lat' dir='ltr'><strong>titulo</strong></span> <span class='ocrx_word' id='word_1_329' title='bbox 1767 2731 2070 2802; x_wconf 86' lang='lat' dir='ltr'><strong>passionis:</strong></span> 
     </span>
    </p>
   </div>
   <div class='ocr_carea' id='block_1_42' title="bbox 489 2814 2075 2894">
    <p class='ocr_par' dir='ltr' id='par_1_42' title="bbox 489 2814 2075 2894">
     <span class='ocr_line' id='line_1_42' title="bbox 489 2814 2075 2894; baseline 0.004 -21"><span class='ocrx_word' id='word_1_330' title='bbox 489 2815 609 2873; x_wconf 72' lang='lat' dir='ltr'><strong>Rex</strong></span> <span class='ocrx_word' id='word_1_331' title='bbox 634 2817 935 2873; x_wconf 74' lang='lat' dir='ltr'><strong>Judteorum</strong></span> <span class='ocrx_word' id='word_1_332' title='bbox 966 2820 1157 2891; x_wconf 78' lang='lat' dir='ltr'><strong>(Marc.</strong></span> <span class='ocrx_word' id='word_1_333' title='bbox 1186 2836 1253 2876; x_wconf 91' lang='lat' dir='ltr'><strong>xv</strong></span> <span class='ocrx_word' id='word_1_334' title='bbox 1270 2862 1285 2888; x_wconf 91' lang='lat'><strong>,</strong></span> <span class='ocrx_word' id='word_1_335' title='bbox 1307 2820 1423 2893; x_wconf 71' lang='lat'><strong>26).</strong></span> <span class='ocrx_word' id='word_1_336' title='bbox 1450 2821 1583 2877; x_wconf 86' lang='lat' dir='ltr'><strong>Nam</strong></span> <span class='ocrx_word' id='word_1_337' title='bbox 1606 2831 1662 2878; x_wconf 90' lang='lat' dir='ltr'><strong>et</strong></span> <span class='ocrx_word' id='word_1_338' title='bbox 1686 2837 1883 2894; x_wconf 90' lang='lat' dir='ltr'><strong>corpus</strong></span> <span class='ocrx_word' id='word_1_339' title='bbox 1906 2814 2075 2894; x_wconf 89' lang='lat' dir='ltr'><strong>ipsius</strong></span> 
     </span>
    </p>
   </div>
   <div class='ocr_carea' id='block_1_43' title="bbox 492 2910 2072 2986">
    <p class='ocr_par' dir='ltr' id='par_1_43' title="bbox 492 2910 2072 2986">
     <span class='ocr_line' id='line_1_43' title="bbox 492 2910 2072 2986; baseline 0.001 -17"><span class='ocrx_word' id='word_1_340' title='bbox 492 2910 772 2969; x_wconf 77' lang='lat' dir='ltr'><strong>evidenter</strong></span> <span class='ocrx_word' id='word_1_341' title='bbox 800 2912 1064 2982; x_wconf 82' lang='lat' dir='ltr'><strong>expressit</strong></span> <span class='ocrx_word' id='word_1_342' title='bbox 1090 2913 1280 2970; x_wconf 90' lang='lat' dir='ltr'><strong>dicens</strong></span> <span class='ocrx_word' id='word_1_343' title='bbox 1309 2932 1321 2968; x_wconf 94' lang='lat'><strong>:</strong></span> <span class='ocrx_word' id='word_1_344' title='bbox 1358 2913 1459 2980; x_wconf 81' lang='lat' dir='ltr'><strong>Qui</strong></span> <span class='ocrx_word' id='word_1_345' title='bbox 1490 2922 1564 2971; x_wconf 85' lang='lat' dir='ltr'><strong>est</strong></span> <span class='ocrx_word' id='word_1_346' title='bbox 1593 2916 1647 2969; x_wconf 91' lang='lat' dir='ltr'><strong>in</strong></span> <span class='ocrx_word' id='word_1_347' title='bbox 1675 2924 1850 2972; x_wconf 85' lang='lat' dir='ltr'><strong>sancto</strong></span> <span class='ocrx_word' id='word_1_348' title='bbox 1888 2917 2072 2986; x_wconf 83' lang='lat' dir='ltr'><strong>ipsius.</strong></span> 
     </span>
    </p>
   </div>
   <div class='ocr_carea' id='block_1_44' title="bbox 491 3002 2074 3095">
    <p class='ocr_par' dir='ltr' id='par_1_44' title="bbox 491 3002 2074 3095">
     <span class='ocr_line' id='line_1_44' title="bbox 491 3002 2074 3095; baseline 0.001 -36"><span class='ocrx_word' id='word_1_349' title='bbox 491 3002 748 3059; x_wconf 82' lang='lat' dir='ltr'><strong>Sanctum</strong></span> <span class='ocrx_word' id='word_1_350' title='bbox 776 3004 920 3060; x_wconf 89' lang='lat' dir='ltr'><strong>enim</strong></span> <span class='ocrx_word' id='word_1_351' title='bbox 945 3004 1045 3060; x_wconf 86' lang='lat' dir='ltr'><strong>fuit</strong></span> <span class='ocrx_word' id='word_1_352' title='bbox 1069 3006 1324 3076; x_wconf 88' lang='lat' dir='ltr'><strong>templum</strong></span> <span class='ocrx_word' id='word_1_353' title='bbox 1350 3006 1592 3095; x_wconf 75' lang='lat' dir='ltr'><strong>corporis</strong></span> <span class='ocrx_word' id='word_1_354' title='bbox 1622 3007 1832 3066; x_wconf 67' lang='lat' dir='ltr'><strong>Dombl</strong></span> <span class='ocrx_word' id='word_1_355' title='bbox 1852 3007 2074 3075; x_wconf 84' lang='lat' dir='ltr'><strong>Christi;</strong></span> 
     </span>
    </p>
   </div>
   <div class='ocr_carea' id='block_1_45' title="bbox 494 3095 2075 3181">
    <p class='ocr_par' dir='ltr' id='par_1_45' title="bbox 494 3095 2075 3181">
     <span class='ocr_line' id='line_1_45' title="bbox 494 3095 2075 3181; baseline 0.006 -31"><span class='ocrx_word' id='word_1_356' title='bbox 494 3095 553 3150; x_wconf 81' lang='lat' dir='ltr'><strong>in</strong></span> <span class='ocrx_word' id='word_1_357' title='bbox 581 3111 646 3151; x_wconf 91' lang='lat' dir='ltr'><strong>eo</strong></span> <span class='ocrx_word' id='word_1_358' title='bbox 684 3098 828 3153; x_wconf 87' lang='lat' dir='ltr'><strong>enim</strong></span> <span class='ocrx_word' id='word_1_359' title='bbox 868 3107 987 3154; x_wconf 89' lang='lat' dir='ltr'><strong>erat</strong></span> <span class='ocrx_word' id='word_1_360' title='bbox 1027 3100 1304 3181; x_wconf 85' lang='lat' dir='ltr'><strong>plenitudo</strong></span> <span class='ocrx_word' id='word_1_361' title='bbox 1334 3101 1626 3159; x_wconf 87' lang='lat' dir='ltr'><strong>divinitatis</strong></span> <span class='ocrx_word' id='word_1_362' title='bbox 1646 3144 1662 3171; x_wconf 94' lang='lat'><strong>,</strong></span> <span class='ocrx_word' id='word_1_363' title='bbox 1695 3118 1853 3174; x_wconf 86' lang='lat' dir='ltr'><strong>quam</strong></span> <span class='ocrx_word' id='word_1_364' title='bbox 1885 3103 2075 3174; x_wconf 89' lang='lat' dir='ltr'><strong>perﬁdi</strong></span> 
     </span>
    </p>
   </div>
   <div class='ocr_carea' id='block_1_46' title="bbox 498 3182 1247 3259">
    <p class='ocr_par' dir='ltr' id='par_1_46' title="bbox 498 3182 1247 3259">
     <span class='ocr_line' id='line_1_46' title="bbox 498 3182 1247 3259; baseline 0.009 -20"><span class='ocrx_word' id='word_1_365' title='bbox 498 3185 687 3241; x_wconf 88' lang='lat' dir='ltr'><strong>videre</strong></span> <span class='ocrx_word' id='word_1_366' title='bbox 706 3202 813 3259; x_wconf 87' lang='lat' dir='ltr'><strong>non</strong></span> <span class='ocrx_word' id='word_1_367' title='bbox 840 3197 1105 3256; x_wconf 87' lang='lat' dir='ltr'><strong>poterant.</strong></span> <span class='ocrx_word' id='word_1_368' title='bbox 1240 3182 1247 3188; x_wconf 76' lang='grc'><em>’</em></span> 
     </span>
    </p>
   </div>
   <div class='ocr_carea' id='block_1_47' title="bbox 2173 1989 3756 2063">
    <p class='ocr_par' dir='ltr' id='par_1_47' title="bbox 2173 1989 3756 2063">
     <span class='ocr_line' id='line_1_47' title="bbox 2173 1989 3756 2063; baseline -0.001 -16"><span class='ocrx_word' id='word_1_369' title='bbox 2173 1990 2317 2063; x_wconf 92' lang='lat' dir='ltr'><strong>quod</strong></span> <span class='ocrx_word' id='word_1_370' title='bbox 2374 2004 2518 2046; x_wconf 90' lang='lat' dir='ltr'><strong>nunc</strong></span> <span class='ocrx_word' id='word_1_371' title='bbox 2571 1990 3005 2063; x_wconf 87' lang='lat' dir='ltr'><strong>Psalmigrapbus</strong></span> <span class='ocrx_word' id='word_1_372' title='bbox 3058 1991 3402 2047; x_wconf 86' lang='lat' dir='ltr'><strong>vehementer</strong></span> <span class='ocrx_word' id='word_1_373' title='bbox 3453 1989 3756 2057; x_wconf 78' lang='lat' dir='ltr'><strong>aﬁectans,</strong></span> 
     </span>
    </p>
   </div>
   <div class='ocr_carea' id='block_1_48' title="bbox 2172 2082 3760 2157">
    <p class='ocr_par' dir='ltr' id='par_1_48' title="bbox 2172 2082 3760 2157">
     <span class='ocr_line' id='line_1_48' title="bbox 2172 2082 3760 2157; baseline -0.001 -16"><span class='ocrx_word' id='word_1_374' title='bbox 2172 2100 2271 2157; x_wconf 88' lang='lat' dir='ltr'><strong>per</strong></span> <span class='ocrx_word' id='word_1_375' title='bbox 2300 2085 2515 2140; x_wconf 87' lang='lat' dir='ltr'><strong>nomina</strong></span> <span class='ocrx_word' id='word_1_376' title='bbox 2543 2084 2771 2140; x_wconf 92' lang='lat' dir='ltr'><strong>tribuum</strong></span> <span class='ocrx_word' id='word_1_377' title='bbox 2790 2126 2806 2154; x_wconf 94' lang='lat'><strong>,</strong></span> <span class='ocrx_word' id='word_1_378' title='bbox 2834 2091 2891 2140; x_wconf 89' lang='lat' dir='ltr'><strong>et</strong></span> <span class='ocrx_word' id='word_1_379' title='bbox 2915 2083 3198 2140; x_wconf 90' lang='lat' dir='ltr'><strong>Dominum</strong></span> <span class='ocrx_word' id='word_1_380' title='bbox 3225 2082 3494 2140; x_wconf 89' lang='lat' dir='ltr'><strong>Christum</strong></span> <span class='ocrx_word' id='word_1_381' title='bbox 3524 2093 3582 2140; x_wconf 89' lang='lat' dir='ltr'><strong>et</strong></span> <span class='ocrx_word' id='word_1_382' title='bbox 3607 2084 3760 2155; x_wconf 86' lang='lat' dir='ltr'><strong>ipsos</strong></span> 
     </span>
    </p>
   </div>
   <div class='ocr_carea' id='block_1_49' title="bbox 2172 2163 3760 2252">
    <p class='ocr_par' dir='ltr' id='par_1_49' title="bbox 2172 2163 3760 2252">
     <span class='ocr_line' id='line_1_49' title="bbox 2172 2163 3760 2252; baseline -0.003 -14"><span class='ocrx_word' id='word_1_383' title='bbox 2172 2163 2440 2238; x_wconf 83' lang='lat' dir='ltr'><strong>iudicasse</strong></span> <span class='ocrx_word' id='word_1_384' title='bbox 2482 2179 2735 2250; x_wconf 89' lang='lat' dir='ltr'><strong>probatur</strong></span> <span class='ocrx_word' id='word_1_385' title='bbox 2786 2178 3077 2249; x_wconf 91' lang='lat' dir='ltr'><strong>apostolos.</strong></span> <span class='ocrx_word' id='word_1_386' title='bbox 3142 2177 3226 2233; x_wconf 87' lang='lat' dir='ltr'><strong>Ibi</strong></span> <span class='ocrx_word' id='word_1_387' title='bbox 3266 2177 3538 2252; x_wconf 85' lang='lat' dir='ltr'><strong>Benjamin</strong></span> <span class='ocrx_word' id='word_1_388' title='bbox 3578 2176 3760 2233; x_wconf 85' lang='lat' dir='ltr'><strong>adole-</strong></span> 
     </span>
    </p>
   </div>
   <div class='ocr_carea' id='block_1_50' title="bbox 2173 2269 3759 2343">
    <p class='ocr_par' dir='ltr' id='par_1_50' title="bbox 2173 2269 3759 2343">
     <span class='ocr_line' id='line_1_50' title="bbox 2173 2269 3759 2343; baseline -0.004 -14"><span class='ocrx_word' id='word_1_389' title='bbox 2173 2272 2392 2329; x_wconf 83' lang='lat' dir='ltr'><strong>scentior</strong></span> <span class='ocrx_word' id='word_1_390' title='bbox 2427 2273 2483 2327; x_wconf 92' lang='lat' dir='ltr'><strong>in</strong></span> <span class='ocrx_word' id='word_1_391' title='bbox 2511 2288 2715 2343; x_wconf 87' lang='lat' dir='ltr'><strong>pavore.</strong></span> <span class='ocrx_word' id='word_1_392' title='bbox 2746 2269 2847 2337; x_wconf 88' lang='lat' dir='ltr'><strong>Ibi,</strong></span> <span class='ocrx_word' id='word_1_393' title='bbox 2878 2270 3084 2328; x_wconf 87' lang='lat' dir='ltr'><strong>scilicet</strong></span> <span class='ocrx_word' id='word_1_394' title='bbox 3111 2271 3165 2326; x_wconf 89' lang='lat' dir='ltr'><strong>in</strong></span> <span class='ocrx_word' id='word_1_395' title='bbox 3196 2271 3395 2341; x_wconf 91' lang='lat' dir='ltr'><strong>templo</strong></span> <span class='ocrx_word' id='word_1_396' title='bbox 3431 2271 3759 2337; x_wconf 80' lang='lat' dir='ltr'><strong>Jerusalem,</strong></span> 
     </span>
    </p>
   </div>
   <div class='ocr_carea' id='block_1_51' title="bbox 2174 2360 3765 2432">
    <p class='ocr_par' dir='ltr' id='par_1_51' title="bbox 2174 2360 3765 2432">
     <span class='ocr_line' id='line_1_51' title="bbox 2174 2360 3765 2432; baseline -0.004 -11"><span class='ocrx_word' id='word_1_397' title='bbox 2174 2365 2266 2421; x_wconf 88' lang='lat' dir='ltr'><strong>ubi</strong></span> <span class='ocrx_word' id='word_1_398' title='bbox 2308 2364 2473 2421; x_wconf 87' lang='lat' dir='ltr'><strong>verba</strong></span> <span class='ocrx_word' id='word_1_399' title='bbox 2516 2364 2728 2419; x_wconf 89' lang='lat' dir='ltr'><strong>Domini</strong></span> <span class='ocrx_word' id='word_1_400' title='bbox 2769 2361 2965 2418; x_wconf 89' lang='lat' dir='ltr'><strong>Paulus</strong></span> <span class='ocrx_word' id='word_1_401' title='bbox 3004 2361 3249 2427; x_wconf 89' lang='lat' dir='ltr'><strong>audivit;</strong></span> <span class='ocrx_word' id='word_1_402' title='bbox 3299 2360 3440 2432; x_wconf 90' lang='lat' dir='ltr'><strong>quod</strong></span> <span class='ocrx_word' id='word_1_403' title='bbox 3484 2369 3539 2415; x_wconf 89' lang='lat' dir='ltr'><strong>et</strong></span> <span class='ocrx_word' id='word_1_404' title='bbox 3578 2368 3765 2416; x_wconf 89' lang='lat' dir='ltr'><strong>textus</strong></span> 
     </span>
    </p>
   </div>
   <div class='ocr_carea' id='block_1_52' title="bbox 2173 2450 3767 2526">
    <p class='ocr_par' dir='ltr' id='par_1_52' title="bbox 2173 2450 3767 2526">
     <span class='ocr_line' id='line_1_52' title="bbox 2173 2450 3767 2526; baseline -0.005 -14"><span class='ocrx_word' id='word_1_405' title='bbox 2173 2455 2406 2512; x_wconf 89' lang='lat' dir='ltr'><strong>Actuum</strong></span> <span class='ocrx_word' id='word_1_406' title='bbox 2438 2455 2805 2526; x_wconf 86' lang='lat' dir='ltr'><strong>apostolorum</strong></span> <span class='ocrx_word' id='word_1_407' title='bbox 2833 2452 3108 2510; x_wconf 87' lang='lat' dir='ltr'><strong>evidenter</strong></span> <span class='ocrx_word' id='word_1_408' title='bbox 3128 2461 3362 2509; x_wconf 86' lang='lat' dir='ltr'><strong>enarrat.</strong></span> <span class='ocrx_word' id='word_1_409' title='bbox 3387 2450 3510 2509; x_wconf 87' lang='lat' dir='ltr'><strong>Sive</strong></span> <span class='ocrx_word' id='word_1_410' title='bbox 3528 2490 3545 2518; x_wconf 92' lang='lat'><strong>,</strong></span> <span class='ocrx_word' id='word_1_411' title='bbox 3569 2459 3625 2506; x_wconf 91' lang='lat' dir='ltr'><strong>ut</strong></span> <span class='ocrx_word' id='word_1_412' title='bbox 3645 2451 3767 2522; x_wconf 88' lang='lat' dir='ltr'><strong>qui-</strong></span> 
     </span>
    </p>
   </div>
   <div class='ocr_carea' id='block_1_53' title="bbox 2174 2526 3765 2615">
    <p class='ocr_par' dir='ltr' id='par_1_53' title="bbox 2174 2526 3765 2615">
     <span class='ocr_line' id='line_1_53' title="bbox 2174 2526 3765 2615; baseline -0.003 -10"><span class='ocrx_word' id='word_1_413' title='bbox 2174 2526 2298 2605; x_wconf 76' lang='lat' dir='ltr'><strong>dam</strong></span> <span class='ocrx_word' id='word_1_414' title='bbox 2327 2532 2547 2614; x_wconf 69' lang='lat' dir='ltr'><strong>votum,</strong></span> <span class='ocrx_word' id='word_1_415' title='bbox 2579 2548 2679 2615; x_wconf 86' lang='lat' dir='ltr'><strong>ibi,</strong></span> <span class='ocrx_word' id='word_1_416' title='bbox 2711 2547 2767 2603; x_wconf 92' lang='lat' dir='ltr'><strong>in</strong></span> <span class='ocrx_word' id='word_1_417' title='bbox 2797 2547 3073 2614; x_wconf 75' lang='lat' dir='ltr'><strong>Ecclesia,</strong></span> <span class='ocrx_word' id='word_1_418' title='bbox 3120 2546 3210 2602; x_wconf 90' lang='lat' dir='ltr'><strong>ubi</strong></span> <span class='ocrx_word' id='word_1_419' title='bbox 3256 2545 3388 2602; x_wconf 91' lang='lat' dir='ltr'><strong>dixit</strong></span> <span class='ocrx_word' id='word_1_420' title='bbox 3426 2545 3765 2615; x_wconf 85' lang='lat' dir='ltr'><strong>psallendum</strong></span> 
     </span>
    </p>
   </div>
   <div class='ocr_carea' id='block_1_54' title="bbox 2177 2636 3769 2714">
    <p class='ocr_par' dir='ltr' id='par_1_54' title="bbox 2177 2636 3769 2714">
     <span class='ocr_line' id='line_1_54' title="bbox 2177 2636 3769 2714; baseline -0.004 -16"><span class='ocrx_word' id='word_1_421' title='bbox 2177 2652 2319 2698; x_wconf 90' lang='lat' dir='ltr'><strong>esse.</strong></span> <span class='ocrx_word' id='word_1_422' title='bbox 2349 2638 2625 2714; x_wconf 83' lang='lat' dir='ltr'><strong>Benjamin</strong></span> <span class='ocrx_word' id='word_1_423' title='bbox 2658 2639 2880 2695; x_wconf 89' lang='lat' dir='ltr'><strong>Paulum</strong></span> <span class='ocrx_word' id='word_1_424' title='bbox 2908 2639 3150 2709; x_wconf 78' lang='lat' dir='ltr'><strong>designat</strong></span> <span class='ocrx_word' id='word_1_425' title='bbox 3174 2637 3509 2708; x_wconf 85' lang='lat' dir='ltr'><strong>apostolum,</strong></span> <span class='ocrx_word' id='word_1_426' title='bbox 3542 2637 3634 2708; x_wconf 90' lang='lat' dir='ltr'><strong>qui</strong></span> <span class='ocrx_word' id='word_1_427' title='bbox 3668 2636 3769 2691; x_wconf 86' lang='lat' dir='ltr'><strong>fuit</strong></span> 
     </span>
    </p>
   </div>
   <div class='ocr_carea' id='block_1_55' title="bbox 2175 2725 3768 2804">
    <p class='ocr_par' dir='ltr' id='par_1_55' title="bbox 2175 2725 3768 2804">
     <span class='ocr_line' id='line_1_55' title="bbox 2175 2725 3768 2804; baseline -0.005 -16"><span class='ocrx_word' id='word_1_428' title='bbox 2175 2730 2244 2788; x_wconf 88' lang='lat' dir='ltr'><strong>de</strong></span> <span class='ocrx_word' id='word_1_429' title='bbox 2273 2731 2417 2787; x_wconf 87' lang='lat' dir='ltr'><strong>tribu</strong></span> <span class='ocrx_word' id='word_1_430' title='bbox 2447 2729 2721 2804; x_wconf 85' lang='lat' dir='ltr'><strong>Benjamin</strong></span> <span class='ocrx_word' id='word_1_431' title='bbox 2744 2746 2765 2797; x_wconf 89' lang='lat'><strong>;</strong></span> <span class='ocrx_word' id='word_1_432' title='bbox 2790 2731 2905 2800; x_wconf 89' lang='lat' dir='ltr'><strong>ipse</strong></span> <span class='ocrx_word' id='word_1_433' title='bbox 2932 2730 3077 2785; x_wconf 90' lang='lat' dir='ltr'><strong>enim</strong></span> <span class='ocrx_word' id='word_1_434' title='bbox 3102 2728 3232 2784; x_wconf 89' lang='lat' dir='ltr'><strong>dicit</strong></span> <span class='ocrx_word' id='word_1_435' title='bbox 3262 2743 3276 2783; x_wconf 93' lang='lat'>:</span> <span class='ocrx_word' id='word_1_436' title='bbox 3312 2727 3453 2781; x_wconf 85' lang='lat' dir='ltr'><strong>Nam</strong></span> <span class='ocrx_word' id='word_1_437' title='bbox 3478 2736 3524 2781; x_wconf 88' lang='lat' dir='ltr'><strong>et</strong></span> <span class='ocrx_word' id='word_1_438' title='bbox 3552 2742 3649 2798; x_wconf 84' lang='lat' dir='ltr'><strong>ego</strong></span> <span class='ocrx_word' id='word_1_439' title='bbox 3677 2725 3768 2781; x_wconf 87' lang='lat' dir='ltr'><strong>1s-</strong></span> 
     </span>
    </p>
   </div>
   <div class='ocr_carea' id='block_1_56' title="bbox 2176 2817 3768 2890">
    <p class='ocr_par' dir='ltr' id='par_1_56' title="bbox 2176 2817 3768 2890">
     <span class='ocr_line' id='line_1_56' title="bbox 2176 2817 3768 2890; baseline -0.004 -10"><span class='ocrx_word' id='word_1_440' title='bbox 2176 2825 2364 2881; x_wconf 84' lang='lat' dir='ltr'><strong>raelita</strong></span> <span class='ocrx_word' id='word_1_441' title='bbox 2404 2840 2518 2880; x_wconf 87' lang='lat' dir='ltr'><strong>sum</strong></span> <span class='ocrx_word' id='word_1_442' title='bbox 2558 2841 2623 2880; x_wconf 76' lang='lat' dir='ltr'><strong>ea:</strong></span> <span class='ocrx_word' id='word_1_443' title='bbox 2664 2824 2852 2879; x_wconf 80' lang='lat' dir='ltr'><strong>semine</strong></span> <span class='ocrx_word' id='word_1_444' title='bbox 2894 2823 3187 2890; x_wconf 84' lang='lat' dir='ltr'><strong>Abraham,</strong></span> <span class='ocrx_word' id='word_1_445' title='bbox 3218 2821 3283 2876; x_wconf 85' lang='lat' dir='ltr'><strong>de</strong></span> <span class='ocrx_word' id='word_1_446' title='bbox 3314 2820 3446 2875; x_wconf 82' lang='lat' dir='ltr'><strong>tribu</strong></span> <span class='ocrx_word' id='word_1_447' title='bbox 3488 2817 3768 2890; x_wconf 71' lang='lat' dir='ltr'><strong>Beniamin</strong></span> 
     </span>
    </p>
   </div>
   <div class='ocr_carea' id='block_1_57' title="bbox 2176 2910 3771 2990">
    <p class='ocr_par' dir='ltr' id='par_1_57' title="bbox 2176 2910 3771 2990">
     <span class='ocr_line' id='line_1_57' title="bbox 2176 2910 3771 2990; baseline -0.004 -18"><span class='ocrx_word' id='word_1_448' title='bbox 2176 2915 2401 2990; x_wconf 80' lang='lat' dir='ltr'><strong>(Philip.</strong></span> <span class='ocrx_word' id='word_1_449' title='bbox 2424 2932 2485 2973; x_wconf 80' lang='grc' dir='ltr'>ιιι</span> <span class='ocrx_word' id='word_1_450' title='bbox 2504 2957 2520 2983; x_wconf 83' lang='grc'><strong>,</strong></span> <span class='ocrx_word' id='word_1_451' title='bbox 2542 2916 2623 2987; x_wconf 84' lang='grc'><strong>5).</strong></span> <span class='ocrx_word' id='word_1_452' title='bbox 2655 2914 3037 2970; x_wconf 83' lang='lat' dir='ltr'><strong>Adolescentior</strong></span> <span class='ocrx_word' id='word_1_453' title='bbox 3061 2915 3116 2968; x_wconf 90' lang='lat' dir='ltr'><strong>in</strong></span> <span class='ocrx_word' id='word_1_454' title='bbox 3147 2927 3333 2984; x_wconf 80' lang='lat' dir='ltr'><strong>pavore</strong></span> <span class='ocrx_word' id='word_1_455' title='bbox 3358 2954 3373 2978; x_wconf 91' lang='lat'><strong>,</strong></span> <span class='ocrx_word' id='word_1_456' title='bbox 3404 2911 3528 2983; x_wconf 85' lang='lat' dir='ltr'><strong>quia</strong></span> <span class='ocrx_word' id='word_1_457' title='bbox 3558 2910 3771 2966; x_wconf 84' lang='lat' dir='ltr'><strong>scilicet</strong></span> 
     </span>
    </p>
   </div>
   <div class='ocr_carea' id='block_1_58' title="bbox 2178 3007 3769 3078">
    <p class='ocr_par' dir='ltr' id='par_1_58' title="bbox 2178 3007 3769 3078">
     <span class='ocr_line' id='line_1_58' title="bbox 2178 3007 3769 3078; baseline -0.003 -12"><span class='ocrx_word' id='word_1_458' title='bbox 2178 3019 2335 3067; x_wconf 64' lang='lat' dir='ltr'><strong>atate</strong></span> <span class='ocrx_word' id='word_1_459' title='bbox 2366 3011 2462 3065; x_wconf 93' lang='lat' dir='ltr'><strong>fuit</strong></span> <span class='ocrx_word' id='word_1_460' title='bbox 2490 3010 2825 3075; x_wconf 87' lang='lat' dir='ltr'><strong>adolescens,</strong></span> <span class='ocrx_word' id='word_1_461' title='bbox 2883 3011 3021 3066; x_wconf 91' lang='lat' dir='ltr'><strong>sicut</strong></span> <span class='ocrx_word' id='word_1_462' title='bbox 3050 3009 3103 3065; x_wconf 92' lang='lat' dir='ltr'><strong>in</strong></span> <span class='ocrx_word' id='word_1_463' title='bbox 3144 3007 3367 3064; x_wconf 80' lang='lat' dir='ltr'><strong>Actibus</strong></span> <span class='ocrx_word' id='word_1_464' title='bbox 3392 3007 3769 3078; x_wconf 85' lang='lat' dir='ltr'><strong>apostolon</strong></span> 
     </span>
    </p>
   </div>
   <div class='ocr_carea' id='block_1_59' title="bbox 2177 3098 3772 3173">
    <p class='ocr_par' dir='ltr' id='par_1_59' title="bbox 2177 3098 3772 3173">
     <span class='ocr_line' id='line_1_59' title="bbox 2177 3098 3772 3173; baseline -0.006 -13"><span class='ocrx_word' id='word_1_465' title='bbox 2177 3102 2234 3160; x_wconf 87' lang='lat' dir='ltr'><strong>in</strong></span> <span class='ocrx_word' id='word_1_466' title='bbox 2263 3104 2513 3173; x_wconf 87' lang='lat' dir='ltr'><strong>passione</strong></span> <span class='ocrx_word' id='word_1_467' title='bbox 2550 3102 2693 3159; x_wconf 87' lang='lat' dir='ltr'><strong>beati</strong></span> <span class='ocrx_word' id='word_1_468' title='bbox 2733 3102 2992 3172; x_wconf 83' lang='lat' dir='ltr'><strong>Stephani</strong></span> <span class='ocrx_word' id='word_1_469' title='bbox 3025 3101 3197 3157; x_wconf 88' lang='lat' dir='ltr'><strong>Lucas</strong></span> <span class='ocrx_word' id='word_1_470' title='bbox 3225 3100 3355 3156; x_wconf 89' lang='lat' dir='ltr'><strong>dicit</strong></span> <span class='ocrx_word' id='word_1_471' title='bbox 3386 3117 3399 3155; x_wconf 89' lang='lat'><strong>:</strong></span> <span class='ocrx_word' id='word_1_472' title='bbox 3433 3098 3501 3153; x_wconf 82' lang='lat' dir='ltr'><strong>Et</strong></span> <span class='ocrx_word' id='word_1_473' title='bbox 3542 3098 3664 3169; x_wconf 75' lang='lat' dir='ltr'><strong>falsi</strong></span> <span class='ocrx_word' id='word_1_474' title='bbox 3699 3107 3772 3151; x_wconf 81' lang='lat' dir='ltr'><strong>te-</strong></span> 
     </span>
    </p>
   </div>
   <div class='ocr_carea' id='block_1_60' title="bbox 2178 3191 3771 3269">
    <p class='ocr_par' dir='ltr' id='par_1_60' title="bbox 2178 3191 3771 3269">
     <span class='ocr_line' id='line_1_60' title="bbox 2178 3191 3771 3269; baseline -0.005 -18"><span class='ocrx_word' id='word_1_475' title='bbox 2178 3204 2278 3251; x_wconf 84' lang='lat' dir='ltr'><strong>stes</strong></span> <span class='ocrx_word' id='word_1_476' title='bbox 2312 3196 2655 3269; x_wconf 86' lang='lat' dir='ltr'><strong>deposuerunt</strong></span> <span class='ocrx_word' id='word_1_477' title='bbox 2682 3196 2975 3251; x_wconf 78' lang='lat' dir='ltr'><strong>vestimenta</strong></span> <span class='ocrx_word' id='word_1_478' title='bbox 2998 3209 3262 3249; x_wconf 56' lang='lat' dir='ltr'><strong>masecus</strong></span> <span class='ocrx_word' id='word_1_479' title='bbox 3304 3192 3456 3264; x_wconf 81' lang='lat' dir='ltr'><strong>pedes</strong></span> <span class='ocrx_word' id='word_1_480' title='bbox 3495 3191 3771 3264; x_wconf 78' lang='lat' dir='ltr'><strong>cujusdam</strong></span> 
     </span>
    </p>
   </div>
   <div class='ocr_carea' id='block_1_61' title="bbox 569 3275 3771 3361">
    <p class='ocr_par' dir='ltr' id='par_1_61' title="bbox 569 3275 3771 3361">
     <span class='ocr_line' id='line_1_61' title="bbox 569 3275 3771 3361; baseline 0.003 -32"><span class='ocrx_word' id='word_1_481' title='bbox 569 3275 724 3333; x_wconf 83' lang='lat' dir='ltr'><strong>Vers.</strong></span> <span class='ocrx_word' id='word_1_482' title='bbox 759 3277 849 3333; x_wconf 73' lang='lat'><strong>29.</strong></span> <span class='ocrx_word' id='word_1_483' title='bbox 882 3279 1247 3338; x_wconf 70' lang='lat' dir='ltr'><strong>Praevenerunt</strong></span> <span class='ocrx_word' id='word_1_484' title='bbox 1276 3284 1532 3355; x_wconf 85' lang='lat' dir='ltr'><strong>principes</strong></span> <span class='ocrx_word' id='word_1_485' title='bbox 1560 3286 1824 3358; x_wconf 83' lang='lat' dir='ltr'><strong>conjuncti</strong></span> <span class='ocrx_word' id='word_1_486' title='bbox 1850 3285 2076 3355; x_wconf 88' lang='lat' dir='ltr'><strong>psallen-</strong></span> <span class='ocrx_word' id='word_1_487' title='bbox 2100 3275 2148 3341; x_wconf 85' lang='lat' dir='ltr'><strong><em>C</em></strong></span> <span class='ocrx_word' id='word_1_488' title='bbox 2179 3290 2512 3345; x_wconf 83' lang='lat' dir='ltr'><strong>adolescentis</strong></span> <span class='ocrx_word' id='word_1_489' title='bbox 2538 3289 2736 3344; x_wconf 81' lang='lat' dir='ltr'><strong>nomine</strong></span> <span class='ocrx_word' id='word_1_490' title='bbox 2766 3289 2915 3345; x_wconf 87' lang='lat' dir='ltr'><strong>Sauli</strong></span> <span class='ocrx_word' id='word_1_491' title='bbox 2946 3288 3082 3361; x_wconf 83' lang='lat' dir='ltr'><strong>(Act.</strong></span> <span class='ocrx_word' id='word_1_492' title='bbox 3107 3303 3212 3354; x_wconf 86' lang='lat' dir='ltr'><strong>vn,</strong></span> <span class='ocrx_word' id='word_1_493' title='bbox 3245 3287 3359 3358; x_wconf 81' lang='lat'><strong>57).</strong></span> <span class='ocrx_word' id='word_1_494' title='bbox 3390 3286 3493 3354; x_wconf 86' lang='lat' dir='ltr'><strong>Qui</strong></span> <span class='ocrx_word' id='word_1_495' title='bbox 3522 3287 3771 3358; x_wconf 86' lang='lat' dir='ltr'><strong>quamvis</strong></span> 
     </span>
    </p>
   </div>
   <div class='ocr_carea' id='block_1_62' title="bbox 492 3366 2077 3450">
    <p class='ocr_par' dir='ltr' id='par_1_62' title="bbox 492 3366 2077 3450">
     <span class='ocr_line' id='line_1_62' title="bbox 492 3366 2077 3450; baseline 0.008 -30"><span class='ocrx_word' id='word_1_496' title='bbox 492 3366 635 3422; x_wconf 78' lang='lat' dir='ltr'><strong>tibus</strong></span> <span class='ocrx_word' id='word_1_497' title='bbox 670 3369 729 3422; x_wconf 85' lang='lat' dir='ltr'><strong>in</strong></span> <span class='ocrx_word' id='word_1_498' title='bbox 766 3370 931 3424; x_wconf 86' lang='lat' dir='ltr'><strong>medio</strong></span> <span class='ocrx_word' id='word_1_499' title='bbox 964 3375 1219 3443; x_wconf 79' lang='lat' dir='ltr'><strong>juvenum</strong></span> <span class='ocrx_word' id='word_1_500' title='bbox 1263 3377 1755 3446; x_wconf 83' lang='lat' dir='ltr'><strong>tympanistriarum.</strong></span> <span class='ocrx_word' id='word_1_501' title='bbox 1808 3377 2077 3450; x_wconf 83' lang='lat' dir='ltr'><strong>Principes</strong></span> 
     </span>
    </p>
   </div>
   <div class='ocr_carea' id='block_1_63' title="bbox 490 3460 2076 3538">
    <p class='ocr_par' dir='ltr' id='par_1_63' title="bbox 490 3460 2076 3538">
     <span class='ocr_line' id='line_1_63' title="bbox 490 3460 2076 3538; baseline 0.009 -25"><span class='ocrx_word' id='word_1_502' title='bbox 490 3460 770 3528; x_wconf 82' lang='lat' dir='ltr'><strong>apostolos</strong></span> <span class='ocrx_word' id='word_1_503' title='bbox 794 3460 1092 3531; x_wconf 86' lang='lat' dir='ltr'><strong>signiﬁcat,</strong></span> <span class='ocrx_word' id='word_1_504' title='bbox 1120 3465 1207 3534; x_wconf 90' lang='lat' dir='ltr'><strong>qui</strong></span> <span class='ocrx_word' id='word_1_505' title='bbox 1234 3473 1290 3521; x_wconf 91' lang='lat' dir='ltr'><strong>et</strong></span> <span class='ocrx_word' id='word_1_506' title='bbox 1314 3467 1568 3538; x_wconf 83' lang='lat' dir='ltr'><strong>principes</strong></span> <span class='ocrx_word' id='word_1_507' title='bbox 1593 3478 1718 3523; x_wconf 89' lang='lat' dir='ltr'><strong>sunt</strong></span> <span class='ocrx_word' id='word_1_508' title='bbox 1744 3470 2076 3527; x_wconf 91' lang='lat' dir='ltr'><strong>credentium</strong></span> 
     </span>
    </p>
   </div>
   <div class='ocr_carea' id='block_1_64' title="bbox 495 3553 2076 3627">
    <p class='ocr_par' dir='ltr' id='par_1_64' title="bbox 495 3553 2076 3627">
     <span class='ocr_line' id='line_1_64' title="bbox 495 3553 2076 3627; baseline 0.011 -22"><span class='ocrx_word' id='word_1_509' title='bbox 495 3553 816 3622; x_wconf 80' lang='lat' dir='ltr'><strong>populorum</strong></span> <span class='ocrx_word' id='word_1_510' title='bbox 836 3596 851 3621; x_wconf 91' lang='lat'><strong>,</strong></span> <span class='ocrx_word' id='word_1_511' title='bbox 882 3562 938 3612; x_wconf 91' lang='lat' dir='ltr'><strong>et</strong></span> <span class='ocrx_word' id='word_1_512' title='bbox 962 3566 1310 3627; x_wconf 70' lang='lat' dir='ltr'><strong>prmenerunt</strong></span> <span class='ocrx_word' id='word_1_513' title='bbox 1340 3572 1528 3617; x_wconf 88' lang='lat' dir='ltr'><strong>omnes</strong></span> <span class='ocrx_word' id='word_1_514' title='bbox 1567 3563 1622 3617; x_wconf 90' lang='lat' dir='ltr'><strong>in</strong></span> <span class='ocrx_word' id='word_1_515' title='bbox 1662 3563 1945 3619; x_wconf 88' lang='lat' dir='ltr'><strong>sanctitate</strong></span> <span class='ocrx_word' id='word_1_516' title='bbox 1976 3564 2076 3622; x_wconf 86' lang='lat' dir='ltr'><strong>do-</strong></span> 
     </span>
    </p>
   </div>
   <div class='ocr_carea' id='block_1_65' title="bbox 491 3646 2080 3726">
    <p class='ocr_par' dir='ltr' id='par_1_65' title="bbox 491 3646 2080 3726">
     <span class='ocr_line' id='line_1_65' title="bbox 491 3646 2080 3726; baseline 0.009 -26"><span class='ocrx_word' id='word_1_517' title='bbox 491 3646 689 3702; x_wconf 83' lang='lat' dir='ltr'><strong>ctrinae</strong></span> <span class='ocrx_word' id='word_1_518' title='bbox 719 3664 733 3701; x_wconf 91' lang='lat'>:</span> <span class='ocrx_word' id='word_1_519' title='bbox 765 3658 821 3703; x_wconf 92' lang='lat' dir='ltr'><strong>et</strong></span> <span class='ocrx_word' id='word_1_520' title='bbox 848 3646 969 3704; x_wconf 90' lang='lat' dir='ltr'><strong>ideo</strong></span> <span class='ocrx_word' id='word_1_521' title='bbox 997 3649 1161 3705; x_wconf 92' lang='lat' dir='ltr'><strong>duces</strong></span> <span class='ocrx_word' id='word_1_522' title='bbox 1190 3650 1365 3707; x_wconf 77' lang='lat' dir='ltr'><strong>effecti</strong></span> <span class='ocrx_word' id='word_1_523' title='bbox 1406 3663 1561 3722; x_wconf 88' lang='lat' dir='ltr'><strong>sunt,</strong></span> <span class='ocrx_word' id='word_1_524' title='bbox 1604 3655 1728 3725; x_wconf 89' lang='lat' dir='ltr'><strong>quia</strong></span> <span class='ocrx_word' id='word_1_525' title='bbox 1771 3656 1919 3726; x_wconf 87' lang='lat' dir='ltr'><strong>ipsos</strong></span> <span class='ocrx_word' id='word_1_526' title='bbox 1956 3666 2080 3715; x_wconf 90' lang='lat' dir='ltr'><strong>sunt</strong></span> 
     </span>
    </p>
   </div>
   <div class='ocr_carea' id='block_1_66' title="bbox 495 3739 2081 3819">
    <p class='ocr_par' dir='ltr' id='par_1_66' title="bbox 495 3739 2081 3819">
     <span class='ocr_line' id='line_1_66' title="bbox 495 3739 2081 3819; baseline 0.009 -27"><span class='ocrx_word' id='word_1_527' title='bbox 495 3739 682 3809; x_wconf 79' lang='lat' dir='ltr'><strong>populi</strong></span> <span class='ocrx_word' id='word_1_528' title='bbox 714 3749 898 3810; x_wconf 89' lang='lat' dir='ltr'><strong>postea</strong></span> <span class='ocrx_word' id='word_1_529' title='bbox 928 3742 1225 3799; x_wconf 88' lang='lat' dir='ltr'><strong>subsecuti.</strong></span> <span class='ocrx_word' id='word_1_530' title='bbox 1252 3743 1501 3813; x_wconf 80' lang='lat' dir='ltr'><strong>Addidit,</strong></span> <span class='ocrx_word' id='word_1_531' title='bbox 1531 3749 1794 3818; x_wconf 84' lang='lat' dir='ltr'><strong>conjuncti</strong></span> <span class='ocrx_word' id='word_1_532' title='bbox 1816 3751 2081 3819; x_wconf 85' lang='lat' dir='ltr'><strong>psallenti-</strong></span> 
     </span>
    </p>
   </div>
   <div class='ocr_carea' id='block_1_67' title="bbox 493 3830 2081 3914">
    <p class='ocr_par' dir='ltr' id='par_1_67' title="bbox 493 3830 2081 3914">
     <span class='ocr_line' id='line_1_67' title="bbox 493 3830 2081 3914; baseline 0.009 -28"><span class='ocrx_word' id='word_1_533' title='bbox 493 3830 593 3886; x_wconf 70' lang='lat' dir='ltr'><strong>bus</strong></span> <span class='ocrx_word' id='word_1_534' title='bbox 622 3846 643 3887; x_wconf 91' lang='lat'><strong><em>:</em></strong></span> <span class='ocrx_word' id='word_1_535' title='bbox 668 3848 736 3889; x_wconf 90' lang='lat' dir='ltr'><strong>ne</strong></span> <span class='ocrx_word' id='word_1_536' title='bbox 765 3834 1012 3890; x_wconf 88' lang='lat' dir='ltr'><strong>crederes</strong></span> <span class='ocrx_word' id='word_1_537' title='bbox 1043 3850 1240 3905; x_wconf 89' lang='lat' dir='ltr'><strong>paucos</strong></span> <span class='ocrx_word' id='word_1_538' title='bbox 1270 3836 1435 3893; x_wconf 88' lang='lat' dir='ltr'><strong>fuisse</strong></span> <span class='ocrx_word' id='word_1_539' title='bbox 1454 3877 1469 3905; x_wconf 93' lang='lat'><strong>,</strong></span> <span class='ocrx_word' id='word_1_540' title='bbox 1503 3839 1840 3909; x_wconf 71' lang='lat' dir='ltr'><strong>coniunctam</strong></span> <span class='ocrx_word' id='word_1_541' title='bbox 1871 3833 2081 3914; x_wconf 63' lang='lat' dir='ltr'><strong>quoque</strong></span> 
     </span>
    </p>
   </div>
   <div class='ocr_carea' id='block_1_68' title="bbox 496 3922 2081 4006">
    <p class='ocr_par' dir='ltr' id='par_1_68' title="bbox 496 3922 2081 4006">
     <span class='ocr_line' id='line_1_68' title="bbox 496 3922 2081 4006; baseline 0.009 -28"><span class='ocrx_word' id='word_1_542' title='bbox 496 3922 897 3981; x_wconf 80' lang='lat' dir='ltr'><strong>multitudinem</strong></span> <span class='ocrx_word' id='word_1_543' title='bbox 929 3928 1256 3993; x_wconf 85' lang='lat' dir='ltr'><strong>psallentium</strong></span> <span class='ocrx_word' id='word_1_544' title='bbox 1281 3933 1662 3989; x_wconf 88' lang='lat' dir='ltr'><strong>convenienter</strong></span> <span class='ocrx_word' id='word_1_545' title='bbox 1684 3932 1929 4003; x_wconf 82' lang='lat' dir='ltr'><strong>adjuuxit</strong></span> <span class='ocrx_word' id='word_1_546' title='bbox 1949 3977 1963 4001; x_wconf 93' lang='lat'><strong>,</strong></span> <span class='ocrx_word' id='word_1_547' title='bbox 1992 3936 2081 4006; x_wconf 90' lang='lat' dir='ltr'><strong>qui</strong></span> 
     </span>
    </p>
   </div>
   <div class='ocr_carea' id='block_1_69' title="bbox 494 4014 2082 4088">
    <p class='ocr_par' dir='ltr' id='par_1_69' title="bbox 494 4014 2082 4088">
     <span class='ocr_line' id='line_1_69' title="bbox 494 4014 2082 4088; baseline 0.008 -18"><span class='ocrx_word' id='word_1_548' title='bbox 494 4014 608 4085; x_wconf 83' lang='lat' dir='ltr'><strong>jam</strong></span> <span class='ocrx_word' id='word_1_549' title='bbox 648 4016 834 4073; x_wconf 88' lang='lat' dir='ltr'><strong>laudes</strong></span> <span class='ocrx_word' id='word_1_550' title='bbox 866 4020 1078 4074; x_wconf 89' lang='lat' dir='ltr'><strong>Domini</strong></span> <span class='ocrx_word' id='word_1_551' title='bbox 1109 4035 1219 4076; x_wconf 89' lang='lat' dir='ltr'><strong>non</strong></span> <span class='ocrx_word' id='word_1_552' title='bbox 1244 4036 1379 4077; x_wconf 90' lang='lat' dir='ltr'><strong>voce</strong></span> <span class='ocrx_word' id='word_1_553' title='bbox 1421 4029 1623 4078; x_wconf 87' lang='lat' dir='ltr'><strong>tantum</strong></span> <span class='ocrx_word' id='word_1_554' title='bbox 1646 4063 1662 4088; x_wconf 87' lang='lat'><strong>,</strong></span> <span class='ocrx_word' id='word_1_555' title='bbox 1702 4026 1797 4081; x_wconf 88' lang='lat' dir='ltr'><strong>sed</strong></span> <span class='ocrx_word' id='word_1_556' title='bbox 1834 4035 1889 4081; x_wconf 90' lang='lat' dir='ltr'><strong>et</strong></span> <span class='ocrx_word' id='word_1_557' title='bbox 1928 4026 2082 4082; x_wconf 87' lang='lat' dir='ltr'><strong>bonis</strong></span> 
     </span>
    </p>
   </div>
   <div class='ocr_carea' id='block_1_70' title="bbox 497 4109 2085 4191">
    <p class='ocr_par' dir='ltr' id='par_1_70' title="bbox 497 4109 2085 4191">
     <span class='ocr_line' id='line_1_70' title="bbox 497 4109 2085 4191; baseline 0.007 -27"><span class='ocrx_word' id='word_1_558' title='bbox 497 4109 706 4167; x_wconf 83' lang='lat' dir='ltr'><strong>actibus</strong></span> <span class='ocrx_word' id='word_1_559' title='bbox 729 4122 1097 4183; x_wconf 88' lang='lat' dir='ltr'><strong>personarent.</strong></span> <span class='ocrx_word' id='word_1_560' title='bbox 1120 4115 1394 4187; x_wconf 88' lang='lat' dir='ltr'><strong>Sequitur,</strong></span> <span class='ocrx_word' id='word_1_561' title='bbox 1421 4116 1474 4172; x_wconf 90' lang='lat' dir='ltr'><strong>in</strong></span> <span class='ocrx_word' id='word_1_562' title='bbox 1498 4117 1665 4173; x_wconf 83' lang='lat' dir='ltr'><strong>medio</strong></span> <span class='ocrx_word' id='word_1_563' title='bbox 1678 4121 1926 4191; x_wconf 78' lang='lat' dir='ltr'><strong>juvenum</strong></span> <span class='ocrx_word' id='word_1_564' title='bbox 1952 4128 2085 4191; x_wconf 80' lang='lat' dir='ltr'><strong>tym-</strong></span> 
     </span>
    </p>
   </div>
   <div class='ocr_carea' id='block_1_71' title="bbox 498 4202 2085 4269">
    <p class='ocr_par' dir='ltr' id='par_1_71' title="bbox 498 4202 2085 4269">
     <span class='ocr_line' id='line_1_71' title="bbox 498 4202 2085 4269; baseline 0.009 -16"><span class='ocrx_word' id='word_1_565' title='bbox 498 4202 889 4269; x_wconf 86' lang='lat' dir='ltr'><strong>panistriarum.</strong></span> <span class='ocrx_word' id='word_1_566' title='bbox 940 4205 1020 4262; x_wconf 86' lang='lat' dir='ltr'><strong>Ne</strong></span> <span class='ocrx_word' id='word_1_567' title='bbox 1072 4220 1260 4262; x_wconf 89' lang='lat' dir='ltr'><strong>sexum</strong></span> <span class='ocrx_word' id='word_1_568' title='bbox 1313 4207 1603 4264; x_wconf 88' lang='lat' dir='ltr'><strong>femineum</strong></span> <span class='ocrx_word' id='word_1_569' title='bbox 1657 4209 1908 4266; x_wconf 88' lang='lat' dir='ltr'><strong>crederes</strong></span> <span class='ocrx_word' id='word_1_570' title='bbox 1966 4224 2085 4268; x_wconf 87' lang='lat' dir='ltr'><strong>esse</strong></span> 
     </span>
    </p>
   </div>
   <div class='ocr_carea' id='block_1_72' title="bbox 496 4296 2087 4371">
    <p class='ocr_par' dir='ltr' id='par_1_72' title="bbox 496 4296 2087 4371">
     <span class='ocr_line' id='line_1_72' title="bbox 496 4296 2087 4371; baseline 0.008 -27"><span class='ocrx_word' id='word_1_571' title='bbox 496 4300 891 4362; x_wconf 86' lang='lat' dir='ltr'><strong>contemptum,</strong></span> <span class='ocrx_word' id='word_1_572' title='bbox 911 4296 963 4349; x_wconf 91' lang='lat' dir='ltr'><strong>in</strong></span> <span class='ocrx_word' id='word_1_573' title='bbox 980 4296 1144 4350; x_wconf 85' lang='lat' dir='ltr'><strong>medio</strong></span> <span class='ocrx_word' id='word_1_574' title='bbox 1167 4296 1295 4352; x_wconf 90' lang='lat' dir='ltr'><strong>dicit</strong></span> <span class='ocrx_word' id='word_1_575' title='bbox 1318 4298 1478 4353; x_wconf 89' lang='lat' dir='ltr'><strong>istum</strong></span> <span class='ocrx_word' id='word_1_576' title='bbox 1498 4308 1673 4354; x_wconf 91' lang='lat' dir='ltr'><strong>actum</strong></span> <span class='ocrx_word' id='word_1_577' title='bbox 1688 4301 1935 4368; x_wconf 73' lang='lat' dir='ltr'><strong>iuvenum</strong></span> <span class='ocrx_word' id='word_1_578' title='bbox 1956 4311 2087 4371; x_wconf 85' lang='lat' dir='ltr'><strong>tym-</strong></span> 
     </span>
    </p>
   </div>
   <div class='ocr_carea' id='block_1_73' title="bbox 499 4384 2085 4462">
    <p class='ocr_par' dir='ltr' id='par_1_73' title="bbox 499 4384 2085 4462">
     <span class='ocr_line' id='line_1_73' title="bbox 499 4384 2085 4462; baseline 0.008 -27"><span class='ocrx_word' id='word_1_579' title='bbox 499 4384 891 4455; x_wconf 78' lang='lat' dir='ltr'><strong>panistriarum,</strong></span> <span class='ocrx_word' id='word_1_580' title='bbox 934 4386 988 4441; x_wconf 92' lang='lat' dir='ltr'><strong>id</strong></span> <span class='ocrx_word' id='word_1_581' title='bbox 1027 4395 1111 4443; x_wconf 89' lang='lat' dir='ltr'><strong>est</strong></span> <span class='ocrx_word' id='word_1_582' title='bbox 1134 4389 1539 4458; x_wconf 89' lang='lat' dir='ltr'><strong>juvencularum</strong></span> <span class='ocrx_word' id='word_1_583' title='bbox 1573 4391 1741 4462; x_wconf 90' lang='lat' dir='ltr'><strong>prima</strong></span> <span class='ocrx_word' id='word_1_584' title='bbox 1772 4400 1931 4448; x_wconf 67' lang='lat' dir='ltr'><strong>aetate</strong></span> <span class='ocrx_word' id='word_1_585' title='bbox 1982 4392 2085 4448; x_wconf 86' lang='lat' dir='ltr'><strong>llo-</strong></span> 
     </span>
    </p>
   </div>
   <div class='ocr_carea' id='block_1_74' title="bbox 500 4476 2089 4554">
    <p class='ocr_par' dir='ltr' id='par_1_74' title="bbox 500 4476 2089 4554">
     <span class='ocr_line' id='line_1_74' title="bbox 500 4476 2089 4554; baseline 0.006 -25"><span class='ocrx_word' id='word_1_586' title='bbox 500 4476 738 4530; x_wconf 88' lang='lat' dir='ltr'><strong>rentium</strong></span> <span class='ocrx_word' id='word_1_587' title='bbox 761 4517 775 4542; x_wconf 93' lang='lat'><strong>,</strong></span> <span class='ocrx_word' id='word_1_588' title='bbox 808 4492 927 4547; x_wconf 63' lang='lat' dir='ltr'><strong>quae</strong></span> <span class='ocrx_word' id='word_1_589' title='bbox 958 4487 1206 4549; x_wconf 87' lang='lat' dir='ltr'><strong>tympana</strong></span> <span class='ocrx_word' id='word_1_590' title='bbox 1239 4496 1334 4536; x_wconf 87' lang='lat' dir='ltr'><strong>sua</strong></span> <span class='ocrx_word' id='word_1_591' title='bbox 1360 4523 1375 4549; x_wconf 95' lang='lat'><strong>,</strong></span> <span class='ocrx_word' id='word_1_592' title='bbox 1421 4483 1522 4539; x_wconf 89' lang='lat' dir='ltr'><strong>hoc</strong></span> <span class='ocrx_word' id='word_1_593' title='bbox 1561 4492 1643 4539; x_wconf 89' lang='lat' dir='ltr'><strong>est</strong></span> <span class='ocrx_word' id='word_1_594' title='bbox 1681 4485 1924 4554; x_wconf 90' lang='lat' dir='ltr'><strong>corporis</strong></span> <span class='ocrx_word' id='word_1_595' title='bbox 1969 4492 2089 4539; x_wconf 86' lang='lat' dir='ltr'><strong>ten-</strong></span> 
     </span>
    </p>
   </div>
   <div class='ocr_carea' id='block_1_75' title="bbox 497 4565 2081 4645">
    <p class='ocr_par' dir='ltr' id='par_1_75' title="bbox 497 4565 2081 4645">
     <span class='ocr_line' id='line_1_75' title="bbox 497 4565 2081 4645; baseline 0.006 -23"><span class='ocrx_word' id='word_1_596' title='bbox 497 4565 710 4622; x_wconf 84' lang='lat' dir='ltr'><strong>sionem</strong></span> <span class='ocrx_word' id='word_1_597' title='bbox 761 4566 829 4623; x_wconf 91' lang='lat' dir='ltr'><strong>ad</strong></span> <span class='ocrx_word' id='word_1_598' title='bbox 880 4568 1089 4625; x_wconf 91' lang='lat' dir='ltr'><strong>Domini</strong></span> <span class='ocrx_word' id='word_1_599' title='bbox 1140 4570 1327 4629; x_wconf 88' lang='lat' dir='ltr'><strong>laudes</strong></span> <span class='ocrx_word' id='word_1_600' title='bbox 1378 4574 1713 4645; x_wconf 87' lang='lat' dir='ltr'><strong>gloriamque</strong></span> <span class='ocrx_word' id='word_1_601' title='bbox 1763 4583 2081 4642; x_wconf 89' lang='lat' dir='ltr'><strong>verterunt,</strong></span> 
     </span>
    </p>
   </div>
   <div class='ocr_carea' id='block_1_76' title="bbox 2181 3380 3774 3452">
    <p class='ocr_par' dir='ltr' id='par_1_76' title="bbox 2181 3380 3774 3452">
     <span class='ocr_line' id='line_1_76' title="bbox 2181 3380 3774 3452; baseline -0.003 -15"><span class='ocrx_word' id='word_1_602' title='bbox 2181 3391 2324 3438; x_wconf 86' lang='lat' dir='ltr'><strong>esset</strong></span> <span class='ocrx_word' id='word_1_603' title='bbox 2353 3381 2671 3438; x_wconf 85' lang='lat' dir='ltr'><strong>adolescens</strong></span> <span class='ocrx_word' id='word_1_604' title='bbox 2714 3390 2870 3438; x_wconf 75' lang='lat' dir='ltr'><strong>aztate</strong></span> <span class='ocrx_word' id='word_1_605' title='bbox 2891 3425 2906 3452; x_wconf 96' lang='lat'><strong>,</strong></span> <span class='ocrx_word' id='word_1_606' title='bbox 2938 3382 3307 3437; x_wconf 80' lang='lat' dir='ltr'><strong>adolescentior</strong></span> <span class='ocrx_word' id='word_1_607' title='bbox 3333 3380 3539 3437; x_wconf 78' lang='lat' dir='ltr'><strong>exstitit</strong></span> <span class='ocrx_word' id='word_1_608' title='bbox 3581 3381 3635 3433; x_wconf 89' lang='lat' dir='ltr'><strong>in</strong></span> <span class='ocrx_word' id='word_1_609' title='bbox 3678 3397 3774 3450; x_wconf 84' lang='lat' dir='ltr'><strong>pa-</strong></span> 
     </span>
    </p>
   </div>
   <div class='ocr_carea' id='block_1_77' title="bbox 2180 3472 3775 3543">
    <p class='ocr_par' dir='ltr' id='par_1_77' title="bbox 2180 3472 3775 3543">
     <span class='ocr_line' id='line_1_77' title="bbox 2180 3472 3775 3543; baseline 0 -17"><span class='ocrx_word' id='word_1_610' title='bbox 2180 3487 2329 3540; x_wconf 77' lang='lat' dir='ltr'><strong>vore,</strong></span> <span class='ocrx_word' id='word_1_611' title='bbox 2360 3472 2575 3543; x_wconf 90' lang='lat' dir='ltr'><strong>quando</strong></span> <span class='ocrx_word' id='word_1_612' title='bbox 2604 3473 2670 3529; x_wconf 92' lang='lat' dir='ltr'><strong>ad</strong></span> <span class='ocrx_word' id='word_1_613' title='bbox 2703 3488 2887 3528; x_wconf 89' lang='lat' dir='ltr'><strong>vocem</strong></span> <span class='ocrx_word' id='word_1_614' title='bbox 2918 3473 3132 3527; x_wconf 91' lang='lat' dir='ltr'><strong>Domini</strong></span> <span class='ocrx_word' id='word_1_615' title='bbox 3176 3472 3415 3539; x_wconf 88' lang='lat' dir='ltr'><strong>corruit,</strong></span> <span class='ocrx_word' id='word_1_616' title='bbox 3446 3472 3537 3541; x_wconf 90' lang='lat' dir='ltr'><strong>qui</strong></span> <span class='ocrx_word' id='word_1_617' title='bbox 3577 3472 3626 3527; x_wconf 91' lang='lat' dir='ltr'><strong>ei</strong></span> <span class='ocrx_word' id='word_1_618' title='bbox 3670 3473 3775 3526; x_wconf 85' lang='lat' dir='ltr'><strong>mi-</strong></span> 
     </span>
    </p>
   </div>
   <div class='ocr_carea' id='block_1_78' title="bbox 2182 3563 3774 3634">
    <p class='ocr_par' dir='ltr' id='par_1_78' title="bbox 2182 3563 3774 3634">
     <span class='ocr_line' id='line_1_78' title="bbox 2182 3563 3774 3634; baseline -0.001 -16"><span class='ocrx_word' id='word_1_619' title='bbox 2182 3573 2392 3620; x_wconf 83' lang='lat' dir='ltr'><strong>seratus</strong></span> <span class='ocrx_word' id='word_1_620' title='bbox 2420 3565 2651 3620; x_wconf 87' lang='lat' dir='ltr'><strong>intonuit</strong></span> <span class='ocrx_word' id='word_1_621' title='bbox 2680 3584 2692 3617; x_wconf 93' lang='lat'><strong>:</strong></span> <span class='ocrx_word' id='word_1_622' title='bbox 2728 3564 2885 3621; x_wconf 88' lang='lat' dir='ltr'><strong>Saule</strong></span> <span class='ocrx_word' id='word_1_623' title='bbox 2908 3606 2923 3633; x_wconf 93' lang='lat'><strong>,</strong></span> <span class='ocrx_word' id='word_1_624' title='bbox 2958 3563 3151 3631; x_wconf 88' lang='lat' dir='ltr'><strong>Saule,</strong></span> <span class='ocrx_word' id='word_1_625' title='bbox 3184 3564 3307 3634; x_wconf 84' lang='lat' dir='ltr'><strong>quid</strong></span> <span class='ocrx_word' id='word_1_626' title='bbox 3337 3579 3414 3617; x_wconf 84' lang='lat' dir='ltr'><strong>me</strong></span> <span class='ocrx_word' id='word_1_627' title='bbox 3455 3564 3774 3633; x_wconf 79' lang='lat' dir='ltr'><strong>persequeris</strong></span> 
     </span>
    </p>
   </div>
   <div class='ocr_carea' id='block_1_79' title="bbox 2183 3653 3777 3726">
    <p class='ocr_par' dir='ltr' id='par_1_79' title="bbox 2183 3653 3777 3726">
     <span class='ocr_line' id='line_1_79' title="bbox 2183 3653 3777 3726; baseline 0 -18"><span class='ocrx_word' id='word_1_628' title='bbox 2183 3654 2321 3725; x_wconf 82' lang='lat' dir='ltr'><strong>(Act.</strong></span> <span class='ocrx_word' id='word_1_629' title='bbox 2352 3670 2441 3725; x_wconf 84' lang='lat' dir='ltr'><strong>ix,</strong></span> <span class='ocrx_word' id='word_1_630' title='bbox 2472 3656 2575 3726; x_wconf 68' lang='lat'><strong>4)?</strong></span> <span class='ocrx_word' id='word_1_631' title='bbox 2607 3657 2938 3713; x_wconf 88' lang='lat' dir='ltr'><strong>Adolescens</strong></span> <span class='ocrx_word' id='word_1_632' title='bbox 2966 3666 3143 3711; x_wconf 89' lang='lat' dir='ltr'><strong>autem</strong></span> <span class='ocrx_word' id='word_1_633' title='bbox 3173 3656 3241 3711; x_wconf 92' lang='lat' dir='ltr'><strong>ab</strong></span> <span class='ocrx_word' id='word_1_634' title='bbox 3272 3654 3537 3711; x_wconf 82' lang='lat' dir='ltr'><strong>adolendo</strong></span> <span class='ocrx_word' id='word_1_635' title='bbox 3559 3693 3575 3719; x_wconf 88' lang='lat'><strong>,</strong></span> <span class='ocrx_word' id='word_1_636' title='bbox 3609 3653 3660 3708; x_wconf 92' lang='lat' dir='ltr'><strong>id</strong></span> <span class='ocrx_word' id='word_1_637' title='bbox 3692 3662 3777 3709; x_wconf 85' lang='lat' dir='ltr'><strong>est</strong></span> 
     </span>
    </p>
   </div>
   <div class='ocr_carea' id='block_1_80' title="bbox 2183 3744 3775 3815">
    <p class='ocr_par' dir='ltr' id='par_1_80' title="bbox 2183 3744 3775 3815">
     <span class='ocr_line' id='line_1_80' title="bbox 2183 3744 3775 3815; baseline -0.003 -10"><span class='ocrx_word' id='word_1_638' title='bbox 2183 3762 2215 3805; x_wconf 87' lang='lat' dir='ltr'><strong>a</strong></span> <span class='ocrx_word' id='word_1_639' title='bbox 2253 3749 2550 3805; x_wconf 86' lang='lat' dir='ltr'><strong>crescendo</strong></span> <span class='ocrx_word' id='word_1_640' title='bbox 2591 3749 2765 3805; x_wconf 88' lang='lat' dir='ltr'><strong>dictus</strong></span> <span class='ocrx_word' id='word_1_641' title='bbox 2803 3757 2906 3805; x_wconf 88' lang='lat' dir='ltr'><strong>est.</strong></span> <span class='ocrx_word' id='word_1_642' title='bbox 2954 3747 3221 3815; x_wconf 84' lang='lat' dir='ltr'><strong>Principes</strong></span> <span class='ocrx_word' id='word_1_643' title='bbox 3260 3744 3437 3813; x_wconf 87' lang='lat' dir='ltr'><strong>Juda,</strong></span> <span class='ocrx_word' id='word_1_644' title='bbox 3484 3745 3775 3801; x_wconf 90' lang='lat' dir='ltr'><strong>Dominum</strong></span> 
     </span>
    </p>
   </div>
   <div class='ocr_carea' id='block_1_81' title="bbox 2188 3836 3775 3909">
    <p class='ocr_par' dir='ltr' id='par_1_81' title="bbox 2188 3836 3775 3909">
     <span class='ocr_line' id='line_1_81' title="bbox 2188 3836 3775 3909; baseline -0.004 -13"><span class='ocrx_word' id='word_1_645' title='bbox 2188 3839 2393 3896; x_wconf 84' lang='lat' dir='ltr'><strong>indicat</strong></span> <span class='ocrx_word' id='word_1_646' title='bbox 2436 3838 2808 3904; x_wconf 76' lang='lat' dir='ltr'><strong>Salvatorcm,</strong></span> <span class='ocrx_word' id='word_1_647' title='bbox 2851 3839 2940 3909; x_wconf 88' lang='lat' dir='ltr'><strong>qui</strong></span> <span class='ocrx_word' id='word_1_648' title='bbox 2980 3838 3048 3893; x_wconf 90' lang='lat' dir='ltr'><strong>de</strong></span> <span class='ocrx_word' id='word_1_649' title='bbox 3091 3838 3231 3893; x_wconf 89' lang='lat' dir='ltr'><strong>tribu</strong></span> <span class='ocrx_word' id='word_1_650' title='bbox 3272 3836 3410 3893; x_wconf 87' lang='lat' dir='ltr'><strong>Juda</strong></span> <span class='ocrx_word' id='word_1_651' title='bbox 3447 3836 3775 3902; x_wconf 85' lang='lat' dir='ltr'><strong>descendit,</strong></span> 
     </span>
    </p>
   </div>
   <div class='ocr_carea' id='block_1_82' title="bbox 2186 3927 3777 4000">
    <p class='ocr_par' dir='ltr' id='par_1_82' title="bbox 2186 3927 3777 4000">
     <span class='ocr_line' id='line_1_82' title="bbox 2186 3927 3777 4000; baseline -0.004 -13"><span class='ocrx_word' id='word_1_652' title='bbox 2186 3932 2327 3987; x_wconf 89' lang='lat' dir='ltr'><strong>sicut</strong></span> <span class='ocrx_word' id='word_1_653' title='bbox 2354 3930 2591 3987; x_wconf 80' lang='lat' dir='ltr'><strong>Joannes</strong></span> <span class='ocrx_word' id='word_1_654' title='bbox 2622 3931 2674 3985; x_wconf 89' lang='lat' dir='ltr'><strong>in</strong></span> <span class='ocrx_word' id='word_1_655' title='bbox 2703 3930 3027 4000; x_wconf 83' lang='lat' dir='ltr'><strong>Apocalypsi</strong></span> <span class='ocrx_word' id='word_1_656' title='bbox 3054 3929 3186 3984; x_wconf 88' lang='lat' dir='ltr'><strong>dicit</strong></span> <span class='ocrx_word' id='word_1_657' title='bbox 3214 3945 3227 3983; x_wconf 91' lang='lat'><strong>:</strong></span> <span class='ocrx_word' id='word_1_658' title='bbox 3267 3928 3392 3982; x_wconf 84' lang='lat' dir='ltr'><strong>Vicit</strong></span> <span class='ocrx_word' id='word_1_659' title='bbox 3422 3927 3524 3982; x_wconf 86' lang='lat' dir='ltr'><strong>Lee</strong></span> <span class='ocrx_word' id='word_1_660' title='bbox 3554 3928 3618 3981; x_wconf 87' lang='lat' dir='ltr'><strong>de</strong></span> <span class='ocrx_word' id='word_1_661' title='bbox 3642 3928 3777 3981; x_wconf 81' lang='lat' dir='ltr'><strong>tribu</strong></span> 
     </span>
    </p>
   </div>
   <div class='ocr_carea' id='block_1_83' title="bbox 2184 4018 3779 4095">
    <p class='ocr_par' dir='ltr' id='par_1_83' title="bbox 2184 4018 3779 4095">
     <span class='ocr_line' id='line_1_83' title="bbox 2184 4018 3779 4095; baseline -0.006 -14"><span class='ocrx_word' id='word_1_662' title='bbox 2184 4025 2327 4081; x_wconf 69' lang='lat' dir='ltr'><strong>Iuda</strong></span> <span class='ocrx_word' id='word_1_663' title='bbox 2343 4066 2356 4091; x_wconf 90' lang='lat'><strong>,</strong></span> <span class='ocrx_word' id='word_1_664' title='bbox 2381 4024 2533 4078; x_wconf 71' lang='lat' dir='ltr'><strong>radix</strong></span> <span class='ocrx_word' id='word_1_665' title='bbox 2552 4024 2718 4078; x_wconf 82' lang='lat' dir='ltr'><strong>David</strong></span> <span class='ocrx_word' id='word_1_666' title='bbox 2740 4023 2922 4095; x_wconf 77' lang='lat' dir='ltr'><strong>(Apoc.</strong></span> <span class='ocrx_word' id='word_1_667' title='bbox 2941 4036 2993 4089; x_wconf 89' lang='lat' dir='ltr'><strong>v,</strong></span> <span class='ocrx_word' id='word_1_668' title='bbox 3017 4022 3093 4093; x_wconf 82' lang='lat'><strong>5).</strong></span> <span class='ocrx_word' id='word_1_669' title='bbox 3121 4018 3372 4087; x_wconf 87' lang='lat' dir='ltr'><strong>Addidit,</strong></span> <span class='ocrx_word' id='word_1_670' title='bbox 3403 4020 3561 4073; x_wconf 81' lang='lat' dir='ltr'><strong>duces</strong></span> <span class='ocrx_word' id='word_1_671' title='bbox 3580 4035 3779 4085; x_wconf 84' lang='lat' dir='ltr'><strong>eorum,</strong></span> 
     </span>
    </p>
   </div>
   <div class='ocr_carea' id='block_1_84' title="bbox 2186 4109 3776 4189">
    <p class='ocr_par' dir='ltr' id='par_1_84' title="bbox 2186 4109 3776 4189">
     <span class='ocr_line' id='line_1_84' title="bbox 2186 4109 3776 4189; baseline -0.005 -17"><span class='ocrx_word' id='word_1_672' title='bbox 2186 4116 2241 4172; x_wconf 90' lang='lat' dir='ltr'><strong>id</strong></span> <span class='ocrx_word' id='word_1_673' title='bbox 2268 4124 2351 4173; x_wconf 88' lang='lat' dir='ltr'><strong>est</strong></span> <span class='ocrx_word' id='word_1_674' title='bbox 2376 4115 2695 4189; x_wconf 89' lang='lat' dir='ltr'><strong>populorum</strong></span> <span class='ocrx_word' id='word_1_675' title='bbox 2719 4154 2734 4182; x_wconf 90' lang='lat'><strong>,</strong></span> <span class='ocrx_word' id='word_1_676' title='bbox 2768 4114 2861 4185; x_wconf 90' lang='lat' dir='ltr'><strong>qui</strong></span> <span class='ocrx_word' id='word_1_677' title='bbox 2888 4123 3042 4169; x_wconf 84' lang='lat' dir='ltr'><strong>erant</strong></span> <span class='ocrx_word' id='word_1_678' title='bbox 3081 4112 3137 4167; x_wconf 89' lang='lat' dir='ltr'><strong>in</strong></span> <span class='ocrx_word' id='word_1_679' title='bbox 3179 4109 3421 4166; x_wconf 80' lang='lat' dir='ltr'><strong>Ecclesia</strong></span> <span class='ocrx_word' id='word_1_680' title='bbox 3449 4111 3730 4166; x_wconf 89' lang='lat' dir='ltr'><strong>constituti</strong></span> <span class='ocrx_word' id='word_1_681' title='bbox 3761 4153 3776 4176; x_wconf 92' lang='lat'><strong>,</strong></span> 
     </span>
    </p>
   </div>
   <div class='ocr_carea' id='block_1_85' title="bbox 2188 4201 3776 4276">
    <p class='ocr_par' dir='ltr' id='par_1_85' title="bbox 2188 4201 3776 4276">
     <span class='ocr_line' id='line_1_85' title="bbox 2188 4201 3776 4276; baseline -0.004 -15"><span class='ocrx_word' id='word_1_682' title='bbox 2188 4208 2333 4276; x_wconf 89' lang='lat' dir='ltr'><strong>quod</strong></span> <span class='ocrx_word' id='word_1_683' title='bbox 2378 4222 2487 4263; x_wconf 89' lang='lat' dir='ltr'><strong>non</strong></span> <span class='ocrx_word' id='word_1_684' title='bbox 2531 4208 2704 4261; x_wconf 89' lang='lat' dir='ltr'><strong>solum</strong></span> <span class='ocrx_word' id='word_1_685' title='bbox 2744 4205 2813 4261; x_wconf 89' lang='lat' dir='ltr'><strong>ad</strong></span> <span class='ocrx_word' id='word_1_686' title='bbox 2857 4204 3081 4259; x_wconf 84' lang='lat' dir='ltr'><strong>Paulum</strong></span> <span class='ocrx_word' id='word_1_687' title='bbox 3111 4202 3195 4257; x_wconf 89' lang='lat' dir='ltr'><strong>vel</strong></span> <span class='ocrx_word' id='word_1_688' title='bbox 3223 4201 3289 4257; x_wconf 80' lang='lat' dir='ltr'><strong>ad</strong></span> <span class='ocrx_word' id='word_1_689' title='bbox 3322 4201 3611 4256; x_wconf 89' lang='lat' dir='ltr'><strong>Dominum</strong></span> <span class='ocrx_word' id='word_1_690' title='bbox 3633 4242 3651 4270; x_wconf 80' lang='lat'><strong>,</strong></span> <span class='ocrx_word' id='word_1_691' title='bbox 3682 4202 3776 4256; x_wconf 88' lang='lat' dir='ltr'><strong>sed</strong></span> 
     </span>
    </p>
   </div>
   <div class='ocr_carea' id='block_1_86' title="bbox 2188 4291 3780 4369">
    <p class='ocr_par' dir='ltr' id='par_1_86' title="bbox 2188 4291 3780 4369">
     <span class='ocr_line' id='line_1_86' title="bbox 2188 4291 3780 4369; baseline -0.006 -14"><span class='ocrx_word' id='word_1_692' title='bbox 2188 4307 2243 4355; x_wconf 89' lang='lat' dir='ltr'><strong>et</strong></span> <span class='ocrx_word' id='word_1_693' title='bbox 2270 4302 2337 4355; x_wconf 90' lang='lat' dir='ltr'><strong>ad</strong></span> <span class='ocrx_word' id='word_1_694' title='bbox 2366 4300 2487 4355; x_wconf 90' lang='lat' dir='ltr'><strong>illos</strong></span> <span class='ocrx_word' id='word_1_695' title='bbox 2516 4299 2805 4369; x_wconf 90' lang='lat' dir='ltr'><strong>aptandum</strong></span> <span class='ocrx_word' id='word_1_696' title='bbox 2835 4307 2918 4352; x_wconf 91' lang='lat' dir='ltr'><strong>est</strong></span> <span class='ocrx_word' id='word_1_697' title='bbox 2947 4310 3081 4366; x_wconf 89' lang='lat' dir='ltr'><strong>quos</strong></span> <span class='ocrx_word' id='word_1_698' title='bbox 3122 4293 3260 4350; x_wconf 83' lang='lat' dir='ltr'><strong>dixit</strong></span> <span class='ocrx_word' id='word_1_699' title='bbox 3288 4291 3515 4349; x_wconf 88' lang='lat' dir='ltr'><strong>inferius</strong></span> <span class='ocrx_word' id='word_1_700' title='bbox 3534 4334 3551 4361; x_wconf 94' lang='lat'><strong>,</strong></span> <span class='ocrx_word' id='word_1_701' title='bbox 3584 4294 3780 4363; x_wconf 74' lang='lat' dir='ltr'><strong>princi-</strong></span> 
     </span>
    </p>
   </div>
   <div class='ocr_carea' id='block_1_87' title="bbox 2190 4384 3783 4462">
    <p class='ocr_par' dir='ltr' id='par_1_87' title="bbox 2190 4384 3783 4462">
     <span class='ocr_line' id='line_1_87' title="bbox 2190 4384 3783 4462; baseline -0.004 -17"><span class='ocrx_word' id='word_1_702' title='bbox 2190 4407 2278 4461; x_wconf 83' lang='lat' dir='ltr'><strong>pes</strong></span> <span class='ocrx_word' id='word_1_703' title='bbox 2306 4390 2538 4445; x_wconf 83' lang='lat' dir='ltr'><strong>Zabulon</strong></span> <span class='ocrx_word' id='word_1_704' title='bbox 2556 4431 2573 4457; x_wconf 93' lang='lat'><strong>,</strong></span> <span class='ocrx_word' id='word_1_705' title='bbox 2605 4390 2857 4462; x_wconf 85' lang='lat' dir='ltr'><strong>principes</strong></span> <span class='ocrx_word' id='word_1_706' title='bbox 2882 4387 3237 4457; x_wconf 83' lang='lat' dir='ltr'><strong>Nephtltalim.</strong></span> <span class='ocrx_word' id='word_1_707' title='bbox 3262 4384 3497 4442; x_wconf 78' lang='lat' dir='ltr'><strong>Zabulon</strong></span> <span class='ocrx_word' id='word_1_708' title='bbox 3522 4395 3571 4441; x_wconf 86' lang='lat' dir='ltr'><strong>et</strong></span> <span class='ocrx_word' id='word_1_709' title='bbox 3601 4384 3783 4456; x_wconf 73' lang='lat' dir='ltr'><strong>Neph-</strong></span> 
     </span>
    </p>
   </div>
   <div class='ocr_carea' id='block_1_88' title="bbox 2189 4478 3781 4551">
    <p class='ocr_par' dir='ltr' id='par_1_88' title="bbox 2189 4478 3781 4551">
     <span class='ocr_line' id='line_1_88' title="bbox 2189 4478 3781 4551; baseline -0.002 -17"><span class='ocrx_word' id='word_1_710' title='bbox 2189 4480 2374 4535; x_wconf 80' lang='lat' dir='ltr'><strong>thalim</strong></span> <span class='ocrx_word' id='word_1_711' title='bbox 2419 4481 2587 4535; x_wconf 89' lang='lat' dir='ltr'><strong>tribus</strong></span> <span class='ocrx_word' id='word_1_712' title='bbox 2636 4481 2854 4535; x_wconf 88' lang='lat' dir='ltr'><strong>fuerunt</strong></span> <span class='ocrx_word' id='word_1_713' title='bbox 2908 4479 3132 4536; x_wconf 83' lang='lat' dir='ltr'><strong>Judaico</strong></span> <span class='ocrx_word' id='word_1_714' title='bbox 3184 4479 3381 4551; x_wconf 91' lang='lat' dir='ltr'><strong>populo</strong></span> <span class='ocrx_word' id='word_1_715' title='bbox 3435 4478 3781 4547; x_wconf 77' lang='lat' dir='ltr'><strong>constitutae,</strong></span> 
     </span>
    </p>
   </div>
   <div class='ocr_carea' id='block_1_89' title="bbox 2196 4572 3783 4644">
    <p class='ocr_par' dir='ltr' id='par_1_89' title="bbox 2196 4572 3783 4644">
     <span class='ocr_line' id='line_1_89' title="bbox 2196 4572 3783 4644; baseline -0.003 -15"><span class='ocrx_word' id='word_1_716' title='bbox 2196 4573 2341 4629; x_wconf 91' lang='lat' dir='ltr'><strong>unde</strong></span> <span class='ocrx_word' id='word_1_717' title='bbox 2370 4572 2560 4641; x_wconf 87' lang='lat' dir='ltr'><strong>reliqui</strong></span> <span class='ocrx_word' id='word_1_718' title='bbox 2592 4572 2819 4642; x_wconf 89' lang='lat' dir='ltr'><strong>apostoli</strong></span> <span class='ocrx_word' id='word_1_719' title='bbox 2847 4572 3064 4628; x_wconf 87' lang='lat' dir='ltr'><strong>trahere</strong></span> <span class='ocrx_word' id='word_1_720' title='bbox 3093 4572 3346 4643; x_wconf 86' lang='lat' dir='ltr'><strong>leguntur</strong></span> <span class='ocrx_word' id='word_1_721' title='bbox 3378 4572 3669 4644; x_wconf 86' lang='lat' dir='ltr'><strong>originem.</strong></span> <span class='ocrx_word' id='word_1_722' title='bbox 3714 4572 3783 4626; x_wconf 84' lang='lat' dir='ltr'><strong>Et</strong></span> 
     </span>
    </p>
   </div>
   <div class='ocr_carea' id='block_1_90' title="bbox 500 4654 3780 4738">
    <p class='ocr_par' dir='ltr' id='par_1_90' title="bbox 500 4654 3780 4738">
     <span class='ocr_line' id='line_1_90' title="bbox 500 4654 3780 4738; baseline 0.001 -24"><span class='ocrx_word' id='word_1_723' title='bbox 500 4668 838 4717; x_wconf 87' lang='lat' dir='ltr'><strong>macerantes</strong></span> <span class='ocrx_word' id='word_1_724' title='bbox 867 4675 927 4717; x_wconf 79' lang='lat' dir='ltr'><strong>se</strong></span> <span class='ocrx_word' id='word_1_725' title='bbox 950 4661 1206 4733; x_wconf 87' lang='lat' dir='ltr'><strong>jejuniis,</strong></span> <span class='ocrx_word' id='word_1_726' title='bbox 1247 4666 1531 4737; x_wconf 89' lang='lat' dir='ltr'><strong>carnisque</strong></span> <span class='ocrx_word' id='word_1_727' title='bbox 1577 4667 1748 4738; x_wconf 89' lang='lat' dir='ltr'><strong>magis</strong></span> <span class='ocrx_word' id='word_1_728' title='bbox 1792 4668 2083 4725; x_wconf 85' lang='lat' dir='ltr'><strong>afﬂictione</strong></span> <span class='ocrx_word' id='word_1_729' title='bbox 2112 4654 2249 4722; x_wconf 86' lang='lat' dir='ltr'><strong>Dhi</strong></span> <span class='ocrx_word' id='word_1_730' title='bbox 2293 4678 2482 4721; x_wconf 88' lang='lat' dir='ltr'><strong>omnes</strong></span> <span class='ocrx_word' id='word_1_731' title='bbox 2522 4665 2775 4735; x_wconf 84' lang='lat' dir='ltr'><strong>principes</strong></span> <span class='ocrx_word' id='word_1_732' title='bbox 2822 4663 2960 4719; x_wconf 87' lang='lat' dir='ltr'><strong>bene</strong></span> <span class='ocrx_word' id='word_1_733' title='bbox 3005 4662 3256 4733; x_wconf 89' lang='lat' dir='ltr'><strong>appellati</strong></span> <span class='ocrx_word' id='word_1_734' title='bbox 3300 4670 3462 4729; x_wconf 90' lang='lat' dir='ltr'><strong>sunt,</strong></span> <span class='ocrx_word' id='word_1_735' title='bbox 3508 4662 3637 4734; x_wconf 87' lang='lat' dir='ltr'><strong>quia</strong></span> <span class='ocrx_word' id='word_1_736' title='bbox 3685 4676 3780 4717; x_wconf 89' lang='lat' dir='ltr'><strong>eos</strong></span> 
     </span>
    </p>
   </div>
   <div class='ocr_carea' id='block_1_91' title="bbox 501 4751 2085 4831">
    <p class='ocr_par' dir='ltr' id='par_1_91' title="bbox 501 4751 2085 4831">
     <span class='ocr_line' id='line_1_91' title="bbox 501 4751 2085 4831; baseline 0.008 -27"><span class='ocrx_word' id='word_1_737' title='bbox 501 4751 834 4820; x_wconf 84' lang='lat' dir='ltr'><strong>gaudentes;</strong></span> <span class='ocrx_word' id='word_1_738' title='bbox 865 4754 1007 4823; x_wconf 90' lang='lat' dir='ltr'><strong>quod</strong></span> <span class='ocrx_word' id='word_1_739' title='bbox 1039 4754 1307 4827; x_wconf 89' lang='lat' dir='ltr'><strong>hodieque</strong></span> <span class='ocrx_word' id='word_1_740' title='bbox 1344 4758 1399 4813; x_wconf 91' lang='lat' dir='ltr'><strong>in</strong></span> <span class='ocrx_word' id='word_1_741' title='bbox 1439 4758 1620 4815; x_wconf 90' lang='lat' dir='ltr'><strong>multis</strong></span> <span class='ocrx_word' id='word_1_742' title='bbox 1664 4759 1959 4831; x_wconf 86' lang='lat' dir='ltr'><strong>virginibus</strong></span> <span class='ocrx_word' id='word_1_743' title='bbox 2000 4762 2085 4817; x_wconf 83' lang='lat' dir='ltr'><strong>di—</strong></span> 
     </span>
    </p>
   </div>
   <div class='ocr_carea' id='block_1_92' title="bbox 503 4843 2084 4921">
    <p class='ocr_par' dir='ltr' id='par_1_92' title="bbox 503 4843 2084 4921">
     <span class='ocr_line' id='line_1_92' title="bbox 503 4843 2084 4921; baseline 0.009 -26"><span class='ocrx_word' id='word_1_744' title='bbox 503 4843 625 4897; x_wconf 87' lang='lat' dir='ltr'><strong>vina</strong></span> <span class='ocrx_word' id='word_1_745' title='bbox 651 4845 819 4899; x_wconf 87' lang='lat' dir='ltr'><strong>virtus</strong></span> <span class='ocrx_word' id='word_1_746' title='bbox 849 4855 1125 4915; x_wconf 88' lang='lat' dir='ltr'><strong>operatur.</strong></span> <span class='ocrx_word' id='word_1_747' title='bbox 1156 4847 1259 4902; x_wconf 88' lang='lat' dir='ltr'><strong>Alii</strong></span> <span class='ocrx_word' id='word_1_748' title='bbox 1288 4862 1416 4905; x_wconf 91' lang='lat' dir='ltr'><strong>vero</strong></span> <span class='ocrx_word' id='word_1_749' title='bbox 1448 4851 1960 4921; x_wconf 76' lang='lat' dir='ltr'><strong>tympanistriarttm,</strong></span> <span class='ocrx_word' id='word_1_750' title='bbox 1994 4867 2084 4908; x_wconf 90' lang='lat' dir='ltr'><strong>ec-</strong></span> 
     </span>
    </p>
   </div>
   <div class='ocr_carea' id='block_1_93' title="bbox 497 4931 2086 5009">
    <p class='ocr_par' dir='ltr' id='par_1_93' title="bbox 497 4931 2086 5009">
     <span class='ocr_line' id='line_1_93' title="bbox 497 4931 2086 5009; baseline 0.008 -24"><span class='ocrx_word' id='word_1_751' title='bbox 497 4931 787 4989; x_wconf 85' lang='lat' dir='ltr'><strong>clesiarum</strong></span> <span class='ocrx_word' id='word_1_752' title='bbox 834 4935 1058 5007; x_wconf 87' lang='lat' dir='ltr'><strong>intelligi</strong></span> <span class='ocrx_word' id='word_1_753' title='bbox 1107 4938 1433 5007; x_wconf 90' lang='lat' dir='ltr'><strong>voluerunt,</strong></span> <span class='ocrx_word' id='word_1_754' title='bbox 1481 4954 1705 5009; x_wconf 89' lang='lat' dir='ltr'><strong>quarum</strong></span> <span class='ocrx_word' id='word_1_755' title='bbox 1752 4943 1889 4997; x_wconf 91' lang='lat' dir='ltr'><strong>atria</strong></span> <span class='ocrx_word' id='word_1_756' title='bbox 1938 4945 2086 4998; x_wconf 89' lang='lat' dir='ltr'><strong>velut</strong></span> 
     </span>
    </p>
   </div>
   <div class='ocr_carea' id='block_1_94' title="bbox 499 5024 2089 5105">
    <p class='ocr_par' dir='ltr' id='par_1_94' title="bbox 499 5024 2089 5105">
     <span class='ocr_line' id='line_1_94' title="bbox 499 5024 2089 5105; baseline 0.009 -28"><span class='ocrx_word' id='word_1_757' title='bbox 499 5024 822 5092; x_wconf 89' lang='lat' dir='ltr'><strong>quibusdam</strong></span> <span class='ocrx_word' id='word_1_758' title='bbox 853 5030 1122 5099; x_wconf 85' lang='lat' dir='ltr'><strong>tympanis</strong></span> <span class='ocrx_word' id='word_1_759' title='bbox 1151 5029 1339 5086; x_wconf 89' lang='lat' dir='ltr'><strong>laudes</strong></span> <span class='ocrx_word' id='word_1_760' title='bbox 1371 5032 1578 5087; x_wconf 88' lang='lat' dir='ltr'><strong>Domini</strong></span> <span class='ocrx_word' id='word_1_761' title='bbox 1602 5033 1916 5103; x_wconf 90' lang='lat' dir='ltr'><strong>populorum</strong></span> <span class='ocrx_word' id='word_1_762' title='bbox 1945 5034 2089 5105; x_wconf 89' lang='lat' dir='ltr'><strong>jubi-</strong></span> 
     </span>
    </p>
   </div>
   <div class='ocr_carea' id='block_1_95' title="bbox 504 5112 2088 5194">
    <p class='ocr_par' dir='ltr' id='par_1_95' title="bbox 504 5112 2088 5194">
     <span class='ocr_line' id='line_1_95' title="bbox 504 5112 2088 5194; baseline 0.009 -27"><span class='ocrx_word' id='word_1_763' title='bbox 504 5112 703 5171; x_wconf 87' lang='lat' dir='ltr'><strong>latione</strong></span> <span class='ocrx_word' id='word_1_764' title='bbox 730 5118 1147 5176; x_wconf 88' lang='lat' dir='ltr'><strong>concelebrant:</strong></span> <span class='ocrx_word' id='word_1_765' title='bbox 1178 5119 1245 5177; x_wconf 90' lang='lat' dir='ltr'><strong>de</strong></span> <span class='ocrx_word' id='word_1_766' title='bbox 1284 5121 1478 5192; x_wconf 87' lang='lat' dir='ltr'><strong>quibus</strong></span> <span class='ocrx_word' id='word_1_767' title='bbox 1516 5124 1761 5194; x_wconf 89' lang='lat' dir='ltr'><strong>sequenti</strong></span> <span class='ocrx_word' id='word_1_768' title='bbox 1801 5140 1962 5182; x_wconf 88' lang='lat' dir='ltr'><strong>versu</strong></span> <span class='ocrx_word' id='word_1_769' title='bbox 2005 5125 2088 5182; x_wconf 88' lang='lat' dir='ltr'><strong>di-</strong></span> 
     </span>
    </p>
   </div>
   <div class='ocr_carea' id='block_1_96' title="bbox 498 5215 2045 5283">
    <p class='ocr_par' dir='ltr' id='par_1_96' title="bbox 498 5215 2045 5283">
     <span class='ocr_line' id='line_1_96' title="bbox 498 5215 2045 5283; baseline -0.001 -20"><span class='ocrx_word' id='word_1_770' title='bbox 498 5215 686 5264; x_wconf 86' lang='lat' dir='ltr'><strong>cturus</strong></span> <span class='ocrx_word' id='word_1_771' title='bbox 717 5218 817 5265; x_wconf 89' lang='lat' dir='ltr'><strong>est.</strong></span> <span class='ocrx_word' id='word_1_772' title='bbox 895 5276 902 5283; x_wconf 86' lang='lat'><em>_</em></span> <span class='ocrx_word' id='word_1_773' title='bbox 2040 5256 2045 5261; x_wconf 84' lang='lat'><strong>.</strong></span> 
     </span>
    </p>
   </div>
   <div class='ocr_carea' id='block_1_97' title="bbox 498 5300 2085 5381">
    <p class='ocr_par' dir='ltr' id='par_1_97' title="bbox 498 5300 2085 5381">
     <span class='ocr_line' id='line_1_97' title="bbox 498 5300 2085 5381; baseline 0.006 -26"><span class='ocrx_word' id='word_1_774' title='bbox 498 5348 512 5365; x_wconf 84' lang='grc'><em>,</em></span> <span class='ocrx_word' id='word_1_775' title='bbox 582 5301 731 5356; x_wconf 82' lang='lat' dir='ltr'><strong>Vers.</strong></span> <span class='ocrx_word' id='word_1_776' title='bbox 772 5301 863 5357; x_wconf 78' lang='lat'><strong>&#39;50.</strong></span> <span class='ocrx_word' id='word_1_777' title='bbox 905 5300 973 5358; x_wconf 82' lang='lat' dir='ltr'><strong>In</strong></span> <span class='ocrx_word' id='word_1_778' title='bbox 1012 5304 1238 5361; x_wconf 85' lang='lat' dir='ltr'><strong>ecclesiis</strong></span> <span class='ocrx_word' id='word_1_779' title='bbox 1278 5306 1552 5363; x_wconf 86' lang='lat' dir='ltr'><strong>benedicite</strong></span> <span class='ocrx_word' id='word_1_780' title='bbox 1580 5308 1748 5364; x_wconf 89' lang='lat' dir='ltr'><strong>Deum</strong></span> <span class='ocrx_word' id='word_1_781' title='bbox 1777 5309 2085 5381; x_wconf 86' lang='lat' dir='ltr'><strong>Dominum,</strong></span> 
     </span>
    </p>
   </div>
   <div class='ocr_carea' id='block_1_98' title="bbox 504 5392 2090 5473">
    <p class='ocr_par' dir='ltr' id='par_1_98' title="bbox 504 5392 2090 5473">
     <span class='ocr_line' id='line_1_98' title="bbox 504 5392 2090 5473; baseline 0.008 -27"><span class='ocrx_word' id='word_1_782' title='bbox 504 5393 569 5447; x_wconf 82' lang='lat' dir='ltr'><strong>de</strong></span> <span class='ocrx_word' id='word_1_783' title='bbox 589 5394 819 5464; x_wconf 73' lang='lat' dir='ltr'><strong>fontibus</strong></span> <span class='ocrx_word' id='word_1_784' title='bbox 852 5392 1044 5451; x_wconf 86' lang='lat' dir='ltr'><strong>Israel.</strong></span> <span class='ocrx_word' id='word_1_785' title='bbox 1076 5396 1359 5469; x_wconf 85' lang='lat' dir='ltr'><strong>lnterjecto</strong></span> <span class='ocrx_word' id='word_1_786' title='bbox 1386 5400 1739 5473; x_wconf 88' lang='lat' dir='ltr'><strong>diapsalmate</strong></span> <span class='ocrx_word' id='word_1_787' title='bbox 1761 5447 1775 5473; x_wconf 93' lang='lat'><strong>,</strong></span> <span class='ocrx_word' id='word_1_788' title='bbox 1819 5403 1886 5457; x_wconf 91' lang='lat' dir='ltr'><strong>ad</strong></span> <span class='ocrx_word' id='word_1_789' title='bbox 1929 5403 2090 5472; x_wconf 90' lang='lat' dir='ltr'><strong>quin-</strong></span> 
     </span>
    </p>
   </div>
   <div class='ocr_carea' id='block_1_99' title="bbox 507 5487 2088 5567">
    <p class='ocr_par' dir='ltr' id='par_1_99' title="bbox 507 5487 2088 5567">
     <span class='ocr_line' id='line_1_99' title="bbox 507 5487 2088 5567; baseline 0.006 -26"><span class='ocrx_word' id='word_1_790' title='bbox 507 5494 614 5555; x_wconf 83' lang='lat' dir='ltr'><strong>tam</strong></span> <span class='ocrx_word' id='word_1_791' title='bbox 647 5487 838 5557; x_wconf 88' lang='lat' dir='ltr'><strong>psalmi</strong></span> <span class='ocrx_word' id='word_1_792' title='bbox 880 5490 1171 5545; x_wconf 88' lang='lat' dir='ltr'><strong>translatus</strong></span> <span class='ocrx_word' id='word_1_793' title='bbox 1211 5501 1293 5548; x_wconf 90' lang='lat' dir='ltr'><strong>est</strong></span> <span class='ocrx_word' id='word_1_794' title='bbox 1342 5495 1637 5551; x_wconf 89' lang='lat' dir='ltr'><strong>sectionem</strong></span> <span class='ocrx_word' id='word_1_795' title='bbox 1663 5540 1677 5564; x_wconf 94' lang='lat'><strong>,</strong></span> <span class='ocrx_word' id='word_1_796' title='bbox 1728 5497 1780 5551; x_wconf 91' lang='lat' dir='ltr'><strong>in</strong></span> <span class='ocrx_word' id='word_1_797' title='bbox 1825 5511 1927 5567; x_wconf 85' lang='lat' dir='ltr'><strong>qua</strong></span> <span class='ocrx_word' id='word_1_798' title='bbox 1956 5497 2088 5553; x_wconf 89' lang='lat' dir='ltr'><strong>dicit</strong></span> 
     </span>
    </p>
   </div>
   <div class='ocr_carea' id='block_1_100' title="bbox 506 5580 2086 5646">
    <p class='ocr_par' dir='ltr' id='par_1_100' title="bbox 506 5580 2086 5646">
     <span class='ocr_line' id='line_1_100' title="bbox 506 5580 2086 5646; baseline 0.007 -11"><span class='ocrx_word' id='word_1_799' title='bbox 506 5580 598 5636; x_wconf 82' lang='lat' dir='ltr'><strong>ubi</strong></span> <span class='ocrx_word' id='word_1_800' title='bbox 622 5581 876 5638; x_wconf 90' lang='lat' dir='ltr'><strong>Dominus</strong></span> <span class='ocrx_word' id='word_1_801' title='bbox 904 5582 1094 5639; x_wconf 89' lang='lat' dir='ltr'><strong>debeat</strong></span> <span class='ocrx_word' id='word_1_802' title='bbox 1122 5585 1384 5642; x_wconf 78' lang='lat' dir='ltr'><strong>benedici.</strong></span> <span class='ocrx_word' id='word_1_803' title='bbox 1412 5591 1499 5644; x_wconf 87' lang='lat' dir='ltr'><strong>Ait</strong></span> <span class='ocrx_word' id='word_1_804' title='bbox 1529 5589 1671 5644; x_wconf 90' lang='lat' dir='ltr'><strong>enim</strong></span> <span class='ocrx_word' id='word_1_805' title='bbox 1696 5588 1982 5645; x_wconf 88' lang='lat' dir='ltr'><strong>ﬁdelibus:</strong></span> <span class='ocrx_word' id='word_1_806' title='bbox 2017 5588 2086 5646; x_wconf 90' lang='lat' dir='ltr'><strong>In</strong></span> 
     </span>
    </p>
   </div>
   <div class='ocr_carea' id='block_1_101' title="bbox 508 5676 2087 5752">
    <p class='ocr_par' dir='ltr' id='par_1_101' title="bbox 508 5676 2087 5752">
     <span class='ocr_line' id='line_1_101' title="bbox 508 5676 2087 5752; baseline 0.007 -24"><span class='ocrx_word' id='word_1_807' title='bbox 508 5676 729 5731; x_wconf 85' lang='lat' dir='ltr'><strong>ecclesiis</strong></span> <span class='ocrx_word' id='word_1_808' title='bbox 752 5676 1026 5733; x_wconf 81' lang='lat' dir='ltr'><strong>benedicite</strong></span> <span class='ocrx_word' id='word_1_809' title='bbox 1052 5678 1219 5733; x_wconf 86' lang='lat' dir='ltr'><strong>Deum</strong></span> <span class='ocrx_word' id='word_1_810' title='bbox 1245 5680 1549 5746; x_wconf 88' lang='lat' dir='ltr'><strong>Dominum,</strong></span> <span class='ocrx_word' id='word_1_811' title='bbox 1583 5682 1702 5750; x_wconf 87' lang='lat' dir='ltr'><strong>quia</strong></span> <span class='ocrx_word' id='word_1_812' title='bbox 1734 5696 1840 5736; x_wconf 89' lang='lat' dir='ltr'><strong>non</strong></span> <span class='ocrx_word' id='word_1_813' title='bbox 1888 5697 1982 5752; x_wconf 83' lang='lat' dir='ltr'><strong>per</strong></span> <span class='ocrx_word' id='word_1_814' title='bbox 2010 5684 2087 5739; x_wconf 83' lang='lat' dir='ltr'><strong>di-</strong></span> 
     </span>
    </p>
   </div>
   <div class='ocr_carea' id='block_1_102' title="bbox 506 5769 2085 5843">
    <p class='ocr_par' dir='ltr' id='par_1_102' title="bbox 506 5769 2085 5843">
     <span class='ocr_line' id='line_1_102' title="bbox 506 5769 2085 5843; baseline 0.008 -23"><span class='ocrx_word' id='word_1_815' title='bbox 506 5779 661 5821; x_wconf 86' lang='lat' dir='ltr'><strong>versa</strong></span> <span class='ocrx_word' id='word_1_816' title='bbox 696 5769 1063 5825; x_wconf 83' lang='lat' dir='ltr'><strong>conventicula</strong></span> <span class='ocrx_word' id='word_1_817' title='bbox 1102 5784 1429 5841; x_wconf 86' lang='lat' dir='ltr'><strong>paganorum</strong></span> <span class='ocrx_word' id='word_1_818' title='bbox 1450 5813 1466 5837; x_wconf 93' lang='lat'><strong>,</strong></span> <span class='ocrx_word' id='word_1_819' title='bbox 1501 5787 1675 5843; x_wconf 89' lang='lat' dir='ltr'><strong>neque</strong></span> <span class='ocrx_word' id='word_1_820' title='bbox 1707 5774 2085 5833; x_wconf 71' lang='lat' dir='ltr'><strong>litereticorutn</strong></span> 
     </span>
    </p>
   </div>
   <div class='ocr_carea' id='block_1_103' title="bbox 509 5857 2087 5927">
    <p class='ocr_par' dir='ltr' id='par_1_103' title="bbox 509 5857 2087 5927">
     <span class='ocr_line' id='line_1_103' title="bbox 509 5857 2087 5927; baseline 0.006 -15"><span class='ocrx_word' id='word_1_821' title='bbox 509 5857 824 5927; x_wconf 70' lang='lat' dir='ltr'><strong>speluncas,</strong></span> <span class='ocrx_word' id='word_1_822' title='bbox 864 5861 959 5917; x_wconf 81' lang='lat' dir='ltr'><strong>sed</strong></span> <span class='ocrx_word' id='word_1_823' title='bbox 998 5862 1051 5917; x_wconf 89' lang='lat' dir='ltr'><strong>in</strong></span> <span class='ocrx_word' id='word_1_824' title='bbox 1088 5860 1317 5917; x_wconf 85' lang='lat' dir='ltr'><strong>Ecclesia</strong></span> <span class='ocrx_word' id='word_1_825' title='bbox 1353 5862 1615 5921; x_wconf 83' lang='lat' dir='ltr'><strong>catholica</strong></span> <span class='ocrx_word' id='word_1_826' title='bbox 1655 5863 1906 5921; x_wconf 88' lang='lat' dir='ltr'><strong>Dominus</strong></span> <span class='ocrx_word' id='word_1_827' title='bbox 1935 5867 2087 5923; x_wconf 85' lang='lat' dir='ltr'><strong>bene-</strong></span> 
     </span>
    </p>
   </div>
   <div class='ocr_carea' id='block_1_104' title="bbox 2194 4756 3782 4829">
    <p class='ocr_par' dir='ltr' id='par_1_104' title="bbox 2194 4756 3782 4829">
     <span class='ocr_line' id='line_1_104' title="bbox 2194 4756 3782 4829; baseline -0.002 -13"><span class='ocrx_word' id='word_1_828' title='bbox 2194 4760 2400 4818; x_wconf 92' lang='lat' dir='ltr'><strong>bonore</strong></span> <span class='ocrx_word' id='word_1_829' title='bbox 2442 4774 2506 4815; x_wconf 89' lang='lat' dir='ltr'><strong>ac</strong></span> <span class='ocrx_word' id='word_1_830' title='bbox 2557 4759 2787 4829; x_wconf 88' lang='lat' dir='ltr'><strong>primatu</strong></span> <span class='ocrx_word' id='word_1_831' title='bbox 2830 4757 3179 4829; x_wconf 86' lang='lat' dir='ltr'><strong>dignissimos</strong></span> <span class='ocrx_word' id='word_1_832' title='bbox 3223 4756 3462 4812; x_wconf 87' lang='lat' dir='ltr'><strong>ﬁdelium</strong></span> <span class='ocrx_word' id='word_1_833' title='bbox 3499 4757 3657 4812; x_wconf 87' lang='lat' dir='ltr'><strong>turba</strong></span> <span class='ocrx_word' id='word_1_834' title='bbox 3696 4771 3782 4813; x_wconf 83' lang='lat' dir='ltr'><strong>se-</strong></span> 
     </span>
    </p>
   </div>
   <div class='ocr_carea' id='block_1_105' title="bbox 2195 4847 3780 4926">
    <p class='ocr_par' dir='ltr' id='par_1_105' title="bbox 2195 4847 3780 4926">
     <span class='ocr_line' id='line_1_105' title="bbox 2195 4847 3780 4926; baseline -0.005 -16"><span class='ocrx_word' id='word_1_835' title='bbox 2195 4855 2478 4926; x_wconf 90' lang='lat' dir='ltr'><strong>quebatur.</strong></span> <span class='ocrx_word' id='word_1_836' title='bbox 2521 4852 2779 4907; x_wconf 90' lang='lat' dir='ltr'><strong>Dicuntur</strong></span> <span class='ocrx_word' id='word_1_837' title='bbox 2808 4850 2951 4907; x_wconf 89' lang='lat' dir='ltr'><strong>enim</strong></span> <span class='ocrx_word' id='word_1_838' title='bbox 2981 4849 3249 4920; x_wconf 86' lang='lat' dir='ltr'><strong>principes</strong></span> <span class='ocrx_word' id='word_1_839' title='bbox 3279 4857 3334 4905; x_wconf 93' lang='lat' dir='ltr'><strong>et</strong></span> <span class='ocrx_word' id='word_1_840' title='bbox 3361 4847 3454 4919; x_wconf 87' lang='lat' dir='ltr'><strong>qui</strong></span> <span class='ocrx_word' id='word_1_841' title='bbox 3485 4862 3643 4919; x_wconf 86' lang='lat' dir='ltr'><strong>rcges</strong></span> <span class='ocrx_word' id='word_1_842' title='bbox 3674 4862 3780 4903; x_wconf 91' lang='lat' dir='ltr'><strong>non</strong></span> 
     </span>
    </p>
   </div>
   <div class='ocr_carea' id='block_1_106' title="bbox 2194 4928 3895 5014">
    <p class='ocr_par' dir='ltr' id='par_1_106' title="bbox 2194 4928 3895 5014">
     <span class='ocr_line' id='line_1_106' title="bbox 2194 4928 3895 5014; baseline -0.006 -10"><span class='ocrx_word' id='word_1_843' title='bbox 2194 4957 2358 5013; x_wconf 87' lang='lat' dir='ltr'><strong>sunt,</strong></span> <span class='ocrx_word' id='word_1_844' title='bbox 2388 4946 2525 5000; x_wconf 89' lang='lat' dir='ltr'><strong>sicut</strong></span> <span class='ocrx_word' id='word_1_845' title='bbox 2554 4944 2610 4998; x_wconf 89' lang='lat' dir='ltr'><strong>in</strong></span> <span class='ocrx_word' id='word_1_846' title='bbox 2640 4942 2826 4998; x_wconf 80' lang='lat' dir='ltr'><strong>Exodo</strong></span> <span class='ocrx_word' id='word_1_847' title='bbox 2855 4928 3049 5014; x_wconf 84' lang='lat' dir='ltr'><strong>legitur</strong></span> <span class='ocrx_word' id='word_1_848' title='bbox 3077 4942 3131 4997; x_wconf 91' lang='lat' dir='ltr'><strong>in</strong></span> <span class='ocrx_word' id='word_1_849' title='bbox 3160 4941 3499 4998; x_wconf 90' lang='lat' dir='ltr'><strong>dedicatione</strong></span> <span class='ocrx_word' id='word_1_850' title='bbox 3533 4942 3783 4997; x_wconf 80' lang='lat' dir='ltr'><strong>taberna—</strong></span> <span class='ocrx_word' id='word_1_851' title='bbox 3890 4936 3895 4939; x_wconf 18' lang='grc' dir='ltr'><strong><em>Α</em></strong></span> 
     </span>
    </p>
   </div>
   <div class='ocr_carea' id='block_1_107' title="bbox 2197 5035 3781 5109">
    <p class='ocr_par' dir='ltr' id='par_1_107' title="bbox 2197 5035 3781 5109">
     <span class='ocr_line' id='line_1_107' title="bbox 2197 5035 3781 5109; baseline -0.004 -14"><span class='ocrx_word' id='word_1_852' title='bbox 2197 5041 2338 5107; x_wconf 90' lang='lat' dir='ltr'><strong>culi,</strong></span> <span class='ocrx_word' id='word_1_853' title='bbox 2370 5036 2637 5109; x_wconf 88' lang='lat' dir='ltr'><strong>quomodo</strong></span> <span class='ocrx_word' id='word_1_854' title='bbox 2667 5036 2964 5093; x_wconf 89' lang='lat' dir='ltr'><strong>obtulerint</strong></span> <span class='ocrx_word' id='word_1_855' title='bbox 2994 5036 3134 5092; x_wconf 88' lang='lat' dir='ltr'><strong>dona</strong></span> <span class='ocrx_word' id='word_1_856' title='bbox 3165 5035 3447 5092; x_wconf 90' lang='lat' dir='ltr'><strong>duodecim</strong></span> <span class='ocrx_word' id='word_1_857' title='bbox 3485 5035 3781 5107; x_wconf 88' lang='lat' dir='ltr'><strong>principes,</strong></span> 
     </span>
    </p>
   </div>
   <div class='ocr_carea' id='block_1_108' title="bbox 2197 5126 3781 5200">
    <p class='ocr_par' dir='ltr' id='par_1_108' title="bbox 2197 5126 3781 5200">
     <span class='ocr_line' id='line_1_108' title="bbox 2197 5126 3781 5200; baseline -0.002 -16"><span class='ocrx_word' id='word_1_858' title='bbox 2197 5129 2395 5200; x_wconf 85' lang='lat' dir='ltr'><strong>singuli</strong></span> <span class='ocrx_word' id='word_1_859' title='bbox 2424 5128 2490 5183; x_wconf 89' lang='lat' dir='ltr'><strong>de</strong></span> <span class='ocrx_word' id='word_1_860' title='bbox 2518 5127 2741 5197; x_wconf 73' lang='lat' dir='ltr'><strong>slug&#39;ulis</strong></span> <span class='ocrx_word' id='word_1_861' title='bbox 2769 5127 3015 5183; x_wconf 87' lang='lat' dir='ltr'><strong>tribubus</strong></span> <span class='ocrx_word' id='word_1_862' title='bbox 3043 5128 3207 5184; x_wconf 86' lang='lat' dir='ltr'><strong>Israel</strong></span> <span class='ocrx_word' id='word_1_863' title='bbox 3238 5126 3436 5199; x_wconf 75' lang='lat' dir='ltr'><strong>(Exod.</strong></span> <span class='ocrx_word' id='word_1_864' title='bbox 3462 5144 3606 5182; x_wconf 83' lang='lat' dir='ltr'><strong>xxxv</strong></span> <span class='ocrx_word' id='word_1_865' title='bbox 3626 5170 3643 5194; x_wconf 92' lang='lat'><strong>,</strong></span> <span class='ocrx_word' id='word_1_866' title='bbox 3664 5126 3781 5195; x_wconf 72' lang='lat'><strong>27).</strong></span> 
     </span>
    </p>
   </div>
   <div class='ocr_carea' id='block_1_109' title="bbox 2197 5221 3783 5299">
    <p class='ocr_par' dir='ltr' id='par_1_109' title="bbox 2197 5221 3783 5299">
     <span class='ocr_line' id='line_1_109' title="bbox 2197 5221 3783 5299; baseline -0.002 -21"><span class='ocrx_word' id='word_1_867' title='bbox 2197 5221 2455 5291; x_wconf 86' lang='lat' dir='ltr'><strong>Congruit</strong></span> <span class='ocrx_word' id='word_1_868' title='bbox 2482 5229 2660 5277; x_wconf 90' lang='lat' dir='ltr'><strong>autem</strong></span> <span class='ocrx_word' id='word_1_869' title='bbox 2690 5221 2930 5291; x_wconf 88' lang='lat' dir='ltr'><strong>ipsorum</strong></span> <span class='ocrx_word' id='word_1_870' title='bbox 2962 5237 3173 5294; x_wconf 90' lang='lat' dir='ltr'><strong>quoque</strong></span> <span class='ocrx_word' id='word_1_871' title='bbox 3202 5222 3480 5299; x_wconf 87' lang='lat' dir='ltr'><strong>nominum</strong></span> <span class='ocrx_word' id='word_1_872' title='bbox 3513 5222 3783 5292; x_wconf 85' lang='lat' dir='ltr'><strong>signiﬁca-</strong></span> 
     </span>
    </p>
   </div>
   <div class='ocr_carea' id='block_1_110' title="bbox 2199 5314 3785 5389">
    <p class='ocr_par' dir='ltr' id='par_1_110' title="bbox 2199 5314 3785 5389">
     <span class='ocr_line' id='line_1_110' title="bbox 2199 5314 3785 5389; baseline 0.001 -18"><span class='ocrx_word' id='word_1_873' title='bbox 2199 5316 2376 5371; x_wconf 90' lang='lat' dir='ltr'><strong>tiones</strong></span> <span class='ocrx_word' id='word_1_874' title='bbox 2408 5314 2618 5372; x_wconf 88' lang='lat' dir='ltr'><strong>edicere</strong></span> <span class='ocrx_word' id='word_1_875' title='bbox 2638 5356 2653 5383; x_wconf 91' lang='lat'><strong>,</strong></span> <span class='ocrx_word' id='word_1_876' title='bbox 2685 5318 2938 5387; x_wconf 88' lang='lat' dir='ltr'><strong>quoniam</strong></span> <span class='ocrx_word' id='word_1_877' title='bbox 2966 5326 3022 5373; x_wconf 89' lang='lat' dir='ltr'><strong>et</strong></span> <span class='ocrx_word' id='word_1_878' title='bbox 3049 5319 3178 5389; x_wconf 81' lang='lat' dir='ltr'><strong>ipsae</strong></span> <span class='ocrx_word' id='word_1_879' title='bbox 3199 5318 3501 5389; x_wconf 76' lang='lat' dir='ltr'><strong>probantur</strong></span> <span class='ocrx_word' id='word_1_880' title='bbox 3529 5318 3785 5377; x_wconf 76' lang='lat' dir='ltr'><strong>Ecclesia:</strong></span> 
     </span>
    </p>
   </div>
   <div class='ocr_carea' id='block_1_111' title="bbox 2203 5406 3786 5478">
    <p class='ocr_par' dir='ltr' id='par_1_111' title="bbox 2203 5406 3786 5478">
     <span class='ocr_line' id='line_1_111' title="bbox 2203 5406 3786 5478; baseline -0.001 -13"><span class='ocrx_word' id='word_1_881' title='bbox 2203 5407 2513 5465; x_wconf 88' lang='lat' dir='ltr'><strong>convenire.</strong></span> <span class='ocrx_word' id='word_1_882' title='bbox 2543 5406 2687 5463; x_wconf 75' lang='lat' dir='ltr'><strong>Iuda</strong></span> <span class='ocrx_word' id='word_1_883' title='bbox 2717 5409 2986 5465; x_wconf 88' lang='lat' dir='ltr'><strong>confessio</strong></span> <span class='ocrx_word' id='word_1_884' title='bbox 3024 5409 3256 5478; x_wconf 90' lang='lat' dir='ltr'><strong>dicitur;</strong></span> <span class='ocrx_word' id='word_1_885' title='bbox 3300 5407 3536 5465; x_wconf 86' lang='lat' dir='ltr'><strong>Zabulan</strong></span> <span class='ocrx_word' id='word_1_886' title='bbox 3577 5410 3786 5466; x_wconf 85' lang='lat' dir='ltr'><strong>habita-</strong></span> 
     </span>
    </p>
   </div>
   <div class='ocr_carea' id='block_1_112' title="bbox 2197 5499 3786 5572">
    <p class='ocr_par' dir='ltr' id='par_1_112' title="bbox 2197 5499 3786 5572">
     <span class='ocr_line' id='line_1_112' title="bbox 2197 5499 3786 5572; baseline 0 -17"><span class='ocrx_word' id='word_1_887' title='bbox 2197 5500 2373 5556; x_wconf 91' lang='lat' dir='ltr'><strong>culum</strong></span> <span class='ocrx_word' id='word_1_888' title='bbox 2416 5499 2779 5567; x_wconf 85' lang='lat' dir='ltr'><strong>lortitudinis;</strong></span> <span class='ocrx_word' id='word_1_889' title='bbox 2822 5499 3165 5572; x_wconf 79' lang='lat' dir='ltr'><strong>Nepht/talim</strong></span> <span class='ocrx_word' id='word_1_890' title='bbox 3203 5501 3445 5557; x_wconf 85' lang='lat' dir='ltr'><strong>dilatatio</strong></span> <span class='ocrx_word' id='word_1_891' title='bbox 3483 5517 3626 5558; x_wconf 90' lang='lat' dir='ltr'><strong>mea.</strong></span> <span class='ocrx_word' id='word_1_892' title='bbox 3660 5502 3786 5572; x_wconf 66' lang='lat' dir='ltr'><strong>Quae</strong></span> 
     </span>
    </p>
   </div>
   <div class='ocr_carea' id='block_1_113' title="bbox 2198 5594 3785 5667">
    <p class='ocr_par' dir='ltr' id='par_1_113' title="bbox 2198 5594 3785 5667">
     <span class='ocr_line' id='line_1_113' title="bbox 2198 5594 3785 5667; baseline -0.001 -18"><span class='ocrx_word' id='word_1_893' title='bbox 2198 5594 2243 5649; x_wconf 90' lang='lat' dir='ltr'><strong>si</strong></span> <span class='ocrx_word' id='word_1_894' title='bbox 2273 5594 2559 5665; x_wconf 86' lang='lat' dir='ltr'><strong>diligenter</strong></span> <span class='ocrx_word' id='word_1_895' title='bbox 2589 5594 2808 5666; x_wconf 90' lang='lat' dir='ltr'><strong>inspicis</strong></span> <span class='ocrx_word' id='word_1_896' title='bbox 2827 5636 2841 5660; x_wconf 95' lang='lat'><strong>,</strong></span> <span class='ocrx_word' id='word_1_897' title='bbox 2875 5594 3128 5652; x_wconf 64' lang='lat' dir='ltr'><strong>Ecclesiae</strong></span> <span class='ocrx_word' id='word_1_898' title='bbox 3156 5596 3435 5654; x_wconf 62' lang='lat' dir='ltr'><strong>catholica</strong></span> <span class='ocrx_word' id='word_1_899' title='bbox 3467 5604 3785 5667; x_wconf 87' lang='lat' dir='ltr'><strong>competen-</strong></span> 
     </span>
    </p>
   </div>
   <div class='ocr_carea' id='block_1_114' title="bbox 2201 5688 2540 5754">
    <p class='ocr_par' dir='ltr' id='par_1_114' title="bbox 2201 5688 2540 5754">
     <span class='ocr_line' id='line_1_114' title="bbox 2201 5688 2540 5754; baseline -0.006 -10"><span class='ocrx_word' id='word_1_900' title='bbox 2201 5696 2282 5744; x_wconf 87' lang='lat' dir='ltr'><strong>ter</strong></span> <span class='ocrx_word' id='word_1_901' title='bbox 2310 5688 2540 5754; x_wconf 90' lang='lat' dir='ltr'><strong>aptabis.</strong></span> 
     </span>
    </p>
   </div>
   <div class='ocr_carea' id='block_1_115' title="bbox 2268 5778 3790 5851">
    <p class='ocr_par' dir='ltr' id='par_1_115' title="bbox 2268 5778 3790 5851">
     <span class='ocr_line' id='line_1_115' title="bbox 2268 5778 3790 5851; baseline 0.001 -18"><span class='ocrx_word' id='word_1_902' title='bbox 2268 5778 2424 5835; x_wconf 75' lang='lat' dir='ltr'><strong>Vers.</strong></span> <span class='ocrx_word' id='word_1_903' title='bbox 2477 5778 2568 5836; x_wconf 74' lang='lat'><strong>32.</strong></span> <span class='ocrx_word' id='word_1_904' title='bbox 2621 5779 2852 5849; x_wconf 78' lang='lat' dir='ltr'><strong>Munda,</strong></span> <span class='ocrx_word' id='word_1_905' title='bbox 2906 5780 3081 5847; x_wconf 84' lang='lat' dir='ltr'><strong>Deus,</strong></span> <span class='ocrx_word' id='word_1_906' title='bbox 3130 5783 3303 5836; x_wconf 84' lang='lat' dir='ltr'><strong>virtuti</strong></span> <span class='ocrx_word' id='word_1_907' title='bbox 3349 5792 3489 5851; x_wconf 65' lang='lat' dir='ltr'><strong>tum,</strong></span> <span class='ocrx_word' id='word_1_908' title='bbox 3540 5781 3790 5846; x_wconf 76' lang='lat' dir='ltr'><strong>conﬁrma</strong></span> 
     </span>
    </p>
   </div>
   <div class='ocr_carea' id='block_1_116' title="bbox 2197 5869 3788 5951">
    <p class='ocr_par' dir='ltr' id='par_1_116' title="bbox 2197 5869 3788 5951">
     <span class='ocr_line' id='line_1_116' title="bbox 2197 5869 3788 5951; baseline 0.011 -28"><span class='ocrx_word' id='word_1_909' title='bbox 2197 5869 2323 5931; x_wconf 88' lang='lat' dir='ltr'><strong>hoc.</strong></span> <span class='ocrx_word' id='word_1_910' title='bbox 2355 5871 2511 5945; x_wconf 56' lang='lat' dir='ltr'><strong>Deus.</strong></span> <span class='ocrx_word' id='word_1_911' title='bbox 2550 5872 2688 5933; x_wconf 84' lang='lat' dir='ltr'><strong>quod</strong></span> <span class='ocrx_word' id='word_1_912' title='bbox 2718 5882 2956 5932; x_wconf 78' lang='lat' dir='ltr'><strong>oneratus</strong></span> <span class='ocrx_word' id='word_1_913' title='bbox 2986 5891 3039 5945; x_wconf 73' lang='lat' dir='ltr'><strong>ss</strong></span> <span class='ocrx_word' id='word_1_914' title='bbox 3066 5875 3120 5931; x_wconf 88' lang='lat' dir='ltr'><strong>in</strong></span> <span class='ocrx_word' id='word_1_915' title='bbox 3152 5876 3313 5951; x_wconf 75' lang='lat' dir='ltr'><strong>nobis.</strong></span> <span class='ocrx_word' id='word_1_916' title='bbox 3359 5876 3488 5943; x_wconf 84' lang='lat' dir='ltr'><strong>Post</strong></span> <span class='ocrx_word' id='word_1_917' title='bbox 3527 5875 3674 5951; x_wconf 82' lang='lat' dir='ltr'><strong>illam</strong></span> <span class='ocrx_word' id='word_1_918' title='bbox 3708 5872 3788 5939; x_wconf 73' lang='grc' dir='ltr'><strong>,σε’</strong></span> 
     </span>
    </p>
   </div>
  </div>
