4020 6348
253 390 371 448 475

1188 385 1540 446 EXPOSITIO
1578 387 1645 443 IN
1683 384 2135 444 PSALTERIUM.
2176 387 2367 446 PSAL.
2410 385 2640 444 LXVII."

3412 385 3519 442 ΓΗ

258 502 501 562 adventu
540 503 753 559 Domini
791 502 1154 560 beatissimam
1184 504 1615 574 prmdicationem
1637 545 1652 571 ,
1688 501 1838 573 quasi
1864 502 1922 564 Α
1943 500 2082 557 feras
2108 503 2359 560 silvarum
2391 505 2691 575 increpare,
2723 510 2903 559 tauros
2930 501 3183 573 ahjicere,
3211 515 3399 560 vaccas
3427 518 3521 574 po-

255 594 382 670 iam
427 595 786 652 inaestimabili
830 605 1049 667 accepto
1088 612 1311 653 munere
1352 596 1418 652 ad
1460 596 1671 652 Patrem
1712 608 1839 662 pro-

257 689 428 760 pheta
458 689 788 745 convertitur
825 688 1007 746 dicens
1037 707 1051 743 :
1083 688 1300 755 Mando,
1334 688 1489 756 Deus,
1521 687 1695 743 t'irtuti
1722 696 1839 741 tute.

262 781 452 838 Virtus
499 781 642 838 enim
688 780 896 849 Patris,
945 781 1188 837 Christus
1231 789 1314 837 est
1364 780 1658 847 Dominus,
1709 777 1846 833 sicut

262 869 558 943 Apostolus
596 872 729 928 dicit
760 890 773 926 :
818 872 1077 927 Christum
1116 872 1213 927 Dei
1250 874 1486 928 virtutem
1531 881 1579 927 et
1615 872 1714 927 Dei
1760 885 1843 925 sa-

1946 592 2189 663 pulorum
2230 596 2521 660 invehere;
2563 604 2623 649 ut
2660 595 2714 649 hi
2754 595 2841 663 qui
2870 595 3139 665 approbati
3174 603 3327 663 sunt,
3359 594 3413 650 id
3440 602 3524 652 est

1943 700 2078 755 quos
2108 688 2340 742 charitas
2367 686 2678 758 spiritualis,
2695 686 2931 742 decoctis
2957 685 3482 742 sordibusvitiorum
3501 724 3520 753 ,

1943 777 2092 832 velut
2121 787 2391 851 argentum
2422 777 2870 846 mundissimum,
2902 778 2967 832 ad
3007 778 3200 834 animae
3239 778 3523 849 puritatem

1945 882 2117 939 usque
2143 869 2425 939 perduxit,
2457 869 2873 924 corroborentur
2897 878 3055 939 atque
3080 869 3382 938 proﬁciant.
3411 869 3522 925 Ad-

261 965 512 1036 pientiam
541 963 594 1034 (1
618 963 740 1019 Cor.
764 980 810 1031 ι,
833 964 948 1035 ει).
979 963 1174 1020 Mando
1202 964 1270 1020 ad
1299 979 1649 1035 personarum
1678 962 1845 1035 perti-
1872 984 1885 989 -
1940 961 2085 1034 jecta
2114 970 2197 1019 est
2224 977 2438 1034 quoque
2462 962 2728 1018 sententia
2758 976 2876 1031 qua:
2899 961 3191 1032 dissiparet
3216 961 3518 1018 haereticos.

240 1067 362 1114 ‘net
388 1058 787 1115 distinctionem
815 1075 832 1126 ;
862 1074 986 1115 nam
1016 1074 1178 1115 unum
1207 1060 1346 1116 velle
1386 1060 1490 1115 illis
1529 1069 1645 1126 est,
1678 1073 1841 1115 unum

262 1162 433 1219 posse
462 1159 735 1219 perpetuo.
781 1149 921 1220 Quid
952 1159 1128 1206 autem
1159 1151 1451 1219 mandetur,
1482 1150 1675 1216 edicit,
1708 1151 1842 1205 Con-

263 1243 421 1311 ﬁrma
458 1243 586 1307 hoc,
618 1239 791 1310 Deus,
823 1243 960 1313 quod
990 1254 1227 1315 operatus
1266 1260 1318 1299 es
1348 1245 1404 1299 in
1449 1245 1610 1299 nobis.
1657 1244 1842 1321 Magna

263 1333 487 1404 petitio,
539 1340 599 1388 ut
646 1335 911 1404 conﬁrmet
959 1334 1100 1390 Deus
1144 1338 1200 1390 in
1247 1336 1392 1390 nobis
1444 1336 1601 1391 ﬁdem
1653 1352 1837 1405 suam,

263 1440 427 1496 quam
466 1424 670 1481 donare
708 1425 955 1496 dignatus
991 1435 1094 1482 est.
1125 1425 1270 1498 Opus
1297 1428 1437 1484 enim
1470 1428 1676 1483 Domini
1708 1427 1804 1482 luit
1825 1470 1841 1495 ,

265 1526 331 1571 ut
377 1531 521 1572 caeca
566 1517 834 1586 gentilitas
877 1518 1081 1574 lumine
1122 1520 1361 1575 veritatis
1390 1519 1617 1597 .al‘ﬁata,
1656 1535 1843 1576 verum

266 1608 550 1663 Dominum
579 1608 907 1664 Salvatorem
948 1624 1275 1679 cognoscere
1315 1614 1606 1681 potuisset,
1656 1627 1845 1668 secun-

264 1700 396 1757 dum
438 1701 569 1755 illud
608 1702 851 1771 Apostoli
882 1720 894 1755 ε
929 1702 1232 1759 Benedictus
1274 1703 1447 1770 Deus,
1479 1715 1525 1759 et
1554 1705 1712 1760 Pater
1735 1706 1844 1760 Do-

263 1794 399 1849 mini
438 1794 598 1849 nostri
634 1792 760 1849 Jesu
799 1792 1024 1861 Christi,
1063 1796 1152 1866 qui
1190 1796 1446 1851 benedixit
1485 1813 1575 1852 nos
1611 1799 1666 1852 in
1706 1798 1844 1852 omni

1944 1055 2049 1126 Ipsi
2091 1056 2232 1111 enim
2273 1064 2398 1111 sunt
2431 1063 2603 1126 gentes
2643 1070 2754 1125 qua:
2794 1054 2929 1108 bella
2969 1055 3179 1121 volunt,
3211 1054 3265 1110 id
3292 1064 3375 1111 est
3403 1070 3523 1125 quas

1944 1146 2377 1215 contentionibus
2422 1160 2530 1200 non
2568 1144 2635 1200 ad
2681 1145 2977 1213 proiectum
3025 1147 3227 1211 animat,
3254 1145 3522 1212 tendunt,

1944 1237 2037 1294 sed
2070 1247 2143 1292 ut
2185 1237 2458 1307 perversis
2502 1235 2846 1294 suasionibus
2890 1236 3159 1307 eaptivent
3197 1237 3404 1293 animas
3443 1237 3527 1293 in-

1944 1337 2218 1385 nocentes.
2254 1370 2278 1393 ,

2018 1421 2173 1477 Vers.
2212 1419 2303 1475 56.
2347 1419 2581 1489 ΟΙῙσηιηι
2609 1420 2842 1476 velociter
2868 1436 2931 1476 ex
2955 1420 3182 1492 zEgypto
3207 1434 3226 1475 :
3254 1418 3525 1490 IEthiopia

1948 1516 2149 1587 festinat
2179 1530 2365 1569 manus
2393 1516 2517 1569 dare
2547 1514 2676 1570 Deo.
2707 1515 2823 1570 Non
2852 1524 3037 1583 gravat
3064 1526 3117 1571 et
3144 1516 3286 1571 hunc
3311 1530 3526 1571 versum

1948 1611 2241 1666 secundum
2269 1610 2674 1665 translationem
2704 1609 2878 1665 Patris
2907 1609 3211 1677 Hieronymi
3250 1609 3488 1678 recipere
3507 1649 3525 1676 ,

1946 1702 2038 1773 qui
2067 1711 2121 1757 et
2154 1710 2370 1772 propter
2402 1690 2724 1757 lIIebraicam
2766 1702 3045 1757 veritatem
3077 1701 3380 1771 sequendus
3409 1708 3490 1757 est
3509 1741 3525 1768 ,

1946 1802 2003 1850 et
2051 1809 2246 1849 nexum
2289 1793 2443 1849 nobis
2482 1794 2838 1864 ambiguitatis
2880 1793 3127 1849 absolvit.
3176 1792 3435 1865 1Egyptus
3474 1801 3531 1849 et

261 1886 615 1941 benedictione
650 1886 910 1957 spirituali
947 1888 1001 1941 in
1040 1886 1361 1943 coelestibus:
1401 1889 1453 1941 in
1491 1905 1594 1959 quo
1620 1896 1666 1942 et
1697 1887 1845 1961 elegll.
1876 1881 1925 1942 B
1950 1886 2225 1957 Etltiopia
2255 1902 2350 1958 pro
2377 1886 2670 1942 incolarum
2698 1900 2914 1941 suorum
2944 1885 3226 1941 tenebrosa
3253 1885 3529 1955 nigredine

261 1994 356 2035 nos
388 1989 511 2036 ante
547 1979 727 2033 mundi
763 1980 1212 2047 constitutionem,
1253 1988 1309 2034 ut
1345 1996 1564 2037 essemus
1599 1983 1763 2038 sancti
1797 1991 1843 2037 et

259 2072 583 2128 immaculati
609 2072 664 2127 in
692 2071 805 2142 ipso
839 2071 1054 2145 (Ephes.
1083 2089 1135 2140 ι,
1166 2073 1198 2127 5
1218 2117 1233 2142 ,
1264 2074 1344 2142 4).

334 2162 491 2219 Vers.
530 2163 620 2219 5'5.
653 2164 698 2218 A
727 2163 915 2237 temrilo
944 2173 1032 2219 tuo
1060 2167 1196 2235 quod
1224 2176 1297 2222 est
1326 2168 1379 2222 in
1407 2167 1694 2225 Jerusalem
1714 2210 1729 2237 ,
1756 2171 1845 2225 tibi

266 2253 481 2322 offerent
524 2271 667 2325 reges
712 2272 945 2312 munera.
989 2255 1120 2313 Cum
1163 2258 1369 2314 soleant
1397 2260 1451 2315 in
1483 2263 1685 2332 templo
1725 2278 1844 2318 mu-

266 2361 399 2402 nera
426 2346 641 2415 oﬁ‘erri,
674 2348 764 2405 hic
792 2365 825 2403 a
853 2350 1041 2419 templo
1080 2349 1368 2406 Jerusalem
1407 2352 1537 2408 dicit
1579 2354 1848 2411 nihilomi-

263 2454 366 2495 nus
393 2439 691 2497 oﬁ‘erenda.
724 2441 768 2494 Α
798 2442 986 2512 templo
1026 2456 1156 2512 ergo
1194 2441 1481 2498 Jerusalem
1520 2444 1741 2514 offerunt
1767 2463 1849 2501 τε-
1893 2514 1899 2519 ,

262 2548 352 2604 ges
378 2548 596 2588 munera
616 2576 633 2603 ,
664 2533 752 2603 qui
783 2532 838 2589 in
870 2532 1112 2589 Ecclesia
1143 2533 1237 2588 Dei
1267 2542 1411 2589 recta
1443 2537 1849 2593 conversatione

192 2633 208 2704 ς
265 2622 548 2691 viventes,
581 2626 661 2681 sui
691 2624 868 2681 cordis
896 2625 1126 2681 oﬁerunt
1153 2625 1438 2696 puritatem
1459 2670 1474 2693 ,
1506 2629 1717 2698 quando
1738 2630 1849 2701 jam

270 2716 489 2770 venitur
517 2716 583 2771 ad
610 2718 887 2787 praemium
911 2759 927 2784 ,
972 2717 1188 2788 quando
1225 2733 1390 2787 grana
1434 2729 1783 2791 segregantur
1818 2736 1848 2776 a

272 2806 478 2876 paleis,
510 2815 563 2862 et
594 2822 691 2862 una
722 2808 780 2864 ﬁt
805 2808 1103 2864 Jerusalem
1143 2817 1314 2866 mater
1339 2810 1580 2866 omnium
1619 2813 1710 2883 qui
1751 2813 1852 2870 sub

266 2896 473 2954 Christi
503 2898 618 2970 lege
646 2901 908 2957 vixerunt.
950 2901 1109 2974 Reges
1137 2910 1423 2973 utrumque
1452 2917 1739 2973 possumus
1765 2919 1853 2962 ac-

268 2990 482 3060 cipere,
510 2992 634 3062 quia
665 3002 718 3049 et
748 2993 847 3063 ipsi
879 2994 1235 3064 imperatores
1258 2994 1490 3051 oﬁ‘erunt
1509 2995 1719 3067 seipsos
1743 2996 1854 3053 Deo

268 3096 492 3137 munera
516 3100 531 3149 ;
561 3082 682 3139 sive
710 3082 896 3139 ﬁdeles
926 3070 1169 3140 homines
1189 3125 1206 3154 ,
1236 3085 1325 3156 qui
1353 3099 1508 3142 suum
1536 3101 1731 3157 corpus
1758 3103 1854 3159 per

271 3171 472 3229 Christi
500 3173 728 3243 gratiam
759 3189 947 3247 regere
988 3185 1320 3231 meruerunt.
1362 3177 1433 3232 Et
1471 3179 1682 3248 respice
1710 3180 1854 3249 quod

1944 1995 2161 2049 semper
2190 1981 2246 2035 in
2285 1979 2426 2034 malo
2454 1985 2743 2049 ponuntur.
2782 1978 2911 2046 Quae
2932 1978 3097 2048 ﬁgura
3120 1976 3314 2032 dicitur
3333 1991 3528 2048 synec-

1945 2070 2151 2140 doche,
2202 2070 2255 2124 id
2287 2076 2369 2125 est
2396 2085 2425 2124 a
2458 2077 2605 2137 parte
2656 2076 2858 2135 totum;
2890 2066 3150 2139 signiﬁcat
3190 2068 3329 2123 enim
3367 2083 3529 2123 mun-
3619 2138 3622 2143 Ι

1947 2162 2109 2230 dum,
2159 2161 2250 2232 qui
2298 2161 2481 2217 densis
2530 2160 2764 2217 tenebris
2813 2162 2974 2234 225
3020 2161 3269 2216 vitiorum
3316 2160 3530 2216 diabolo

1948 2256 2293 2327 premebatur
2344 2254 2625 2311 obnoxius.
2678 2254 2776 2310 Hie
2823 2255 3033 2311 Domini
3078 2253 3397 2309 clariﬁcatus
3443 2254 3528 2308 lu-

1949 2349 2094 2404 mine
2142 2346 2213 2402 ad
2262 2357 2478 2402 :eternae
2526 2346 2651 2402 vitae
2702 2347 2900 2401 meruit
2949 2360 3168 2401 munera
3222 2344 3528 2415 pervenire.

1949 2440 2265 2497 Commonet
2304 2454 2431 2509 ergo
2471 2438 2730 2508 propheta
2766 2439 3000 2509 gentium
3024 2426 3267 2510 populos
3304 2444 3385 2493 ur
3405 2436 3532 2505 olle-

1949 2540 2067 2587 rant
2094 2530 2331 2586 velociter
2360 2547 2424 2586 ex
2451 2529 2683 2604 digypto
2715 2530 2824 2585 Dea
2865 2544 3082 2586 munera
3102 2570 3117 2595 ,
3161 2530 3264 2585 hoc
3298 2538 3382 2585 est
3419 2528 3533 2582 ani-

1950 2638 2067 2679 mas
2093 2638 2221 2679 suas
2249 2623 2513 2678 mundana
2540 2623 2699 2679 sorde
2725 2631 2992 2693 purgatas.
3027 2620 3300 2689 Ethiopia
3322 2634 3533 2690 quoque

1951 2714 2153 2785 festinet
2201 2731 2379 2769 manus
2427 2716 2551 2768 dare
2601 2714 2729 2769 Deo.
2780 2714 3090 2783 Metaphora
3135 2728 3166 2767 a
3213 2711 3533 2768 bellantibus

1953 2814 2145 2874 tracta,
2175 2807 2290 2877 qui,
2324 2822 2393 2864 ne
2422 2806 2708 2863 crudeliter
2736 2807 3021 2873 intereant,
3063 2816 3254 2860 manus
3292 2817 3417 2858 suas
3454 2800 3533 2855 vi-

1952 2900 2193 2957 ctoribus
2219 2899 2442 2967 dedunt,
2464 2907 2543 2966 ut,
2570 2898 2734 2955 armis
2764 2897 3036 2968 depositis,
3067 2894 3363 2966 periculum
3392 2907 3536 2948 mor-

1954 2991 2023 3047 tis
2052 2991 2283 3047 evadant
2309 3007 2323 3045 :
2355 2992 2434 3047 sic
2463 2989 2738 3060 {Ethiopia
2767 2997 3135 3046 commonetur
3163 3001 3232 3041 ne
3258 3000 3318 3042 se
3360 2984 3535 3040 tardet

1954 3083 2069 3141 Deo
2097 3084 2327 3151 tradere,
2378 3091 2640 3153 quatenus
2669 3081 2811 3137 victa
2852 3079 3039 3136 ﬂoreat
3061 3119 3077 3145 ,
3106 3091 3227 3149 qua:
3254 3077 3308 3131 in
3337 3089 3433 3131 sua
3471 3074 3537 3129 li-

1953 3176 2161 3234 bertate
2189 3174 2460 3232 sordebat.

266 3263 560 3321 Jerusalem
600 3276 810 3323 tantum
840 3268 968 3324 dicit
999 3269 1208 3327 Domini
1244 3271 1495 3341 templum
1518 3312 1532 3338 ,
1570 3272 1659 3329 ubi
1687 3281 1743 3330 et
1769 3275 1849 3330 vi-
1880 3269 1927 3335 C
2028 3269 2184 3327 Vers.
2208 3270 2296 3325 57.
2326 3268 2507 3340 Regna
2542 3275 2724 3333 tet-rte,
2770 3273 2973 3320 cantate
3015 3264 3144 3333 Deo,
3178 3260 3382 3332 psallite
3421 3258 3533 3312 Do.

265 3356 351 3413 sio
396 3358 550 3427 pacis
593 3367 708 3426 est,
755 3367 812 3416 ct
854 3359 1275 3417 discordantium
1324 3360 1700 3419 haereticorum
1744 3378 1854 3421 non

267 3452 529 3509 miscetur
556 3454 871 3511 adversitas.

347 3543 497 3599 Vers.
530 3546 619 3600 54.
650 3545 872 3616 lncrepa
899 3548 1037 3617 feras
1062 3548 1346 3616 silvarum;
1377 3549 1655 3606 concilium
1681 3557 1854 3606 tauro-

242 3630 385 3691 rum
412 3637 546 3691 inter
573 3654 753 3693 uaccas
782 3642 1108 3711 pepulerum.
1142 3641 1211 3697 Ut
1236 3641 1323 3698 illa
1352 3651 1536 3698 sancta
1564 3642 1852 3700 credulitas

269 3730 631 3787 confessionis
670 3733 965 3789 munimine
1007 3735 1332 3804 ﬁrmaretur,
1375 3736 1506 3791 dicit
1547 3736 1848 3807 propheta:

269 3819 496 3893 Increpa
520 3824 657 3894 [eras
683 3825 928 3880 siluarum
951 3867 967 3894 ,
999 3826 1051 3881 id
1081 3835 1164 3883 est
1204 3842 1364 3897 argue
1391 3829 1654 3898 superbos
1683 3828 1855 3885 homi-

269 3929 371 3971 nes
399 3924 453 3970 et
483 3915 687 3971 feroces
706 3957 721 3984 ,
751 3917 842 3987 qui
874 3918 925 3972 in
955 3932 1119 3988 prava
1146 3920 1491 3988 persuasione
1516 3920 1850 3988 consistunt,

273 4016 333 4062 ut
384 4007 607 4062 istorum
648 4008 877 4065 invectio
929 4008 1166 4064 ﬁdelium
1216 4012 1283 4065 sit
1330 4011 1559 4067 solidata
1606 4012 1852 4067 munitio.

274 4100 384 4155 Pro
414 4102 603 4173 iniquis
632 4103 775 4157 enim
806 4102 1113 4159 hominibus
1144 4103 1227 4159 vel
1255 4103 1470 4160 diabolo
1500 4105 1640 4159 teras
1671 4106 1855 4174 ponit,

272 4190 421 4247 sicut
458 4192 511 4247 in
551 4192 653 4248 alio
682 4193 889 4262 psalmo
918 4193 1115 4248 dicitur
1146 4211 1158 4247 :
1193 4191 1566 4247 Exterminavit
1595 4209 1704 4247 eam
1731 4210 1856 4262 aper

270 4281 338 4335 de
365 4281 494 4336 silva
519 4323 533 4348 ,
562 4291 613 4337 et
640 4282 915 4353 singularis
956 4283 1094 4352 ferus
1139 4282 1378 4351 depastus
1417 4291 1487 4335 est
1527 4298 1643 4336 eam
1683 4281 1853 4351 (Psal.

270 4388 465 4440 usus,
494 4374 604 4442 14).
636 4372 886 4438 Addidit,
919 4372 1194 4428 concilium
1224 4383 1492 4426 taurorum
1519 4374 1649 4426 inter
1678 4387 1858 4428 uaccas

270 4466 581 4537 pepulerunt
602 4483 622 4534 ;
650 4467 911 4537 subjunge
937 4466 1288 4523 nihilominus
1312 4465 1690 4535 increpandum
1710 4507 1724 4534 ,
1757 4466 1858 4521 hoc

270 4567 357 4614 est
397 4557 680 4614 haereticos
718 4558 1040 4625 indomitos,
1095 4559 1184 4627 qui
1226 4567 1403 4613 erecta
1445 4558 1654 4613 cervice
1695 4557 1853 4612 sedu-

1959 3365 2117 3419 mino.
2169 3364 2320 3419 Hane
2367 3377 2578 3433 quoque
2625 3369 2832 3433 partem
2893 3360 3115 3430 pulchra
3167 3354 3542 3413 exhortatione

1957 3457 2240 3514 conclusit.
2274 3456 2467 3513 Dicens
2503 3457 2645 3512 enim
2668 3496 2683 3520 ,
2733 3454 2911 3526 Regna
2955 3464 3135 3518 tet-rte,
3175 3466 3336 3507 omne
3373 3460 3541 3521 genus

1958 3547 2251 3605 humanum
2295 3546 2594 3617 signiﬁcare
2635 3545 2834 3609 voluit;
2877 3543 2999 3614 quia
3049 3542 3173 3598 licet
3220 3541 3328 3596 sint
3354 3547 3540 3609 gentes

1958 3653 2079 3710 quae
2117 3655 2223 3695 non
2255 3639 2484 3694 habeant
2514 3653 2697 3708 reges,
2722 3645 2903 3692 tamen
2933 3638 3038 3691 hoc
3064 3635 3231 3690 verbo
3258 3632 3537 3688 concludi—

1961 3735 2047 3786 tur
2068 3729 2320 3801 quidquid
2348 3730 2585 3803 gentium
2613 3742 2734 3785 esse
2763 3728 3008 3785 sentitur.
3048 3725 3201 3792 Quod
3226 3725 3387 3791 dicit,
3417 3739 3542 3777 can-

1964 3822 2187 3891 tate,~ad
2218 3823 2409 3877 animae
2437 3821 2654 3891 respicit
2685 3818 3005 3891 puritatem;
3039 3817 3277 3897 psallite,
3319 3816 3387 3871 ad
3414 3830 3543 3883 ope-

1962 3928 2051 3971 ras
2076 3913 2462 3979 sanctissimas,
2491 3927 2609 3981 quae
2640 3911 2866 3966 Domino
2889 3910 3183 3977 probantur
3212 3914 3469 3976 acceptas.

2034 4005 2189 4061 Vers.
2220 4004 2308 4060 58.
2341 4002 2559 4057 Psallitc
2583 4000 2712 4066 Deo,
2730 4002 2816 4071 qui
2837 4000 3067 4055 ascendit
3095 4015 3248 4067 super
3267 3997 3417 4053 caelos
3442 4014 3540 4053 cae-

1963 4095 2131 4149 lorum
2158 4094 2219 4147 ab
2252 4093 2459 4146 Oriente
2491 4108 2511 4147 :
2541 4107 2649 4147 ecce
2683 4090 2825 4144 dabit
2853 4105 3022 4144 vocem
3048 4105 3214 4156 suam,
3245 4105 3415 4144 uocem
3444 4090 3546 4143 uir-

1964 4187 2085 4241 tutis
2124 4201 2250 4239 sute.
2284 4183 2414 4239 Post
2451 4183 2622 4254 quinti
2666 4181 3034 4251 diapsalmatis
3076 4180 3544 4251 interpositionem

1961 4276 2224 4348 propheta
2244 4275 2390 4331 venit
2418 4274 2487 4330 ad
2525 4281 2727 4329 sextam
2753 4279 2989 4343 partem,
3020 4272 3316 4329 admonens
3361 4270 3545 4327 ﬁdeles

1964 4379 2025 4427 ut
2064 4368 2171 4424 Deo
2211 4367 2468 4440 psallam,
2508 4367 2595 4437 qui
2638 4367 2985 4422 resurrexita
3025 4366 3271 4422 mortuis.
3298 4365 3431 4420 Nam
3462 4363 3549 4420 cui

1964 4459 2074 4518 Deo
2116 4460 2393 4531 psallerent
2428 4459 2748 4530 exponitur,
2801 4460 2889 4529 qui
2932 4459 3164 4514 ascendit
3203 4474 3361 4526 super
3394 4456 3547 4512 ctelos

1966 4552 2231 4619 caelorum,
2249 4552 2504 4607 Dominus
2518 4551 2706 4620 utique
2719 4550 2895 4615 Jesus,
2911 4549 3000 4618 qui
3021 4548 3090 4604 de
3113 4548 3252 4602 casio
3272 4543 3550 4619 descendit

270 4658 405 4706 cunt
429 4652 637 4707 animas
668 4652 1018 4718 innocentes,
1048 4658 1103 4706 et
1127 4650 1192 4705 ad
1218 4666 1372 4705 suum
1398 4666 1614 4721 gregem
1645 4650 1861 4705 trahunt
1884 4654 1937 4715 ι)
1965 4643 2031 4698 ad
2080 4642 2412 4697 liberandam
2472 4642 2839 4696 inﬁrmitatem
2892 4647 3091 4694 nostrae
3148 4645 3380 4703 naturae;
3434 4637 3550 4706 ipse

272 4757 413 4814 quos
457 4742 659 4799 infelici
704 4743 1056 4814 persuasione
1097 4741 1392 4811 decipiunt.
1428 4739 1608 4795 Vacca:
1645 4755 1859 4811 quoque

274 4834 587 4904 pepulerum
614 4843 737 4889 sunt
764 4834 1060 4898 mulieres,
1102 4831 1287 4888 duetili
1330 4831 1606 4887 voluntate
1648 4831 1858 4886 levissi-

271 4939 409 4990 mae,
435 4939 555 4994 quac
582 4924 817 4995 perﬁdia:
843 4925 1096 4980 doctores
1127 4934 1375 4994 tanquam
1419 4931 1598 4979 tauros
1635 4938 1861 4994 sequun-

271 5026 380 5084 tur,
413 5015 483 5071 de
511 5017 703 5087 quibus
732 5016 865 5072 dicit
891 5017 1180 5087 Apostolus
1204 5033 1217 5067 :
1253 5013 1336 5069 Ea:
1360 5015 1437 5069 Itis
1464 5016 1600 5068 enim
1625 5023 1744 5067 sunt
1773 5015 1862 5083 qui

273 5116 546 5180 penetrant
575 5110 785 5177 domos,
820 5117 865 5162 et
896 5108 1120 5179 captivas
1150 5107 1345 5160 ducunt
1376 5106 1704 5160 mulierculas
1735 5121 1861 5160 one-

270 5210 417 5255 ratas
446 5202 665 5271 peccatis
682 5241 699 5268 ,
726 5217 839 5271 qua:
866 5202 1124 5254 ducantur
1152 5199 1305 5254 variis
1337 5199 1601 5253 desideriis
1620 5241 1635 5267 ,
1667 5216 1863 5271 semper

274 5298 526 5352 discentes
544 5338 560 5365 ,
590 5304 638 5351 et
662 5296 729 5349 ad
755 5296 1017 5351 scientiam
1043 5294 1263 5348 veritatis
1291 5310 1548 5363 nunquam
1572 5294 1864 5364 pervenien-

274 5397 347 5444 tes
377 5387 473 5459 (lI
496 5387 629 5443 Tim.
655 5404 710 5442 ut
732 5428 747 5455 ,
772 5388 804 5442 6
824 5429 840 5453 ,
869 5387 944 5457 7).
976 5386 1085 5441 Cur
1116 5399 1242 5455 ergo
1274 5384 1407 5440 tales
1436 5385 1664 5441 debeant
1691 5386 1864 5459 incre-

277 5480 392 5550 pari
420 5520 436 5547 ,
467 5480 652 5534 subter
680 5479 946 5547 adjectum
980 5487 1082 5533 est.

356 5570 506 5625 νει-ε.
531 5570 621 5625 55.
652 5569 717 5623 Ut
744 5586 843 5623 non
870 5570 1209 5623 excludantur
1238 5568 1291 5621 lii
1318 5568 1400 5633 qui
1426 5567 1623 5638 probati
1650 5576 1763 5621 sunt
1788 5586 1867 5621 ar-

277 5672 428 5735 gento
453 5680 471 5716 :
502 5664 737 5733 disperge
758 5671 927 5733 gentes
950 5678 1063 5733 qua:
1091 5662 1218 5715 bella
1252 5662 1444 5715 volunt.
1483 5660 1696 5714 Utilitas
1728 5661 1867 5715 illius

252 5753 668 5823 ,increpationis
699 5763 914 5808 ostensa
945 5750 1068 5819 est,
1101 5754 1224 5823 quia
1267 5753 1392 5807 dum
1433 5752 1640 5807 falsitas
1686 5754 1864 5821 argui-

278 5853 391 5917 tur,
422 5844 768 5904 nihilominus
799 5846 995 5903 veritas
1025 5844 1423 5915 comprobatur.
1457 5844 1682 5915 Oportet
1722 5843 1865 5899 enim

1968 4735 2127 4792 etiam
2164 4750 2317 4805 super
2332 4734 2483 4788 cazlos
2497 4734 2741 4788 calorum
2755 4732 3004 4796 ascendit,
3021 4732 3112 4801 qui
3139 4731 3292 4786 sedet
3321 4729 3386 4784 ad
3418 4729 3548 4785 dex-

1970 4837 2137 4883 teram
2170 4825 2365 4880 Patris.
2407 4824 2868 4880 Considerandum
2920 4832 3004 4879 est
3043 4829 3218 4876 autem
3263 4820 3406 4891 quod
3444 4821 3550 4875 tre-

1968 4925 2194 4989 quenter
2237 4917 2292 4970 in
2332 4916 2624 4986 Scripturis
2673 4915 2868 4971 divinis
2911 4912 3102 4983 plurali
3126 4927 3351 4967 numero
3400 4914 3550 4967 cales

1968 5012 2144 5069 dictos
2170 5010 2431 5075 invenies,
2466 5010 2591 5066 dum
2622 5010 2851 5079 legatur,
2884 5005 2951 5060 In
2987 5005 3238 5076 principio
3266 5006 3383 5076 fecit
3412 5004 3552 5059 Deus

1966 5103 2148 5159 ctrlum
2178 5112 2227 5159 et
2260 5112 2443 5157 terram
2476 5100 2651 5172 (Gen.
2698 5114 2735 5168 ι,
2773 5099 2797 5150 1
2826 5098 2876 5168 ),
2907 5111 3027 5153 cum
3061 5106 3236 5153 tamen
3282 5096 3553 5166 pluraliter

1971 5197 2097 5253 dieti
2119 5238 2133 5262 ,
2169 5205 2223 5253 et
2249 5196 2371 5252 coeli
2400 5197 2640 5265 legantur
2668 5202 2721 5247 et
2751 5202 2926 5248 terrae.
2962 5190 3146 5247 Modus
3175 5192 3316 5251 enim
3346 5192 3446 5246 iste
3475 5190 3555 5245 lo-

1971 5290 2200 5347 cutionis
2247 5289 2407 5343 latius
2447 5292 2619 5357 patet,
2672 5294 2730 5339 ut
2776 5284 2996 5341 abusive
3031 5284 3321 5356 singularia
3365 5283 3555 5354 plurali

1973 5394 2196 5436 numero
2233 5378 2509 5443 dicamus,
2561 5384 2614 5430 et
2646 5376 2869 5445 pluralia
2910 5376 3183 5447 singulari.
3226 5376 3302 5431 Ab
3351 5376 3556 5431 Oriente

1975 5486 2105 5526 vero
2147 5470 2290 5540 quod
2336 5469 2499 5533 dixit,
2548 5468 2936 5541 Jerosolymam
2975 5468 3251 5525 evidenter
3290 5467 3552 5536 ostendit,

1977 5579 2097 5636 qua:
2127 5571 2211 5619 est
2240 5564 2292 5617 in
2321 5563 2556 5619 Orientis
2598 5563 2842 5633 partibus
2873 5562 3132 5617 collocata
3164 5579 3179 5615 :
3211 5566 3350 5617 unde
3380 5559 3557 5616 Domi-

1975 5671 2098 5721 nus,
2132 5654 2386 5726 apostolis
2422 5654 2748 5720 videntibus,
2778 5654 3018 5709 ascendit
3040 5656 3105 5709 ad
3150 5653 3317 5709 caelos
3359 5670 3371 5706 :
3415 5663 3553 5706 terra

1975 5747 2154 5803 multis
2198 5748 2357 5817 plena
2383 5746 2686 5815 miraculis,
2729 5747 2816 5802 ubi
2854 5748 3088 5803 ﬁdelium
3118 5744 3410 5801 credulitas
3440 5742 3556 5810 plus

1974 5841 2277 5927 aspectibus
2298 5856 2456 5913 quam
2479 5840 2798 5898 lectionibus
2824 5840 3082 5898 eruditur.
3107 5839 3179 5894 De
3209 5850 3311 5907 qua
3336 5833 3557 5905 pulchre
