4020 6348
489 417 594 479 475

2113 313 2241 341 .ό-υ

1709 426 1782 484 Μ.
1825 425 2101 485 AURELII
2140 430 2536 490 CASSIODORI

3644 436 3750 504 ιτσ

483 555 550 600 ac
580 555 707 598 vere
745 541 854 598 Leo
900 535 1050 614 pater
1088 543 1415 615 apostolicus
1455 542 1593 600 dixit
1622 561 1637 599 :
1673 542 1740 600 Et
1765 543 1907 615 quod
1940 543 2066 600 alibi
2093 547 2147 609 Α
2171 547 2406 616 geminat
2433 549 2573 605 Deus
2605 547 2807 621 Israel,
2840 562 2898 610 ut
2941 555 2993 611 in
3035 553 3307 612 hominum
3339 553 3597 614 cordibus
3630 556 3755 617 inl-

486 653 592 694 non
623 637 749 694 licet
778 653 883 695 non
909 639 1078 707 credi,
1114 639 1186 696 ibi
1217 654 1321 695 non
1351 647 1527 710 potest
1555 653 1661 694 non
1692 637 1881 694 videri.
1924 637 2061 706 Quid

485 738 631 788 enim
660 732 867 788 laborat
895 733 1219 801 intellectus,
1264 732 1348 789 cui
1391 741 1474 788 est
1503 732 1758 804 magister
1783 731 2064 801 aspectus?

485 821 555 879 Et
580 839 677 878 cur
716 823 852 878 lecta
880 821 962 878 vel
985 823 1167 878 audita
1193 833 1317 878 sunt
1345 823 1527 891 dubia,
1558 823 1650 878 ubi
1673 838 1732 880 se
1761 831 1815 878 et
1845 821 1980 877 visui
2009 831 2066 878 et

483 913 650 970 tactui
692 921 799 970 tota
850 913 1098 971 humame
1158 915 1347 972 salutis
1401 916 1650 987 ingerunt
1694 913 2066 972 sacramenta?

481 1004 634 1064 Unde
658 1022 756 1062 nec
776 1003 903 1063 illud
933 1022 1147 1078 quoque
1166 1006 1351 1080 judico
1380 1009 1785 1078 transeundum,
1809 1009 1953 1082 quod
1985 1007 2063 1064 illi

480 1102 790 1174 triumphali
819 1103 1147 1180 ascensioni,
1177 1103 1323 1160 illam
1344 1119 1556 1176 quoque
1576 1104 1858 1176 imaginem
1886 1103 2064 1161 taber-

478 1195 652 1251 naculi
675 1194 729 1250 in
759 1191 997 1266 Epistula
1024 1195 1091 1250 ad
1120 1181 1376 1252 Hebraeos
1415 1195 1602 1251 beatus
1629 1196 1902 1267 apostolus
1925 1195 2065 1253 Pau-

478 1289 562 1346 lus
617 1287 935 1345 mirabiliter
984 1289 1273 1361 applicavit
1319 1288 1505 1346 dicens
1554 1308 1568 1346 :
1611 1289 1844 1347 Christus
1891 1300 2064 1348 autem

477 1382 720 1438 assistens
753 1381 1000 1453 Pontifex
1029 1384 1323 1455 futurorum
1352 1384 1619 1454 bonorum,
1649 1403 1739 1457 per
1767 1385 1990 1458 itmplius
2015 1397 2064 1443 et

477 1476 748 1548 perfectius
778 1475 1165 1532 tabernaculum
1198 1494 1302 1533 non
1338 1479 1720 1548 manufactum,
1750 1479 1806 1534 id
1835 1489 1907 1537 est
1960 1497 2061 1537 non

481 1570 635 1644 hujus
663 1569 953 1640 creationis,
987 1587 1150 1643 neque
1176 1589 1266 1644 per
1294 1574 1596 1644 sanguinem
1624 1575 1880 1630 hircorum
1908 1584 1956 1630 et
1983 1575 2060 1630 vi-

478 1665 733 1735 tulorum,
763 1665 852 1720 sed
889 1681 979 1736 per
1009 1666 1278 1737 praprium
1319 1669 1616 1742 sanguinem
1655 1667 1879 1724 introivit
1907 1672 2064 1727 semel

477 1757 531 1812 in
558 1768 756 1826 sancta,
788 1768 980 1815 (eterna
1015 1760 1364 1830 redemptione
1391 1763 1594 1819 inventa
1624 1761 1812 1836 (IIebr.
1836 1781 1913 1832 ts,
1946 1766 2060 1838 11).

475 1850 544 1907 Et
572 1851 765 1908 iterum
797 1870 810 1906 :
838 1851 961 1908 Non
1000 1854 1135 1908 enim
1173 1855 1227 1910 in
1256 1860 1555 1928 manufacta
1592 1867 1772 1912 sancta
1805 1857 1958 1914 Iesus
1987 1859 2064 1914 in-
2119 1917 2126 1920 _

2163 649 2333 710 geret,
2369 642 2453 697 ubi
2482 643 2618 700 Deus
2645 647 2892 703 mirabilis
2920 659 3223 719 appareret.

2239 728 2363 800 Ipse
2388 733 2530 788 dabit
2565 736 2800 792 virtutem
2829 749 2876 793 et
2905 740 3263 810 fortitudinem
3299 742 3434 815 plebi
3459 743 3614 818 [ed.,
3641 745 3752 818 ple-

2165 822 2263 896 bis]
2289 839 2426 894 suaz,
2453 827 2742 884 benedictus
2788 827 2946 886 Deus.
2977 831 3056 888 Ne
3081 834 3201 904 quis
3227 834 3293 890 de
3323 833 3552 892 humana
3576 835 3754 893 imbe-

2163 918 2388 976 cillitate
2415 919 2707 987 difﬁderet,
2745 939 2843 980 nec
2885 940 2946 982 se
2992 927 3236 984 crederet
3258 928 3326 986 ad
3356 937 3503 986 tanta
3531 931 3754 1000 praemia

2164 1015 2469 1082 pervenire,
2495 1014 2675 1072 veraci
2702 1017 3060 1088 promissione
3100 1021 3364 1090 ﬁrmatur,
3421 1024 3547 1095 quia
3567 1023 3755 1079 Domi-

2164 1117 2266 1160 nus
2309 1106 2448 1160 dabit
2478 1107 2728 1164 ﬂdelibus
2771 1111 2884 1167 suis
2919 1112 3157 1168 uirtutem
3198 1115 3504 1185 patientiae,
3546 1125 3603 1172 et
3631 1115 3758 1173 ﬁdei

2164 1197 2539 1268 fortitudinem,
2569 1211 2626 1256 ut
2655 1201 2860 1271 possint
2880 1203 2944 1258 ad
2967 1213 3169 1261 aeterna
3199 1207 3416 1277 premis
3447 1210 3756 1279 pervenire.

2165 1288 2234 1347 Et
2263 1299 2323 1346 ttt
2356 1291 2664 1362 designaret
2692 1295 2993 1353 evidentius
3028 1297 3120 1370 qui
3162 1299 3328 1370 possit
3357 1301 3482 1358 dare
3505 1317 3630 1373 quae
3659 1315 3757 1359 su-

2165 1383 2347 1455 perius
2384 1385 2550 1453 dixit,
2591 1385 2822 1456 addidit,
2868 1389 3158 1447 benedictus
3205 1389 3373 1462 Deus,
3423 1395 3474 1449 id
3503 1404 3626 1462 est,
3665 1395 3760 1468 qui

2165 1475 2403 1533 omnium
2452 1491 2548 1534 ore
2598 1493 2918 1552 semperque
2967 1482 3161 1540 debeat
3212 1483 3468 1555 benedici,
3515 1495 3576 1544 ut
3617 1488 3761 1546 sicut

2165 1579 2437 1638 nunquam
2465 1567 2740 1626 beneflciis
2766 1582 2964 1639 cessat,
2997 1572 3069 1628 ita
3097 1580 3152 1630 et
3186 1575 3592 1634 benedictiones
3614 1591 3760 1634 sem-

2165 1674 2260 1731 per
2291 1661 2540 1731 accipiat.
2568 1659 2684 1716 Non
2715 1663 2858 1718 enim
2905 1663 3115 1723 duobus
3161 1666 3342 1724 verbis
3382 1668 3597 1725 laudem
3636 1669 3758 1741 ejus

2164 1751 2445 1809 credamus
2463 1751 2698 1811 breviter
2717 1755 3110 1827 explicandam;
3134 1774 3258 1815 nam
3273 1767 3328 1816 et
3342 1762 3433 1833 qui
3447 1762 3759 1834 Scriptura:

2164 1844 2282 1916 ejus
2327 1846 2648 1913 meditatur,
2705 1847 2955 1906 benedicit
3002 1851 3320 1920 Dominum;
3371 1861 3426 1910 'et
3469 1854 3562 1925 qui
3606 1856 3762 1925 jussa

475 1945 644 2000 troivit
680 1947 991 2019 exemplaria
1027 1965 1286 2016 verorum;
1325 1950 1414 2006 sed
1450 1952 1505 2006 in
1544 1951 1716 2021 ipsum
1751 1953 1964 2018 emtum,
2008 1962 2056 2006 ut

2168 1938 2332 2008 ipsius
2365 1947 2545 1995 sancta
2574 1943 2888 2011 operatione
2923 1945 3306 2014 compleverit,
3348 1945 3603 2001 benedicit
3653 1945 3760 2002 Do-

472 2045 721 2107 appareat
750 2055 886 2094 nunc
918 2040 1084 2095 vultui
1122 2040 1219 2096 Dei
1259 2058 1352 2112 pro
1381 2042 1530 2097 nobis
1566 2041 1738 2115 (Ibid.
1759 2084 1773 2110 ,
1803 2043 1872 2098 24
1891 2042 1935 2114 ).
1969 2043 2061 2101 Sic

473 2128 633 2200 igitur
658 2139 810 2188 actus
832 2131 934 2188 iste
955 2133 1290 2204 magniﬁcus,
1316 2134 1403 2204 qui
1429 2149 1573 2190 nunc
1598 2150 1692 2206 per
1710 2135 1902 2206 gaudia
1927 2152 2062 2207 prae-

474 2223 618 2279 clara
647 2223 992 2294 describitur,
1026 2223 1119 2281 illo
1157 2226 1509 2282 tabernaculo
1538 2243 1772 2299 congrue
1811 2229 2059 2301 praeﬁgu-

474 2324 621 2372 ratus
658 2312 1180 2374 esse'monstratur.
1231 2319 1510 2389 Sequitur,
1555 2337 1668 2376 ecce
1705 2321 1844 2376 dabit
1889 2339 2061 2378 vocem

471 2421 646 2476 suam,
674 2423 843 2463 vocem
866 2407 1072 2468 uirtutis
1104 2423 1230 2464 sua.
1260 2408 1374 2465 Hoc
1411 2407 1592 2466 multis
1634 2411 1806 2466 modis
1834 2411 2061 2482 intelligi

473 2506 671 2566 potest.
701 2498 854 2554 Dedit
880 2517 1054 2556 vocem
1095 2517 1261 2569 suam,
1302 2501 1516 2570 quando
1555 2503 1848 2575 paralytico
1877 2503 2011 2560 dixit
2043 2521 2057 2559 :

474 2587 644 2661 Surge
662 2598 712 2643 et
729 2590 967 2658 ambula;
993 2590 1204 2662 quando
1230 2591 1490 2648 Lazarum
1521 2590 1818 2661 suscitavit,
1846 2595 2060 2664 quando

472 2682 808 2742 dmmonibus
835 2685 1166 2742 ut'obsessos
1188 2685 1554 2757 relinquerent
1575 2686 1876 2758 imperavit.
1903 2685 2059 2742 Dabit

469 2777 634 2834 etiam
661 2794 831 2833 uocem
855 2778 1052 2833 uirtutis
1069 2795 1197 2846 suae,
1226 2778 1439 2850 quando
1465 2778 1518 2833 in
1546 2777 1837 2834 novissimo
1862 2777 1970 2849 die,
2002 2789 2061 2834 ttt

469 2880 710 2944 resurgat
739 2872 1031 2929 humanum
1058 2888 1226 2944 genus
1243 2873 1494 2930 edixerit.
1518 2871 1656 2940 Quid
1689 2873 1832 2929 enim
1865 2871 2059 2932 fortius

466 2981 628 3038 quam
660 2981 916 3024 revocare
954 2965 1164 3024 favillas
1191 2967 1258 3022 ad
1288 2982 1490 3038 corpus
1515 2965 1744 3032 mobile,
1772 2967 2059 3037 vivamque

469 3060 846 3128 substantiam,
880 3068 934 3116 et
971 3068 1220 3116 naturam
1253 3059 1402 3114 illam
1436 3059 1779 3116 mortalitatis
1805 3059 1872 3115 ad
1902 3069 2061 3116 aeter-

468 3165 553 3208 nae
580 3153 702 3209 vitae
729 3152 868 3209 dona
895 3151 1225 3224 perducere?
1255 3151 1396 3207 sicut
1426 3151 1480 3205 in
1513 3150 1802 3220 Evangelio
1824 3149 2054 3220 legitur:

474 3243 655 3302 Veniet
685 3247 833 3314 hora,
867 3253 915 3302 et
941 3245 1029 3315 qui
1051 3254 1170 3300 sunt
1201 3245 1256 3300 in
1283 3243 1622 3298 monumentis
1653 3241 1863 3298 audient
1891 3259 2057 3299 vocem

464 3340 598 3411 ejus,
625 3348 675 3396 et
703 3339 975 3410 procedent
997 3338 1179 3410 (Joan.
1203 3353 1253 3404 v,
1276 3335 1392 3408 28).

538 3432 692 3489 Vers.
717 3433 808 3489 39.
846 3431 980 3486 Date
999 3431 1243 3485 honorem
1281 3429 1389 3483 Deo
1431 3445 1587 3500 super
1615 3427 1784 3485 Israel
1809 3445 1830 3486 :
1855 3431 2054 3502 magni-

467 3524 672 3596 ﬁcentia
698 3527 810 3596 ejus
839 3535 887 3581 et
912 3523 1068 3578 virtus
1102 3523 1214 3593 ejus
1246 3522 1300 3576 in
1333 3522 1570 3578 trabibus.
1624 3522 1814 3579 Adhuc
1839 3521 1892 3578 in
1924 3522 2054 3595 ipsis

463 3614 925 3673 exhortationibus
969 3621 1303 3685 perseverat.
1353 3613 1489 3670 Cum
1521 3614 1663 3670 enim
1705 3614 1882 3671 dicit:
1923 3611 2054 3674 Date

463 3710 708 3766 honorem
735 3708 867 3776 Deo,
902 3709 1000 3780 ipsi
1029 3708 1196 3781 magis
1225 3718 1284 3766 ut
1310 3707 1644 3766 honorentur
1665 3711 1908 3769 hortatus
1933 3721 2050 3780 est;

462 3815 589 3858 nam
613 3801 704 3872 qui
734 3799 846 3856 Deo
873 3798 966 3856 dat
991 3799 1176 3856 laudes
1205 3815 1264 3856 se
1284 3800 1412 3857 facit
1439 3814 1562 3857 esse
1590 3799 1944 3869 laudabilem;
1974 3803 2054 3860 sic

463 3904 519 3953 et
554 3896 643 3966 qui
676 3894 753 3952 illi
782 3897 873 3950 dat
900 3894 1148 3950 honorem
1180 3895 1285 3951 sibi
1313 3895 1586 3966 conquirit
1613 3897 1731 3954 sine
1761 3896 1925 3953 dubio
1965 3899 2052 3952 di-

460 3990 741 4060 gnitatem.
777 3987 1156 4060 Supeszraet
1187 3987 1313 4044 dum
1346 3987 1564 4057 dicitur,
1595 3988 1840 4046 Ecclesia
1870 3990 2053 4046 catho-

461 4081 562 4139 lica
593 4081 944 4154 signiﬁcatur,
987 4083 1042 4136 in
1079 4095 1186 4152 qua
1216 4079 1363 4138 Deus
1385 4095 1512 4136 vere
1541 4081 1892 4150 conspicitur,
1924 4079 2051 4137 dum

460 4183 606 4232 recta
637 4173 743 4232 ﬁde
776 4175 1027 4232 sentitur.
1059 4173 1230 4229 Israel
1259 4174 1402 4230 enim
1434 4174 1826 4246 interpretatur
1853 4174 1936 4230 vir
1966 4176 2050 4231 vi-

461 4267 596 4323 dens
620 4266 810 4322 Deum.
842 4266 1184 4336 Quapropter
1210 4264 1340 4321 alibi
1371 4280 1476 4321 non
1508 4274 1686 4337 potest
1721 4266 1918 4335 videri,
1948 4267 2049 4322 nisi

459 4359 534 4416 ibi
565 4359 656 4415 ubi
699 4359 750 4415 ei
795 4360 1052 4431 probatur
1094 4359 1373 4417 verissime
1401 4360 1631 4430 populus
1659 4362 1925 4417 conﬁteri.
1955 4361 2053 4419 Se-

459 4454 666 4526 quitur,
695 4453 1079 4527 rnagniﬁeentia
1115 4456 1260 4525 ejus,
1293 4462 1343 4508 et
1381 4453 1536 4509 uirtus
1577 4457 1690 4527 ejus
1728 4454 1783 4509 in
1812 4451 2048 4509 nubibus.

461 4545 852 4619 Magniﬁcentia
879 4547 1111 4618 pertinet
1139 4546 1206 4602 ad
1243 4545 1402 4614 illud,
1443 4546 1572 4616 quia
1615 4560 1830 4616 semper
1859 4561 2052 4616 magna

461 4637 622 4707 facit;
657 4640 844 4708 virtus,
885 4638 1137 4712 quoniam
1169 4639 1394 4710 imperio
1434 4638 1552 4708 ejus
1601 4637 1887 4694 famulatur
1915 4637 2048 4694 eﬁ‘e-

2164 2030 2400 2096 minum;
2431 2037 2486 2087 et
2509 2032 2600 2102 qui
2631 2033 2680 2088 ei
2709 2033 2941 2090 ﬁdeliter
2964 2037 3272 2106 conﬁtetur,
3297 2037 3552 2094 benedicit
3573 2036 3761 2093 Domi-

2163 2139 2313 2180 num.
2345 2124 2436 2180 Sic
2466 2125 2526 2180 ﬁt
2563 2134 2622 2182 ut
2650 2127 2825 2184 brevis
2861 2128 2958 2184 ista
2991 2130 3260 2199 laudatio,
3299 2132 3462 2188 totius
3493 2129 3625 2188 vitae
3657 2145 3759 2188 no-

2162 2229 2290 2277 strae
2322 2229 2566 2292 tempore
2591 2221 2692 2279 sub
2719 2222 3038 2282 assiduitate
3066 2225 3322 2283 solvatur.

2703 2335 2977 2394 Conclusio
3003 2338 3210 2410 psalmi.

2234 2447 2486 2508 Cucurrit
2509 2453 2761 2523 copiosus
2788 2454 3025 2524 psalmus
3056 2454 3353 2526 ingentium
3383 2470 3538 2514 more
3565 2457 3766 2514 ﬂuvio-

2162 2556 2303 2608 rum,
2327 2543 2417 2615 qui
2437 2552 2696 2613 quantum
2716 2544 2832 2616 plus
2854 2555 3026 2603 terras
3047 2557 3331 2618 occupant,
3355 2557 3504 2606 tanto
3523 2550 3762 2622 amplius

2162 2649 2322 2706 agros
2376 2635 2685 2692 lecundant.
2730 2636 2946 2694 Fluvius
2992 2640 3085 2710 qui
3129 2655 3235 2696 non
3276 2655 3406 2706 ore,
3444 2641 3543 2698 sed
3583 2643 3764 2713 magis

2163 2727 2384 2783 auribus
2426 2727 2726 2796 hauriatur;
2769 2730 2964 2789 ﬁuvius
3002 2731 3092 2804 qui
3133 2741 3344 2802 potetur
3400 2745 3606 2805 mente,
3641 2751 3757 2792 non

2162 2832 2421 2890 corpore;
2449 2817 2644 2876 ﬂuvius
2663 2822 2755 2892 qui
2779 2822 2898 2878 sine
2925 2822 3106 2894 aliquo
3133 2826 3358 2882 humore
3385 2841 3601 2897 semper
3625 2827 3760 2882 irri-

2161 2925 2297 2983 guus
2325 2919 2436 2978 est,
2467 2927 2628 2982 puros
2655 2927 2848 2970 sensus
2882 2913 3186 2987 inebrians,
3228 2925 3282 2974 et
3309 2917 3547 2988 peccatis
3571 2917 3762 2974 ebrios

2161 3002 2228 3057 ad
2269 3002 2618 3060 sobrietatem
2666 3005 2864 3061 mentis
2906 3004 3203 3065 adducens.
3236 3008 3388 3079 Aqua
3427 3025 3547 3080 quae
3591 3009 3757 3064 simul

2161 3095 2305 3151 sitim
2335 3095 2473 3152 tollit
2493 3105 2549 3152 et
2575 3095 2792 3166 famem,
2813 3113 2934 3169 quae
2949 3115 3058 3156 non
3079 3099 3468 3172 digestionibus
3491 3104 3653 3178 226
3669 3103 3757 3159 ei-

2160 3190 2422 3259 l'unditur,
2459 3193 2556 3250 sed
2586 3203 2841 3266 percepta
2877 3211 3095 3268 semper
3137 3211 3381 3271 augetur.
3424 3202 3652 3257 Oremus
3690 3213 3758 3258 ut

2161 3287 2263 3344 iste
2307 3301 2408 3345 nos
2456 3288 2651 3345 ﬂuvius
2695 3290 2814 3347 sine
2857 3290 3256 3351 intermissione
3292 3294 3583 3365 possideat.
3629 3295 3754 3352 Non

2157 3381 2359 3439 erimus
2387 3395 2550 3439 arena
2579 3385 2808 3452 sterilis,
2857 3384 2952 3442 sed
2990 3400 3119 3457 ager
3164 3385 3456 3456 fecundus,
3501 3389 3546 3444 si
3578 3388 3751 3444 bene-

2155 3473 2280 3544 ﬁcio
2311 3472 2524 3531 Domini
2553 3475 2739 3532 alveus
2765 3475 2883 3546 ejus
2926 3491 3027 3540 nos
3055 3492 3270 3549 semper
3299 3488 3476 3536 teneat
3519 3495 3754 3550 occupa-

2157 3575 2266 3623 tos.
2302 3569 2576 3625 Memento
2605 3577 2784 3626 tamen
2805 3570 2948 3642 quod
2979 3570 3067 3628 hic
3095 3572 3333 3641 psalmus
3371 3575 3752 3631 ascensionem

2158 3662 2370 3719 Domini
2395 3663 2628 3720 mirabili
2657 3679 2767 3736 prie
2795 3667 3005 3722 caeteris
3035 3665 3241 3738 fulgore
3268 3669 3575 3740 descripsit.

2405 3773 2766 3832 EXPOSITIO
2797 3775 2863 3832 IN
2895 3777 3223 3835 PSALMUM
3252 3777 3481 3835 LXVIII.

2276 3867 2342 3924 In
2367 3869 2540 3939 ﬁnem,
2575 3885 2668 3941 pro
2699 3869 2778 3924 his
2812 3871 2900 3943 qui
2927 3872 3396 3941 commulabuntur,
3429 3873 3621 3930 David.

2230 3981 2296 4038 In
2320 3981 2474 4053 ﬁnem
2503 3982 2571 4039 ad
2603 3983 2893 4039 Dominum
2917 3985 3184 4056 respicere
3205 3985 3539 4044 Salvatorem
3565 3991 3751 4049 nullus

2157 4073 2388 4148 ignorat,
2421 4077 2510 4147 qui
2536 4077 2587 4132 in
2621 4077 2726 4134 hoc
2756 4077 2962 4148 psalmo
2990 4093 3140 4134 suam
3169 4091 3484 4138 narraturus
3514 4093 3598 4140 est
3621 4099 3748 4155 pas-

2155 4171 2394 4235 sionem;
2423 4170 2494 4225 ita
2516 4179 2571 4225 ut
2597 4169 2712 4240 ejus
2738 4170 2904 4226 Verba
2951 4180 3005 4227 et
3053 4173 3360 4244 evangelica
3388 4185 3616 4232 testetur
3645 4193 3748 4234 au-

2155 4262 2394 4327 ctoritas,
2426 4269 2480 4316 et
2506 4259 2574 4316 de
2602 4276 2668 4316 eo
2693 4261 2983 4332 Apostolus
3019 4273 3232 4319 sumere
3267 4265 3523 4322 doceatur
3558 4282 3750 4324 exem-

2154 4356 2324 4428 plum.
2350 4353 2568 4425 Legitur
2591 4355 2734 4412 enim
2762 4354 2814 4411 in
2838 4349 3131 4427 Evangelio
3161 4374 3173 4410 :
3201 4355 3269 4412 Et
3288 4359 3542 4415 dederunl
3578 4359 3632 4414 in
3664 4377 3752 4416 es-

2153 4465 2266 4504 cam
2310 4464 2478 4504 meam
2525 4448 2628 4520 fel,
2670 4458 2716 4504 et
2754 4449 2809 4504 in
2847 4449 2934 4504 siti
2977 4466 3088 4506 mea
3130 4460 3431 4522 potaverunl
3476 4469 3558 4507 me
3599 4461 3751 4510 aceto

2154 4541 2334 4613 (Joan.
2367 4555 2426 4608 tt,
2457 4537 2580 4610 I7);
2604 4547 2658 4596 et
2685 4539 2813 4597 alibi
2847 4559 2859 4594 :
2893 4539 3046 4597 Zelus
3068 4543 3248 4598 domus
3275 4553 3377 4600 tua:
3401 4545 3619 4602 comedit
3640 4559 3743 4604 me.

2153 4633 2444 4705 Apostolus
2476 4647 2690 4704 quoque
2722 4631 2917 4690 Paulus
2940 4635 3014 4690 ait
3046 4653 3060 4689 :
3092 4633 3210 4691 Fiat
3241 4653 3415 4692 mensa
3441 4655 3618 4694 eorum
3655 4659 3748 4697 co-

459 4742 603 4789 ctus.
653 4732 846 4788 Omnia
871 4733 1005 4788 enim
1037 4732 1161 4804 facit
1197 4748 1311 4804 quia
1338 4732 1447 4787 uult
1484 4732 1539 4788 in
1577 4731 1704 4787 creto
1736 4739 1785 4785 et
1823 4731 1878 4786 in
1913 4739 2052 4786 terra
2075 4721 2132 4786 D
2153 4743 2266 4782 ram
2295 4726 2420 4796 ipsis
2444 4727 2498 4781 in
2520 4727 2777 4797 laqueum,
2807 4737 2854 4782 et
2881 4727 2934 4780 in
2973 4727 3376 4798 retributionem,
3415 4741 3463 4786 et
3501 4732 3557 4786 in
3590 4749 3748 4790 scatt-

461 4824 635 4899 (Psal.
667 4841 882 4891 cxxxtv,
913 4824 996 4896 9).
1021 4824 1129 4881 Sed
1155 4825 1254 4880 ista
1279 4823 1660 4894 magniﬁcentia
1691 4830 1738 4875 et
1761 4822 1919 4876 virtus
1950 4821 2053 4878 Do-

460 4917 594 4972 mini
624 4917 680 4972 in
710 4916 926 4972 nubibus
953 4931 1074 4973 esse
1095 4916 1325 4983 dicitur,
1363 4930 1470 4970 non
1499 4915 1550 4968 in
1578 4913 1695 4970 istis
1726 4913 2047 4984 visibilibus,

460 5023 582 5080 qua
601 5017 694 5064 aut
713 5023 880 5080 aquas
898 5009 1178 5081 depluunt,
1201 5017 1294 5064 aut
1317 5005 1632 5076 corpulenta
1651 5005 1907 5076 qualitate
1928 5007 2053 5065 den-

459 5111 684 5169 saritur;
716 5101 811 5158 sed
839 5101 1048 5174 aliquas
1078 5108 1373 5172 potestates
1411 5097 1658 5170 designat
1688 5112 1917 5170 superna
1954 5116 2044 5170 ra-

461 5197 610 5252 tione
633 5195 918 5266 pollentes,
945 5212 1066 5269 quae
1093 5192 1260 5266 jussis
1290 5191 1502 5247 Domini
1545 5193 1889 5249 intellectuali
1918 5209 2047 5250 con-

459 5288 664 5344 ditione
689 5287 1046 5356 famulantur;
1078 5287 1146 5343 de
1179 5284 1373 5356 quibus
1401 5283 1603 5340 dictum
1625 5292 1708 5340 est
1741 5301 1753 5336 :
1785 5283 2046 5340 Mandabo

459 5378 678 5435 nubibus
703 5381 849 5451 meis,
873 5397 936 5436 ne
962 5379 1143 5450 pluaut
1162 5391 1315 5448 super
1335 5391 1452 5430 eam
1476 5375 1689 5430 imbrem
1707 5372 1862 5447 (Isai.
1892 5391 1945 5444 v,
1968 5375 2044 5448 6).

459 5472 641 5532 Multis
663 5476 808 5532 enim
837 5471 1316 5546 signiﬁcationibus
1340 5485 1521 5527 sermo
1546 5473 1649 5528 iste
1671 5471 1908 5540 repletus
1933 5479 2046 5538 est;

457 5571 603 5644 quod
631 5574 793 5632 etiam
823 5570 1046 5642 respicit
1066 5568 1135 5624 ad
1162 5567 1434 5638 apostolos
1464 5576 1518 5622 et
1537 5565 1848 5637 prophetas.
1995 5631 2000 5635 η

532 5663 690 5722 Vers.
710 5663 802 5721 40.
835 5661 1089 5717 Mirabilis
1110 5659 1248 5715 Deus
1269 5661 1323 5713 in
1343 5659 1531 5714 sanctis
1551 5659 1682 5724 suis,
1695 5656 1836 5712 Deus
1859 5657 2045 5714 Israel.

462 5757 601 5814 Ecce
630 5772 698 5813 ne
738 5756 908 5812 nubes
937 5754 1054 5810 illas
1075 5753 1398 5823 intelligeres
1435 5765 1652 5817 aereas,
1681 5749 1808 5806 dicit
1840 5769 1853 5804 :
1887 5749 2051 5806 Mira-

461 5852 578 5907 bilis
607 5849 745 5906 Deus
777 5853 831 5905 in
859 5849 1050 5903 sanctis
1085 5849 1211 5915 suis,
1241 5847 1358 5902 sive
1402 5846 1455 5900 in
1492 5845 1717 5915 angelis,
1742 5845 1852 5901 sive
1875 5845 1926 5899 in
1959 5847 2052 5901 ho-

456 5943 736 6011 minibus,
782 5942 872 6013 qui
915 5943 1031 6012 ejus
1057 5938 1391 6016 jussionibus
1437 5934 2054 5997 obsecundant.lterum

2157 4821 2332 4875 dalum
2348 4837 2368 4887 ;
2389 4822 2719 4875 obscurentur
2746 4819 2880 4874 oculi
2909 4836 3084 4874 eorum
3115 4838 3175 4875 ne
3203 4821 3434 4890 videant,
3462 4831 3509 4877 et
3531 4824 3746 4878 dorsum

2153 4929 2330 4970 eorum
2366 4928 2562 4983 semper
2593 4914 2801 4967 incurva
2831 4911 3006 4983 (Rom.
3049 4928 3124 4982 xt,
3157 4913 3236 4987 9).
3269 4915 3415 4983 Quos
3441 4932 3628 4973 versus
3654 4916 3744 4975 hic

2154 5008 2382 5079 positos,
2427 5021 2632 5062 memor
2670 5006 2860 5074 lector,
2896 5006 3157 5063 invenies.
3184 5007 3336 5064 Unde
3357 5011 3476 5080 quis
3496 5010 3746 5068 dubitare

2155 5103 2328 5172 possit
2358 5102 2500 5156 hunc
2542 5099 2806 5171 psalmum
2841 5099 3073 5170 passioni
3103 5099 3388 5158 dominicae
3416 5104 3740 5174 convenire,

2153 5195 2242 5252 cui
2271 5195 2392 5250 talis
2433 5209 2496 5250 ac
2532 5203 2672 5249 tanta
2716 5195 2768 5250 in
2813 5195 2960 5250 hunc
3033 5195 3361 5252 intellectum
3418 5198 3744 5270 suffragatur

2153 5286 2481 5342 auctoritas?
2508 5286 2782 5358 Sequitur,
2808 5304 2899 5358 pro
2921 5287 3001 5342 his
3015 5289 3102 5358 qui
3132 5293 3600 5349 commulabuntur.
3637 5296 3743 5351 Ista

2155 5379 2316 5450 igitur
2341 5380 2692 5436 commutatio
2718 5381 2984 5451 signiﬁcat
2999 5381 3222 5452 pupulas
3237 5383 3595 5450 Christianos,
3622 5389 3738 5459 qui,

2156 5473 2352 5530 veteris
2383 5471 2614 5527 hominis
2658 5474 2916 5542 pravitate
2950 5472 3215 5544 deposita,
3249 5475 3302 5530 in
3333 5492 3486 5532 novte
3515 5493 3742 5551 regene-

2155 5566 2378 5622 rationis
2405 5572 2530 5620 sunt
2552 5579 2774 5619 munere
2801 5568 3135 5620 commutati.
3161 5567 3268 5621 Pro
3293 5568 3373 5622 his
3393 5581 3572 5626 autem
3596 5573 3738 5640 quod

2153 5659 2352 5715 dictum
2384 5665 2488 5723 est,
2523 5656 2924 5727 intelligendum
2956 5665 3038 5712 est
3057 5661 3308 5727 quoniam
3335 5676 3522 5717 revera
3556 5668 3737 5735 passio

2155 5751 2363 5807 Domini
2396 5763 2493 5820 pro
2532 5748 2735 5804 cunctis
2765 5748 3009 5804 ﬁdelibus
3039 5751 3292 5807 collocata
3325 5753 3463 5827 [ms.
3495 5751 3588 5824 6.,
3621 5757 3732 5812 col-
3791 5825 3806 5832 -

2156 5843 2258 5897 lata
2275 5839 2291 5909 ’1
2339 5847 2686 5895 monstratur.
2721 5837 2888 5892 David
2923 5854 3135 5910 quoque
3178 5842 3517 5912 subjunctum
3548 5859 3652 5910 est,
3679 5859 3731 5904 ut

2159 5945 2212 5993 et
2239 5931 2358 6002 ﬁnis
2387 5942 2439 5990 et
2473 5932 2681 5989 initium
2711 5930 2938 5989 Domino
2976 5931 3189 5992 Christo
3216 5948 3566 6007 congrueret;
3596 5939 3731 5996 sicut
