4036 6342
288 485 392 545 477

1198 488 1556 549 EXPOSITIO
1595 488 1659 545 IN
1699 482 2160 545 PSALTERIUM.
2200 483 2390 543 PSAL.
2433 482 2665 542 LXVIII.

3464 488 3570 549 ηε

288 602 409 675 ipse
435 602 505 659 de
532 617 591 659 se
612 601 740 660 dicit
771 619 783 657 :
810 600 920 675 Ego
941 618 1057 660 sum
1080 602 1253 672 Alpha
1273 612 1319 659 et
1354 603 1576 675 Umega,
1609 602 1817 657 initium
1838 607 1885 655 et
1913 603 1966 662 Α
1992 597 2348 654 allusionibus
2391 598 2646 655 Dominus
2674 597 2984 658 describere
3027 600 3428 672 comprobatur.
3462 598 3573 663 Sed

289 699 413 770 ﬁnis
455 699 658 772 (Apoc.
702 715 742 767 ι,
793 699 886 771 8).
937 698 1028 757 Sic
1071 700 1232 755 totius
1278 698 1473 769 psalmi
1521 696 1690 752 virtus
1739 694 1876 750 tituli

289 794 451 864 hujus
480 794 828 866 dispositione
854 794 1182 851 declaratur.
1206 794 1477 849 Memento
1508 799 1687 847 autem
1716 806 1875 861 quar-

288 896 405 942 tum
437 887 580 944 hune
620 902 742 943 esse
781 887 1109 959 psalmorum
1157 886 1250 957 qui
1285 882 1589 955 passionem
1630 897 1876 940 resurre-

286 980 633 1050 ctionemque
660 979 985 1035 dominicam
1014 978 1173 1035 latius
1198 977 1543 1048 eloquuntur.

866 1093 1061 1148 Divisio
1097 1092 1304 1164 psalmi.

366 1206 640 1264 Hactenus
668 1207 1076 1280 diapsalmatum
1108 1206 1370 1264 beneﬁcio
1392 1206 1687 1263 divisiones
1708 1204 1878 1260 intre-

289 1300 449 1374 pidus
489 1302 788 1369 adnotavi,
850 1305 1029 1359 sciens
1080 1302 1511 1375 segregationcm
1558 1300 1631 1357 ibi
1685 1298 1880 1356 merito

290 1393 439 1465 poni,
476 1394 565 1450 ubi
615 1393 824 1450 silentia
872 1392 1048 1449 divina
1093 1401 1479 1465 provenerunt.
1524 1391 1672 1448 Nunc
1700 1402 1878 1448 autem

290 1484 510 1545 orentus
539 1484 819 1542 Dominum
849 1495 908 1542 ut
934 1488 1021 1558 qui
1052 1485 1217 1543 donat
1238 1487 1290 1543 in
1317 1494 1457 1542 terra
1489 1485 1653 1551 viam,
1688 1482 1880 1554 ipsein

292 1580 504 1653 abyssis
548 1588 702 1635 cauta
736 1588 959 1651 praestet
1006 1579 1222 1637 itinera.
1272 1580 1375 1636 Per
1404 1587 1572 1635 totum
1617 1577 1879 1648 psalmum

292 1670 480 1746 (sicut
508 1670 786 1744 diximus)
832 1686 898 1729 ex
941 1669 1111 1728 forma
1153 1673 1292 1729 servi
1334 1672 1571 1745 loquitur
1610 1670 1878 1727 Christus.

293 1764 478 1821 Primo
525 1765 700 1835 capite
752 1764 1071 1836 deprecatur
1114 1776 1171 1820 ut
1220 1765 1396 1821 salvus
1466 1765 1558 1820 ﬁat
1608 1780 1636 1821 a
1684 1765 1881 1832 Patre,

292 1858 548 1926 quoniam
598 1859 768 1929 gratis
799 1874 830 1913 a
860 1858 1057 1914 Iudaeis
1098 1859 1294 1915 multas
1334 1859 1706 1916 tribulationes
1736 1860 1881 1916 inse-

293 1951 647 2021 eutionesque
672 1964 960 2021 perpessus
979 1960 1083 2006 est.
1113 1951 1364 2007 Secundo
1393 1953 1568 2023 capite
1598 1952 1828 2021 postulat
1854 1965 1882 2005 a

296 2052 450 2113 parte
474 2042 836 2098 membrorum
859 2057 926 2099 ne
952 2042 1251 2114 decipiatur
1275 2058 1398 2115 spes
1427 2045 1662 2100 ﬁdelium
1693 2045 1746 2099 in
1769 2044 1888 2116 ejus

298 2134 696 2208 resurrectione
740 2136 941 2189 conlisa
977 2152 990 2188 ε
1021 2136 1203 2191 omnia
1254 2150 1313 2193 se
1347 2136 1532 2193 dicens
1571 2136 1888 2208 aequanimi-

298 2236 381 2283 ter
409 2206 725 2283 sustinuisse
750 2242 867 2297 qua:
889 2228 1055 2300 iniqui
1074 2228 1395 2285 videbantur
1416 2206 1679 2300 ingerere.
1706 2229 1890 2286 Tertio

298 2331 547 2394 precatur
567 2330 626 2377 ut
654 2320 820 2391 ipsius
843 2322 1160 2378 exaudiatur
1182 2324 1374 2389 oratio,
1401 2332 1662 2393 quatenus
1684 2321 1753 2379 de
1778 2322 1891 2380 luto

299 2415 458 2487 hujus
488 2418 672 2473 saeculi
701 2418 819 2488 ejus
849 2418 1189 2473 conversatio
1234 2417 1578 2474 immaculata
1609 2416 1887 2473 liberetur.

298 2508 450 2567 Scire
478 2524 710 2581 namque
730 2510 862 2567 dicit
884 2510 1077 2578 Deum,
1105 2509 1317 2581 quantis
1346 2509 1692 2567 inimicorum
1724 2522 1889 2579 appe-

302 2604 448 2658 tatur
482 2603 726 2669 insidiis,
763 2612 819 2658 ut
848 2612 1019 2672 usque
1048 2602 1115 2658 ad
1143 2603 1421 2659 Passionis
1450 2602 1654 2658 exitum
1682 2600 1889 2657 machi-

300 2704 429 2749 nato
450 2693 758 2750 discrimine
781 2694 1103 2764 perveniret.
1128 2694 1353 2762 Quarto,
1373 2692 1569 2749 virtute
1600 2691 1893 2762 prmscien-

298 2787 392 2841 tiae
418 2798 552 2851 suae,
585 2798 704 2855 qum
728 2784 1043 2855 contingere
1088 2792 1339 2855 poterant
1377 2782 1629 2852 inimicis,
1664 2789 1892 2838 ventura

298 2876 636 2946 pronuntiat.
666 2875 865 2943 Quinto
892 2888 919 2929 a
952 2873 1122 2930 forma
1168 2877 1307 2931 servi
1350 2888 1411 2929 se
1454 2882 1744 2944 pauperem
1769 2886 1894 2943 pro-

302 2969 518 3037 ﬁtetur;
551 2969 694 3025 unde
723 2978 777 3024 et
806 2967 995 3025 laudes
1020 2983 1080 3024 se
1109 2966 1239 3024 dicit
1272 2965 1609 3023 redditurum
1657 2966 1893 3036 paterna:

299 3062 903 3119 clementiaszhortans
952 3061 1138 3118 ﬁdeles
1189 3068 1246 3116 ut
1296 3060 1349 3115 in
1402 3059 1631 3114 Domino
1659 3058 1894 3114 debeant

301 3155 607 3223 conﬁdere,
644 3157 733 3225 qui
765 3154 1061 3211 Ecclesiam
1093 3168 1244 3210 suam
1277 3152 1345 3209 de
1384 3149 1569 3208 mundi
1601 3151 1753 3207 istius
1797 3151 1891 3206 ad-

305 3247 561 3303 versitate
588 3246 855 3315 liberavit,
892 3257 947 3304 et
968 3247 1171 3303 sanctis
1199 3245 1313 3302 suis
1342 3244 1397 3301 in
1426 3259 1489 3301 ea
1524 3243 1747 3315 perenni
1771 3241 1891 3299 teli.

300 3342 469 3399 citate
492 3344 786 3415 prospexit.

808 3459 1081 3531 Expositio
1111 3459 1317 3532 psalmi.

376 3571 531 3628 γει-ε.
563 3572 615 3626 1.
640 3570 856 3628 Salvum
882 3589 963 3627 me
988 3574 1090 3644 fac,
1116 3572 1254 3628 Deus
1276 3588 1296 3628 :
1312 3573 1554 3643 quoniam
1577 3573 1895 3629 intraverunt

297 3678 456 3734 aqum
488 3678 647 3732 usque
695 3663 763 3716 ad
796 3663 1023 3717 animum
1058 3679 1241 3718 meam.
1277 3663 1537 3719 Deitatem
1564 3662 1763 3721 Christi
1795 3667 1894 3721 im-

303 3755 625 3826 passibilem
653 3764 844 3812 cuncta
872 3757 1066 3812 mentis
1091 3757 1292 3812 sanitas
1313 3757 1631 3825 conﬁtetur;
1668 3758 1764 3813 sed
1802 3772 1893 3814 as-

298 3851 536 3922 sumpsit
560 3849 924 3906 inﬁrmitatem
956 3861 1219 3919 nostram,
1249 3866 1370 3920 quae
1407 3851 1685 3921 subiacere
1714 3860 1895 3921 posset

298 3943 494 4001 exitio.
526 3942 603 4000 Ex
639 3943 753 4015 ipsa
785 3959 927 4000 nunc
968 3945 1366 4015 dispensatione
1403 3945 1599 4000 clamat
1632 3962 1644 3999 :
1680 3945 1893 4001 Salvum

302 4051 388 4090 me
418 4036 529 4106 fac,
574 4035 744 4104 Deus,
782 4044 839 4091 ut
882 4036 1006 4107 quia
1039 4047 1265 4093 mortem
1297 4036 1543 4107 refugere
1572 4052 1677 4092 non
1709 4035 1894 4092 debuit

301 4141 470 4197 quam
498 4127 795 4184 voluntarie
834 4127 1159 4193 sustinebat,
1201 4128 1611 4185 resurrectionis
1637 4128 1893 4184 auxilium

306 4220 632 4293 postulavit,
660 4233 719 4279 ut
740 4222 1044 4280 humanitas
1073 4224 1190 4294 ejus
1219 4223 1449 4280 celerius
1480 4223 1598 4279 ﬁeri
1626 4225 1770 4280 salva
1801 4238 1895 4293 po-

309 4317 522 4375 tuisset.
557 4317 752 4377 Passus
780 4330 865 4377 est
901 4321 1046 4377 enim
1086 4321 1177 4378 ille
1219 4322 1343 4393 quia
1385 4322 1580 4390 voluit,
1622 4323 1895 4392 patiuntur

303 4420 573 4482 martyres
603 4423 656 4469 et
684 4414 957 4482 nolentes;
989 4414 1067 4471 sic
1095 4415 1238 4469 enim
1271 4415 1388 4486 ipse
1430 4416 1690 4472 Dominus
1733 4416 1895 4473 Petro

303 4501 444 4558 dixit
478 4505 723 4575 apostolo
755 4520 769 4561 :
803 4504 932 4560 Cum
961 4505 1218 4571 tenueris,
1255 4506 1391 4560 alius
1435 4514 1483 4560 te
1513 4506 1816 4579 praecinget,
1846 4515 1895 4563 et

301 4593 455 4659 ducet
482 4612 582 4667 quo
609 4608 664 4651 tu
686 4614 788 4652 non
815 4599 888 4652 vis
915 4595 1097 4670 (Joan.
1130 4614 1241 4663 xxi,
1274 4596 1388 4670 l8).
1413 4599 1563 4655 Nunc
1592 4614 1754 4655 causa
1774 4599 1890 4656 red-

299 4685 451 4741 ditur
479 4703 643 4758 quare
674 4704 732 4745 se
756 4689 954 4745 salvum
979 4690 1090 4760 ﬁeri
1121 4691 1426 4760 postulabat
1453 4709 1467 4747 :
1498 4691 1720 4760 scilicet,
1764 4709 1893 4761 quo-

1984 689 2131 745 bunc
2156 705 2375 747 versum
2414 691 2682 748 subtiliter
2710 692 3064 763 inquiramus,
3102 696 3226 766 quia
3257 711 3364 752 non
3391 710 3571 766 parva

1981 782 2364 853 profunditatis
2406 798 2525 839 esse
2552 783 2900 855 dignoscitur.
2943 786 3000 840 In
3024 786 3116 841 illa
3140 788 3447 843 conditione
3476 803 3565 845 re-

1979 890 2097 930 rum
2129 874 2195 930 de
2239 874 2369 932 limo
2410 875 2630 946 quidem
2660 885 2816 932 terra:
2846 877 3121 935 hominem
3151 879 3295 937 Deus
3338 881 3569 951 creavit,

1980 965 2076 1025 sed
2106 983 2212 1024 non
2242 968 2309 1024 de
2345 966 2632 1040 profundo.
2676 968 2823 1025 Facti
2858 979 2984 1026 sunt
3020 978 3197 1027 autem
3232 971 3479 1029 homines
3507 974 3573 1030 li-

1982 1075 2095 1115 mus
2125 1059 2396 1133 profundi,
2428 1059 2642 1131 quando
2668 1068 2723 1116 et
2744 1060 2989 1132 originali
3015 1070 3071 1118 et
3090 1063 3421 1134 quotidianis
3444 1080 3570 1135 pec-

1981 1156 2116 1212 catis
2168 1164 2426 1212 tenentur
2472 1156 2715 1212 obnoxii.
2760 1156 2861 1211 Per
2903 1158 3048 1214 hunc
3097 1157 3276 1213 limum
3320 1160 3573 1231 profundi

1982 1248 2175 1317 inﬁxus
2195 1258 2268 1304 est
2300 1248 2576 1313 Dominus,
2599 1249 2812 1319 quando
2830 1248 3158 1305 dementiam
3181 1250 3338 1306 turba
3355 1250 3574 1308 Judaeu-

1984 1357 2103 1397 rum
2134 1341 2403 1396 clamabat
2439 1359 2450 1394 :
2483 1341 2773 1413 Cruci/ige,
2806 1343 3057 1420 .cruciﬁge
3100 1342 3297 1415 (Joan.
3336 1361 3449 1414 ιιι,
3483 1346 3572 1418 6).

1984 1434 2219 1504 Quorum
2263 1449 2389 1490 caro
2433 1435 2682 1505 originali
2727 1447 2946 1506 peccato
2987 1438 3169 1494 dedita
3214 1439 3376 1495 limus
3418 1450 3571 1510 erat;

1983 1528 2078 1583 sed
2101 1528 2360 1583 scelerata
2377 1527 2640 1583 calliditas
2668 1528 2916 1598 profundi
2935 1530 3038 1585 sibi
3060 1546 3256 1588 nomen
3284 1532 3576 1603 adjecerat.
3656 1542 3659 1547 '

1989 1619 2162 1679 Limus
2195 1621 2336 1678 enim
2365 1621 2539 1677 dictus
2566 1631 2681 1690 est,
2712 1624 2867 1693 quasi
2902 1623 3076 1694 ligans
3109 1624 3353 1684 humum.
3386 1626 3580 1698 Sequi-

1985 1725 2096 1783 tur,
2137 1725 2319 1771 etnon
2356 1724 2431 1770 est
2473 1715 2784 1771 substantia.
2824 1716 2995 1773 Omne
3032 1717 3233 1774 malum
3276 1718 3580 1777 substantia

1991 1824 2097 1864 non
2126 1817 2230 1875 est,
2262 1808 2383 1879 quia
2414 1808 2713 1866 substantia
2766 1810 2872 1866 dici
2903 1825 3008 1867 non
3040 1820 3236 1881 potest,
3267 1828 3388 1883 quas
3414 1828 3445 1869 a
3476 1814 3580 1871 Do-

1990 1902 2139 1958 mino
2157 1911 2337 1959 creata
2360 1917 2465 1958 non
2488 1911 2601 1969 est;
2634 1918 2741 1958 non
2769 1904 2912 1960 enim
2936 1903 3201 1970 subsistit,
3234 1904 3331 1962 sed
3358 1906 3575 1976 accidit,

1917 1996 1967 2059 B
1993 2010 2093 2051 uec
2112 1995 2451 2051 extrinsecus
2472 2004 2675 2063 manet,
2707 1995 2802 2052 sed
2834 2004 3039 2052 tantum
3063 1998 3274 2054 videtur
3303 2013 3426 2056 esse
3451 2000 3579 2057 dum

1993 2088 2259 2159 provenit.
2294 2088 2570 2144 Veraciter
2593 2103 2725 2159 ergo
2750 2096 2912 2159 negat
2939 2090 3106 2147 luisse
3129 2091 3470 2147 substantiam
3500 2094 3581 2149 vi-

1995 2181 2176 2236 tiatam
2209 2188 2479 2247 naturam,
2503 2196 2661 2251 quam
2684 2196 2714 2236 a
2737 2196 2799 2238 se
2826 2191 3049 2239 noverat
3079 2198 3185 2239 non
3213 2192 3470 2241 creatam.
3493 2184 3583 2241 Sic

1991 2285 2047 2329 et
2073 2274 2129 2330 in
2157 2273 2263 2330 alio
2287 2275 2495 2346 psalmo
2527 2274 2724 2346 legitur
2754 2293 2768 2329 :
2798 2275 2866 2330 Et
2893 2278 3180 2333 substantia
3200 2294 3315 2333 mea
3334 2288 3581 2351 tanquam

1994 2368 2127 2423 nihil
2154 2379 2273 2425 ante
2319 2379 2366 2425 te
2410 2380 2485 2425 est
2517 2368 2691 2442 (Psul.
2739 2386 2976 2438 xxxvnt,
3006 2371 3095 2441 6);
3123 2387 3231 2428 non
3272 2372 3360 2428 illa
3399 2373 3584 2442 utique

1992 2477 2154 2533 quam
2179 2462 2320 2520 Deus
2347 2477 2534 2520 creare
2555 2462 2744 2533 potuit,
2767 2463 2863 2520 sed
2893 2478 3037 2535 quas,
3063 2464 3277 2521 diabolo
3293 2465 3578 2536 suadente,

1993 2556 2177 2612 vitiata
2202 2556 2507 2613 succubuit.
2536 2554 2662 2613 Sive
2687 2555 2833 2613 illud
2851 2556 3170 2627 simpliciter
3198 2556 3457 2615 debemus
3485 2558 3578 2614 ad-

1995 2657 2205 2706 vertere
2249 2666 2262 2702 :
2307 2648 2606 2705 Cruciﬁxus
2644 2664 2764 2705 sum
2810 2649 3095 2727 iniquitate
3141 2648 3479 2718 Judaorum,
3527 2659 3583 2709 et

1994 2756 2105 2796 non
2129 2749 2212 2796 cst
2229 2742 2407 2797 carnis
2423 2741 2600 2797 virtus
2622 2740 2884 2798 evadendi
2904 2742 3232 2799 mortileram
3255 2744 3560 2813 passionem
3582 2788 3585 2791 .

1996 2831 2252 2899 Addidit,
2278 2832 2392 2888 veni
2431 2834 2486 2887 in
2515 2831 2843 2888 altitudinem
2878 2834 3069 2901 maris,
3112 2842 3163 2889 et
3198 2843 3468 2905 tempestas
3494 2837 3587 2891 de-

1996 2926 2169 2979 mersit
2198 2941 2295 2979 me.
2330 2925 2425 2981 Ille
2447 2925 2537 2995 qui
2566 2939 2730 2995 supra
2757 2926 2923 2981 maria
2948 2926 3067 2982 ﬁxis
3096 2926 3369 2997 gressibus
3395 2928 3585 2985 ambu-

1995 3015 2157 3083 lavit,
2189 3017 2279 3087 qui
2322 3016 2481 3073 Petro
2518 3016 2795 3072 dexteram
2840 3032 2910 3073 ne
2953 3027 3290 3089 mergeretur
3319 3018 3579 3087 extendit,

1996 3106 2445 3179 quemadmodum
2485 3121 2547 3163 se
2595 3116 2891 3178 tempestate
2936 3109 3067 3166 dicit
3110 3124 3219 3165 esse
3263 3109 3585 3166 demersum?

1996 3200 2095 3258 llic
2130 3201 2349 3256 altitudo
2377 3203 2533 3257 maris
2577 3201 2854 3273 copiosam
2896 3205 3077 3274 populi
3126 3204 3397 3276 signiﬁcat
3440 3205 3588 3261 insa-

1998 3294 2166 3350 niam.
2215 3293 2346 3351 Item
2394 3304 2666 3366 tmpestas
2706 3304 2791 3353 est
2832 3296 3027 3353 seditio
3067 3292 3333 3355 concitata
3358 3298 3588 3357 demen-

1923 3390 1973 3457 c
2005 3387 2166 3454 tium;
2221 3389 2336 3459 ipsa
2384 3389 2527 3446 enim
2584 3390 2826 3445 demersit
2880 3390 3165 3449 Dominum
3222 3391 3586 3465 Sslvatorem,

1997 3480 2213 3552 quando
2242 3496 2365 3539 eum
2397 3484 2681 3554 pervenire
2711 3484 2837 3542 fecit
2862 3484 2929 3541 ad
2960 3494 3199 3545 crucem.

2068 3573 2219 3631 Vers.
2248 3573 2301 3630 5.
2328 3574 2579 3631 Labor-avi
2602 3577 2854 3645 clamans,
2879 3590 3050 3635 rauca:
3077 3580 3229 3651 factm
3258 3590 3377 3636 sunt
3402 3582 3577 3653 fauces

1996 3681 2120 3721 mete
2164 3683 2183 3721 :
2225 3666 2518 3737 defecerunt
2564 3670 2698 3723 oculi
2756 3672 2887 3737 mei,
2945 3671 3070 3727 dum
3118 3688 3266 3744 spero
3314 3675 3369 3729 in
3415 3671 3587 3728 Deum

1996 3773 2166 3814 meum
2193 3759 2317 3831 [ωε.
2344 3760 2410 3815 G.
2438 3768 2493 3815 et
2519 3760 2635 3830 ed.,
2660 3761 2871 3833 viuum].
2904 3763 3264 3832 Quaerendum
3292 3777 3374 3823 est
3395 3781 3586 3839 quem-

1994 3852 2284 3908 admodum
2323 3852 2412 3910 hic
2456 3853 2606 3922 dicit,
2647 3855 2900 3911 Laboravi
2943 3858 3193 3926 clamans,
3225 3860 3353 3917 dum
3380 3861 3589 3931 legatur

1997 3942 2054 3999 in
2096 3944 2386 4016 Evangelio
2429 3962 2443 3998 :
2493 3945 2616 4000 Non
2660 3947 3001 4017 respondebat
3045 3951 3205 4021 227
3248 3950 3321 4004 eis
3351 3950 3589 4018 verbum;

1997 4034 2141 4104 quod
2186 4035 2350 4092 Isaias
2386 4050 2601 4107 quoque
2629 4036 2760 4092 dicit
2791 4057 2802 4090 :
2839 4038 2988 4093 Sicut
3023 4040 3131 4094 ovis
3172 4039 3240 4092 ad
3282 4040 3591 4097 occisionem

1998 4129 2183 4183 ductus
2206 4139 2312 4197 est,
2356 4139 2403 4183 et
2431 4130 2565 4183 sicut
2604 4145 2771 4202 agnus
2799 4145 2972 4185 coram
3015 4133 3257 4187 tondente
3285 4149 3360 4203 se,
3392 4134 3467 4190 sic
3487 4149 3591 4189 non

1998 4222 2196 4291 aperuit
2240 4237 2295 4275 os
2340 4237 2493 4277 suum
2536 4221 2702 4294 (Isoi.
2730 4224 2978 4296 Lttt,7).
3030 4223 3328 4297 Utrumque
3369 4240 3591 4293 verum,

1996 4324 2291 4386 utrumque
2317 4317 2643 4387 completum
2673 4328 2786 4384 est;
2817 4306 2939 4375 nam
2971 4324 3025 4375 et
3064 4320 3227 4375 tacuit
3267 4332 3388 4377 cunt
3411 4319 3593 4377 trade-

1997 4419 2165 4474 retur,
2202 4420 2259 4466 ut
2295 4410 2412 4481 ejus
2452 4410 2737 4480 dispositio
2773 4412 2839 4467 ad
2866 4412 3051 4469 mundi
3083 4411 3376 4470 salutarem
3406 4408 3593 4470 tchI-

1998 4519 2126 4559 num
2158 4505 2493 4573 perveniret,
2525 4513 2582 4562 et
2608 4506 2828 4562 omnino
2866 4506 3136 4563 clamabat
3175 4521 3299 4561 cum
3326 4505 3543 4560 diccbat
3573 4522 3590 4563 :

1999 4592 2160 4649 Pater
2171 4597 2335 4668 juste,
2369 4596 2591 4650 mundus
2624 4606 2671 4652 te
2699 4610 2801 4651 non
2834 4597 3065 4668 cognouit
3095 4594 3275 4666 (Joan.
3307 4608 3437 4662 xvn,
3466 4593 3589 4668 25);

1998 4689 2083 4745 vel
2109 4688 2237 4745 illud
2271 4707 2286 4745 :
2317 4688 2498 4757 Pater,
2519 4693 2564 4745 si
2586 4691 2702 4760 ﬁeri
2724 4694 2909 4761 potest,
2934 4699 3159 4746 transeat
3177 4704 3211 4743 u
3233 4704 3313 4744 me
3340 4688 3479 4744 calix
3498 4689 3594 4743 iste

300 4779 448 4833 niam
472 4780 790 4837 intraverunt
818 4798 965 4853 aqua:
989 4799 1145 4853 usque
1169 4783 1238 4838 ad
1257 4785 1487 4840 animam
1512 4802 1695 4841 meam.
1720 4785 1891 4857 Aquas
1919 4787 1973 4850 D
1995 4781 2223 4854 (Matth.
2255 4798 2418 4851 xxvr,
2448 4783 2517 4839 39
2538 4784 2591 4854 );
2623 4794 2677 4839 et
2706 4774 2900 4838 lterinm
2940 4802 2952 4836 :
2992 4783 3171 4849 Pater,
3202 4783 3406 4853 ignosce
3448 4780 3556 4836 illis
3574 4820 3593 4849 ,

302 4887 409 4941 pro
447 4873 799 4931 seditionibus
830 4875 1000 4946 plebis
1032 4884 1285 4947 motuque
1330 4877 1651 4948 populorum
1693 4878 1892 4936 debere

300 4964 506 5035 suscipi
533 4967 726 5035 sacpius
755 4967 1032 5037 Scriptura
1054 4967 1231 5023 divina
1267 4978 1518 5037 testatur,
1548 4970 1689 5027 sicut
1713 4972 1893 5028 est:il-

302 5054 397 5110 iud
443 5072 461 5113 :
501 5055 749 5113 Forsitan
795 5061 929 5115 velut
967 5076 1104 5129 aqua
1148 5060 1522 5118 absorbuissent
1560 5078 1653 5117 nos
1698 5061 1891 5135 (Psal.

218 5222 225 5228 '
299 5162 500 5218 cum,
530 5151 563 5205 4
582 5153 622 5221 ).
648 5152 714 5207 Et.
743 5152 1006 5223 sequitur,
1035 5152 1335 5210 Torrentem
1362 5155 1686 5225 pertransivit
1723 5155 1897 5210 anima

299 5250 485 5295 nostra
538 5258 558 5298 :
587 5245 805 5314 forsitan
833 5248 1185 5315 pertransisset
1205 5247 1378 5302 anima
1401 5257 1576 5302 nostra
1602 5265 1788 5320 aquam
1818 5249 1899 5302 in-

306 5332 645 5389 tolerabilem.
671 5338 1008 5409 QuaprOpter
1025 5338 1249 5408 populus
1274 5338 1359 5395 ille
1378 5339 1630 5395 Iudaicus
1653 5357 1810 5412 usque
1828 5341 1897 5396 ad

305 5429 538 5484 animam
565 5430 775 5487 Domini
807 5431 1100 5489 Salvatoris
1126 5432 1356 5500 intrauit,
1391 5438 1604 5505 quando
1625 5450 1750 5491 eum
1775 5451 1897 5491 cru-

304 5522 523 5593 ciﬁgere
548 5527 812 5583 scelerata
835 5539 1017 5586 mente
1043 5529 1403 5599 praesumpsit.

380 5619 539 5677 Vers.
570 5622 626 5677 2.
656 5621 864 5691 Inﬁxus
889 5640 1004 5678 sum
1025 5624 1081 5678 in
1109 5623 1288 5678 limum
1319 5624 1586 5694 profundi,
1619 5632 1667 5679 et
1694 5639 1795 5678 non
1822 5634 1897 5680 est

305 5712 624 5779 substantia;
658 5716 768 5767 veni
792 5717 845 5770 in
866 5716 1187 5770 altitudinem
1211 5716 1390 5783 maris,
1429 5725 1478 5771 et
1508 5724 1778 5788 tempestas
1804 5717 1895 5772 de-

306 5805 483 5858 mersit
499 5822 597 5861 me.
618 5805 797 5861 Primo
826 5808 1098 5862 sciendum
1125 5816 1206 5862 est
1220 5809 1439 5864 schema
1464 5823 1590 5864 esse
1617 5808 1898 5865 characte-

306 5896 528 5962 rismos,
552 5914 671 5968 qua:
693 5898 881 5955 Latine
911 5901 1217 5956 informatio
1247 5903 1331 5957 vel
1355 5902 1648 5973 descriptio
1687 5916 1895 5958 nuncu-

307 5996 503 6059 patur;
537 5991 841 6062 passionem
884 5994 1080 6064 quippe
1122 6008 1275 6049 suam
1306 5994 1537 6055 futuram
1576 5994 1899 6089 quibusdam
1923 6068 1953 6081 β

1999 4875 2123 4946 quia
2148 4875 2377 4930 nesciunt
2397 4875 2520 4945 quid
2548 4876 2741 4945 faciunt
2769 4874 2921 4948 (Luc.
2956 4888 3108 4941 xxm,
3131 4872 3244 4945 34).
3268 4872 3401 4930 Nam
3422 4880 3478 4930 et
3500 4872 3593 4930 illo

2003 4977 2244 5038 tempore
2259 4968 2502 5023 laborans
2517 4967 2775 5035 clamavit,
2801 4967 3013 5036 quando
3033 4965 3244 5021 dicebat
3268 4983 3281 5019 :
3320 4964 3404 5021 ινιτ
3429 4965 3590 5033 vobis,

2003 5062 2188 5117 scriba:
2226 5070 2272 5117 et
2311 5062 2588 5132 pharisati;
2619 5076 2693 5118 ut:
2727 5061 2919 5116 mundo
2960 5061 3023 5115 ab
3068 5061 3325 5116 scandatis
3353 5060 3591 5131 (Matth.

2002 5169 2156 5223 xxm,
2206 5157 2306 5221 I5;
2336 5155 2496 5224 idem,
2548 5169 2699 5223 xvm,
2723 5154 2830 5223 7),
2861 5163 2916 5217 et
2947 5153 3030 5209 his
3056 5153 3274 5209 similia.
3306 5153 3595 5209 Laborabat
3670 5170 3671 5173 η

2002 5263 2132 5319 ergo
2176 5248 2434 5315 clamans,
2486 5248 2699 5318 quando
2744 5261 2852 5302 non
2900 5246 3220 5303 audiebatur
3271 5262 3299 5301 a
3351 5245 3589 5317 perﬁdis.
3652 5248 3657 5253 ’

2004 5341 2181 5397 Labor
2228 5341 2370 5397 enim
2431 5337 2724 5394 inauditum
2778 5336 3044 5410 signiﬁcat
3089 5339 3415 5404 clamorem,
3468 5338 3592 5408 quia
3657 5339 3671 5389 ε

2002 5434 2240 5489 laborare
2262 5432 2383 5488 illos
2405 5445 2513 5487 non
2545 5431 2795 5500 dicimus,
2825 5447 2961 5503 quos
2993 5440 3174 5487 votum
3206 5447 3363 5487 suum
3401 5428 3593 5500 imple-

2002 5527 2145 5583 visse
2189 5533 2470 5581 testamur.
2522 5525 2759 5596 Denique
2801 5526 2879 5581 sic
2917 5526 3187 5595 sequitur,
3230 5539 3403 5579 rauca:
3442 5528 3595 5594 facta

2003 5628 2125 5674 sunt
2170 5618 2341 5689 fauces
2393 5632 2543 5671 mete.
2595 5614 2847 5671 Raucedo
2898 5615 3113 5686 quando
3159 5614 3339 5670 fauces
3380 5622 3594 5669 nostras

2008 5710 2273 5782 possidet,
2306 5709 2471 5766 verba
2500 5716 2683 5764 nostra
2711 5707 2779 5762 ad
2808 5707 3011 5763 alienas
3041 5720 3196 5763 aures
3223 5706 3441 5761 confusa
3472 5717 3590 5773 per-

2003 5806 2245 5861 veniunt.
2295 5804 2486 5859 Merito
2525 5817 2653 5873 ergo
2692 5800 2824 5857 dicit
2870 5803 3044 5872 fauces
3089 5814 3211 5854 suas
3259 5813 3441 5852 raucas
3489 5811 3596 5853 esse

2008 5901 2199 5970 factas,
2229 5902 2350 5970 quia
2376 5898 2519 5953 dicta
2550 5896 2668 5967 ejus
2690 5909 3029 5966 nequaquam
3055 5893 3341 5963 sacrilegus
3365 5891 3591 5962 populus

2006 5995 2281 6054 audiebat.
2323 5994 2558 6066 Adiecit,
2588 5993 2880 6067 defecerunt
2903 5988 3038 6046 oculi
3063 5988 3183 6061 mei,
3213 5988 3337 6046 dum
3364 6001 3513 6060 spero
3535 5986 3595 6042 in
