4020 6348
455 427 558 488 479

1673 416 1741 472 Μ.
1785 409 2060 472 AURELII
2087 405 2487 465 CASSIODORI

3598 387 3706 446 480

472 545 626 599 Deum
652 555 840 596 meum.
866 537 1053 594 Oculos
1076 537 1206 592 istos
1225 531 1468 590 carnales
1487 529 1728 601 defecisse
1746 527 2025 582 credamus
2056 524 2096 583 Α
2132 520 2219 590 qui
2235 515 2546 574 absolvendi
2564 522 2688 572 sunt
2705 511 2898 570 debitis
2929 511 3064 568 suis.
3090 508 3349 567 Dominus
3367 515 3543 564 autem
3563 501 3709 563 Chri-

459 633 707 701 Domino,
744 634 833 704 qui
865 640 1034 687 morte
1075 627 1311 684 conclusi
1338 635 1483 690 sunt,
1510 622 1634 693 quia
1655 620 1832 676 cordis
1855 617 2034 674 oculos
2134 621 2249 669 stus
2277 619 2493 681 peccata
2525 624 2630 664 non
2652 607 2855 671 habuit,
2889 607 3023 662 sicut
3045 606 3158 676 ipse
3177 605 3346 662 dicit:
3378 603 3507 658 Ecce
3550 605 3712 660 ueniet

456 725 518 784 in
550 742 643 783 sua
668 696 867 782 deitate
895 735 1106 793 semper
1133 721 1366 776 intentos
1395 714 1603 783 habuit,
1641 713 1729 784 qui
1764 725 2033 780 nunquam
2135 705 2370 776 princeps
2395 703 2572 757 mundi
2601 702 2779 773 hujus,
2811 707 2858 754 et
2883 715 2984 754 non
3008 698 3222 754 inveniet
3252 697 3306 752 in
3335 711 3416 752 me
3433 696 3712 766 quidquam

464 820 642 874 carnis
671 819 785 888 lege
815 813 1070 886 peccavit.

2140 794 2326 867 (Joan.
2352 809 2463 860 xlv,
2495 792 2628 865 50);
2672 792 2738 848 de
2766 805 2872 862 quo
2907 800 2964 846 et
3006 790 3170 846 Isaias
3211 789 3340 845 dicit
3384 807 3397 843 :
3439 787 3715 844 Peccatum

539 911 691 967 Vers.
811 877 1144 974 ultiplicati
1167 913 1287 961 sunt
1310 920 1462 978 super
1489 902 1701 974 capillos
1731 898 1910 970 capitis
1942 896 2040 949 mei
2137 903 2239 942 non
2270 887 2407 957 fecit,
2430 901 2522 940 nec
2537 884 2702 978 dolus
2721 883 2957 978 inuentus
2982 890 3060 978 est
3081 881 3136 936 in
3161 896 3246 978 ore
3272 883 3384 978 eju-s
3412 877 3715 978 (hat-Lm,

477 1004 555 1076 qui
584 1003 796 1057 oderunt
825 1016 902 1055 mc
925 1001 1104 1071 gratis.
1139 997 1347 1070 Scimus
1374 997 1586 1066 capillos
1610 1002 1822 1049 nostros
1853 989 1919 1045 ad
1948 989 2042 1044 de-

477 1107 648 1151 corem
678 1090 868 1161 capitis
913 1105 1032 1146 esse
1059 1103 1344 1145 concessos
1379 1106 1391 1141 :
1424 1088 1500 1142 sic
1531 1084 1786 1140 Ecclesia:
1814 1078 2040 1151 apostoli

477 1191 595 1242 sunt
631 1182 840 1248 tributi,
873 1191 956 1248 ut,
987 1181 1126 1236 sicut
1169 1182 1416 1236 czesaries
1461 1186 1617 1233 ornat
1655 1183 1843 1244 caput,
1889 1172 1962 1226 ita
1989 1178 2044 1226 et

375 1291 403 1306 τε
478 1293 660 1336 omnes
699 1277 883 1333 ﬁdeles
923 1276 1184 1333 decorare
1223 1275 1512 1346 probentur
1541 1271 1859 1328 Ecclesiam.
1903 1267 2045 1336 Ergo

477 1380 534 1428 ut
561 1368 869 1426 ostenderet
899 1368 1017 1439 plus
1055 1383 1175 1424 esse
1220 1379 1499 1422 numerum
1539 1363 1835 1419 inﬁdelium
1885 1370 2045 1428 quam

479 1465 821 1534 devotorum,
854 1462 983 1520 dicit
1024 1462 1388 1533 multiplicatos
1432 1473 1539 1514 esse
1568 1455 1801 1527 perﬁdos
1830 1451 2048 1508 Iudaeos

479 1571 637 1626 supra
664 1571 942 1614 numerum
972 1553 1297 1625 capillorum,
1329 1551 1382 1607 id
1401 1559 1503 1618 est,
1527 1557 1672 1605 recte
1695 1543 2045 1604 credentium.

481 1647 634 1714 Quod
664 1649 712 1704 si
740 1648 806 1703 ad
846 1649 1075 1704 litteram
1109 1645 1243 1701 velis
1273 1643 1535 1713 accipere,
1577 1655 1674 1711 per
1719 1637 1940 1694 auxesin
1970 1635 2053 1691 di-

483 1750 628 1798 ctum
657 1752 764 1810 est,
784 1753 846 1800 ut
866 1758 961 1813 per
988 1741 1090 1797 hoc
1112 1739 1318 1796 turbam
1336 1734 1572 1792 .ludaicte
1596 1731 1949 1790 multitudinis
1971 1730 2052 1786 in-

483 1833 709 1892 dicaret.
731 1834 1003 1906 Sequitur,
1025 1833 1111 1904 qui
1135 1831 1348 1886 oderunt
1373 1843 1454 1883 me
1470 1825 1649 1898 gratis.
1673 1822 1848 1879 Gratis
1871 1821 2049 1893 plane,

2140 979 2206 1050 9)
2242 996 2254 1032 :
2289 979 2382 1033 sed
2411 977 2614 1048 magis,
2644 975 2782 1032 sicut
2807 973 2938 1029 dicit
2966 970 3256 1044 Apostolus
3288 987 3304 1026 :
3335 969 3469 1025 Eum
3496 970 3588 1040 qui
3615 984 3720 1024 non

2142 1079 2347 1128 nouerat
2373 1081 2656 1142 peccatum,
2686 1084 2781 1140 pro
2808 1066 2953 1122 nobis
2976 1072 3236 1138 peccatum
3258 1063 3376 1136 fecit
3399 1061 3490 1134 (II
3511 1061 3636 1118 Cor.
3663 1076 3719 1132 ν,

2142 1165 2274 1232 21);
2302 1165 2356 1220 id
2381 1172 2482 1232 est,
2511 1163 2669 1220 Pater
2695 1162 2892 1219 Filium
2928 1174 3084 1216 suum
3111 1158 3342 1216 hostiam
3369 1173 3466 1230 pro
3483 1157 3723 1226 peccatis

2144 1255 2422 1313 constituit
2469 1253 2876 1309 immolandum.
2918 1250 3070 1319 Quod
3112 1248 3272 1306 Pater
3309 1249 3639 1320 Augustinus
3670 1248 3726 1304 in

2145 1346 2285 1403 libro
2322 1343 2667 1401 Enchiridion
2706 1341 2864 1414 (Cap.
2892 1340 2992 1411 41)
3030 1338 3298 1395 subtiliter
3320 1339 3730 1410 comprehendit

2147 1447 2308 1508 atque
2346 1434 2619 1492 disseruit.
2667 1434 3002 1504 Quapropter
3043 1430 3388 1502 insipientiam
3419 1422 3511 1488 'vel
3539 1432 3734 1487 delicta

2150 1547 2182 1588 a
2209 1541 2357 1603 parte
2385 1531 2743 1588 membrorum
2787 1529 2962 1600 posita
3001 1525 3258 1583 debemus
3294 1526 3558 1596 accipere.
3597 1524 3734 1592 Qua

2151 1624 2319 1694 ﬁgura
2343 1622 2536 1678 dicitur
2561 1619 2841 1691 tapinosis,
2864 1618 2917 1674 id
2941 1625 3024 1674 est
3051 1615 3369 1684 humiliatio,
3399 1629 3523 1673 cum
3550 1615 3736 1674 verbis

2153 1714 2468 1772 humillimis
2491 1715 2568 1771 rei
2590 1713 2846 1771 minuitur
2870 1711 3199 1784 magnitudo.

2234 1830 2386 1887 Vers.
2419 1830 2474 1886 7.
2519 1829 2644 1885 Non
2672 1829 2968 1885 erubescant
2993 1828 3048 1882 in
3075 1843 3178 1897 me,
3213 1826 3301 1896 qui
3329 1836 3378 1882 te
3412 1833 3735 1898 exspectant,

487 1928 700 2000 quando
720 1893 870 1984 illum
897 1893 1165 1996 persecuti
1195 1928 1339 1988 sunt,
1364 1893 1522 1990 quem
1549 1915 1838 1987 propitium
1869 1921 2057 1983 optare
2087 1893 2140 1956 Β
2165 1919 2386 1976 Domine
2411 1919 2550 1976 Deus
2574 1921 2856 1986 virtutum;
2885 1935 2987 1974 non
3008 1893 3332 1974 reuereantur
3353 1893 3514 1990 super
3530 1933 3630 1981 me,
3647 1917 3740 1987 qui

487 2020 807 2077 debuerunt.
844 2016 1015 2073 Gratis
1044 2015 1185 2071 enim
1215 2020 1343 2069 tunc
1368 2011 1537 2066 odisse
1564 2009 1814 2073 dicimur,
1844 2003 2060 2076 quando

489 2108 791 2180 quempiam
833 2107 949 2162 sine
973 2104 1237 2176 aliquibus
1266 2099 1646 2158 offensionibus
1678 2109 2057 2160 exsecramur;

491 2201 627 2257 sicut
651 2209 706 2256 ct
733 2199 788 2255 in
814 2197 1090 2268 trigesimo
1118 2201 1306 2266 quarto
1332 2191 1538 2263 psalmo
1555 2191 1664 2259 jam
1691 2187 1891 2242 dictum
1930 2191 2014 2241 est
2043 2199 2059 2238 :

497 2291 751 2358 Quoniam
779 2289 935 2362 gratis
957 2285 1324 2342 absconderant
1353 2280 1480 2336 mihi
1507 2278 1770 2334 interitum
1792 2274 1962 2346 laquei
1982 2273 2063 2328 sui

493 2381 668 2455 (Psal.
697 2397 882 2446 xxxrv,
914 2379 989 2452 7).

569 2473 726 2530 Vers.
759 2472 813 2527 5.
843 2469 1130 2548 Confortati
1149 2475 1272 2528 sunt
1298 2467 1491 2528 inimici
1531 2466 1649 2536 mei,
1676 2464 1762 2541 qui
1788 2477 1867 2522 me
1895 2471 2066 2535 perse-

497 2575 725 2641 quuntur
751 2565 974 2641 injuste;
1007 2584 1118 2638 qua:
1137 2583 1238 2622 non
1259 2567 1434 2637 rapui,
1462 2575 1582 2620 tunc
1603 2561 1940 2620 exsoluebam.
1965 2558 2067 2616 Su-

475 2658 682 2731 perius
708 2659 843 2716 dixit
879 2678 892 2714 :
923 2659 1093 2728 Super
1125 2658 1340 2728 capillos
1369 2657 1550 2728 capitis
1577 2656 1943 2726 multiplicatos
1969 2651 2069 2708 ini—

501 2749 701 2816 micos;
749 2759 806 2805 et
842 2764 910 2807 ne
937 2749 1187 2806 crederes
1217 2757 1417 2804 tantum
1457 2762 1552 2804 eos
1594 2758 1929 2813 numerosos,
1960 2758 2069 2800 non

498 2842 663 2897 etiam
689 2839 878 2896 noxios
907 2840 1096 2906 fuisse,
1125 2839 1348 2908 addidit,
1379 2838 1655 2910 confortati
1693 2845 1830 2903 sunt,
1855 2833 2069 2907 quando

500 2931 555 2987 id
582 2932 721 3002 quod
741 2932 1074 2988 conabantur
1101 2931 1345 3000 efﬁcere,
1376 2931 1673 3001 probantur
1700 2929 1968 3000 implesse.
2005 2927 2072 2983 Et

502 3030 561 3076 ut
609 3022 729 3078 illos
758 3023 1002 3079 inimicos
1040 3036 1135 3077 sua
1175 3021 1332 3093 culpa
1377 3033 1731 3090 cognosceres
1769 3019 2067 3082 excitatos,

499 3114 734 3184 adjecit,
765 3115 852 3185 qui
886 3130 966 3169 me
1005 3122 1374 3184 persequuntur
1402 3113 1625 3184 injuste;
1656 3111 1758 3167 hoc
1794 3119 1896 3177 est,
1929 3109 2072 3182 quod

502 3205 751 3277 superius
778 3205 941 3274 dixit,
985 3207 1162 3276 gratis.
1209 3205 1416 3262 Revera
1463 3204 1717 3275 iniustum
1760 3204 1858 3260 fuit
1899 3204 2073 3276 utqui

2161 2013 2422 2081 requirunt
2449 2021 2517 2081 te,
2552 2011 2691 2066 Deus
2722 2009 2908 2066 Israel.
2937 2011 3075 2066 Ecce
3094 2024 3279 2066 versus
3304 2009 3404 2066 iste
3440 2009 3742 2066 declaravit

2161 2117 2193 2160 a
2219 2103 2474 2160 membris
2501 2101 2702 2158 dictum
2739 2102 2882 2172 quod
2910 2101 3157 2172 superius
3194 2101 3289 2156 ait.
3320 2101 3574 2158 Precatur
3591 2101 3740 2156 enim

2162 2195 2319 2253 Jesus
2337 2195 2608 2261 Christus,
2635 2209 2705 2250 ne
2732 2193 2801 2250 de
2839 2207 2901 2250 se
2936 2193 3053 2264 ipso
3096 2173 3514 2264 erubescanfqui
3552 2207 3741 2248 resur-

2163 2286 2456 2347 rectionem
2483 2285 2599 2361 ejus
2637 2285 2870 2360 gloriose
2894 2282 3162 2344 desiderio
3187 2283 3546 2352 sustinebant,
3575 2297 3740 2354 quam

2165 2382 2470 2441 carnalibus
2512 2382 2682 2440 oculis
2727 2397 2834 2438 non
2879 2387 3124 2452 poterant
3169 2380 3401 2446 intueri;
3438 2380 3580 2436 sicut
3625 2377 3742 2449 ipse

2165 2477 2425 2536 Dominus
2454 2476 2613 2546 Ldixit
2651 2493 2668 2533 :
2719 2474 2876 2530 Multi
2925 2474 3182 2546 propheta:
3221 2483 3268 2528 et
3305 2473 3436 2544 justi
3476 2472 3747 2542 cupierunt

2167 2571 2336 2625 uidere
2378 2584 2492 2640 qua:
2533 2583 2620 2624 vos
2659 2567 2866 2631 uidetis,
2922 2574 2971 2621 et
3025 2565 3205 2619 audire
3249 2580 3363 2635 qute
3409 2580 3495 2620 vos
3549 2563 3742 2620 auditis

2171 2660 2383 2731 (Matth.
2411 2675 2531 2726 XIII,
2557 2659 2670 2730 17).
2707 2657 2847 2715 Petit
2871 2671 3000 2728 ergo
3021 2655 3305 2712 inﬁrmitas
3334 2655 3535 2723 carnis,
3558 2671 3628 2712 ne
3650 2655 3744 2712 ali-

2170 2759 2254 2808 ter
2291 2749 2502 2808 eveniat
2545 2764 2706 2820 quam
2747 2748 2977 2819 Spiritus
3023 2754 3238 2804 sanctus
3278 2746 3604 2818 praedixerat
3646 2761 3745 2819 per

2171 2832 2477 2917 prophetas.
2507 2841 2641 2899 Cum
2669 2843 2813 2898 enim
2835 2840 2968 2896 dicit
3000 2855 3015 2894 :
3049 2839 3268 2896 Domine
3307 2837 3447 2895 Deus
3474 2840 3744 2909 uirtutum,

2171 2939 2407 2996 ostendit
2446 2934 2774 3006 impossibile
2801 2933 2934 2989 nihil
2961 2946 3082 2990 esse
3121 2931 3526 3003 omnipotentis:
3551 2932 3738 3003 ipsius.
3827 2937 3837 2952 '

2172 3029 2306 3087 Nam
2333 3028 2424 3100 qui
2461 3026 2749 3084 virtutibus
2785 3025 3040 3095 imperat,
3082 3037 3188 3079 non
3227 3033 3311 3079 est
3339 3024 3479 3094 quod
3514 3038 3624 3079 non
3652 3037 3747 3094 pro

2172 3139 2268 3182 sua
2288 3123 2564 3179 voluntate
2592 3119 2848 3190 perﬁciat.
2882 3117 2950 3173 Et
2975 3117 3191 3174 intende
3207 3115 3661 3187 quemadmodum
3680 3116 3750 3173 ad

2172 3211 2586 3272 resurrectionis
2617 3208 2930 3275 mysterium
2973 3207 3345 3264 transferatur.
3385 3207 3528 3263 Dicit
3553 3207 3698 3263 enim
3730 3223 3745 3260 :

500 3305 722 3354 venerat
767 3296 835 3352 ad
871 3296 1120 3353 Judaicos
1158 3296 1382 3367 populos
1410 3295 1697 3354 salvandos
1716 3335 1732 3361 ,
1774 3309 1864 3352 eos
1891 3295 2071 3364 potius
2097 3285 2144 3349 C
2176 3305 2301 3363 Νοη
2329 3309 2653 3360 fmguntur
2677 3316 2838 3373 super
2864 3315 2943 3354 me
2982 3300 3073 3371 qui
3096 3299 3360 3370 requirunt
3384 3305 3461 3367 te,
3492 3298 3635 3356 Dm
3663 3297 3749 3354 1.-

499 3393 794 3448 invenisset
820 3389 1084 3448 inimicos.
1123 3389 1442 3461 Subjunxit,
1471 3406 1585 3461 qua:
1613 3405 1716 3445 non
1751 3389 1922 3458 rapui,
1955 3397 2072 3444 tunc

495 3483 838 3559 .xsolvebam.
881 3481 1076 3552 Rapuit
1116 3481 1285 3538 Adam
1329 3495 1516 3538 suasus
1542 3496 1572 3536 a
1594 3481 1827 3549 diabolo,
1857 3482 2073 3552 quando

502 3574 606 3632 hoc
634 3574 775 3646 quod
803 3573 880 3630 illi
905 3582 1229 3645 praeceptum
1261 3571 1587 3640 inhibuerat,
1619 3574 1960 3644 praesumpsit
1985 3581 2073 3629 at-

506 3668 731 3738 tingere.
779 3667 846 3722 Et
885 3666 1078 3722 merito
1107 3673 1280 3720 morte
1307 3664 1586 3720 damnatus
1632 3675 1742 3731 est,
1788 3667 1909 3737 quia
1950 3667 2074 3722 vitae

505 3759 700 3833 delegit
751 3765 1093 3818 contemnere
1139 3756 1554 3830 Princeptorcm.
1601 3755 1848 3816 Christus
1894 3766 2073 3816 autem

507 3862 723 3925 peccata
753 3868 858 3909 non
885 3852 1086 3924 rapuit,
1117 3852 1311 3928 delicta
1340 3852 1600 3919 nescivit,
1638 3860 1694 3907 et
1741 3863 1918 3908 tamen
1950 3867 2075 3907 cru-

505 3960 622 4003 cem
643 3987 659 4013 ,
691 3944 843 4016 quasi
871 3942 1086 4015 aliquod
1114 3943 1366 3999 delictum
1411 3951 1772 4014 perpetrasset
1793 3983 1811 4011 ,
1842 3944 2076 4013 excepit,

507 4045 562 4094 ct
590 4036 749 4094 solvit
777 4049 873 4108 pro
912 4035 1066 4092 nobis
1114 4035 1255 4106 quod
1299 4049 1397 4106 pro
1436 4050 1498 4091 se
1520 4034 1664 4105 iuste
1691 4050 1799 4092 non
1827 4035 2074 4106 pertulit;

507 4139 561 4188 et
587 4138 643 4186 ut
664 4137 858 4187 nostrae
877 4131 1066 4186 mortis
1095 4130 1506 4202 chirographum
1535 4141 1804 4200 vacuaret,
1847 4131 1964 4202 ipse
1997 4140 2080 4188 to-

505 4223 611 4278 tius
640 4221 812 4292 culpa:
836 4221 1092 4292 persolvit
1119 4221 1354 4279 debitam
1384 4225 1756 4293 quantitatem.

573 4311 730 4368 Vere.
757 4312 812 4369 6.
844 4312 1007 4380 Deus,
1032 4321 1086 4366 tu
1110 4313 1206 4367 scis
1233 4314 1576 4384 insipientiam
1602 4331 1785 4385 meam,
1810 4324 1861 4370 el
1895 4315 2082 4370 delicta

504 4419 619 4460 mea
641 4419 674 4456 a
701 4412 747 4460 te
774 4419 876 4458 non
903 4411 1018 4458 sunt
1045 4403 1360 4457 abscondita.
1393 4404 1554 4460 Venit
1578 4405 1644 4460 ad
1676 4407 1968 4462 secundum
1993 4419 2083 4461 ca-

505 4505 618 4567 put,
640 4495 730 4552 ubi
751 4495 860 4565 jam
881 4494 1113 4566 loquitur
1132 4510 1230 4565 pro
1251 4501 1403 4564 parte
1419 4497 1802 4554 membrorum.
1820 4497 2081 4568 lnsipiens

503 4592 647 4648 enim
676 4603 796 4647 esse
823 4603 930 4646 non
956 4596 1134 4659 potest
1158 4585 1424 4656 Christus,
1451 4588 1521 4645 de
1552 4604 1659 4660 quo
1687 4590 1818 4646 dicit
1850 4593 2083 4663 Aposto-

505 4684 619 4740 lus:
641 4683 736 4738 Dei
761 4683 1018 4748 virtutem,
1039 4689 1086 4736 et
1117 4680 1215 4736 Dei
1243 4681 1547 4751 sapientiam
1566 4679 1625 4754 (Ι
1637 4680 1758 4738 Cor.
1781 4698 1816 4749 ι,
1833 4683 1948 4754 24).
1973 4683 2080 4741 Sed
2109 4666 2164 4727 Ῑ)

507 4773 850 4844 insipientiam
876 4773 1077 4830 habere
1105 4786 1202 4843 pro
1230 4771 1336 4828 illis
1365 4771 1579 4840 dicitur,
1609 4776 1720 4844 qui,
1755 4777 1893 4832 sicut
1919 4777 1991 4832 ait
2018 4779 2086 4834 ti-

509 4866 678 4934 tulus,
724 4866 1020 4922 commutati
1069 4880 1188 4923 esse
1228 4875 1540 4923 noscuntur.
1588 4867 1665 4924 De
1707 4869 2084 4941 insipientibus

508 4961 650 5018 enim
681 4959 807 5016 facti
833 4968 958 5017 sunt
987 4975 1112 5017 vere
1137 4961 1424 5032 sapientes,
1463 4962 1589 5032 quia
1620 4971 1780 5018 recta:
1805 4964 2082 5036 religionis

508 5051 732 5124 gratiam
759 5060 884 5122 post
912 5067 1104 5123 magna
1128 5053 1354 5108 crimina
1384 5063 1767 5124 perceperunt;
1798 5055 1866 5112 de
1890 5057 2084 5128 quibus

507 5144 652 5201 idem
687 5143 819 5199 dicit
855 5143 1129 5213 apostolus
1166 5161 1179 5198 :
1219 5143 1348 5212 Quae
1381 5145 1540 5199 stulta
1575 5153 1696 5200 sunt
1721 5147 1878 5220 hujus
1906 5150 2084 5204 mundi

507 5237 659 5308 elegit
702 5235 872 5304 Deus,
917 5243 974 5289 ut
1011 5237 1292 5307 confundat
1329 5238 1580 5308 sapientes
1628 5236 1892 5309 (Ibidem,
1944 5241 2014 5294 27
2036 5241 2080 5310 ).

508 5329 684 5388 Simili
709 5329 869 5386 modo
889 5343 986 5399 pro
1010 5343 1108 5384 suo
1132 5344 1359 5400 corpore
1383 5328 1554 5399 Caput
1586 5330 1818 5400 loquitur
1840 5331 2083 5389 Christus

509 5421 694 5478 dicens
725 5438 740 5474 :
782 5419 982 5474 Delicta
1007 5436 1120 5474 mea
1164 5437 1197 5473 a
1234 5418 1288 5475 te'
1307 5436 1410 5473 non
1442 5428 1564 5474 sunt
1595 5419 1910 5476 abscondita.
1958 5421 2084 5477 Cer-

510 5524 622 5571 tum
653 5523 736 5570 cst
778 5517 917 5571 enim
958 5517 1079 5585 quia
1129 5514 1241 5569 Deo
1282 5513 1560 5568 manifesta
1591 5522 1714 5570 sunt
1753 5525 1939 5571 cuncta
1970 5531 2089 5586 quae

509 5610 771 5680 gerimus,
801 5617 855 5665 et
883 5609 1036 5664 nobis
1059 5608 1372 5678 plerumque
1404 5607 1582 5678 ignota
1615 5618 1737 5664 sunt
1764 5626 1880 5678 quae
1912 5611 2088 5680 culpis

511 5704 919 5773 surripientibus
947 5710 1338 5774 perpetramus.
1363 5702 1438 5758 De
1460 5704 1693 5760 humana
1719 5707 1915 5776 quippe
1940 5707 2089 5777 igno-

512 5797 680 5851 rantia
709 5795 912 5852 dictum
944 5805 1023 5850 est
1058 5813 1069 5847 :
1106 5791 1432 5864 Delicta'quis
1453 5797 1691 5870 intelligit
1722 5799 1899 5870 (Psal.
1935 5816 2084 5865 xvm,

515 5891 628 5962 ιδῃ
643 5890 828 5946 Merito
851 5904 978 5958 ergo
1007 5887 1069 5940 ad
1113 5886 1231 5942 illos
1268 5887 1548 5944 referenda
1589 5903 1708 5946 sunt
1740 5892 1923 5946 delicta
1953 5895 2050 5947 ista
2072 5938 2084 5962 ,

2173 3398 2318 3466 rael;
2349 3397 2403 3454 id
2430 3405 2545 3464 est,
2590 3409 2698 3450 non
2738 3393 2999 3450 humanas
3037 3392 3405 3449 insultationes
3445 3392 3648 3449 diutius
3682 3392 3748 3450 de

2173 3506 2291 3550 mea
2320 3488 2643 3546 dormitione
2667 3485 2983 3552 sustineant,
3010 3486 3101 3554 qui
3131 3494 3177 3540 te
3205 3485 3460 3556 requirere
3491 3499 3741 3555 compro-

2173 3583 2388 3640 bantur.
2422 3579 2491 3635 Et
2514 3577 2653 3636 bene
2675 3575 2896 3642 addidit,
2935 3565 3075 3631 Deus
3105 3573 3308 3644 Israel,
3339 3585 3399 3632 ut
3425 3576 3517 3648 qui
3548 3577 3744 3632 divini-

2175 3680 2340 3729 tatem
2378 3671 2497 3740 ejus
2528 3676 2777 3739 poterant
2818 3667 3030 3735 intueri,
3059 3680 3167 3723 non
3193 3665 3577 3726 seducerentur
3606 3669 3750 3727 inﬁr-

2175 3764 2363 3832 mitate
2386 3761 2608 3821 carnali.

2199 3889 2208 3894 ‘
2248 3877 2405 3933 Vers.
2447 3875 2502 3931 8.
2548 3874 2803 3942 Quoniam
2839 3883 3044 3946 propter
3083 3881 3130 3928 te
3173 3874 3472 3945 supportaui
3504 3873 3752 3946 impr-0pc-

2177 3973 2316 4027 rium
2337 3987 2355 4024 :
2387 3970 2583 4042 operuit
2615 3970 2897 4023 reverentia
2935 3968 3117 4038 faciem
3141 3983 3325 4021 meum.
3359 3965 3519 4023 Redit
3540 3968 3609 4022 ad
3641 3983 3755 4038 per-

2179 4079 2366 4122 sonam
2398 4077 2550 4118 suam
2577 4075 2671 4132 per
2697 4060 2796 4115 hos
2825 4073 2917 4116 sex
2940 4073 3127 4116 versus
3148 4074 3284 4130 pene
3313 4074 3480 4131 usque
3506 4060 3576 4116 ad
3599 4060 3753 4116 ﬁnem

2180 4157 2490 4223 divisionis,
2525 4167 2846 4210 enumerans
2871 4152 3084 4210 diversa
3117 4153 3357 4210 convicia
3392 4169 3514 4224 quae
3543 4155 3756 4226 pertulit

2182 4267 2214 4306 a
2237 4249 2457 4308 Judzeis.
2491 4246 2646 4316 Quod
2689 4246 2908 4302 schema
2945 4247 3140 4302 dicitur
3173 4245 3633 4319 synathroismos,
3661 4247 3758 4303 La-

2182 4340 2293 4398 tine
2315 4336 2676 4410 congregatio,
2709 4337 2796 4393 ubi
2826 4335 3020 4393 multas
3054 4350 3143 4393 res
3182 4337 3251 4392 ad
3276 4337 3534 4393 invidiam
3563 4337 3760 4394 facien-

2182 4431 2304 4489 dam
2353 4433 2407 4487 in
2449 4444 2612 4486 unum
2659 4428 2929 4484 cumulum
2977 4441 3385 4499 congregamus.
3427 4429 3761 4499 Supportarit

2182 4523 2323 4580 enim
2369 4520 2770 4590 improperium,
2808 4533 2933 4574 cum
2965 4517 3016 4574 ei
3041 4517 3317 4574 dicebatur
3346 4533 3378 4572 a
3407 4517 3610 4575 Iudaeis
3652 4536 3666 4572 :
3696 4517 3759 4572 In

2185 4611 2463 4668 Bclsebuth
2491 4610 2636 4683 ejicis
2667 4608 2923 4664 datmonia
2963 4607 3176 4680 (Matth.
3209 4623 3308 4673 xtl,
3341 4606 3470 4679 24);
3504 4617 3561 4664 et
3589 4608 3712 4664 alibi
3743 4626 3756 4661 :

2190 4706 2323 4762 Ecce
2352 4705 2501 4761 homo
2523 4718 2680 4758 uorax
2700 4710 2748 4757 et
2779 4710 2980 4772 potator
3001 4702 3124 4768 vini,
3155 4702 3544 4773 publicanorum
3574 4711 3623 4757 ct
3651 4718 3761 4774 pec-

2189 4807 2418 4853 catorum
2447 4796 2638 4850 amicus
2678 4791 2874 4864 (Idem,
2903 4809 2979 4859 x1,
3005 4793 3134 4864 i9);
3167 4802 3221 4850 et
3250 4793 3377 4848 alibi
3413 4810 3426 4847 :
3470 4793 3659 4848 Nonne
3685 4794 3761 4848 hic

2191 4897 2266 4944 est
2296 4888 2429 4959 fabri
2457 4887 2598 4956 filius
2623 4883 2841 4958 (Matth.
2887 4897 2981 4939 xm
3003 4925 3020 4951 ,
3068 4883 3196 4952 '55)?
3220 4891 3274 4939 et
3307 4881 3392 4939 his
3420 4883 3638 4939 similia.
3665 4883 3763 4939 Se-

2191 4980 2368 5050 quitur
2393 4977 2522 5034 illutl
2551 4975 2693 5048 quod
2721 4976 2858 5033 solet
2871 4974 3100 5032 evenire
3125 4977 3180 5031 in
3206 4976 3348 5032 bono
3381 4975 3598 5046 negotio
3625 4976 3764 5032 lace-

2188 5071 2318 5125 ratis
2338 5111 2351 5135 ,
2375 5082 2508 5139 quos
2537 5076 2687 5123 tanto
2724 5065 2955 5137 amplius
2981 5073 3190 5122 constat
3235 5066 3300 5121 ad
3332 5074 3542 5137 tempus
3582 5067 3763 5123 tristes

2186 5160 2348 5228 efﬁci,
2381 5169 2579 5231 quanto
2608 5160 2663 5216 in
2692 5173 2752 5214 se
2777 5157 3128 5228 cognoverint
3156 5157 3333 5228 iniqua
3361 5157 3618 5229 conﬁngi.

2261 5255 2414 5310 Vers.
2447 5252 2500 5308 9.
2535 5251 2826 5308 Extraneus
2869 5257 3037 5322 factus
3075 5267 3192 5306 sum
3236 5251 3480 5322 fratribus
3518 5253 3679 5318 meis,
3722 5261 3768 5308 et

2190 5347 2371 5417 hospes
2399 5346 2563 5418 228
2587 5345 2708 5414 ﬁliis
2737 5343 2917 5398 matris
2955 5357 3101 5398 meat.
3141 5341 3356 5398 Iudaeos
3404 5341 3494 5398 hic
3538 5343 3770 5413 appellat

2191 5437 2398 5506 fratres,
2428 5436 2516 5506 qui
2555 5441 2710 5490 erant
2739 5437 2790 5490 ei
2831 5432 3106 5503 sanguinis
3147 5433 3423 5490 vicinitate
3450 5434 3718 5503 conjuncti
3753 5452 3766 5487 :

2191 5528 2383 5598 quibus
2421 5535 2687 5582 extraneus
2735 5525 2896 5590 factus
2937 5532 3038 5591 est,
3071 5524 3286 5595 quando
3332 5527 3381 5582 ei
3423 5527 3644 5583 credere
3675 5541 3771 5580 no-

2193 5619 2426 5674 luerunt.
2473 5618 2603 5672 Nam
2648 5631 2767 5670 cum
2813 5616 2928 5686 ipse
2973 5626 3114 5672 esset
3150 5617 3217 5672 de
3252 5619 3460 5674 semine
3497 5617 3767 5674 Abraham

2193 5711 2484 5769 secundum
2524 5724 2766 5774 carnem,
2822 5708 2900 5763 illi
2951 5711 3102 5766 malis
3131 5711 3385 5780 operibus
3423 5712 3689 5782 abdicati,
3737 5729 3768 5769 a

2193 5803 2506 5873 patriarcha
2536 5810 2662 5858 sunt
2698 5800 2904 5870 origine
2928 5802 3220 5871 segregati,
3250 5802 3390 5858 sicut
3413 5804 3490 5859 ait
3513 5806 3564 5859 in
3595 5805 3768 5860 Evan-

2194 5894 2333 5965 gelio
2365 5913 2375 5946 :
2410 5893 2468 5948 Si
2494 5894 2590 5961 filii
2624 5891 2841 5947 Abraha:
2869 5893 3056 5961 essetis,
3088 5908 3242 5962 Opera
3275 5895 3494 5953 Abrahae
3527 5897 3767 5967 fecissetis
