4020 6348
271 391 378 447 481

1175 385 1536 445 EXPOSI'I‘IO
1572 384 1640 443 IN
1677 350 2131 443 PSALTERlUlil.
2172 383 2362 443 PSAL.
2394 383 2625 442 LXVIII.

3437 378 3545 444 mw

270 504 467 579 (Joan.
502 517 615 571 Vttt,
647 498 776 572 59).
804 499 1035 573 Adiecit,
1064 507 1115 556 et
1154 499 1338 571 hospes
1364 500 1487 568 ﬁliis
1512 502 1689 553 matris
1716 512 1859 553 meat.
1890 501 1941 560 Α
1967 497 2163 568 operui,
2186 497 2339 566 dixit,
2367 498 2589 552 animant
2615 512 2800 567 meam,
2841 496 2991 568 quasi
3024 499 3202 571 aliquo
3243 498 3405 571 pallio
3443 496 3542 557 ιιιί.

268 595 551 667 Hospitem
570 593 800 650 dicimus
814 592 1109 665 quemlibet
1125 592 1342 649 domum
1372 601 1609 648 nostram
1640 592 1706 647 ad
1729 600 1864 648 tem-

267 701 379 758 pus
395 684 750 754 habitantem,
775 684 866 756 qui
895 700 1003 741 non
1025 687 1239 742 nomine
1260 683 1755 756 consanguinitatis,
1770 683 1864 739 sed

271 790 539 851 tanquam
587 780 904 852 peregrinus
943 770 1223 851 excipitur.
1269 780 1491 835 Matrem
1530 794 1659 836 vero
1706 792 1864 834 suam

270 874 617 946 Synagogam
630 873 781 942 dicit,
798 874 866 931 de
886 890 988 946 qua
1001 883 1149 931 ortus
1166 882 1269 942 est,
1285 874 1411 930 dum
1440 874 1491 929 in
1504 872 1683 929 Judma
1706 879 1865 943 gente

272 968 435 1024 nasci
487 967 733 1038 dignatus
786 976 889 1024 est.
919 966 1090 1022 Filios
1119 983 1247 1038 ergo
1291 968 1469 1021 matris
1516 966 1662 1037 ipsos
1704 964 1864 1032 dicit,

272 1048 420 1130 quos
443 1059 691 1130 superius
716 1059 850 1116 dixit
870 1068 925 1115 et
944 1063 1147 1130 fratres.
1172 1054 1279 1115 Sed
1299 1059 1384 1115 isti
1415 1058 1536 1128 ﬁlii,
1570 1058 1614 1111 si
1642 1054 1868 1111 fuissent

275 1149 419 1215 veri,
453 1150 563 1204 non
584 1155 643 1204 ut
667 1149 915 1220 hospitem
940 1149 1272 1217 habuissent,
1302 1148 1397 1204 sed
1423 1158 1481 1203 ut
1503 1148 1717 1203 fratrem
1743 1145 1870 1201 cha-

278 1242 562 1299 rissimum
589 1244 951 1314 suscepissent
980 1242 1264 1298 Dominum
1291 1241 1580 1298 Christum.

361 1358 516 1415 Vers.
560 1350 649 1415 I0.
689 1356 945 1423 Quoniam
980 1355 1120 1410 zelus
1159 1355 1343 1410 domus
1384 1364 1486 1410 tua:
1512 1356 1726 1411 comedit
1758 1373 1866 1424 me,

281 1461 333 1507 et
363 1449 642 1523 approbria
679 1447 1095 1520 exprobrantium
1128 1447 1218 1501 tibi
1257 1446 1544 1502 ceciderunt
1586 1464 1739 1519 super
1767 1463 1867 1504 me.

284 1544 414 1615 Ipsa
455 1551 540 1602 est
566 1542 834 1601 sententia
858 1555 1018 1613 quam
1058 1540 1397 1613 evangelista:
1424 1549 1869 1597 commemorant.

286 1636 627 1708 Quapropter
650 1634 833 1692 nullus
860 1634 1098 1706 ambigat
1131 1634 1275 1690 hunc
1302 1635 1565 1704 psalmum
1609 1632 1871 1703 passionis

287 1728 577 1786 dominicae
597 1728 893 1800 praedicere
916 1727 1220 1795 veritatem,
1241 1726 1455 1797 quando
1483 1735 1541 1783 et
1564 1727 1873 1782 incarnatus

284 1817 391 1876 Dei
427 1818 593 1878 Filius
629 1821 748 1891 ipsa
790 1821 951 1877 verba
990 1820 1199 1877 locutus
1238 1828 1339 1875 est.
1382 1816 1684 1874 Comedebat
1722 1818 1868 1875 enim

285 1928 414 1970 eum
442 1914 584 1969 zelus
612 1915 794 1970 domus
815 1913 1158 1984 Dei,quando
1178 1912 1411 1969 funiculo
1429 1912 1568 1969 laeto
1587 1912 1872 1969 cathedras
1900 1918 1950 1981 Β

285 2004 637 2062 vendentium
675 2004 989 2072 columbas,
1036 2012 1091 2061 et
1139 2003 1617 2059 nummulariorum
1656 2016 1872 2059 mensas

286 2097 491 2154 evertit
517 2096 709 2171 (Joan.
739 2114 799 2165 ιι,
833 2097 966 2169 15),
1021 2095 1222 2154 docens
1259 2095 1404 2152 aliud
1449 2110 1571 2152 esse
1612 2094 1869 2165 templum

289 2200 569 2257 sanctum,
606 2188 763 2244 diud
811 2188 1189 2260 negotiationis
1236 2187 1493 2243 ofﬁcium.
1544 2187 1651 2244 Sed
1707 2186 1871 2243 istum

291 2280 469 2337 zelum
503 2279 631 2351 quid
680 2280 839 2338 luerit
875 2291 1221 2338 consecutum
1253 2288 1501 2350 patenter
1540 2279 1868 2350 adiungitur,

294 2380 350 2425 et
378 2371 653 2443 opprobria
688 2372 1108 2444 exprobrantium
1140 2371 1229 2426 tibi
1266 2370 1554 2426 ceciderunt
1588 2387 1743 2440 super
1768 2386 1867 2427 me.

289 2462 428 2519 Nam
460 2473 740 2536 postquam
771 2464 974 2536 indigni
1001 2463 1327 2521 salutaribus
1364 2463 1581 2519 monitis
1618 2463 1872 2534 increpa-

288 2554 512 2626 bantur,
542 2556 828 2627 opprobria
852 2571 1013 2627 supra
1040 2570 1163 2612 eum
1188 2555 1341 2627 quasi
1369 2554 1608 2610 conferta
1641 2555 1743 2610 tela
1771 2554 1871 2610 mi-

290 2655 516 2714 serunt,
546 2656 605 2703 ut
632 2662 729 2714 pro
750 2646 1204 2704 admonitionibus
1225 2645 1426 2702 sanctis
1448 2645 1872 2701 vicissitudinem

290 2718 929 2812 redderent‘jurgiorum.
958 2739 1221 2797 Dicebant
1248 2739 1391 2795 enim
1421 2756 1436 2793 :
1471 2737 1662 2793 Nonne
1689 2739 1771 2792 hic
1800 2744 1876 2794 est

291 2830 435 2900 filius
464 2828 651 2885 Maria:
676 2838 724 2886 et
744 2831 940 2903 Ioseph
969 2829 1120 2901 (Luc.
1155 2844 1227 2896 tv,
1258 2828 1372 2901 22).
1396 2828 1464 2884 Et
1490 2829 1542 2885 in
1575 2829 1680 2885 alio
1711 2829 1873 2885 loco:

292 2922 457 2978 Hunc
482 2930 651 2979 autem
675 2926 925 3001 nescimus
954 2922 1089 2978 unde
1106 2923 1181 2999 sit
1207 2918 1395 2991 (Joan.
1419 2936 1496 2987 ιι,
1537 2918 1675 2993 29);
1713 2928 1767 2977 et
1790 2918 1878 2977 his

291 3016 495 3073 similia
517 3031 637 3088 qua:
673 2994 1192 3073 insanadudaaorum
1216 3015 1371 3071 turba
1400 3014 1737 3084 loquebatur.
1766 3013 1875 3070 Sed

293 3107 440 3178 quod
459 3107 605 3176 dicit,
635 3108 1047 3180 exprobrantium
1085 3106 1194 3173 tibi,
1227 3105 1572 3178 quaerendum
1599 3113 1681 3161 est
1710 3119 1877 3178 quare

295 3202 443 3258 dicat
468 3202 613 3259 Patri
633 3202 1037 3274 exprobratum,
1069 3201 1200 3257 dum
1228 3216 1337 3257 non
1364 3200 1602 3271 legamus
1624 3215 1654 3255 a
1677 3199 1876 3256 Judceis

1966 591 2127 645 stitite
2164 591 2511 648 circumdedi.
2549 581 2862 664 'Sequitur,‘
2887 602 2934 647 et
2975 597 3169 665 factum
3207 604 3279 649 est
3313 592 3439 648 mihi
3480 593 3553 649 in

1969 681 2313 753 approbrium.
2342 683 2568 757 Semper
2592 684 2717 739 boni
2747 684 2901 738 malis
2935 686 3222 755 opprobrio
3244 692 3388 753 sunt,
3418 684 3551 755 quia‘

1966 773 2187 829 minime
2214 791 2398 831 eorum
2422 776 2719 832 sceleribus
2747 778 3113 846 acquiescunt,
3147 779 3271 834 dum
3300 777 3407 833 illis
3430 785 3549 832 stu-

1969 865 2117 921 diose
2158 866 2473 937 detraltunt,
2516 867 2706 937 quibus
2745 868 2889 923 nulla
2938 871 3192 926 societate
3227 869 3547 940 junguntur;

1968 959 2257 1016 'I‘estantur
2288 961 2431 1016 enim
2467 959 2572 1015 ista
2601 962 2895 1031 opprobria,
2928 961 3131 1031 alapas,
3160 960 3389 1032 ﬂagella,
3418 975 3551 1017 con-

1969 1060 2146 1121 sputa,
2191 1066 2311 1122 qua:
2357 1053 2613 1109 Dominus
2642 1052 2887 1110 Salvator
2912 1054 2977 1110 ab
3009 1054 3193 1109 insana
3224 1054 3380 1123 plebe
3419 1068 3547 1124 per-

1967 1155 2156 1212 pessus
2182 1153 2281 1199 est.

2042 1234 2197 1289 Vcrs.
2233 1236 2320 1290 12.
2355 1234 2425 1289 Et
2454 1236 2602 1305 posui
2631 1236 2978 1289 vestimentum
3004 1251 3170 1291 meum
3200 1235 3444 1302 cilicium,
3500 1241 3551 1290 et

1972 1328 2138 1398 {actus
2168 1343 2279 1381 sum
2318 1327 2423 1381 illis
2466 1328 2519 1382 in
2558 1328 3000 1397 parabolam.Per
3044 1328 3270 1382 cilicium
3325 1328 3545 1384 tristitia

1973 1418 2303 1488 signiﬁcatur
2345 1429 2398 1475 et
2444 1420 2726 1491 lacrymae,
2781 1420 2994 1491 quando
3035 1419 3292 1477 Dominus
3335 1419 3556 1477 humani

1972 1512 2184 1582 generis
2203 1510 2566 1567 imbecillitate
2589 1521 2885 1582 permotus,
2912 1512 3265 1568 suscitaturus
3293 1511 3553 1568 Lazarum

1971 1600 2140 1655 ﬂevit.
2173 1599 2444 1670 Nusquam
2474 1600 2618 1656 enim
2659 1600 2855 1669 legitur
2878 1599 3163 1656 Dominum
3201 1617 3359 1657 usum
3386 1601 3556 1658 fuisse

1973 1690 2175 1747 cilicio.
2235 1689 2431 1747 Factus
2478 1703 2553 1746 est
2610 1706 2825 1762 quoque
2872 1691 3071 1748 Judzeis
3120 1694 3177 1748 in
3226 1694 3553 1764 parabolam,

1974 1781 2186 1852 quando
2206 1796 2304 1851 per
2325 1781 2700 1837 similitudines
2727 1782 2983 1853 quasdam
3010 1782 3277 1840 carnalem
3306 1783 3557 1854 populum

1975 1872 2171 1928 docere
2204 1871 2507 1941 videbatur,
2548 1871 2687 1927 sicut
2722 1872 2777 1927 in
2815 1872 3111 1943 Evangelio
3151 1873 3343 1943 legitur
3372 1891 3384 1926 :
3417 1872 3561 1929 Dixit

1978 1962 2236 2018 Dominus
2263 1962 2574 2032 parabolam
2600 1962 2667 2018 ad
2695 1963 2904 2019 turbam
2936 1964 3158 2033 (Matth.
3191 1980 3305 2032 xm,
3343 1964 3477 2037 54);
3502 1973 3560 2022 et

1975 2053 2030 2109 in
2056 2053 2163 2108 alio
2193 2054 2439 2124 psalmo:
2467 2054 2706 2126 Aperiam
2732 2055 2785 2109 in
2817 2055 3081 2125 parabolis
3109 2073 3166 2112 os
3191 2072 3356 2111 meum
3381 2056 3558 2129 (Psal.

1974 2162 2176 2216 Lxxvtt,
2207 2147 2299 2219 2).
2336 2148 2593 2204 Parabola
2632 2155 2716 2203 est
2755 2149 2898 2203 enim
2927 2159 3115 2205 natura
3140 2148 3559 2219 discrepantium

1974 2253 2155 2295 rerum
2178 2239 2278 2295 sub
2297 2238 2470 2310 aliqua
2501 2238 2848 2296 similitudine
2864 2238 3000 2295 facta
3022 2239 3349 2309 comparatio
3369 2255 3383 2293 :
3407 2252 3561 2297 more

1974 2330 2323 2423 providentiae
2351 2347 2495 2398 sum,
2526 2340 2585 2388 ut
2611 2332 2702 2403 qui
2738 2331 2977 2388 cmlestia
3008 2346 3217 2401 capere
3253 2346 3361 2388 non
3398 2340 3556 2402 pote-

1973 2421 2116 2491 rant,
2146 2437 2242 2492 per
2273 2431 2513 2480 terrenas
2538 2421 2916 2479 similitudines
2940 2422 3120 2477 audita
3152 2422 3431 2492 percipere
3456 2434 3555 2491 po-

1976 2515 2224 2572 tuissent.

2046 2604 2201 2663 Vers.
2237 2606 2325 2662 15.
2368 2607 2651 2663 Adversum
2679 2622 2759 2662 me
2787 2612 3145 2661 exercebantur
3184 2604 3340 2678 [ed.,
3381 2604 3557 2675 loque-

1977 2698 2197 2768 bantur]
2227 2700 2316 2769 qui
2342 2699 2577 2754 sedebant
2602 2700 2654 2753 in
2678 2708 2853 2770 porta;
2882 2708 2930 2753 et
2966 2699 3021 2752 in
3045 2714 3125 2753 me
3149 2696 3430 2767 psallebant
3468 2695 3558 2766 qui

1977 2788 2216 2844 bibebant
2243 2790 2438 2843 vinum.
2470 2789 2537 2843 In
2563 2790 2726 2861 portis
2760 2789 2932 2844 sedent
2961 2789 3050 2861 qui
3074 2789 3423 2845 conventibus
3450 2787 3555 2843 ho-

1978 2881 2181 2935 minum
2208 2879 2393 2936 sedula
2421 2880 2729 2936 curiositate
2754 2882 3065 2937 miscentur.
3094 2880 3226 2936 Nam
3248 2881 3386 2937 sicut
3407 2888 3554 2947 porta

1978 2972 2216 3029 euntium
2258 2987 2321 3028 ac
2365 2972 2702 3028 redeuntium
2738 2972 2922 3029 turbas
2958 2972 3183 3043 excipit,
3230 2971 3305 3027 ita
3342 2970 3554 3027 diversa

1977 3064 2156 3131 trivia,
2188 3064 2273 3119 vel
2303 3064 2497 3135 platea:
2525 3063 2843 3134 populorum
2871 3064 3258 3120 numerositate
3280 3062 3558 3133 complen-

1981 3166 2088 3213 tur.
2118 3155 2283 3211 Porta
2309 3158 2505 3227 quippe
2535 3157 2676 3213 dicta
2707 3163 2791 3213 est
2816 3156 2957 3227 quod
2990 3156 3114 3212 inde
3140 3164 3420 3227 portentur
3439 3170 3555 3212 om-

1982 3251 2090 3305 nia.
2121 3248 2258 3304 Dicit
2276 3249 2421 3304 enim
2442 3249 2746 3318 passionem
2770 3262 2922 3304 suam
2944 3249 3117 3319 gentis
3137 3248 3369 3304 Judaictn
3390 3247 3555 3304 fuisse

697 3296 710 3308 .
791 3296 803 3308 .
1019 3296 1032 3308 .
1077 3296 1089 3308 .
1242 3296 1254 3308 .
1314 3297 1326 3308 .
1572 3298 1581 3307 .
1662 3296 1674 3308 .
1982 3293 2090 3305 ω...
2121 3293 2258 3304 -.-η
2279 3293 2421 3304 -......
2442 3293 2746 3318 ,κων-ν...
2770 3293 2922 3304 -.._...
2944 3293 3116 3319 οη..-
3137 3293 3369 3304 -.η-.-η
3390 3293 3553 3304 ._.---

294 3293 1476 3414 ii:EaziifliiiRETELCTfthﬁe
1503 3295 1715 3414 illi???
1906 3317 1957 3383 (ἶ
1986 3342 2237 3409 tabulam,
2267 3350 2325 3398 ut
2347 3342 2525 3399 nullus
2556 3343 2896 3413 exciperetur
2914 3345 3056 3414 quia
3081 3343 3177 3398 tali
3196 3343 3553 3399 collocatione

292 3388 605 3459 petratumi
631 3387 741 3445 Sed
769 3389 1148 3461 exprobratum
1190 3398 1271 3445 est
1308 3388 1452 3445 Patri
1502 3389 1571 3445 ab
1597 3390 1706 3457 eis,
1738 3391 1878 3446 sicut

292 3480 353 3537 in
386 3482 782 3553 septuagesimo
819 3482 1049 3553 septimo
1092 3481 1303 3553 psalmo
1345 3482 1589 3540 dicturus
1629 3493 1712 3540 est
1761 3502 1775 3538 :
1808 3482 1879 3539 Et

294 3573 432 3630 male
471 3574 629 3630 locuti
652 3582 770 3630 sunt
795 3577 858 3630 de
887 3570 1022 3645 Deo,
1049 3584 1097 3631 et
1130 3571 1368 3633 dixerunt
1398 3593 1419 3632 :
1456 3575 1710 3649 Nunquid
1739 3585 1879 3648 pote-

294 3664 366 3718 rit
392 3662 535 3720 Deus
561 3681 745 3736 parare
768 3681 992 3723 mensam
1017 3668 1071 3722 in
1098 3668 1295 3725 deserto
1325 3667 1499 3741 (Psal.
1530 3685 1729 3737 Lxxvn,
1764 3669 1879 3739 l9)?

300 3753 401 3812 Vel
437 3758 655 3827 quando
688 3759 862 3816 insani
896 3759 967 3816 de
1003 3754 1234 3817 formato
1278 3762 1449 3820 vitulo
1477 3762 1731 3819 dicebant
1757 3779 1772 3817 :
1803 3761 1882 3818 Hi

297 3858 418 3904 sunt
466 3850 540 3904 dii
567 3850 664 3920 tui,
695 3849 885 3919 Israel,
912 3854 998 3922 qui
1026 3862 1073 3908 te
1101 3852 1387 3909 eduxerunt
1411 3854 1475 3909 de
1502 3862 1641 3909 terra
1659 3852 1733 3909 1E
1737 3853 1881 3925 gypti

300 3939 501 4014 (Exod.
515 3958 691 4013 xxxtt,
712 3936 949 4016 5).Unde
960 3960 1103 4003 nunc
1127 3956 1274 4004 recte
1284 3942 1793 4005 ChristusDominus
1809 3947 1885 4003 di-

301 4037 377 4091 cit
392 4038 799 4111 cecidissesupra
825 4054 884 4097 se
897 4040 1191 4112 approbria,
1212 4056 1330 4112 quae
1346 4041 1458 4098 Deo
1479 4040 1624 4096 Patri
1644 4042 1880 4098 anterio-

306 4128 457 4185 ribus
482 4131 807 4202 temporibus
845 4133 1269 4203 exprobrabant,
1310 4143 1367 4189 ut
1396 4149 1461 4189 ex
1500 4132 1885 4191 consuetudine

307 4222 478 4293 magis
506 4224 698 4296 impia,
737 4240 893 4296 quam
934 4226 1038 4282 hoc
1074 4227 1282 4283 noviter
1324 4225 1521 4296 aliquid
1564 4235 1779 4296 putares
1805 4223 1886 4282 el-

304 4313 524 4370 Iectum.
570 4315 843 4388 Sequitur,
877 4318 1162 4375 ceciderunt
1188 4334 1343 4388 super
1381 4334 1492 4384 me,
1537 4325 1597 4373 ut
1636 4316 1885 4374 ellectum

305 4408 500 4465 mortis
530 4410 866 4480 ostenderet,
899 4427 1058 4483 quem
1089 4413 1264 4469 crucis
1293 4412 1602 4482 dignatione
1628 4411 1883 4483 suscepit.

308 4501 463 4558 Tunc
482 4503 623 4560 enim
651 4504 849 4561 cadunt
867 4519 1028 4576 super
1057 4520 1155 4563 nos
1190 4504 1353 4574 mala,
1384 4504 1599 4575 quando
1626 4517 1691 4561 ea
1714 4502 1888 4561 vitare

309 4632 419 4677 non
447 4633 751 4689 possumus.

1980 3433 2295 3492 redderetur
2319 3435 2545 3491 alienus.
2574 3435 2763 3493 Testis
2778 3446 2858 3492 est
2888 3435 3045 3505 hujus
3073 3448 3249 3491 causae
3278 3435 3368 3491 ille
3404 3436 3554 3490 locus

1980 3529 2254 3602 Evangelii
2281 3529 2373 3585 ubi
2405 3528 2675 3600 Cleophas
2713 3543 2743 3583 a
2774 3529 3002 3586 Domino
3041 3529 3269 3585 necdum
3315 3526 3555 3584 revelato

1980 3620 2343 3693 interrogatus
2372 3631 2475 3689 est,
2505 3630 2559 3677 et
2588 3622 2679 3678 ille
2712 3622 2990 3693 respondit
3022 3620 3140 3678 :Tu
3163 3620 3307 3675 solus
3334 3620 3558 3693 peregri-

1980 3731 2077 3770 nus
2101 3731 2153 3770 es
2183 3716 2237 3769 in
2264 3714 2573 3780 Jerusalem,
2604 3723 2650 3770 et
2688 3730 2789 3769 non
2819 3713 3099 3786 cognovisti
3125 3727 3241 3784 qua:
3278 3713 3413 3782 facta
3441 3717 3559 3767 sunt

1979 3806 2035 3860 in
2062 3822 2119 3861 ea
2147 3807 2200 3860 in
2228 3806 2401 3862 diebus
2421 3806 2499 3860 his
2523 3805 2674 3876 (Luc.
2701 3804 3002 3875 xittv,i8)?
3025 3803 3221 3860 Omnes
3241 3804 3383 3861 enim
3410 3803 3560 3860 cives

1981 3897 2225 3952 eamdem
2269 3896 2500 3952 fabulam
2530 3896 2780 3952 habuisse
2805 3903 3190 3963 monStrantur,
3224 3895 3437 3965 quando
3460 3909 3559 3965 pe-

1984 3988 2227 4059 regrinus
2258 3988 2477 4057 dicitur,
2508 3988 2595 4057 qui
2636 3987 2793 4057 hujus
2813 4001 2988 4042 causa:
3011 3987 3294 4057 putabatur
3317 3987 3556 4056 ignarus.

1985 4080 2063 4137 De
2092 4081 2394 4151 opprobriis
2433 4080 2786 4149 ae,eonviciis
2825 4079 3132 4135 Judmorum
3172 4080 3433 4135 hactenus
3477 4086 3562 4136 est

1983 4170 2233 4236 locutus;
2273 4186 2434 4238 nunc,
2469 4177 2724 4241 quantum
2770 4170 2903 4225 mihi
2950 4170 3187 4238 videtur,
3218 4170 3285 4227 de
3315 4170 3560 4229 ﬁdelibus

1987 4263 2117 4319 dicit
2159 4304 2171 4317 .
2205 4260 2274 4315 Et
2322 4264 2375 4317 in
2415 4279 2493 4318 me
2533 4260 2818 4332 psallebant
2863 4262 2952 4333 qui
2998 4261 3230 4317 bibebant
3270 4262 3460 4316 vinum.
3503 4261 3562 4318 In

1986 4355 2156 4411 Deum
2185 4355 2416 4425 psallunt
2457 4355 2549 4425 qui
2595 4355 2804 4411 actione
2849 4354 3112 4425 probabili
3155 4354 3476 4427 diriguntur,
3509 4360 3564 4411 et

1988 4446 2239 4517 operibus
2268 4447 2496 4503 reddunt
2522 4461 2639 4518 qua:
2666 4447 2877 4503 monitis
2906 4448 3144 4504 cmlestia
3171 4447 3417 4503 mandata
3444 4459 3565 4503 sus-

1988 4539 2209 4610 cipiuht.
2249 4539 2380 4594 Nam
2413 4548 2469 4595 ut
2497 4540 2598 4596 hoc
2628 4540 2693 4595 de
2729 4540 2974 4597 fidelibus
3004 4541 3303 4611 intelligere
3344 4540 3565 4596 debere-

1986 4646 2131 4698 mus,
2153 4632 2226 4686 ait
2260 4648 2273 4685 :
2306 4632 2408 4699 Qui
2434 4631 2666 4686 bibebant
2686 4632 2882 4688 uinum.
2917 4630 3109 4686 Vinum
3133 4647 3237 4687 non
3266 4630 3564 4700 ebrietatis,

380 4720 538 4777 Vers.
578 4721 663 4775 11.
703 4719 772 4775 Et
819 4722 998 4790 operui
1032 4722 1087 4777 in
1114 4723 1318 4794 jejunio
1352 4724 1577 4777 animum
1609 4738 1805 4789 meam,
1837 4728 1887 4777 et
1910 4693 1966 4756 D
1992 4723 2086 4780 sed
2116 4693 2253 4779 illud
2294 4693 2569 4795 spirituale
2607 4723 2675 4780 de
2716 4739 2821 4794 quo
2866 4724 3057 4795 legitur
3086 4740 3100 4777 :
3132 4722 3383 4778 Poculum
3420 4693 3566 4778 tuum

313 4818 508 4886 factum
523 4821 594 4869 est
608 4814 663 4868 in
677 4814 1006 4885 opprobrium
1027 4814 1170 4870 mihi.
1192 4813 1463 4888 Jejunium
1483 4814 1729 4881 dicimus,
1754 4828 1887 4885 quo-

272 4932 279 4935 -
314 4908 417 4965 ties
443 4922 474 4963 a
503 4906 639 4965 cibis
664 4908 971 4965 carnalibus
1000 4909 1355 4978 abstinemus,
1386 4923 1488 4965 nec
1523 4909 1752 4965 esuriem
1789 4922 1888 4965 no-

313 5007 480 5057 stram
502 5000 679 5071 aliqua
706 5000 1033 5058 comestione
1060 5000 1337 5057 satiamus.
1361 4999 1442 5058 Ad
1461 5015 1621 5074 quam
1643 4999 1891 5057 similitu-

316 5091 496 5149 dinem
534 5090 808 5163 jejunasse
853 5105 914 5149 se
961 5091 1089 5149 dicit
1137 5090 1396 5149 Dominus
1442 5079 1723 5163 Christus,
1769 5091 1891 5164 quia

317 5186 595 5243 hominum
628 5186 788 5244 ﬁdem
811 5201 970 5257 quam
991 5185 1144 5243 valde
1167 5185 1458 5255 esuriehat,
1490 5185 1711 5242 minime
1740 5192 1893 5254 pote-

315 5284 401 5332 rat
439 5277 709 5343 invenire,
751 5278 895 5333 sicut
938 5284 994 5333 et
1032 5277 1089 5333 in
1134 5275 1409 5347 trigesimo
1452 5284 1641 5347 quarto
1686 5276 1894 5347 psalmo

318 5369 521 5425 dictum
559 5379 642 5425 est
682 5386 696 5423 :
730 5365 845 5440 Ego
864 5377 1051 5437 autem,
1078 5356 1192 5423 cum
1225 5368 1349 5423 mihi
1380 5358 1576 5425 molesti
1602 5379 1784 5437 essent,
1813 5368 1895 5424 in-

1990 4817 2246 4873 inebrians
2282 4832 2434 4887 quam
2474 4816 2776 4887 praclarum
2819 4824 2891 4871 est
2917 4818 2936 4888 (
2964 4816 3106 4871 Psal.
3152 4831 3257 4871 χχιι
3278 4857 3293 4882 ,
3324 4816 3388 4886 5)
3420 4818 3434 4871 l
3462 4814 3568 4886 Ipsi

1995 4909 2137 4965 enim
2160 4908 2462 4980 psallebant,
2490 4893 2581 4980 qui
2611 4923 2708 4980 per
2730 4908 3134 4978 intelligentiam
3171 4921 3456 4978 supernam
3479 4921 3569 4964 sa-

1997 4998 2157 5056 lutari
2194 5006 2413 5056 nectare
2439 5000 2776 5071 putabantur.
2821 4999 2927 5055 Alii
2970 4999 3072 5055 hoc
3116 4999 3315 5056 ludatis
3351 5000 3568 5071 perfidis

1997 5091 2283 5163 applicant,
2306 5094 2419 5165 qui,
2442 5094 2596 5166 quasi
2615 5093 2830 5165 impleta
2857 5092 3177 5163 cogitatione
3205 5108 3320 5164 sua,
3349 5095 3417 5151 de
3439 5107 3571 5151 nece

1997 5184 2208 5240 Domini
2244 5185 2686 5241 temulentissime
2714 5182 3037 5255 garriebant.

2068 5275 2219 5333 Vers.
2250 5278 2332 5333 14.
2360 5276 2473 5347 Ego
2496 5293 2610 5331 vero
2638 5277 2915 5332 orationem
2938 5293 3100 5333 meam
3119 5280 3188 5332 ad
3216 5289 3285 5346 te,
3316 5279 3572 5334 Domine:

1996 5376 2192 5439 tempus
2218 5368 2545 5438 beneplaciti,
2577 5366 2738 5436 Deus,
2780 5371 2832 5424 in
2861 5370 3184 5426 multitudine
3213 5370 3573 5426 misericordia:

318 5464 541 5519 duebam
572 5481 650 5519 me
678 5466 873 5533 cilicio,
910 5472 958 5520 et
985 5463 1319 5519 humiliabam
1351 5463 1406 5518 in
1438 5464 1643 5537 jejunio
1667 5464 1894 5518 animam
2003 5470 2119 5515 tute.
2153 5461 2312 5517 Venit
2351 5461 2416 5515 ad
2454 5461 2668 5516 tertium
2705 5471 2894 5532 caput,
2937 5464 3025 5517 ubi
3061 5471 3247 5519 contra
3290 5463 3574 5519 maledicta

317 5571 485 5611 meam
513 5555 696 5628 (Psal.
738 5571 922 5624 xxxiv,
951 5557 1075 5628 15).
1132 5555 1333 5613 Eodem
1372 5555 1532 5611 modo
1571 5564 1629 5611 et
1654 5554 1806 5611 sitire
1837 5568 1898 5610 se
2002 5552 2306 5607 Judazorum
2333 5552 2591 5609 orationis
2618 5569 2730 5610 suae
2769 5555 3017 5625 exposuit
3051 5555 3387 5613 sanctitatem
3414 5553 3577 5611 emic-

321 5647 479 5716 dixit,
509 5648 725 5718 quando
750 5649 817 5704 ad
854 5636 1241 5706 Samaritanam
1273 5648 1454 5718 venit,
1495 5655 1551 5704 et
1576 5663 1764 5719 aquam
1808 5662 1898 5717 pe-
2003 5646 2101 5700 stis
2132 5644 2347 5712 Doctor,
2394 5645 2671 5702 insinuans
2706 5647 2895 5719 iurgiis
2923 5648 3196 5704 hominum
3223 5662 3329 5705 non
3360 5645 3574 5706 inﬂam-

322 5739 430 5806 tiit,
449 5737 635 5795 dicens
659 5755 672 5793 :
696 5739 855 5808 Sitio,
879 5741 948 5795 da
970 5742 1095 5796 mihi
1110 5741 1275 5796 bibere
1297 5736 1364 5808 (Ι
1357 5756 1477 5796 oan.
1505 5755 1576 5807 tv,
1601 5740 1689 5810 8);
1717 5738 1767 5794 id
1794 5747 1897 5808 est,
2007 5736 2163 5791 matis
2183 5735 2333 5805 rixis,
2359 5736 2451 5792 sed
2474 5737 2573 5805 piis
2587 5739 2913 5795 orationibus
2933 5740 3274 5796 obviandum.
3291 5737 3578 5794 Videamus

323 5837 385 5886 ut
407 5828 567 5886 tidem
601 5830 671 5886 ab
696 5844 759 5887 ea
789 5846 946 5903 quam
973 5832 1246 5904 quaerebat
1278 5842 1610 5904 agnosceret.
1644 5830 1750 5889 Sed
1778 5831 1903 5903 quia
2009 5845 2150 5886 nunc
2179 5830 2305 5900 quid
2334 5830 2415 5886 sid
2434 5839 2632 5902 tempus
2661 5832 2974 5905 betteplaciti.
3008 5834 3136 5888 Illud
3168 5842 3361 5901 tempus
3385 5837 3469 5885 est
3492 5829 3581 5885 be-

320 5918 587 5997 jejunium
621 5922 765 5981 istud
801 5922 1144 6005 abhumana
1181 5925 1521 5985 indevotione
1564 5922 1899 5995 trahebatur,
2008 5920 2283 5994 neplaciti,
2313 5926 2524 5995 quando
2570 5925 2947 5984 incarnationis
2992 5939 3104 5981 sua:
3129 5922 3405 5999 beneﬂcio
3434 5923 3577 5997 peri~
