4020 6348
461 416 573 497 ass
1659 412 1727 477 Μ.
1780 402 2055 478 suum]
2097 414 2490 476 cassmbom

457 538 733 615 clitantem
762 535 1016 611 mundum
1042 533 1110 599 ab
1130 532 1427 595 imminenti
1449 532 1693 590 liberavit
1714 534 1898 591 exitio.
1924 533 2033 589 lioc
2062 532 2319 606 A(Prov.
2374 546 2521 600 xvm,
2571 529 2649 600 5).
2707 529 2919 601 Repetit
2964 531 3159 589 lterum
3210 532 3460 607 eumdem
3510 547 3728 592 sensum

460 637 657 703 tempus
687 639 769 685 est
796 626 1118 698 beneplaciti,
1151 626 1218 682 de
1246 641 1353 697 quo
1381 635 1435 682 et
1465 626 1756 697 Apostolus
1782 627 1853 683 ait
1879 645 1891 679 :
1915 625 2043 681 Ecce

460 736 595 787 nunc
618 729 814 790 tempus
841 717 1167 791 acceptabile,
1199 733 1309 772 ecce
1331 733 1463 772 nunc
1490 717 1596 772 dies
1621 717 1802 773 salutis
1822 716 1872 788 (1
1882 715 1908 769 I
1923 716 2040 771 Cor.

458 826 545 891 γι,
590 812 686 884 2).
731 813 961 883 Tempus
999 811 1140 878 quod
1171 809 1299 866 vicit
1336 812 1514 866 omnia
1563 812 1796 878 saecula;
1835 820 2044 880 tempus

459 901 603 976 quod
657 906 913 971 mundum
960 902 1229 971 reparavit
1282 900 1581 968 labentem;
1639 911 1849 974 tempus
1900 901 2044 974 quod

462 995 817 1067 mtemitatem
858 995 1084 1051 contulit
1130 1003 1184 1050 ct
1214 995 1482 1067 ,salutem.
1536 995 1643 1053 Sed
1684 996 1785 1051 hoc
1835 1005 2044 1067 tempus

459 1088 728 1158 quomodo
778 1087 1090 1157 provenerit
1132 1088 1386 1144 decenter
1430 1092 1677 1159 exponit;
1721 1091 1795 1147 ait
1838 1091 1983 1147 enim
2026 1109 2041 1145 :

458 1181 528 1257 In
556 1181 862 1255 multitidine
886 1182 1248 1238 misericordiw
1275 1191 1392 1237 tum.
1416 1181 1547 1237 Nam
1579 1183 1623 1239 si
1655 1184 1928 1239 multitudo
1955 1184 2044 1237 mi-

459 1276 754 1339 sericordiw
785 1290 891 1333 non
926 1274 1136 1344 fuisset,
1160 1290 1493 1346 nequaquam
1522 1275 1713 1331 redimi
1736 1284 2045 1347 poteramus

462 1367 625 1441 ωδε
663 1368 903 1435 obnoxii.
958 1366 1073 1437 Non
1117 1368 1260 1423 enim
1303 1381 1466 1437 parva
1510 1367 1875 1423 misericordia
1915 1367 2042 1434 fuit,

460 1472 583 1533 qua:
619 1466 724 1519 tam
754 1456 990 1527 ingentia
1027 1466 1246 1527 peccata
1285 1459 1574 1526 superavit.
1616 1456 1895 1512 Multitudo
1928 1456 2047 1529 qui-

462 1548 589 1609 dem
612 1548 711 1605 fuit
739 1547 950 1615 delicti;
981 1548 1077 1604 sed
1114 1549 1282 1615 multo
1311 1549 1644 1605 numerosior
1676 1546 2043 1605 misericordia

458 1640 549 1715 illa
579 1654 700 1712 quae
727 1640 885 1707 vicit;
919 1641 1058 1717 sicut
1083 1649 1136 1697 et
1171 1641 1223 1695 in
1248 1640 1692 1710 quinquagesimo
1721 1638 1924 1709 psalmo
1965 1640 2045 1696 di-

463 1739 608 1789 ctum
631 1741 713 1788 est
744 1750 756 1786 :
793 1731 857 1786 Et
880 1734 1155 1793 secundum
1179 1731 1559 1803 multitudinem
1582 1731 2045 1790 misericordia-mm

458 1834 684 1897 tuarum,
711 1826 823 1883 dele
842 1827 1154 1895 iniquitatem
1184 1843 1346 1881 meam
1372 1826 1546 1899 (Psal.
1583 1843 1635 1896 ι,
1657 1825 1740 1901 2).

2145 624 2265 679 aliis
2290 624 2467 678 verbis
2498 637 2657 694 quam
2681 622 2923 693 superius
2952 623 3159 679 dixerat
3185 640 3199 677 :
3226 622 3405 694 Neque
3436 635 3617 699 urgeat
3648 643 3732 682 su-

2143 732 2234 786 per
2260 731 2339 769 me
2365 724 2547 786 puteus
2570 730 2625 770 os
2665 732 2836 771 suum.
2865 715 3064 771 Puteus
3090 716 3234 772 enim
3262 725 3345 773 est
3376 726 3539 773 terra:
3574 718 3731 776 altius

2144 814 2398 861 excavata
2427 804 2787 875 profunditas,
2833 805 2887 861 in
2932 819 3089 876 quem
3136 821 3231 877 per
3262 807 3573 878 allegoriam
3604 823 3731 865 vere

2143 905 2384 961 incidunt
2424 912 2756 975 peccatores,
2796 902 3008 974 quando
3047 918 3106 960 se
3145 918 3177 959 a
3225 904 3413 959 vitiosa
3457 905 3731 962 voluntate

2144 1012 2251 1054 non
2280 997 2626 1062 abstrahunt;
2656 1002 2907 1068 urgetque
2946 1009 3105 1065 super
3132 1009 3226 1051 eos
3255 1012 3310 1050 os
3343 1011 3492 1050 suum
3519 996 3730 1051 conciu-

2144 1089 2294 1154 dere,
2325 1103 2448 1144 cum
2479 1101 2647 1159 usque
2678 1086 2743 1141 ad
2775 1086 2963 1141 mortis
3008 1100 3119 1140 sua:
3161 1094 3371 1156 tempus
3411 1087 3461 1140 in
3493 1087 3729 1155 pessima

2146 1179 2424 1235 voluntate
2460 1178 2774 1249 persistunt.
2803 1176 2915 1232 Hoc
2937 1191 3066 1248 ergo
3091 1183 3261 1232 totum
3288 1192 3319 1231 a
3348 1192 3407 1233 se
3432 1177 3572 1233 effici
3603 1179 3731 1248 petit

2144 1272 2403 1337 alienum,
2450 1272 2703 1342 quoniam
2736 1272 2940 1342 peccati
2970 1272 3209 1341 contagia
3243 1287 3349 1327 non
3380 1271 3647 1338 habebat;
3677 1283 3729 1328 ut

2145 1365 2385 1420 membra
2412 1379 2507 1420 sua
2536 1372 2925 1433 cognoscerent
2953 1366 3166 1434 quantis
3203 1364 3459 1434 periculis
3484 1366 3730 1435 subiace-

2143 1466 2285 1523 rent,
2315 1458 2417 1513 nisi
2446 1457 2848 1513 clementissimi
2880 1456 3093 1513 Domini
3124 1472 3348 1515 munere
3376 1458 3724 1528 respirarent.

2143 1552 2275 1629 Quae
2300 1552 2467 1623 figura
2496 1551 2692 1607 dicitur
2718 1551 3006 1617 metabole,
3048 1548 3101 1606 id
3126 1559 3212 1607 est
3255 1552 3489 1621 iteratio,
3518 1553 3728 1623 quando

2145 1632 2250 1701 uua
2295 1659 2385 1701 res
2413 1644 2673 1715 repetitur
2721 1644 2823 1701 sub
2862 1645 3123 1701 varietate
3164 1644 3474 1702 verborum.
3516 1644 3727 1716 Legitur

2145 1737 2307 1794 etiam
2355 1744 2537 1807 puteus
2575 1738 2631 1792 in
2678 1737 2846 1804 malo,
2872 1745 2930 1792 ut
2960 1736 3012 1791 in
3053 1736 3191 1793 libro
3216 1737 3532 1794 Geneseos:
3574 1736 3728 1793 Vallis

2146 1836 2314 1883 autem
2337 1825 2583 1883 silvestris
2611 1826 2823 1882 habebat
2856 1834 3039 1896 puteos
3068 1828 3255 1883 multos
3288 1829 3552 1883 bituminis
3577 1828 3728 1900 (Gen.

532 1916 686 1974 Vers.
724 1917 809 1973 15.
842 1916 1052 1975 Exaudi
1093 1935 1172 1973 me
1195 1919 1249 1973 in
1284 1919 1492 1974 veritate
1519 1918 1702 1987 salutis
1730 1928 1849 1987 tuae.
1879 1919 2033 1976 Com-
2069 1918 2118 1981 B
2141 1933 2253 1986 xrv,
2305 1917 2427 1989 10);
2474 1918 2529 1975 in
2586 1918 2717 1974 istos
2766 1918 3012 1988 sacrilegi
3058 1918 3376 1990 profanique
3427 1918 3727 1977 mittuntur.

458 2022 759 2077 memorato
801 2022 1038 2083 tempore
1066 2014 1470 2083 misericordiae,
1514 2030 1622 2086 quo
1662 2016 1913 2086 passione
1950 2029 2044 2071 sua

457 2103 687 2165 salutem
735 2104 936 2161 mundo
967 2106 1233 2175 praestitit,
1272 2121 1606 2177 consequens
1633 2106 1729 2161 fuit
1770 2114 1832 2161 ut
1875 2114 1930 2163 et
1954 2121 2044 2163 re-

452 2196 847 2261 surrectionem
892 2196 993 2255 sibi
1019 2198 1241 2253 evenire
1266 2206 1599 2268 precaretur,
1631 2213 1791 2269 quam
1825 2198 1877 2255 in
1908 2200 2046 2256 veri-

457 2298 570 2347 tate
607 2292 876 2362 pollicitus
919 2291 1094 2348 fuerat
1132 2308 1226 2361 per
1271 2294 1582 2363 prophetas.
1622 2292 1879 2349 Precatur
1915 2308 2045 2364 ergo

456 2382 676 2445 Patrem
719 2400 827 2440 non
859 2392 1046 2440 natura
1094 2384 1336 2452 deitatis,
1360 2400 1462 2455 qua
1492 2386 1540 2440 ei
1582 2399 1797 2457 semper
1825 2386 2046 2458 aequalis

461 2484 568 2543 est,
599 2474 691 2529 sed
725 2475 1009 2531 infirmitas
1046 2478 1308 2546 assumpti
1353 2475 1610 2545 hominis,
1639 2478 1694 2533 in
1722 2492 1824 2547 qua
1870 2482 2046 2536 minor

452 2572 545 2622 est
576 2564 755 2621 Patre.

527 2655 682 2712 Vers.
716 2655 803 2715 i6.
838 2656 999 2726 Eripe
1040 2674 1117 2714 me
1147 2657 1212 2717 de
1250 2658 1377 2724 luto,
1410 2669 1465 2715 ut
1496 2676 1599 2715 non
1640 2661 1951 2727 inhwream;
1980 2663 2046 2718 li-

452 2748 577 2804 bera
604 2764 685 2803 me
718 2765 781 2811 ex
820 2749 1104 2813 odientibus
1133 2765 1231 2824 me,
1281 2758 1326 2806 et
1374 2751 1437 2806 de
1476 2752 1736 2823 profundo
1772 2768 2040 2824 aquarum.

453 2839 560 2898 Per
589 2850 879 2911 assumpta:
919 2842 1094 2897 carnis
1140 2840 1527 2911 inﬁrmitatem,
1572 2844 1626 2899 in
1674 2859 1779 2916 qua
1828 2846 2043 2903 miseria

447 2930 626 3003 jaceat
668 2947 839 3003 genus
883 2933 1198 3000 humanum,
1244 2944 1489 3003 potenter
1525 2937 1837 3005 exponitur.
1871 2937 2041 2996 Doce-

452 3040 575 3082 mur
599 3028 744 3083 enim
774 3036 831 3083 ut
859 3028 913 3083 in
944 3027 1133 3083 iisdem
1158 3027 1339 3084 verbis
1366 3036 1422 3085 et
1446 3044 1546 3085 nos
1573 3030 1738 3086 Deum
1769 3046 2040 3104 rogemus,

454 3119 651 3190 quibus
689 3128 851 3190 caput
893 3128 1138 3183 nostrum
1190 3136 1445 3185 exorasse
1488 3126 1880 3195 cognoscimus.
1929 3128 2041 3185 Hoc

453 3211 612 3281 plane
646 3211 912 3267 subtiliter
944 3213 1385 3282 perscrutandum
1427 3225 1530 3283 est,
1562 3232 1729 3287 quare
1772 3233 1834 3274 se
1879 3232 2040 3289 supe-

2146 2010 2285 2067 Sunt
2309 2012 2467 2066 etiam
2495 2018 2550 2066 et
2579 2010 2631 2065 in
2667 2010 2862 2066 bonam
2904 2019 3107 2082 partem
3144 2013 3444 2082 memorati,
3466 2013 3559 2084 qui
3583 2010 3728 2067 Scri-

2148 2112 2337 2173 pturas
2363 2102 2569 2158 divinas
2593 2104 2857 2174 repositas
2884 2102 2938 2158 in
2979 2104 3237 2160 altissima
3274 2104 3636 2175 proinnditate
3664 2104 3730 2160 si-

2146 2196 2419 2267 gnificant,
2442 2195 2627 2268 quales
2648 2194 2865 2252 fuerunt
2884 2196 3220 2268 patriarchae,
3243 2196 3536 2265 Abrlham,
3561 2198 3726 2263 Isaac,

2145 2298 2199 2345 et
2229 2290 2414 2357 Jacob,
2444 2289 2532 2346 vei
2564 2290 2656 2345 ille
2684 2289 2751 2345 de
2783 2304 2889 2361 quo
2920 2291 3128 2359 Moyses
3155 2290 3208 2345 in
3231 2305 3419 2348 eremo
3448 2290 3728 2347 Hebraeum

2145 2384 2404 2454 populum
2436 2383 2646 2439 Domini
2672 2382 2914 2455 iussione
2964 2383 3197 2439 satiavit.
3238 2383 3329 2440 Sic
3368 2383 3610 2454 utrisque
3639 2400 3729 2453 pu-

2146 2474 2247 2530 teis
2274 2489 2438 2529 unum
2471 2474 2685 2545 quidem
2715 2480 2931 2541 nomen,
2963 2475 3055 2532 sed
3084 2489 3243 2531 causa
3271 2475 3481 2532 diversa
3506 2483 3633 2533 est:
3655 2475 3727 2530 illi

2147 2565 2291 2620 enim
2330 2564 2383 2620 in
2430 2574 2688 2622 tartarum
2727 2565 2992 2639 dirigunt,
3037 2566 3125 2623 isti
3169 2567 3237 2623 ad
3276 2567 3537 2624 cmlorum
3568 2582 3726 2638 regna

2147 2657 2535 2715 transmittunt.

2218 2748 2373 2805 Vers.
2406 2748 2495 2805 18.
2524 2747 2732 2804 Exaudi
2759 2764 2858 2815 me,
2886 2748 3119 2815 Domine,
3149 2750 3392 2819 quoniam
3414 2749 3632 2823 benigna
3654 2762 3728 2807 est

2144 2841 2497 2913 misericordia
2546 2850 2633 2896 tua
2660 2858 2679 2904 :
2707 2842 2986 2897 secundum
3028 2842 3403 2897 multitudinem
3446 2845 3727 2900 misemtio-

2143 2952 2266 2989 num
2289 2935 2421 3007 [ed.,
2452 2931 2940 3006 misericordiamm]
2966 2942 3172 2989 tuarum
3196 2936 3391 3005 respice
3412 2937 3467 2991 in
3496 2953 3599 2993 me.
3623 2937 3723 2994 Pe-

2142 3025 2325 3082 riculis
2363 3026 2607 3083 humana:
2635 3025 2939 3098 fragilitatis
2982 3026 3061 3097 (ut
3104 3026 3408 3099 oportebat)
3451 3029 3723 3097 expositis,

2141 3133 2273 3175 voce
2303 3120 2665 3176 membrorum
2694 3116 2761 3174 ad
2799 3118 2945 3174 illam
2982 3118 3273 3176 salutarem
3315 3120 3602 3177 revertitur
3627 3119 3720 3177 de-

2139 3212 2537 3284 precationem;
2568 3209 2700 3267 dicit
2729 3210 2871 3267 enim
2903 3227 2916 3265 :
2945 3210 3155 3266 Exaudi
3182 3228 3284 3281 me,
3322 3211 3562 3279 Domine,
3600 3228 3723 3270 cau-

450 3302 566 3360 rius
590 3303 807 3363 inﬁxum
837 3303 963 3359 limo
1004 3303 1234 3371 dixerit,
1278 3314 1331 3362 et
1379 3306 1464 3361 hic
1506 3322 1574 3364 ne
1604 3307 1655 3363 in
1683 3298 1801 3378 ipso
1832 3308 2038 3368 haerere
2063 3292 2111 3358 ο
2143 3320 2365 3377 Samque
2403 3320 2569 3377 quare
2596 3304 2912 3362 exaudiatur
2938 3305 3181 3377 adiungit
3203 3322 3217 3359 :
3242 3321 3347 3362 non
3384 3308 3513 3378 quia
3544 3322 3718 3365 mere-

452 3397 624 3467 possit
649 3407 855 3454 exorat.
889 3396 1086 3453 lniixus
1116 3400 1301 3467 utique
1326 3400 1456 3457 limo
1485 3401 1604 3471 fuit,
1637 3406 1888 3474 quoniam
1916 3422 2032 3464 sus-

448 3497 622 3557 cepta:
650 3489 828 3546 carnis
862 3491 1174 3546 infirmitate
1204 3492 1504 3560 tenebatur,
1544 3496 1682 3551 unde
1704 3498 1863 3553 etiam
1893 3515 2036 3555 mor-

450 3589 562 3640 tem
583 3584 759 3639 crucis
784 3583 1008 3654 accepit.
1043 3583 1139 3639 Hie
1181 3593 1361 3643 autem
1394 3597 1766 3658 competenter
1789 3594 2035 3662 exposcit

449 3683 513 3733 ut
541 3674 718 3730 anima
745 3674 859 3744 ejus
881 3689 911 3731 a
937 3674 1218 3732 desideriis
1246 3677 1424 3744 luteis,
1459 3679 1510 3734 id
1548 3690 1630 3735 est
1662 3681 1818 3751 hujus
1851 3681 2035 3740 mundi

447 3765 829 3836 cupiditatibus
875 3766 1130 3823 reddatur
1174 3768 1367 3825 aliena.
1400 3769 1551 3838 Quod
1584 3772 1721 3829 bene
1749 3775 2037 3845 suscipitur

446 3871 486 3914 ι
514 3867 666 3928 parte
691 3858 1076 3926 membrorum,
1127 3861 1253 3930 quia
1282 3861 1374 3917 ille
1402 3863 1511 3919 luto
1536 3865 1785 3921 inhazrere
1809 3882 1915 3924 non
1938 3883 2035 3939 po-

449 3956 611 4017 terat,
643 3952 731 4021 qui
763 3951 967 4022 peccati
1008 3952 1272 4008 maculam
1313 3967 1422 4008 non
1448 3955 1697 4011 habebat.
1730 3955 1912 4013 Libera
1958 3972 2037 4014 me

446 4058 515 4101 ea:
540 4041 823 4099 odientibus
860 4060 960 4099 me.
992 4043 1137 4102 istud
1180 4046 1246 4103 ad
1271 4046 1555 4104 Judaicum
1584 4050 1837 4119 populum
1867 4052 2037 4109 mani-

448 4133 646 4193 festum
677 4144 763 4192 est
791 4138 1087 4207 pertinere,
1111 4138 1235 4207 quia
1278 4149 1591 4211 resurgente
1610 4140 1825 4199 Christo
1849 4159 2038 4203 eorum

446 4227 573 4284 odia
600 4227 856 4284 frustrata
885 4237 1235 4286 evanuerunt.
1267 4228 1402 4286 Nam
1431 4232 1573 4301 quod
1612 4232 1778 4289 dicit:
1802 4231 1882 4289 De
1917 4251 2039 4306 pro-

449 4319 616 4391 fundo
640 4320 921 4390 Iaquarum,
967 4320 1033 4374 ad
1066 4320 1319 4388 populum
1358 4321 1529 4391 ipsum
1563 4337 1670 4379 non
1710 4333 1792 4381 est
1816 4323 2036 4383 dubium

448 4413 742 4483 pertinere,
775 4413 865 4482 qui
894 4420 948 4468 et
979 4410 1276 4481 profundus
1304 4422 1422 4471 erat
1448 4415 1780 4486 malignitate
1803 4418 2034 4489 consilii,

453 4513 512 4563 et
533 4505 887 4563 seditionibus
921 4505 1278 4565 turbulentus.
1887 4569 1894 4579 ι

520 4598 678 4655 Vers.
706 4599 793 4655 i7.
832 4596 957 4653 Non
988 4613 1067 4653 me
1094 4597 1358 4671 demerget
1382 4609 1652 4673 tempestas
1682 4618 1848 4673 aqum,
1875 4620 2036 4675 neque

446 4689 709 4747 absorbent
749 4705 828 4745 me
865 4690 1200 4762 profundum,
1234 4708 1392 4763 neque
1420 4703 1595 4764 urgeat
1639 4712 1793 4767 super
1831 4713 1911 4751 me
1935 4714 2031 4769 μνη
2059 4678 2114 4738 Ῑ)

451 4791 561 4839 teus
602 4798 659 4837 os
690 4798 862 4838 suum.
915 4781 1088 4840 Simili
1136 4783 1297 4839 modo
1335 4794 1391 4841 et
1439 4784 1543 4841 iste
1573 4800 1763 4843 versus
1793 4788 2027 4860 ponitur,

448 4873 898 4945 quemadmodum
942 4882 997 4929 et
1039 4874 1133 4930 ille
1174 4877 1439 4945 superior.
1492 4877 1631 4934 Dicit
1674 4881 1818 4936 enim
1851 4879 1903 4938 in
1947 4896 2035 4939 se-

448 4966 625 5023 cundo
651 4980 814 5023 versu
860 4966 1052 5039 psalmi
1085 4986 1099 5023 :
1134 4966 1255 5023 Veni
1294 4970 1348 5024 in
1394 4969 1715 5027 altitudinem
1756 4975 1939 5043 maris,
1982 4986 2035 5033 et

449 5068 716 5128 tempestas
744 5059 984 5116 demersit
1015 5075 1126 5126 me;
1155 5070 1209 5123 et
1247 5061 1332 5117 hic
1362 5073 1512 5133 rogat
1543 5079 1611 5120 ne
1637 5064 1978 5140 demergatur
2003 5085 2037 5127 a

449 5150 721 5215 fluctibus,
749 5149 803 5205 id
825 5158 907 5206 est
932 5166 964 5207 a
991 5151 1172 5207 saeculi
1197 5152 1348 5208 istius
1373 5162 1692 5222 tempestate
1718 5160 2013 5219 saevissima

449 5258 570 5313 qua:
615 5242 667 5298 in
698 5242 914 5301 modum
941 5243 1106 5299 maris
1131 5242 1339 5299 animas
1362 5244 1561 5313 obruit,
1591 5248 1804 5316 quando
1837 5266 1931 5308 eas
1962 5253 2012 5309 vi

450 5334 525 5391 tio
552 5332 830 5403 pravitatis
871 5333 1178 5393 involverit.
1223 5334 1462 5405 Denique
1507 5350 1603 5406 per
1632 5343 1803 5397 totum
1845 5349 2040 5400 tracta-

449 5433 561 5485 tum
594 5424 697 5485 hoc
726 5424 979 5482 decenter
1007 5423 1274 5491 insinuat;
1302 5424 1377 5481 ait
1422 5428 1567 5483 enim
1597 5446 1611 5483 :
1640 5429 1825 5504 Nequa
1859 5433 2037 5491 uim-

448 5518 561 5577 beat
599 5536 681 5577 me
721 5521 1056 5592 profundum.
1103 5518 1432 5577 Profundum
1472 5521 1653 5594 utique
1698 5536 2036 5595 peccatorum

446 5620 551 5680 est,
583 5612 728 5685 quod
757 5613 1050 5669 voracitate
1090 5610 1319 5681 quadam
1346 5612 1572 5683 deglutit
1611 5616 1822 5674 animas
1856 5619 2041 5690 impio-

444 5719 589 5772 rum,
643 5715 703 5763 ut
735 5706 807 5762 ad
850 5702 1234 5776 paenitudinem
1279 5705 1458 5762 redire
1502 5718 1793 5778 nequeant,
1839 5712 1932 5783 qui
1970 5713 2039 5771 de

446 5805 664 5855 actuum
703 5808 924 5853 suorum
968 5793 1245 5862 iniquitate
1271 5794 1590 5868 desperant;
1631 5801 1772 5859 sicut
1800 5801 2034 5876 legitur:

447 5884 697 5949 Peccator
726 5896 841 5937 cum
874 5878 1067 5938 uenerit
1094 5880 1148 5945 in
1174 5885 1491 5958 profundunt
1530 5888 1809 5964 malorum,
1846 5899 2037 5966 spernit

2140 3409 2223 3457 tur
2253 3400 2575 3468 humanitas,
2617 3400 2712 3456 sed
2758 3399 2880 3472 quia
2916 3400 3265 3456 misericordia
3303 3401 3517 3457 Domini
3541 3414 3617 3457 est
3644 3403 3721 3459 ιο.

2136 3495 2314 3565 nigna,
2374 3506 2694 3563 semperque
2746 3491 2814 3547 ad
2864 3491 3301 3548 benefaciendum
3342 3502 3552 3563 parata;
3600 3509 3718 3550 cum

2137 3593 2315 3643 tamen
2357 3586 2443 3655 pie
2488 3585 2706 3654 petitur,
2745 3592 2801 3640 et
2849 3584 2900 3640 ei
2938 3585 3219 3655 purissime
3260 3585 3613 3663 supplicatur.
3657 3586 3721 3645 Et

2136 3689 2199 3737 ut
2229 3682 2398 3751 ipsam
2427 3678 2811 3750 benignitatem
2850 3678 2969 3750 pius
3007 3679 3196 3735 doctor
3232 3689 3548 3751 exponeret,
3580 3679 3722 3751 adje-

2138 3774 2230 3839 cit,
2262 3773 2538 3827 secundum
2564 3772 2945 3826 multitudinem
2982 3772 3365 3828 miserationum
3409 3782 3619 3828 tuarum
3646 3789 3725 3827 re-

2136 3866 2271 3939 spice
2299 3866 2353 3919 in
2380 3881 2479 3920 me.
2513 3864 2596 3920 Ad
2625 3863 2797 3936 ipsam
2834 3877 3050 3934 semper
3082 3863 3240 3932 redit,
3270 3879 3429 3935 quam
3459 3864 3719 3920 debilibus

2137 3959 2239 4015 scit
2268 3967 2564 4027 patronam,
2617 3955 2705 4011 cui
2748 3955 2928 4011 omnia
2971 3962 3186 4026 peccata
3229 3955 3444 4020 cedunt,
3480 3955 3719 4024 quamvis

2139 4050 2582 4107 numerosissima
2622 4047 3058 4118 comprobentnr.
3111 4048 3178 4102 Et
3217 4046 3426 4103 intuere
3454 4047 3600 4119 quod
3632 4046 3717 4103 ubi

2139 4145 2309 4217 pietas
2339 4145 2656 4215 postulatur,
2685 4156 2899 4213 semper
2924 4142 3086 4198 homo
3113 4141 3305 4211 respici
3333 4141 3566 4206 dicitur;
3602 4155 3719 4196 nam

2136 4236 2182 4292 si
2237 4243 2453 4306 peccata
2517 4232 2804 4305 respiciat,
2855 4247 2955 4290 nos
3016 4232 3141 4315 sine
3205 4230 3540 4291 dubitatione
3598 4248 3724 4289 con-

2137 4328 2375 4386 demnat.

2210 4420 2362 4477 Vers.
2398 4418 2486 4473 i9.
2516 4416 2599 4473 Ne
2616 4427 2813 4473 avertas
2831 4419 3013 4489 faciem
3033 4424 3177 4473 tuam
3204 4431 3237 4471 a
3261 4431 3421 4488 puero
3449 4425 3577 4485 tuo;
3601 4434 3722 4489 quo.

2137 4513 2276 4568 niam
2322 4511 2536 4567 tribulor
2575 4510 2811 4565 velociter
2858 4512 3044 4566 exaudi
3070 4527 3167 4567 me.
3201 4511 3445 4582 Suscepti
3490 4513 3720 4569 hominis

2138 4603 2310 4660 forma
2358 4611 2628 4669 servatur;
2669 4616 2790 4657 nam
2820 4601 2956 4658 sicut
3002 4602 3055 4658 iu
3103 4615 3161 4658 se
3188 4604 3381 4675 respici
3424 4614 3622 4669 orarit.
3651 4606 3718 4662 ita

2138 4712 2282 4755 nunc
2306 4712 2367 4753 no
2395 4705 2588 4755 avertat
2619 4697 2803 4765 faciem
2830 4712 2981 4754 suam
3006 4711 3036 4754 a
3067 4714 3224 4767 puero
3253 4713 3352 4755 suo
3377 4699 3713 4771 deprecatur.

2140 4788 2286 4845 Puer
2325 4789 2468 4847 enim
2499 4787 2807 4858 frequenter
2845 4788 3040 4859 legitur
3076 4788 3330 4846 Dominus
3377 4788 3627 4850 Christus
3653 4794 3717 4849 ab

2140 4879 2462 4938 innocentiae
2509 4879 2761 4950 puritate,
2801 4878 2890 4935 cui
2935 4879 3160 4952 simplex
3203 4889 3336 4939 aetas
3377 4882 3480 4941 hoc
3513 4884 3719 4942 benefi-

2138 4976 2281 5033 cium
2311 4973 2551 5047 largitur,
2586 4979 2644 5027 ut
2670 4972 2797 5029 vitia
2842 4973 3024 5029 mundi
3066 4974 3426 5047 malitiamque
3463 4991 3575 5041 non
3597 4978 3721 5034 dili-

2139 5074 2258 5139 gat;
2289 5065 2427 5122 sicut
2455 5065 2569 5135 ipse
2593 5072 2815 5122 testatus
2856 5073 2941 5125 est
2968 5082 2982 5121 :
3010 5064 3216 5129 Talium
3253 5077 3325 5127 est
3347 5070 3487 5125 enim
3507 5085 3719 5142 regnum

2140 5158 2383 5215 caelorum
2413 5154 2631 5228 (ﬂaua.
2656 5170 2765 5223 xix,
2797 5155 2912 5227 is).
2941 5157 3161 5229 Legitur
3353 5175 3500 5231 puer,
3528 5175 3719 5219 secun-

2143 5249 2269 5307 dum
2300 5248 2429 5305 illud
2459 5265 2472 5303 :
2502 5247 2638 5309 Ecce
2666 5263 2792 5319 puer
2814 5265 2955 5311 meus
2981 5266 3131 5323 quem
3157 5252 3305 5323 elegi.
3340 5253 3561 5317 dilectus
3582 5271 3721 5311 meus

2139 5340 2197 5399 in
2219 5355 2319 5410 quo
2338 5339 2643 5412 complacuit
2667 5342 2855 5399 animat
2879 5358 3004 5399 meae
3019 5340 3177 5415 (Isai.
3205 5360 3336 5417 xw,
3363 5346 3449 5418 i);
3476 5356 3535 5405 et
3556 5347 3716 5405 alibi:

2142 5430 2288 5489 Puer
2328 5443 2480 5490 natus
2508 5443 2582 5490 est
2608 5436 2773 5504 nobis,
2800 5445 2848 5492 et
2880 5435 3022 5506 ﬁlius
3060 5437 3213 5494 datus
3238 5445 3314 5495 est
3350 5439 3497 5495 nobis
3525 5439 3716 5511 (Idem,

2142 5541 2219 5596 ix,
2251 5525 2330 5598 6).
2360 5526 2513 5584 Juste
2557 5543 2685 5598 ergo
2729 5527 3025 5591 remedium
3062 5530 3298 5585 velociter
3340 5531 3492 5602 petit,
3520 5532 3612 5603 qui
3661 5545 3722 5586 se

2140 5620 2374 5693 positum
2403 5622 2457 5685 in
2488 5621 2829 5680 tribulatione
2870 5624 3166 5696 cognoscit.
3211 5624 3361 5682 Totis
3396 5626 3542 5683 enim
3587 5624 3719 5682 viri-

2142 5716 2241 5775 bus
2270 5718 2414 5775 salus
2435 5719 2689 5788 poscitur,
2717 5734 2837 5775 cum
2861 5728 3102 5791 tempore
3127 5724 3464 5781 necessitatis
3481 5733 3716 5794 optatur.

2217 5808 2364 5867 Vers.
2395 5808 2484 5865 20.
2512 5809 2729 5866 Intende
2766 5813 2951 5869 anim
2980 5829 3124 5881 meat,
3159 5823 3209 5871 et
3235 5816 3395 5871 libera
3422 5832 3533 5873 eant
3556 5832 3577 5873 :
3596 5833 3721 5885 pro-

2139 5909 2251 5973 pter
2292 5902 2520 5959 inimicos
2566 5919 2700 5959 meos
2746 5906 2884 5974 eripe
2922 5920 3019 5961 me.
3052 5904 3290 5977 Intende,
3336 5909 3484 5977 dicit,
3534 5913 3720 5973 anime

3634 418 3735 473 484

3980 1262 3989 1297 1
