4020 6348
495 400 596 461 487

1703 389 1774 459 M.
1815 385 2097 458 AURELII
2125 391 2526 456 CASSIODORI

3662 395 3769 460 488

494 532 724 588 semper,
777 513 1042 587 signiﬁcat
1096 511 1315 585 impios,
1364 512 1455 584 qui
1503 511 1647 569 nulla
1709 513 2076 570 satisfactione
2103 515 2158 576 Α
2181 511 2472 567 Pharaonis
2507 511 2701 586 (Exod.
2739 530 2791 582 ι,
2830 513 2959 586 20);
2990 529 3094 573 non
3126 517 3249 587 quia
3275 530 3392 575 rem
3421 519 3617 576 malam
3663 521 3773 577 Do.

494 609 739 666 conversi
767 618 914 666 sunt.

567 704 722 759 Vers.
749 703 840 756 26.
871 700 1098 767 E/I'unde
1130 717 1282 771 super
1307 716 1392 756 eos
1417 700 1552 755 iram
1577 710 1740 766 tuam,
1765 708 1812 755 et
1837 699 2080 771 indigna-

495 797 566 850 tio
593 795 685 850 ira:
725 804 824 849 tute
849 793 1204 863 apprehendat
1237 808 1339 848 eos.
1385 791 1520 848 Cum
1562 792 1778 860 dicitur,
1829 791 2079 861 Eﬂ'unde,

495 888 800 958 magnitudo
825 888 920 942 ira:
960 887 1315 958 signiﬁcatur,
1345 903 1463 958 qua:
1499 886 1555 942 in
1597 901 1802 943 morem
1847 884 2083 941 ﬂuminis

495 981 712 1049 cepiosa
742 978 1042 1034 descendit.
1068 979 1182 1034 lloc
1206 979 1370 1034 etiam
1400 976 1664 1048 designat,
1695 991 1849 1046 super
1879 991 1996 1044 eos,
2026 981 2084 1029 ut

495 1086 601 1127 non
633 1079 836 1127 tantum
867 1085 962 1126 eos
991 1072 1159 1141 possit
1199 1071 1534 1142 contingere,
1569 1069 1663 1124 sed
1695 1069 1856 1125 etiam
1889 1068 2082 1139 probe-

494 1173 583 1220 tur
601 1163 850 1220 obruere.
882 1163 1159 1234 Sequitur,
1187 1173 1235 1218 et
1265 1162 1551 1234 indignatio
1574 1162 1666 1216 ira:
1695 1171 1814 1215 tute.
1839 1159 2084 1230 Indigna-

494 1257 564 1312 tio
592 1262 675 1311 est
708 1255 822 1321 irtv,
857 1255 1072 1326 quando
1095 1252 1332 1308 vindicta
1368 1251 1661 1308 vehemens
1687 1252 1742 1305 in
1784 1247 2084 1320 peccatoris

496 1361 631 1403 nece
653 1347 946 1417 consurgit,
970 1353 1025 1400 et
1040 1344 1169 1400 illud
1185 1344 1530 1416 Consequitur
1551 1342 1694 1414 quod
1715 1343 1955 1398 timetur.
1975 1339 2086 1398 Ad-

490 1437 643 1510 jecit,
666 1438 1018 1510 apprehendat
1039 1453 1144 1506 eos,
1173 1437 1323 1508 quasi
1346 1435 1626 1491 damnatos
1645 1442 1701 1490 et
1727 1433 1944 1490 territos
1962 1431 2085 1503 qui-

494 1533 720 1590 busdam
744 1531 990 1594 manibus
1009 1529 1408 1602 apprehendat;
1433 1537 1492 1584 ut
1515 1543 1623 1584 non
1648 1527 1806 1584 liceat
1823 1525 2081 1596 effugere,

493 1626 636 1697 quod
657 1625 814 1682 datur
838 1640 936 1696 pro
963 1624 1260 1681 sceleribus
1280 1623 1571 1680 sustinere.

569 1719 726 1776 Vers.
755 1719 846 1772 27.
878 1715 1003 1772 Fiat
1040 1716 1288 1771 habitatio
1315 1731 1488 1770 eorum
1513 1714 1734 1780 deserta,
1762 1721 1812 1767 et
1835 1712 1892 1766 in
1913 1709 2082 1765 taber-

498 1811 704 1866 naculis
723 1825 900 1866 eorum
920 1825 1022 1864 non
1050 1811 1115 1864 sit
1137 1809 1225 1880 qui
1245 1808 1517 1863 inhabitet.
1545 1806 1657 1862 Hoc
1677 1814 1967 1874 utrumque
1989 1802 2084 1858 Ju-

2185 607 2361 662 miuus
2390 607 2656 677 apposuit,
2709 608 2801 664 sed
2824 609 2950 679 quia
2991 609 3104 665 fieri
3136 610 3404 681 permisit,
3433 613 3580 683 quod
3611 614 3774 672 saluti

2183 695 2480 752 multorum
2526 697 2782 767 expedire
2825 697 3102 770 judicavit.
3153 701 3384 758 Additur
3429 717 3590 774 pmna
3643 721 3776 774 pec-

2184 786 2310 853 cati,
2333 804 2395 843 ne
2415 789 2604 844 intrent
2629 791 2685 844 in
2702 791 2962 862 justitiam
2985 791 3222 860 Domini,
3245 795 3301 850 id
3329 803 3416 850 est
3439 811 3509 852 ne
3552 798 3777 867 partici-

2185 893 2280 949 pes
2309 879 2523 936 Christo
2551 881 2682 938 ﬁant
2721 883 2776 938 in
2805 883 2900 939 illo
2925 899 3092 954 regno
3117 884 3365 954 justitite.
3394 887 3475 944 illi
3522 889 3678 944 enim
3708 889 3776 946 ad

2181 971 2464 1042 justitiam,
2490 973 2592 1031 hoc
2621 985 2704 1033 est
2727 976 2795 1032 ad
2826 992 3048 1048 regnum
3079 979 3293 1036 Domini
3333 983 3656 1052 perveniunt
3685 985 3778 1056 qui

2185 1063 2274 1122 hic
2301 1080 2418 1122 eam
2440 1082 2634 1124 sereno
2659 1069 2852 1126 mentis
2878 1070 3080 1127 lumine
3105 1081 3450 1131 eontuentur.
3471 1075 3630 1143 Quod
3656 1091 3778 1147 per-

2185 1156 2306 1214 ﬁdis
2343 1158 2587 1216 accidere
2629 1176 2736 1217 non
2784 1171 2984 1231 potest,
3039 1165 3131 1235 qui
3183 1165 3361 1222 cordis
3407 1168 3778 1228 obstinatione

2186 1249 2371 1304 cmeati
2414 1261 2557 1306 sunt.
2595 1252 2690 1308 Vel
2737 1253 2834 1322 sic,
2867 1255 3082 1326 Appone
3108 1256 3432 1329 iniquitatem
3475 1277 3636 1332 super
3677 1263 3778 1318 irri-

2185 1339 2430 1410 quitatem
2456 1343 2706 1414 ipsorum,
2747 1347 2999 1416 quoniam
3029 1347 3343 1407 occiderunt
3385 1353 3682 1423 prophetas
3725 1365 3778 1413 et

2187 1432 2470 1490 Dominum
2494 1447 2840 1493 necaverunt.

2187 1577 2226 1612 .
2258 1527 2412 1583 Vers.
2442 1528 2532 1585 50.
2565 1527 2848 1586 Deleantur
2871 1531 2934 1587 de
2965 1511 3095 1588 libro
3124 1534 3419 1604 viventium,
3455 1546 3504 1592 et
3529 1553 3651 1592 cum
3683 1556 3777 1612 ﬁt-

2185 1620 2278 1676 stis
2307 1638 2408 1676 non
2430 1623 2740 1678 scribantur.
2763 1624 2934 1679 Verba
2967 1625 3088 1680 talia
3121 1640 3217 1697 per
3253 1628 3514 1698 tropicam
3546 1629 3776 1686 locutio—

2187 1724 2310 1767 nem
2334 1711 2407 1768 vde
2431 1712 2541 1769 Deo
2571 1713 2675 1768 dici
2717 1713 2982 1784 frequenti
3035 1715 3269 1773 lectione
3296 1718 3642 1776 notissimum
3670 1731 3774 1777 est.

2187 1801 2319 1858 Nam
2344 1803 2537 1872 delere,
2565 1815 2619 1862 ct
2647 1807 2882 1874 scribere,
2915 1817 2969 1863 et
3012 1807 3205 1864 librum
3235 1809 3434 1866 habere
3474 1809 3663 1868 datum
3696 1823 3778 1870 est

497 1900 632 1957 decis
665 1901 954 1971 contigisse
988 1899 1328 1956 manifestum
1355 1908 1458 1968 est,
1490 1912 1612 1954 cum
1640 1896 1828 1953 civitas
1868 1894 1956 1950 illa
1986 1892 2080 1950 Je-
2113 1895 2164 1958 B
2193 1895 2399 1953 homini
2440 1912 2601 1953 causa
2638 1899 2910 1955 memoriae
2930 1943 2945 1967 ,
2978 1908 3036 1956 ut
3063 1901 3203 1972 quod
3241 1903 3438 1958 mentis
3463 1904 3777 1963 inﬁrmitate

497 1992 732 2049 rusalem
763 1992 1031 2064 frequenti
1062 1991 1370 2063 captivitate
1398 1991 1574 2048 deleta
1613 1999 1716 2048 est.
1749 1991 1973 2046 Factum
2001 1996 2085 2043 εει

495 2084 638 2140 enim
668 2093 724 2140 ut
749 2093 804 2140 et
841 2083 1033 2140 domus
1059 2084 1284 2154 privata:
1328 2083 1518 2138 ﬁerent
1543 2081 1792 2152 desertas,
1825 2089 1881 2137 et
1909 2080 2083 2135 taber-

496 2177 702 2245 nacula,
741 2175 796 2232 id
825 2184 909 2233 est
947 2175 1161 2231 Domini
1187 2176 1467 2246 templum,
1499 2175 1583 2230 vel
1623 2171 1784 2244 Regis
1824 2171 2083 2242 palatium

495 2271 613 2329 sine
641 2272 846 2328 cultore
888 2278 1252 2328 remanerent.
1302 2269 1369 2324 Et
1398 2277 1524 2324 nota
1561 2267 1704 2340 quod
1732 2266 1786 2323 in
1831 2265 2084 2322 domibus

493 2363 718 2433 privatis
743 2361 1116 2417 habitationem
1142 2360 1341 2430 posuit,
1375 2358 1431 2414 in
1461 2358 1672 2415 Domini
1711 2357 1967 2428 templum
2002 2356 2084 2412 in-

494 2455 896 2512 habitationem.
949 2455 1027 2510 Ibi
1057 2453 1203 2510 enim
1248 2445 1548 2509 habitamus
1577 2451 1855 2507 mansione
1888 2463 2083 2520 corpo-

495 2559 626 2614 rea;
654 2545 742 2602 hic
770 2558 947 2603 autem
969 2545 1338 2613 inhabitamus,
1366 2544 1459 2600 ubi
1490 2544 1892 2614 frequentamus
1919 2541 2084 2598 devo-

499 2647 569 2694 tte
599 2639 792 2695 mentis
821 2639 1038 2696 aﬁ‘ectu.
1096 2696 1099 2697 ν

566 2731 721 2790 Vers.
746 2732 836 2791 28.
887 2733 1142 2802 Quoniam
1185 2748 1335 2800 quem
1382 2741 1437 2786 tu
1479 2731 1794 2802 percussisti,
1834 2726 2085 2800 persecuti

493 2833 647 2880 sunt:
669 2833 717 2879 et
745 2841 897 2896 super
917 2824 1146 2880 dolorem
1172 2825 1438 2878 vulnerum
1472 2838 1701 2877 meorum
1744 2820 2082 2876 addiderunt.

431 2908 446 2928 ’
494 2918 638 2974 Inter
668 2917 964 2974 inﬁdelium
983 2916 1312 2988 justissimas
1343 2929 1530 2987 ptenas
1558 2927 1719 2970 causa
1745 2914 1961 2984 ponitur
1987 2911 2085 2967 do-

495 3013 708 3069 tninicse
759 3014 1049 3084 passionis,
1103 3013 1226 3083 quia
1279 3025 1585 3080 percussum
1636 3011 1889 3079 persecuti
1941 3015 2083 3075 sunt,

497 3103 707 3174 sibique
761 3105 1042 3160 traditum‘
1072 3087 1378 3160 detestabili
1430 3102 1648 3158 feritate
1720 3107 2082 3167 necaverunt,

497 3198 638 3253 sicut
667 3198 784 3267 ipse
829 3197 999 3254 dixit:
1027 3197 1150 3253 Non
1181 3195 1391 3251 haberes
1429 3197 1483 3250 in
1521 3213 1600 3250 me
1629 3203 1952 3265 potestatem,
1985 3194 2084 3249 nisi

2185 1991 2422 2046 retinere
2444 2005 2551 2046 non
2583 1999 2813 2062 poterat,
2857 1992 3163 2060 adiumento
3193 1995 3494 2065 scripturae,
3520 2012 3646 2056 cum
3691 2013 3776 2056 res

2188 2093 2450 2153 posceret,
2496 2086 2757 2154 potuisset
2801 2100 3114 2155 agnoscere.
3147 2087 3236 2144 Sic
3277 2089 3418 2144 enim
3459 2099 3513 2145 et
3565 2091 3776 2163 Moyses

2185 2179 2315 2236 dicit
2348 2179 2414 2234 ad
2457 2180 2739 2249 Dominum
2775 2199 2789 2236 :
2823 2181 2884 2237 Si
2929 2183 3046 2236 huic
3072 2184 3263 2255 p0pulo
3289 2201 3390 2238 non
3419 2187 3618 2256 parcis,
3663 2187 3776 2243 dele

2185 2290 2266 2328 me
2285 2273 2348 2329 de
2371 2271 2498 2329 libro
2520 2272 2788 2328 viventium
2819 2271 3016 2341 (Exod.
3039 2288 3208 2340 xxxu,
3230 2272 3344 2345 32).
3369 2273 3478 2331 Sed
3501 2276 3632 2334 liber
3655 2278 3773 2345 iste,

2185 2364 2395 2422 Domini
2441 2369 2628 2422 notitia
2674 2375 2756 2424 est
2805 2365 3126 2423 inviolabilis
3181 2367 3440 2438 ﬁrmaque
3485 2370 3771 2428 sententia.

2187 2457 2394 2515 Dicitur
2411 2474 2540 2531 ergo
2569 2461 2635 2516 de
2655 2460 2853 2516 iudicis
2877 2479 2889 2514 :
2918 2458 3199 2516 Deleantur
3220 2461 3284 2514 de
3310 2460 3438 2516 libro
3463 2462 3768 2531 viventium,

2185 2563 2293 2606 non
2324 2550 2447 2620 quia
2472 2551 2658 2622 scripti
2685 2559 2858 2621 erant,
2889 2553 2986 2610 sed
3019 2553 3139 2624 quia
3170 2552 3404 2626 scriptos
3429 2567 3492 2610 se
3533 2568 3660 2611 esse
3681 2554 3766 2625 ju-

2185 2641 2462 2700 dicabant.
2498 2644 2572 2700 lhi
2599 2646 2744 2702 enim
2775 2647 2917 2716 quod
2941 2646 3195 2703 scribitur
3220 2648 3391 2705 deleri
3431 2664 3540 2705 non
3574 2657 3764 2722 poteSt,

2187 2736 2311 2804 quia
2356 2742 2524 2792 totum
2573 2736 2629 2792 in
2682 2739 3153 2808 praedestinatione
3193 2740 3492 2816 .solidatum
3533 2750 3657 2809 est;
3715 2752 3766 2798 et

2187 2827 2365 2883 nullus
2394 2837 2619 2885 eventus
2651 2838 2860 2887 mutare
2882 2831 3085 2901 poterit
3109 2832 3254 2903 quod
3296 2831 3388 2888 illa
3429 2833 3764 2903 providentia

2188 2932 2420 2991 superna
2445 2919 2701 2976 decrevit.
2728 2921 2999 2993 Sequitur,
3031 2931 3079 2978 et
3097 2923 3386 2995 cumjustis
3411 2940 3516 2978 non
3541 2925 3766 2980 scriban-
3795 2907 3798 2909 λ

2189 3019 2294 3069 tur.
2316 3012 2462 3069 idem
2490 3013 2603 3082 ipse
2625 3012 2912 3068 locutionis
2934 3023 3020 3070 est
3042 3013 3252 3082 modus,
3282 3024 3342 3070 ut
3364 3015 3608 3072 scribere
3634 3016 3766 3072 dicat

2186 3103 2382 3172 Deum,
2408 3103 2552 3174 quod
2580 3113 2664 3160 est
2691 3103 2743 3160 in
2774 3105 2865 3160 illa
2888 3104 3214 3174 judicatione
3242 3104 3482 3162 facturus
3503 3148 3519 3173 ,
3551 3107 3695 3162 sicut
3715 3107 3765 3163 in

2188 3197 2484 3270 Evangelio
2513 3197 2683 3254 dicit:
2711 3183 2819 3254 Sed
2843 3199 3010 3270 potius
3038 3201 3094 3255 in
3125 3201 3218 3256 hoc
3245 3203 3482 3272 gaudete,
3513 3203 3638 3272 quia
3677 3218 3766 3256 no-

497 3291 732 3346 tibi.data
758 3301 884 3348 esset
917 3292 1134 3363 desuper
1163 3290 1340 3363 (Joan.
1381 3306 1491 3358 xu,
1527 3289 1639 3360 il).
1671 3289 1890 3361 Legitur
1919 3289 2079 3361 231
2109 3290 2156 3354 C
2184 3291 2329 3346 mina
2375 3297 2538 3345 vestra
2564 3291 2754 3360 scripta
2781 3301 2901 3346 sunt
2947 3292 3002 3346 in
3032 3294 3168 3348 cretis
3211 3292 3362 3364 (Luc.
3408 3309 3464 3358 ι,
3510 3294 3631 3365 20).
3659 3294 3766 3351 Hoc

497 3386 658 3440 etiam
685 3401 699 3439 :
729 3383 832 3452 Qui
871 3387 1083 3456 proprio
1113 3383 1254 3440 Filio
1293 3399 1394 3439 non
1423 3383 1786 3456 pepercit,°sed
1813 3399 1904 3454 pro
1935 3381 2080 3436 nobis

498 3477 732 3531 omnibus
759 3477 973 3532 tradidit
1001 3477 1151 3532 illum
1185 3477 1362 3550 (Rom.
1390 3493 1504 3542 vm,
1539 3476 1655 3548 '52).
1691 3476 1962 3546 Scriptum
1999 3482 2082 3531 est

499 3585 713 3642 quoque
739 3571 1062 3637 absolutius,
1093 3571 1216 3641 quia
1251 3573 1388 3628 Dens
1427 3570 1734 3642 frequenter
1762 3570 1989 3641 percutit
2013 3567 2082 3624 ad

503 3665 729 3721 salutem
748 3705 764 3732 ,
795 3674 854 3720 ut
883 3671 968 3722 est
989 3663 1120 3720 illud
1154 3664 1550 3720 Deuteronomii
1581 3681 1594 3717 :
1621 3662 1733 3735 Ego
1777 3662 2007 3717 occidam
2034 3668 2084 3716 et

498 3759 660 3813 vivere
693 3759 902 3830 faciam,
946 3759 1224 3830 percutiam
1249 3743 1304 3812 et
1326 3773 1418 3830 ego
1463 3756 1656 3812 eanabo
1697 3745 1876 3828 (Deut.
1913 3769 2080 3823 χχιιι,

499 3855 615 3926 39).
657 3853 991 3926 Quapropter
1029 3867 1337 3924 percussum
1375 3867 1434 3909 se
1459 3851 1589 3908 dicit
1633 3850 1890 3907 Dominus
1921 3849 2084 3905 Jesus

499 3946 742 4002 Christus
772 3961 802 4000 a
825 3944 1223 4015 dispensatione
1252 3958 1352 4015 qua
1375 3957 1564 4015 passus
1588 3949 1690 3998 est.
1716 3940 1823 3998 Sed
1847 3940 1972 3996 hinc
1991 3939 2087 3996 Ju-

500 4038 603 4095 daei
633 4038 977 4096 detestabiles
1008 4038 1350 4105 exstiterunt,
1394 4035 1644 4106 quoniam
1665 4033 1808 4106 quod
1849 4030 2088 4104 oportuit

499 4147 598 4204 pro
643 4131 841 4188 mundo
891 4131 1027 4198 ﬁeri,
1082 4145 1180 4200 per
1219 4129 1365 4200 ipsos
1409 4126 1614 4183 crudeli
1657 4134 1782 4181 voto
1831 4123 2088 4195 probatur

499 4226 802 4296 impletum.
831 4223 1106 4294 Sequitur,
1134 4231 1179 4277 et
1220 4237 1374 4293 super
1408 4220 1636 4275 dolorem
1658 4220 1922 4274 vulnerum
1943 4233 2086 4272 meo-

500 4331 617 4370 rum
647 4313 977 4370 addiderunt.
1023 4312 1227 4369 Eodem
1259 4311 1418 4367 modo
1443 4310 1586 4366 dicta
1614 4318 1696 4366 est
1721 4318 1776 4366 et
1817 4310 1918 4365 ista
1958 4323 2087 4365 sen-

502 4408 686 4466 tentia.
721 4407 881 4462 Dolor
917 4414 1035 4462 erat
1057 4406 1324 4460 vulnerum
1351 4405 1440 4474 pio
1471 4403 1718 4469 Domino,
1751 4418 1845 4458 cur
1886 4416 1993 4458 non
2021 4401 2090 4458 de

504 4499 701 4556 inﬁdeli
725 4497 924 4570 populo
952 4496 1096 4554 sitim
1144 4511 1296 4553 suam
1329 4496 1667 4566 esuriemque
1705 4494 1952 4550 satiabat.
1983 4493 2092 4547 Ad-

503 4593 745 4647 diderunt
782 4589 954 4646 Judaai
982 4587 1272 4661 gloriosam
1316 4587 1534 4658 quidem
1581 4586 1828 4652 Domino,
1861 4584 1957 4641 sed
1985 4583 2088 4640 sibi

2183 3383 2327 3439 enim
2357 3383 2600 3440 accidere
2629 3395 2786 3456 negat
2814 3385 2892 3441 eis
2932 3387 3023 3458 qui
3050 3401 3156 3444 non
3202 3396 3348 3457 sunt,
3401 3389 3541 3447 sicut
3590 3389 3766 3448 titulus

2183 3477 2280 3544 ait,
2312 3475 2414 3548 piis
2433 3476 2886 3535 satisfactionibus
2913 3479 3196 3536 immutati.
3693 3483 3696 3485 λ

2255 3569 2410 3628 Vers.
2439 3571 2529 3628 3i.
2561 3569 2774 3644 Pauper
2806 3581 2853 3627 et
2875 3573 3052 3628 dolens
3079 3590 3169 3646 ego
3196 3592 3332 3644 sum,
3365 3585 3413 3632 et
3445 3578 3588 3632 salus
3618 3577 3764 3650 fma,

2185 3661 2324 3717 salus
2353 3663 2462 3734 tua]
2490 3661 2660 3719 vultus
2684 3664 2780 3732 tui,
2803 3663 2960 3730 Deus,
2989 3665 3208 3736 suscepit
3229 3681 3327 3721 me.
3358 3665 3649 3739 Postquam
3679 3669 3769 3726 Ju-

2185 3753 2318 3810 dazis
2343 3768 2466 3825 quae
2496 3753 2710 3810 fuerant
2747 3769 3025 3812 emersura
3057 3756 3348 3827 pr0phetiae
3391 3757 3770 3829 praedicatione

2185 3853 2554 3914 competenter
2581 3845 2800 3916 optavit,
2836 3846 2981 3901 venit
3030 3846 3098 3902 ad
3129 3848 3368 3917 quintam
3416 3859 3651 3920 partem,
3685 3851 3766 3906 ubi

2188 3937 2370 3992 multis
2414 3936 2592 3993 modis
2643 3938 2862 4008 exponit
2891 3953 2922 3994 a
2967 3937 3768 4008 dispensationeincarnationis

2185 4031 2272 4087 sui
2323 4029 2585 4102 propositi
2629 4030 2987 4086 sanctitatem.
3045 4030 3184 4088 Dicit
3239 4033 3381 4088 enim
3416 4049 3431 4088 :
3465 4032 3681 4105 Pauper
3727 4042 3768 4090 et

2187 4124 2367 4181 dolens
2403 4139 2494 4196 ego
2531 4138 2662 4178 sum.
2703 4121 2932 4193 Pauper,
2964 4124 3105 4179 sicut
3153 4123 3282 4180 dicit
3308 4126 3642 4196 Apostolus:
3674 4126 3772 4194 Qui

2188 4233 2283 4290 pro
2307 4217 2452 4272 nobis
2482 4233 2676 4287 pauper
2705 4217 2870 4288 factus
2899 4225 2996 4284 est,
3037 4233 3151 4271 cum
3177 4226 3304 4272 esset
3333 4218 3494 4286 dives,
3546 4227 3602 4273 ut
3632 4219 3772 4276 illius

2187 4309 2364 4378 inapia
2394 4324 2485 4362 nos
2516 4307 2694 4362 divites
2739 4323 2959 4363 essemus
2990 4305 3078 4380 (11
3120 4307 3239 4364 Cor.
3283 4324 3392 4377 vnt,
3445 4309 3524 4379 9).
3555 4309 3772 4380 Dolens,

2189 4402 2337 4472 quia,
2364 4401 2502 4456 sicut
2530 4399 2694 4455 Isaias
2722 4398 2850 4454 dicit
2877 4417 2892 4455 :
2926 4397 3264 4468 Infirmitates
3284 4409 3486 4456 nostras
3516 4402 3629 4474 ipse
3659 4420 3777 4473 por-

2191 4495 2333 4560 tavit,
2379 4502 2426 4548 et
2455 4509 2547 4565 pro
2577 4493 2807 4547 omnibus
2835 4493 3003 4547 doluit
3053 4492 3210 4564 (Isai.
3238 4509 3353 4563 ult,
3403 4493 3481 4563 4).
3513 4495 3582 4551 Et
3612 4511 3777 4568 quare

2192 4587 2357 4644 dicit:
2387 4586 2498 4659 Ego
2530 4603 2660 4656 sum,
2705 4601 2826 4642 cum
2857 4585 3012 4641 multi
3041 4599 3303 4658 pauperes
3353 4587 3463 4643 sint
3489 4587 3778 4644 dolentes?

504 4683 1015 4758 perniciosissimam
1061 4681 1398 4752 passionem,
1447 4688 1504 4735 ut
1545 4679 1624 4734 illi
1656 4677 1971 4734 detestabile
2009 4679 2305 4745 in-DSed
2353 4681 2475 4737 ideo
2524 4679 2625 4736 sibi
2679 4679 2820 4734 hanc
2874 4679 3252 4749 proprietatem
3301 4679 3595 4750 deputavit,
3657 4679 3780 4752 quia

504 4781 708 4838 ferrent
738 4777 982 4843 exitium,
1015 4775 1106 4846 qui
1144 4783 1365 4831 venerat
1395 4787 1491 4844 pro
1529 4773 1701 4829 salute
1746 4779 2084 4829 cunctorum.

581 4871 731 4929 \Ters.
781 4867 877 4924 29.
927 4867 1141 4938 Appone
1192 4866 1512 4936 iniquitatem
1563 4881 1716 4936 super
1765 4864 2088 4934 iniquitatem

503 4963 752 5034 ipsorum.
785 4969 832 5014 et
880 4973 982 5012 non
1026 4963 1215 5012 intrent
1249 4957 1302 5010 in
1351 4965 1488 5010 tuam
1525 4955 1804 5028 justitiam.
1835 4952 2091 5023 Iniquitas

507 5057 676 5126 prima
707 5052 804 5108 fuit
828 5051 1064 5109 Judaicae
1092 5050 1343 5116 nationis,
1371 5057 1429 5103 ut
1457 5047 1746 5118 prephetas
1787 5047 1854 5102 ad
1880 5060 1941 5103 se
1959 5045 2089 5102 mis-

400 5165 426 5188 ο
506 5162 594 5204 sos
615 5146 1028 5218 exstinguerent.
1072 5143 1321 5213 Apposita
1361 5149 1432 5195 est
1460 5148 1638 5196 autem
1663 5139 1910 5209 iniquitas
1933 5153 2089 5208 super

505 5241 822 5313 iniquitatem
851 5241 1102 5310 ipsorum,
1129 5231 1344 5306 quando
1367 5231 1540 5302 ipsum
1567 5245 1777 5302 quoque
1805 5229 2092 5286 Dominum

508 5343 746 5390 nostrum
799 5341 983 5390 tesum
1049 5325 1319 5384 Christum
1374 5324 1683 5395 cruciﬁgere
1747 5324 2086 5388 maluerunt;

509 5424 650 5494 quod
699 5425 753 5478 in
807 5418 1100 5490 Evangelio
1154 5417 1468 5472 colonorum
1517 5423 1572 5470 et
1620 5415 1790 5470 vineae
1839 5412 2090 5484 parabola

507 5517 646 5571 dicta
675 5525 940 5572 testatur:
971 5511 1194 5581 Quidam
1213 5511 1392 5565 habuit
1411 5509 1631 5576 vineam,
1663 5516 1709 5562 et
1735 5523 1850 5578 sepe
1876 5509 2093 5561 circum-

508 5608 644 5662 dedit
674 5623 784 5662 eam
822 5603 1036 5679 (Matth.
1068 5619 1180 5672 xxi,
1203 5602 1318 5673 '55),
1348 5615 1516 5670 usque
1543 5597 1610 5654 ad
1651 5597 1827 5652 locum
1857 5597 1945 5652 ubi
1969 5598 2042 5652 ait
2078 5617 2093 5653 :

511 5697 577 5756 Et
600 5700 858 5770 ejicientes
883 5715 997 5754 eum
1039 5707 1185 5753 extra
1222 5697 1421 5751 vineam
1465 5691 1779 5746 occiderunt.
1813 5690 1902 5746 Sic
1949 5691 2094 5747 enim

510 5797 724 5865 dicitur,
746 5797 960 5869 Appone
976 5796 1316 5866 iniquitatem,
1341 5804 1436 5861 per
1461 5787 1719 5857 tropicam
1747 5788 2087 5857 locutionem,

511 5889 956 5969 quemadmodum
1003 5887 1202 5945 lectum
1251 5891 1334 5940 est
1363 5898 1376 5936 :
1409 5877 1684 5934 Induravit
1726 5877 1976 5936 Dominus
2005 5899 2091 5938 cor

2191 4789 2350 4832 nemo
2364 4775 2499 4830 alter
2522 4775 2663 4828 hunc
2687 4771 2924 4828 dolorem
2954 4785 3051 4842 pro
3080 4773 3241 4829 totius
3265 4772 3451 4828 mundi
3473 4775 3635 4844 culpa
3657 4788 3779 4830 sus-

2195 4867 2373 4925 tinuit.
2417 4865 2524 4924 Sed
2558 4865 2660 4920 hoe
2688 4879 2784 4936 per
2825 4863 3046 4934 ﬁguram
3085 4864 3280 4920 dicitur
3309 4865 3660 4922 metriasmon
3681 4909 3695 4933 ,
3730 4865 3782 4921 id

2193 4967 2278 5019 est
2323 4959 2774 5028 mediocritatem,
2817 4957 3031 5028 quando
3079 4973 3194 5014 rem
3222 4971 3470 5030 magnam
3497 4958 3783 5014 humiliato

2195 5062 2322 5110 voto
2351 5052 2662 5124 dejicimus;
2713 5052 2857 5124 quod
2907 5066 3151 5122 personae
3181 5052 3390 5108 Domini
3443 5051 3650 5109 Christi
3679 5053 3782 5110 fre-
3833 5051 3840 5110 ἲ

2195 5153 2422 5216 quenter
2449 5152 2682 5216 aptatur.
2715 5145 2995 5215 Sequitur,
3022 5155 3070 5200 et
3112 5147 3255 5202 salus
3281 5148 3453 5202 vultus
3484 5147 3581 5212 tui,
3615 5145 3778 5214 Deus,

2196 5239 2417 5309 suscepit
2443 5253 2544 5294 me.
2577 5237 2815 5310 Suscepit
2859 5239 3045 5310 utique
3094 5238 3483 5294 humanitatem
3534 5238 3787 5306 omnipo-

2197 5336 2318 5385 tens
2371 5328 2625 5399 Verbum,
2681 5328 2895 5399 quando
2953 5329 3212 5384 mundum
3265 5330 3379 5386 Deo
3429 5329 3784 5386 reconciliare

2197 5421 2442 5492 dignatus
2468 5430 2572 5478 est.
2604 5420 2763 5478 Salus
2791 5421 2962 5476 vultus
3005 5420 3104 5491 tui,
3135 5420 3308 5476 forma
3338 5419 3602 5491 unigeniti
3634 5419 3781 5488 Filii,

2199 5514 2253 5570 in
2279 5528 2380 5584 qua
2413 5511 2632 5582 aequalis
2656 5521 2738 5568 est
2767 5511 2943 5578 Patri;
2975 5526 3093 5581 qua:
3114 5511 3363 5568 salutaris
3391 5521 3540 5568 recte
3565 5511 3782 5579 dicitur,

2197 5619 2293 5676 per
2324 5619 2481 5675 quam
2513 5603 2760 5659 fidelibus
2789 5601 3054 5658 medicina
3090 5601 3386 5658 confertur.
3415 5601 3653 5674 Suscepit
3683 5617 3784 5668 me,

2198 5696 2392 5751 dicitur
2421 5711 2450 5748 a
2475 5704 2624 5765 parte
2653 5709 2756 5764 qua
2787 5693 2964 5749 minor
2994 5701 3078 5749 est
3109 5691 3289 5761 Patre,
3314 5701 3372 5748 ut
3401 5693 3697 5749 collocatus
3717 5691 3783 5748 ad

2195 5788 2471 5844 dexteram
2514 5786 2655 5858 ejus,
2690 5795 2744 5843 et
2791 5792 3164 5858 paupertatem
3203 5786 3500 5858 deponeret
3529 5795 3588 5845 et
3629 5786 3779 5845 dolo-

2197 5897 2330 5939 rem.
