4036 6342
200 520 294 575 489

1063 509 1413 575 EXPOSITIO
1453 517 1517 572 IN
1555 516 2016 576 PSALTERIUM.
2057 518 2248 577 PSAL.
2294 519 2520 577 LXVI“.

3327 523 3429 579 490

263 637 410 693 Vers.
457 633 544 692 52.
595 631 839 691 Laudabo
890 651 1074 691 nomen
1120 634 1216 690 Dei
1271 651 1386 689 cum
1438 635 1658 700 cantico,
1707 642 1754 689 et
1782 637 2003 699 Aenim
2035 636 2226 692 liberat
2255 653 2283 691 a
2317 639 2522 707 laqueis
2569 636 2890 706 carnalibus,
2919 652 3053 708 quos
3081 638 3194 694 suis
3233 640 3430 711 regulis

199 733 524 802 magniﬁeabo
567 748 682 787 eum
711 734 764 786 in
793 733 963 787 laude.
991 731 1103 787 Hoc
1147 731 1283 787 bene
1314 739 1488 802 potest
1533 729 1754 800 intelligi

199 822 260 878 ab
286 821 367 877 bis
388 821 479 892 qui
503 823 810 878 commutati
839 832 984 889 sunt,
1021 823 1072 877 id
1121 831 1203 878 est
1226 838 1257 876 a
1289 833 1440 892 parte
1484 821 1754 876 membro-

198 929 326 968 rum.
357 913 560 968 Laudat
589 915 731 971 enim
784 915 837 970 in
867 914 1106 969 Ecclesia
1145 929 1330 967 nomen
1359 910 1569 967 Domini
1598 916 1758 980 caput

197 1012 425 1058 nostrum
474 1020 590 1058 cum
618 1006 838 1072 cantico,
868 1006 1080 1075 quando
1123 1004 1371 1075 hymnica
1401 1002 1757 1059 exsultatione

196 1085 252 1150 ﬁt
283 1094 534 1151 adunatio
563 1110 753 1166 magna
784 1095 1044 1152 ﬁdelium.
1090 1095 1206 1165 Ipse
1233 1093 1375 1149 enim
1423 1095 1476 1147 in
1505 1091 1658 1148 nobis
1705 1098 1760 1146 et

198 1189 368 1244 laudat
409 1199 466 1246 et
509 1191 836 1261 magniﬁcat,
887 1191 1030 1260 quod
1084 1204 1182 1245 nos
1227 1189 1492 1245 veraciter
1540 1186 1759 1242 laudare

197 1281 480 1351 c0guoscit.
510 1281 644 1336 Nam
672 1281 718 1336 si
745 1280 899 1336 nobis
927 1280 1287 1336 esurientibus
1310 1280 1501 1344 esurit,
1530 1279 1577 1334 si
1605 1277 1760 1333 nobis

196 1371 488 1426 sitientibus
518 1372 653 1440 sitit,
684 1372 1134 1442 quemadmodum
1163 1380 1217 1428 et
1241 1371 1396 1428 nobis
1423 1369 1760 1427 laudantibus

197 1483 292 1524 non
322 1467 435 1538 ipse
459 1467 764 1524 collaudat?

261 1592 412 1649 Vers.
438 1593 537 1648 55.
571 1591 640 1647 Et
663 1593 880 1665 placebit
907 1592 1017 1648 Deo
1047 1607 1195 1662 super
1223 1589 1438 1646 vitulum
1485 1587 1762 1657 novellum,

198 1699 378 1737 cornua
415 1684 788 1753 producentem
815 1692 863 1738 et
908 1684 1150 1755 ungulas.
1186 1681 1281 1738 ilic
1318 1681 1627 1752 psalmodim
1656 1679 1765 1734 vir-

201 1784 279 1830 tus
308 1775 600 1846 exponitur
629 1793 642 1830 :
676 1777 799 1846 quia
853 1775 1023 1831 multo
1065 1775 1339 1845 acceptior
1362 1782 1444 1830 est
1486 1774 1604 1828 laus
1632 1786 1764 1843 puro

197 1865 346 1920 corde
372 1865 486 1920 fusa
513 1865 646 1935 Deo,
678 1880 836 1935 quam
863 1873 1036 1935 potest
1058 1865 1316 1935 pecudum
1341 1866 1543 1934 placere
1567 1871 1766 1916 macta-

199 1957 283 2012 tio.
313 1956 416 2013 Iste
443 1959 592 2013 enim
615 1959 808 2028 prioris
832 1958 1119 2016 oblationis
1148 1973 1264 2013 mos
1293 1956 1412 2022 fuit,
1438 1965 1495 2010 ut
1523 1970 1618 2025 pro
1638 1969 1764 2025 pec-

1857 742 2131 785 connexos
2159 731 2458 798 agnoverit.

1929 821 2082 877 Vers.
2114 823 2206 878 36.
2239 823 2472 877 Laudent
2495 838 2611 877 eum
2631 824 2742 878 caeli
2759 832 2808 878 et
2834 831 2992 890 terra,
3019 840 3159 879 mare
3187 831 3234 878 et
3261 824 3433 880 omnia

1860 931 1972 984 qua:
1999 916 2054 968 in
2098 916 2169 970 eis
2216 924 2354 970 sunt.
2385 915 2549 970 Datur
2590 930 2901 986 magnarum
2933 931 3112 971 rerum
3160 915 3338 972 brevis
3377 924 3432 972 et

1861 1007 2102 1062 absoluta
2131 1009 2395 1064 sententia
2414 1047 2430 1073 ,
2463 1016 2522 1062 ut
2548 1008 2604 1063 in
2625 1010 2744 1065 coeli
2778 1011 3288 1066 commemoratione
3317 1025 3434 1065 om-

1861 1097 1945 1154 nia
1968 1114 2089 1155 eum
2118 1099 2347 1155 debeant
2377 1100 2592 1155 laudare
2611 1101 2868 1167 cmlestia,
2903 1111 3059 1156 terra:
3090 1117 3300 1172 quoque
3324 1110 3435 1157 ter-

1860 1191 2073 1259 restria,
2103 1191 2266 1248 maris
2291 1191 2541 1247 universa
2561 1193 2817 1247 natantia.
2853 1191 2919 1246 Et
2943 1202 3001 1246 ut
3030 1194 3176 1248 ﬁeret
3199 1192 3435 1261 perfecta

1862 1282 2155 1349 conclusio,
2181 1282 2382 1338 dictum
2399 1291 2504 1349 est,
2525 1281 2758 1352 etlomnia
2777 1298 2888 1352 quia
2917 1283 2968 1335 in
2991 1283 3062 1337 eis
3091 1293 3230 1338 sunt.
3257 1283 3343 1339 Sic
3367 1282 3434 1339 ad

1864 1372 2076 1428 Domini
2106 1373 2290 1429 laudes
2335 1372 2592 1429 invitatur
2619 1374 2873 1444 quidquid
2919 1384 3283 1428 creaturarum
3314 1389 3438 1430 esse

1863 1467 2232 1537 cognoscitur;
2263 1468 2340 1522 sic
2386 1475 2441 1522 et
2471 1469 2755 1537 Apostolus
2803 1469 3174 1537 complectitur
3203 1469 3389 1526 dicens
3421 1487 3437 1523 :

1869 1556 1936 1612 Ut
1965 1559 2018 1611 in
2067 1559 2272 1614 nomine
2319 1557 2443 1614 Jesu
2497 1575 2644 1613 onme
2693 1576 2825 1631 genu
2856 1561 3090 1628 flectatur
3142 1561 3437 1627 ctelestiurn,

1867 1651 2177 1702 terrestrium
2224 1657 2270 1703 et
2299 1652 2644 1719 tnfernorum,
2674 1659 2723 1705 et
2753 1651 2917 1705 omnis
2943 1650 3120 1721 lingua
3143 1653 3442 1721 confiteatur

1866 1744 1988 1812 quia
2029 1742 2279 1797 Dominus
2303 1742 2454 1799 Jesus
2483 1743 2714 1800 Christus
2758 1745 2814 1799 in
2848 1745 3015 1816 gloria
3045 1754 3118 1799 est
3141 1744 3238 1799 Dei
3268 1744 3440 1799 Patris

1868 1834 2092 1906 (Philip.
2119 1851 2176 1902 ιι,
2207 1835 2296 1907 10)

1941 1927 2097 1982 Vers.
2143 1929 2231 1983 '57.
2282 1927 2534 1994 Quoniam
2578 1928 2716 1984 Deus
2763 1930 2959 1985 salvam
3006 1931 3157 2002 faciet
3208 1930 3357 1998 Sion,
3400 1943 3444 1984 et

200 2050 324 2104 catis
366 2018 655 2106 oﬁ'erretur
702 2051 928 2104 novellus
979 2051 1183 2106 vitulus.
1229 2018 1573 2119 Signiﬁcahat
1619 2018 1762 2102 enim
1791 2029 1842 2091 Β
1867 2018 2259 2119 ‘Fdiﬁcfbumur
2298 2019 2520 2119 “:vimm
2558 2020 2747 2119 “die;
2770 2030 2835 2119 _e‘
2873 2021 3227 2119 ίηὴαωξαδξηη
3267 2024 3364 2119 ,ὧδ’
3393 2033 3444 2119 ,ω

202 2140 307 2197 haec
335 2143 555 2198 victima
598 2142 898 2198 innocentis
929 2157 992 2198 ac
1021 2155 1172 2197 nova:
1199 2140 1323 2196 vita:
1363 2154 1586 2195 munera
1613 2152 1769 2194 secu-

203 2241 331 2300 tura,
359 2250 478 2304 quae
509 2234 873 2291 defensionem
907 2233 1130 2288 haberet
1182 2232 1237 2286 in
1266 2233 1540 2298 cornibus,
1571 2229 1766 2298 pedum

203 2335 326 2380 vero
345 2326 621 2381 munimen
651 2325 706 2379 in
731 2325 964 2396 ungulis,
994 2338 1089 2392 per
1116 2337 1248 2393 quas
1271 2322 1455 2378 smculi
1486 2321 1640 2377 istius
1677 2333 1768 2374 as-

203 2431 320 2486 pera
348 2417 756 2472 conversatione
795 2415 1130 2472 sanctissima
1162 2413 1511 2470 calcaremus.
1559 2411 1768 2465 Produ-

205 2518 403 2576 centem,
436 2507 580 2578 quod
607 2508 700 2576 ait,
729 2523 941 2576 cornua,
977 2507 1108 2562 illud
1151 2505 1431 2576 signiﬁcat,
1455 2504 1577 2574 quia
1614 2500 1770 2558 Chri-

204 2599 494 2654 stianorum
523 2601 748 2670 pOpulus
777 2614 872 2669 per
919 2599 1032 2654 dies
1061 2597 1300 2668 singulos
1329 2597 1526 2652 virtute
1557 2591 1768 2651 Domini

205 2703 409 2762 semper
434 2701 661 2762 augetur

269 2812 424 2868 Vers.
477 2812 567 2868 54.
606 2811 825 2868 Videant
869 2829 1116 2884 pauperes
1164 2820 1211 2868 et
1254 2813 1525 2879 (celentur;
1565 2811 1773 2882 quterite

208 2901 385 2972 Deum,
417 2912 467 2961 et
489 2905 611 2959 vivet
635 2906 806 2960 anima
830 2916 1013 2962 vestra.
1041 2905 1328 2976 Postquam
1357 2905 1489 2960 dixit
1511 2906 1628 2974 plus
1655 2917 1776 2961 esse

211 2995 458 3050 sacriﬁcia
491 2995 662 3051 laudis
691 3012 849 3068 quam
895 2996 1159 3067 pecudum
1191 2996 1604 3061 immolationes,
1649 3009 1777 3050 con-

213 3087 424 3142 vertitur
453 3086 520 3141 ad
552 3102 813 3157 pauperes
835 3128 852 3154 ,
880 3103 1227 3144 commonens
1249 3095 1309 3144 ut
1334 3087 1563 3144 debeant
1587 3086 1775 3152 trctari,

215 3181 413 3248 quando
437 3181 549 3252 jam
580 3196 686 3236 non
731 3182 785 3236 in
812 3181 942 3236 solis
969 3181 1308 3236 facultatibus
1351 3180 1551 3236 oblatio
1601 3177 1777 3248 posita

217 3281 308 3339 est,
338 3272 431 3328 sed
461 3273 515 3328 in
547 3273 741 3328 mentis
771 3272 981 3338 aﬁ‘ectu,
1014 3273 1103 3328 ubi
1144 3281 1197 3328 ct
1229 3289 1420 3343 pauper
1460 3280 1631 3340 potest
1658 3283 1778 3326 esse

219 3362 517 3420 ditissimus.
548 3363 724 3420 Nolite
750 3379 904 3436 ergo,
931 3364 1146 3434 divites,
1177 3364 1412 3435 gloriari,
1436 3363 1526 3433 qui
1555 3362 1780 3432 potestis

221 3454 403 3511 habere
433 3456 631 3511 vitulos
661 3469 860 3511 cornua
893 3455 1248 3525 producentes
1278 3463 1334 3510 et
1353 3454 1578 3523 ungulas
1607 3494 1623 3519 ,
1654 3452 1779 3523 quia

223 3543 347 3603 Deus
394 3550 494 3604 ista
544 3549 771 3618 respuit,
826 3556 878 3603 et
927 3548 1340 3604 mundissimum
1395 3561 1490 3603 cor
1538 3545 1781 3616 requirit,

221 3638 345 3705 quod
389 3639 464 3693 illi
510 3640 682 3707 magis
709 3640 907 3693 habent
947 3639 1036 3706 qui
1080 3638 1293 3695 divitias
1322 3647 1528 3693 vestras
1556 3636 1784 3693 obnoxia

218 3735 381 3783 mente
409 3744 523 3784 non
554 3738 819 3799 quaerunt.
852 3728 1125 3798 Sequitur,
1145 3728 1352 3799 quaerite
1378 3727 1560 3794 Deum,
1589 3735 1634 3780 et
1659 3727 1786 3780 vivet

217 3818 366 3872 aninta
389 3831 582 3875 vestra.
611 3819 880 3889 Paupercs
906 3828 1086 3874 monet
1113 3827 1169 3874 ut
1194 3832 1372 3874 escam
1402 3817 1596 3872 mentis
1625 3831 1774 3885 quae-

219 3918 343 3976 rant,
374 3926 477 3966 non
501 3909 777 3980 corporis,
802 3917 858 3964 et
892 3909 1042 3964 illum
1081 3924 1270 3978 panem
1297 3907 1604 3964 desiderent
1628 3922 1790 3977 angeo

221 3997 399 4067 lorum,
445 4002 599 4058 unde
646 4003 822 4070 potius
867 4001 1043 4056 anima
1089 4002 1381 4072 saginetur.
1416 4001 1790 4070 Respiciamus

223 4092 354 4157 quod
396 4093 548 4158 dicit,
581 4093 706 4146 vivet
737 4093 909 4145 anima
936 4100 1122 4158 vestra,
1171 4091 1297 4146 dum
1346 4099 1402 4147 et
1452 4100 1791 4160 peccatorum

224 4183 348 4235 vivat
377 4185 570 4238 anima.
599 4184 700 4241 Sed
731 4184 858 4239 illud
901 4185 1115 4254 proprie
1159 4184 1325 4237 vivere
1351 4182 1599 4248 dicimus,
1651 4183 1793 4251 quod

225 4273 274 4326 in
307 4274 640 4331 beatitudinis
665 4276 1001 4345 iucunditate
1043 4275 1309 4330 consistit.
1339 4273 1470 4328 Illud
1521 4280 1699 4328 autem
1730 4272 1796 4328 li-

228 4373 309 4418 cet
334 4367 490 4435 vivat,
528 4367 690 4439 232
717 4368 852 4422 mori
889 4366 1035 4435 juste
1061 4373 1332 4438 putamus,
1357 4363 1498 4435 quod
1539 4371 1794 4435 perpetua

230 4455 430 4511 tristitia
459 4468 512 4512 et
548 4457 877 4526 gravissimis
902 4456 1177 4512 dofbribus
1202 4466 1476 4511 oneratur.

303 4587 441 4643 Vcrs.
473 4588 569 4643 55.
617 4587 875 4654 Quoniam
922 4585 1180 4640 exaudivit
1228 4601 1478 4656 pauperes
1520 4582 1795 4651 Dominus,

234 4682 273 4725 ct
301 4677 484 4732 vinctos
512 4693 635 4732 suos
660 4694 761 4731 non
788 4678 994 4747 sprevit.
1027 4674 1284 4730 Exaudiri
1311 4675 1523 4744 quidem
1551 4690 1800 4744 pauperes

235 4778 493 4833 gratanter
524 4769 809 4836 audimus;
859 4770 954 4825 sed
981 4772 1072 4839 qui
1118 4771 1228 4824 sint
1267 4769 1356 4824 isti
1386 4785 1634 4839 pauperes
1678 4767 1799 4822 dili-
1827 4797 1882 4858 D

239 4862 431 4928 gentius
453 4863 810 4934 inquiramus.
835 4861 1097 4931 Pauperes
1114 4871 1238 4917 sunt
1257 4860 1479 4926 Christi,
1502 4861 1638 4915 sicut
1659 4873 1802 4928 saepe

245 4951 500 5022 diximus,
561 4954 651 5024 qui
705 4953 888 5009 mundi
943 4952 1096 5009 istius
1144 4952 1356 5008 divitias
1403 4951 1806 5021 voluptatesque

241 5039 548 5111 chpiciunt,
581 5053 637 5098 et
680 5043 882 5114 eligunt
929 5042 1274 5113 indigentiam
1312 5043 1665 5097 humanarum
1712 5054 1806 5097 re-

244 5144 371 5201 rum,
403 5144 460 5189 ut
495 5135 862 5206 spiritualibus
891 5134 1062 5205 epulis
1093 5134 1400 5189 farciantur.
1427 5133 1536 5187 llos
1563 5132 1801 5186 exaudiri

245 5220 366 5279 dicit
392 5227 638 5282 Dominus
661 5226 930 5295 Christus,
962 5227 1050 5294 qui
1082 5225 1372 5295 indigentia
1403 5224 1590 5279 mundi
1613 5224 1804 5296 repleti

246 5325 388 5387 sunt,
418 5328 471 5373 et
501 5329 749 5389 tanquam
777 5319 824 5373 si
852 5326 1020 5374 totum
1048 5316 1380 5386 possideant,
1420 5316 1499 5371 sic
1527 5324 1806 5386 pauperta-

249 5405 311 5460 tis
335 5423 442 5464 suae
468 5412 754 5468 securitate
779 5412 1058 5475 laetantur;
1098 5408 1238 5463 sicut
1261 5407 1552 5478 Apostolus
1579 5417 1762 5464 monet
1792 5425 1804 5462 :

248 5494 504 5568 Tanquam
523 5503 650 5557 nihil
679 5502 940 5569 habentes,
966 5510 1012 5557 et
1043 5501 1212 5556 omnia
1234 5499 1544 5570 possidentes
1566 5497 1654 5570 (ΙΙ
1681 5498 1802 5555 Cor.

251 5601 318 5654 VI,
349 5593 457 5663 10).
488 5596 618 5650 Nam
647 5595 790 5666 quod
819 5596 949 5651 dicit
975 5634 993 5661 ,
1027 5603 1074 5651 et
1095 5595 1287 5650 vinctos
1326 5609 1445 5649 suos
1475 5609 1574 5646 non
1602 5577 1813 5662 sprevit,

253 5693 427 5738 omnes
453 5685 666 5754 quidem
704 5687 1061 5742 communiter
1105 5686 1269 5741 vincti
1317 5698 1498 5740 sumus
1530 5684 1646 5754 lege
1685 5697 1815 5771 pec:

255 5776 373 5842 cati,
405 5786 459 5832 et
487 5779 797 5848 quibusdam
827 5777 1179 5848 compedibus
1209 5777 1427 5842 irretiti,
1451 5777 1574 5847 quia
1601 5775 1813 5831 deside-

255 5865 329 5924 ria
356 5869 580 5926 humana
623 5872 1001 5944 perquirimus.
1034 5870 1141 5927 Sed
1192 5870 1436 5924 Dominus
1463 5869 1654 5923 vinctos
1696 5883 1814 5922 suos

258 5974 351 6032 non
377 5963 581 6033 spernit,
608 5966 658 6021 id
683 5974 766 6019 est
793 5963 882 6034 qui
911 5963 1025 6033 ejus
1068 5962 1272 6032 legibus
1301 5964 1629 6021 vinciuntur.
1661 5961 1809 6032 Ipsos

684 6053 1182 6146 Paru_ot.._,[,xx.
1211 6051 1217 6056 ’

1875 2108 2168 2163 heereditate
2196 2111 2454 2180 nequirent
2489 2128 2619 2166 eam.
2652 2113 2819 2178 Quale
2845 2127 2978 2183 opus
3028 2114 3096 2168 sit
3127 2115 3339 2169 Domini
3392 2116 3445 2170 in

1875 2199 2129 2255 Ecclesia:
2180 2216 2293 2256 sua:
2337 2204 2771 2272 constructione,
2828 2221 2893 2260 ex
2950 2206 3164 2260 landum
3211 2207 3447 2278 ipsarum

1874 2291 2240 2364 magnitudine
2297 2305 2545 2363 petenter
2587 2295 2906 2364 advertitur,
2964 2299 3175 2367 quando
3228 2299 3446 2362 cmlnm,

1873 2389 2036 2447 terra,
2066 2397 2237 2450 mare,
2277 2392 2332 2438 et
2372 2385 2549 2440 omnia
2579 2402 2699 2455 qua:
2744 2387 2798 2441 in
2825 2388 2902 2442 cis
2930 2398 3074 2454 sunt,
3107 2389 3322 2444 laudare
3346 2390 3451 2444 Do—

1873 2469 2076 2525 minum
2104 2481 2532 2539 commonentur,
2575 2473 2696 2542 quia
2726 2475 2919 2528 salvam
2959 2478 3110 2546 faciet
3152 2478 3300 2545 Sion,
3330 2495 3448 2550 qum

1874 2560 1963 2616 hic
1981 2561 2165 2617 multis
2183 2564 2667 2634 persecutionibus,
2689 2566 2871 2622 multis
2893 2566 3146 2638 fatigatur
3167 2571 3448 2640 angustiis;

1875 2648 2006 2706 Sion
2031 2652 2174 2707 enim
2214 2652 2665 2724 Jerosolymitano
2719 2659 2918 2727 templo
2952 2659 3205 2728 cobmret,
3254 2677 3448 2730 parvus

1875 2745 2094 2800 omnino
2138 2746 2434 2811 colliculus,
2490 2747 2584 2804 sed
2640 2750 2870 2804 nominis
2924 2751 3179 2820 qualitate
3223 2753 3452 2822 grande-

1878 2849 2067 2902 scens;
2095 2835 2361 2906 signiﬁcat
2389 2839 2531 2893 enim
2554 2840 2992 2909 speculationem,
3024 2858 3125 2911 qua
3149 2843 3259 2896 sola
3283 2845 3451 2914 respi-

1881 2928 2018 2983 citur
2042 2927 2203 2992 Dens,
2229 2929 2281 2983 in
2311 2943 2414 3000 qua
2435 2929 2740 3002 diriguntur
2767 2933 2932 2988 corda
2975 2933 3230 3002 ﬁdelium,
3258 2945 3314 2991 et
3337 2951 3451 2991 om-

1879 3019 2028 3075 nium
2045 3025 2411 3075 creaturarum
2427 3022 2819 3078 rationabilium
2835 3039 2940 3079 una
2955 3025 3196 3094 felicitas,
3220 3026 3266 3082 si
3285 3027 3451 3082 Domi-

1881 3128 2008 3169 num
2035 3113 2462 3184 contemplentur
2486 3125 2784 3171 auctorem.
2814 3116 3116 3186 lEdiﬁcata:
3148 3130 3266 3174 sunt
3311 3121 3453 3178 enim

1881 3206 2106 3260 civitates
2129 3205 2304 3273 Judw,
2351 3206 2564 3276 quando
2590 3207 2827 3264 Ecclesia
2859 3211 3118 3266 catholica
3161 3229 3256 3282 per
3286 3215 3454 3269 humi-

1881 3293 2087 3350 litatem
2113 3296 2252 3365 piam
2281 3303 2396 3352 toto
2420 3296 2552 3353 orbe
2582 3297 2772 3354 diffusa
2798 3309 2900 3356 est.
2933 3301 3047 3356 Non
3079 3303 3221 3358 enim
3251 3306 3302 3360 in
3323 3308 3456 3362 ardi-

1806 3422 1854 3488 ς
1884 3387 2019 3443 ﬁciis
2049 3389 2314 3458 parietum
2357 3389 2553 3460 gaudet
2580 3391 2854 3460 Dominus,
2887 3393 2976 3463 qui
3002 3406 3127 3449 sunt
3147 3397 3330 3466 utique
3368 3413 3455 3453 ve-

1888 3488 2082 3537 tustate
2107 3482 2365 3552 perituri;
2391 3482 2488 3539 sed
2509 3483 2744 3540 ﬁdelium
2766 3486 3068 3556 devotione,
3097 3489 3198 3544 hoc
3218 3501 3300 3546 est
3331 3492 3458 3562 lapi«

1887 3575 2044 3632 dibus
2074 3576 2229 3645 vivis,
2281 3577 2421 3632 unde
2450 3575 2744 3633 Jerusalem
2797 3578 2973 3635 futura
3019 3585 3362 3641 construitur.
3397 3587 3458 3642 Et

1888 3670 2026 3726 bene
2047 3670 2245 3726 dictum
2271 3680 2372 3737 est,
2397 3671 2620 3725 civitates
2644 3670 2818 3738 Judte,
2849 3673 2901 3728 id
2928 3683 3010 3730 est
3035 3674 3246 3732 Domini
3277 3679 3459 3736 Salva-

1891 3763 2043 3830 toris,
2076 3764 2166 3834 qui
2211 3779 2277 3820 ex
2305 3763 2509 3834 origine
2551 3763 2709 3819 Iuda:
2737 3768 2913 3822 carnis
2943 3773 3322 3840 propagatione
3373 3773 3460 3829 de-

1890 3856 2126 3923 scendit;
2147 3857 2286 3913 sicut
2309 3856 2508 3926 deipso
2525 3856 2751 3926 legitur:
2787 3858 2922 3912 Vicit
2945 3861 3048 3914 Leo
3070 3863 3132 3915 de
3159 3864 3292 3916 tribu
3326 3863 3461 3917 Juda

1896 3949 2079 4020 (Apoc.
2109 3963 2160 4016 v,
2195 3950 2272 4018 5).
2298 3948 2404 4004 Sed
2436 3962 2502 4003 ne
2527 3955 2730 4002 tantum
2760 3950 3008 4019 civitates,
3047 3968 3151 4004 non
3175 3954 3334 4007 etiam
3367 3955 3462 4008 lia-

1890 4038 2174 4094 bitationes
2219 4039 2423 4093 futuras
2449 4037 2775 4101 adverteres,
2827 4039 2978 4110 dicit,
3008 4051 3057 4093 et
3106 4044 3462 4098 itthabilabtmt

1893 4131 1998 4197 ibi;
2040 4131 2179 4198 quod
2209 4140 2292 4185 est
2321 4129 2534 4198 proprie
2585 4129 2819 4184 ﬁdelium
2872 4131 3176 4202 inhabitare,
3225 4135 3313 4190 ubi
3345 4151 3462 4191 con-

1895 4231 2098 4279 stanter
2125 4222 2319 4276 mentis
2350 4222 2579 4292 puritate
2627 4231 2927 4278 versantur.
2963 4224 3110 4279 llanc
3153 4238 3329 4282 autem
3376 4229 3470 4284 Ea-

1897 4314 2111 4370 clesiam
2142 4314 2228 4369 hic
2257 4314 2500 4369 habitant
2523 4312 2835 4370 Christiani.
2865 4315 3181 4371 ereditatc
3210 4334 3339 4375 vero
3383 4339 3463 4374 ae-

1898 4409 2106 4478 quirent
2149 4423 2284 4471 eam,
2334 4405 2549 4477 quando
2601 4406 2667 4460 ad
2695 4406 2988 4464 Jerusalem
3021 4409 3163 4464 illaut
3217 4424 3468 4466 aeternam

1899 4498 2111 4553 Domini
2163 4498 2503 4553 miseratione
2559 4499 2923 4567 pervenerint.
2981 4499 3273 4554 llwrcditas
3330 4503 3468 4556 enim

1900 4591 2016 4660 ipsa
2067 4598 2150 4646 est
2178 4605 2318 4658 qum,
2348 4589 2485 4645 sicut
2511 4587 2620 4659 jam
2658 4589 2855 4644 dictum
2884 4600 2985 4656 est,
3016 4607 3120 4646 non
3153 4601 3347 4657 morte,
3379 4592 3470 4647 sed

1902 4688 2156 4736 testatore
2187 4680 2238 4734 in
2265 4687 2526 4734 internum
2554 4679 2764 4733 vivente
2792 4680 3152 4748 praestabitur.

1976 4770 2131 4827 Vers.
2173 4771 2260 4827 '58.
2292 4769 2358 4822 Et
2389 4786 2557 4824 semen
2593 4787 2854 4824 seniorum
2895 4773 3006 4841 ejus
3037 4773 3309 4841 possidebit
3336 4791 3470 4844 eam,

1907 4871 1954 4918 et
1983 4863 2069 4932 qui
2095 4862 2313 4932 diligunt
2352 4876 2533 4914 nomen
2554 4863 2666 4930 ejus
2691 4861 3044 4915 inhabitabant
3082 4863 3136 4916 in
3163 4878 3243 4916 ea.
3267 4863 3469 4920 Termi-

1909 4970 2034 5010 num
2065 4954 2254 5024 psalmi
2302 4952 2454 5007 istius
2505 4952 2791 5021 promissio
2844 4952 2996 5008 beata
3045 4955 3347 5020 concludit;
3380 4959 3473 5012 sed
3520 4963 3527 4972 '

1908 5053 2163 5116 quantum
2207 5043 2406 5114 grande
2433 5051 2515 5097 est
2544 5044 2841 5112 praemium,
2869 5052 3070 5097 tantum
3102 5044 3358 5103 adhibere
3390 5049 3474 5102 in-

1911 5134 2216 5205 telligentiae
2271 5134 2523 5190 debemus
2581 5133 2846 5188 adnisum.
2901 5133 3086 5189 Semen
3133 5135 3218 5191 hic
3259 5153 3475 5209 operam

1911 5235 2168 5294 sanctam,
2198 5241 2304 5281 non
2333 5226 2510 5282 carnis
2540 5225 2850 5294 progeniem
2897 5225 3156 5282 debemus
3207 5231 3476 5300 accipere.

1911 5321 2043 5378 Nam
2069 5320 2188 5375 illos
2220 5319 2535 5389 reprobatos
2558 5327 2771 5372 constat
2799 5331 2938 5386 esse,
2964 5320 3053 5389 qui
3077 5335 3136 5376 se
3155 5336 3224 5377 ex
3251 5323 3481 5379 Abrahm

1914 5410 2238 5469 descendere
2269 5409 2634 5479 gloriabantur
2661 5409 2890 5480 origine,
2943 5413 3137 5481 quibus
3166 5413 3368 5470 dictum
3398 5427 3482 5473 est

1910 5519 1944 5560 a
1965 5504 2188 5560 Domino
2211 5520 2225 5557 :
2251 5501 2311 5556 Si
2335 5499 2433 5569 ﬁlii
2456 5499 2675 5555 Abraha:
2700 5503 2890 5567 essetis,
2919 5519 3072 5573 opera
3093 5505 3311 5560 Abrahce
3332 5509 3486 5576 facis.

1914 5597 2033 5652 sctis
2075 5594 2250 5665 (Joan.
2280 5607 2391 5659 vni,
2424 5590 2536 5660 59).
2565 5591 2716 5658 Quod
2744 5592 2789 5647 si
2821 5608 2987 5647 semen
3015 5594 3186 5649 bonos
3226 5607 3397 5664 actus,
3427 5609 3481 5651 ut

1916 5685 1971 5744 in
2005 5685 2186 5742 multis
2215 5683 2350 5739 locis
2377 5683 2576 5738 dictum
2606 5693 2711 5754 est,
2745 5684 2974 5740 velimus
2998 5685 3297 5753 advertere,
3342 5689 3485 5742 inte-

1915 5791 2009 5847 gra
2033 5777 2184 5831 nobis
2213 5774 2406 5846 poterit
2440 5783 2684 5830 constare
2714 5777 3000 5830 sententia.
3023 5774 3153 5829 Nam
3185 5777 3486 5847 quicunque

1916 5871 2209 5927 imitatores
2237 5884 2423 5926 eorum
2465 5878 2606 5937 sunt,
2656 5870 2744 5939 qui
2783 5871 2894 5926 Deo
2926 5870 3183 5924 factorum
3218 5869 3483 5938 probitate

1913 5963 2250 6034 placuerunt,
2297 5962 2398 6032 ipsi
2442 5960 2766 6032 possidebunt
2820 5961 3052 6015 futurum
3105 5970 3484 6042 tcrram,-_qu:u

2867 6048 2940 6113 16
