4020 6348
533 511 632 574 ιρι

538 633 684 692 nullo
730 631 839 702 iam
867 625 977 684 ﬁne
1021 617 1273 680 mutanda
1327 624 1439 682 eSt;
1473 625 1700 684 regnum
1751 608 1959 664 scilicet
2000 604 2104 658 Do-

533 717 690 795 mihi,
718 699 859 797 quod
903 718 1102 778 sanctis
1147 715 1260 771 suis
1308 709 1538 767 ﬁdeliter
1571 699 1998 797 pollicetur.-Et
2046 710 2114 754 ue

541 790 764 877 forsitan
816 827 984 869 semen
1007 807 1150 865 istud
1195 802 1508 862 detraheres
1534 795 1602 853 ad
1632 795 1805 850 carnis
1835 790 2117 859 originem,

543 912 687 969 unde
713 905 885 966 Judaai
918 900 1150 958 maxime
1179 896 1499 970 gloriantur,
1545 897 1870 960 prmceptum
1917 878 2122 936 addidit

533 1003 794 1079 generale
817 1017 832 1056 :
858 997 927 1054 Et
954 998 1042 1069 qui
1069 992 1288 1066 diligunt
1320 1004 1502 1045 nomen
1529 987 1640 1056 ejus
1688 976 2042 1036 inhabitabant
2068 973 2123 1026 in

542 1073 620 1150 in.
648 1096 827 1164 Ipsum
856 1098 940 1148 est
970 1087 1111 1144 enim
1142 1083 1281 1155 quod
1305 1077 1547 1150 superius
1575 1073 1728 1142 dixit,
1759 1084 1928 1124 semen
1956 1080 2124 1120 servo-

539 1158 688 1257 rum,
714 1184 855 1257 quod
888 1182 998 1250 hic,
1031 1177 1118 1252 qui
1146 1177 1369 1245 diligunt
1397 1185 1577 1225 nomen
1598 1167 1731 1237 ejus.
1757 1158 2126 1216 Inhabitabunt

545 1283 601 1338 in
646 1250 747 1345 ea;
781 1276 937 1343 dixit,
987 1250 1241 1344 perpetua
1287 1263 1541 1322 felicitate
1595 1257 1885 1330 potientur.
1932 1250 2123 1315 Terra,

547 1381 666 1446 quae
694 1343 804 1443 jam
852 1383 960 1426 non
991 1343 1173 1437 spinas
1199 1360 1534 1427 tribulosque
1567 1350 1834 1424 producit,
1886 1360 2005 1416 quae
2037 1343 2130 1443 ho-

547 1432 723 1524 mines
766 1463 947 1520 labore
989 1473 1094 1514 non
1125 1452 1314 1527 pascit,
1348 1465 1466 1521 qua:
1494 1457 1700 1500 venena
1741 1454 1848 1495 non
1881 1432 2128 1508 parturit,

551 1574 671 1630 qua:
701 1567 970 1622 nunquam
999 1563 1125 1606 suos
1152 1543 1358 1602 incolas
1388 1537 1585 1611 perdit,
1607 1549 1725 1606 qua:
1752 1547 1862 1587 non
1890 1527 2126 1585 vicissim

545 1617 668 1707 sole
704 1617 862 1717 atque
905 1639 1088 1707 astris,
1117 1636 1212 1694 sed
1248 1632 1392 1706 quod
1442 1639 1526 1687 est
1578 1626 1810 1717 felicius,
1836 1622 2036 1717 iugiter
2063 1617 2131 1673 de

556 1712 790 1810 proprio
825 1742 1042 1796 auctore
1089 1726 1305 1784 lucebit.
1340 1723 1408 1780 Et
1450 1731 1576 1776 nota
1625 1715 1770 1788 quod
1809 1712 1998 1768 ordine
2031 1722 2132 1765 suo

561 1807 796 1905 psalmus
820 1830 922 1886 iste
949 1823 1232 1883 conclusus
1259 1827 1364 1875 est.
1391 1815 1628 1872 Primum
1648 1807 1787 1880 quod
1811 1822 1879 1862 ex
1905 1815 2131 1875 persona

561 1894 771 1980 Domini
795 1918 992 1976 Christi
1015 1916 1253 1988 prolatus
1273 1917 1377 1967 est.
1407 1903 1610 1962 Deinde
1640 1897 1914 1956 inchoavit
1934 1894 2001 1949 ab
2020 1907 2133 1949 ora-

563 2021 734 2076 tione.
765 2015 950 2072 Tertio
998 1986 1262 2081 passionis
1291 1999 1572 2060 dominicae
1601 2003 1750 2066 gesta
1797 1986 2135 2046 memoravit.

561 2112 765 2178 Quarto
808 2079 1298 2168 verbisVEvangelii
1328 2105 1522 2149 assona
1567 2085 1792 2142 veritate
1845 2079 2136 2136 consensit.

566 2171 764 2268 ﬁuinto
791 2198 845 2252 in
867 2210 963 2264 spe
989 2189 1159 2247 ﬁdelis
1183 2185 1365 2260 populi
1391 2183 1534 2239 dicta
1556 2173 1836 2234 conclusit.
1867 2171 1959 2227 Sic
1980 2185 2141 2240 quar-

569 2263 652 2349 tus
685 2291 788 2347 iste
814 2287 1050 2360 psalmus
1079 2289 1162 2339 est
1182 2281 1272 2351 qui
1305 2274 1610 2350 passionem
1638 2265 1853 2324 Domini
1887 2263 2140 2336 praedicta

563 2387 688 2455 lege
720 2376 1077 2453 prophetavit.

1101 2481 1372 2540 Conclusio
1408 2477 1610 2548 psalmi.

647 2610 960 2668 Audivimus
1003 2601 1268 2674 psalmum
1297 2595 1508 2654 calcati
1559 2585 1959 2661 dispensatione
1981 2586 2148 2641 mira-

570 2706 764 2772 bilem,
794 2700 884 2756 nbi
911 2705 1113 2769 quanta
1159 2701 1243 2748 est
1296 2691 1349 2746 in
1375 2686 1659 2744 divinitate
1689 2688 1947 2753 potestas,
2001 2685 2148 2732 tanta

575 2798 630 2854 in
663 2771 990 2850 humanitate
1007 2793 1218 2842 constat
1239 2779 1539 2838 humilitas.
1571 2771 1876 2842 Assumpsit
1903 2778 2148 2825 sanctum

575 2853 809 2945 Verbum
850 2892 1098 2939 naturam
1123 2886 1324 2933 nostrae
1365 2865 1768 2934 imbecillitatis,
1799 2865 1937 2920 sicut
1967 2853 2152 2917 titulus

578 2983 690 3038 ait:
722 2977 829 3034 Pro
873 2976 952 3030 Itis
998 2973 1088 3045 qui
1115 2965 1597 3026 continuabuntur;
1624 2967 1684 3014 ut
1723 2971 1822 3027 per
1857 2952 2151 3009 indebitam

575 3079 809 3128 mortem
835 3081 989 3124 suam
1013 3041 1277 3119 liberaret
1305 3071 1403 3112 nos
1449 3069 1480 3108 a
1507 3059 1686 3108 morte
1711 3045 2022 3118 iustissima.
2068 3041 2153 3096 ln-

565 3165 737 3222 itravit
775 3160 921 3218 erebi
947 3157 1066 3231 [τηε.
1103 3156 1195 3223 A.,
1221 3149 1384 3221 aerea]
1412 3147 1667 3211 claustra,
1709 3151 1768 3198 ut
1793 3139 2158 3212 panderentur

569 3257 814 3318 Inferna.
843 3252 1031 3308 Victus
1055 3258 1141 3304 est
1185 3244 1433 3301 interitus
1463 3238 1764 3297 Salvatoris
1813 3234 2072 3298 adventu,
2105 3240 2158 3286 et

580 3351 876 3420 perpetuas
896 3338 1146 3396 tenebras
1164 3337 1283 3406 iure
1311 3331 1561 3404 perdidit,
1593 3336 1874 3398 postquam
1895 3335 2156 3380 aeternum

583 3417 770 3498 iumen
818 3432 1044 3503 accepit.
1076 3425 1371 3485 Debellavit
1417 3421 1682 3478 diabolum
1725 3433 1822 3489 per
1867 3417 2157 3472 humanam

584 3541 857 3598 naturam,
887 3537 1046 3597 quam
1089 3519 1306 3576 tenebat
1330 3514 1644 3574 obnoxiam;
1673 3518 1729 3565 et
1758 3523 1853 3579 per
1881 3506 2163 3562 imbecilli-

585 3631 754 3680 tatem
779 3596 962 3674 carnis
989 3617 1274 3684 superatus
1296 3604 1577 3671 estfortis,
1607 3598 1822 3673 quando
1849 3611 2009 3669 supra
2043 3596 2163 3650 uni-

588 3726 776 3770 versas
805 3703 1150 3765 rationabiles
1193 3708 1464 3757 creaturas
1509 3694 1701 3753 extulit
1739 3692 1882 3763 quod
1913 3689 2163 3745 omnibus

590 3799 952 3876 spiritualibus
973 3793 1233 3852 inﬁrmius
1259 3789 1378 3846 fuit.
1399 3786 1509 3844 "Cui
1527 3786 1666 3841 enim
1685 3783 1816 3839 dixit
1845 3781 2162 3852 angelorum,

587 3870 734 3954 sicut
758 3886 1043 3962 Apostolus
1064 3885 1160 3955 ait,
1185 3881 1369 3939 Sede-a
1391 3877 1585 3934 dextris
1603 3876 1728 3930 meis
1751 3873 1942 3947 (Hebr.
1971 3886 2012 3940 ι,
2047 3870 2167 3940 i5)?

594 3986 728 4043 Nam
751 3959 1001 4055 quaelibet
1027 3975 1132 4034 alia
1157 3982 1345 4030 natura
1389 3983 1498 4026 non
1523 3976 1608 4024 est
1632 3965 1780 4022 unita
1801 3961 2041 4055 Christo,
2069 3959 2168 4015 sed

585 4075 712 4133 sola
739 4053 916 4128 carnis
939 4076 1138 4123 nostrae
1157 4062 1454 4135 gloriﬁcsta
1496 4056 1786 4126 susceptio.
1813 4053 2023 4108 Revera
2051 4063 2170 4105 om-

597 4167 872 4238 nipotens,
917 4173 1105 4218 revera
1155 4155 1483 4216 misericors,
1525 4150 1617 4220 qui
1663 4147 1918 4202 damnata
1967 4142 2166 4206 beavit,

594 4257 802 4332 perdita
827 4253 1081 4320 restituit,
1111 4250 1341 4306 obnoxia
1379 4243 1648 4308 liberavit,
1680 4239 1929 4298 miserias
1957 4245 2170 4292 nostras

596 4331 629 4404 a
655 4345 810 4402 nobis
835 4343 960 4399 fecit
983 4340 1209 4403 alienas,
1237 4347 1292 4394 et
1317 4333 1566 4407 praestitit
1595 4331 1870 4386 hominem
1901 4335 1996 4398 per
2017 4338 2168 4380 suam

596 4448 826 4500 mortem
846 4438 1048 4501 vivere,
1077 4445 1237 4504 quem
1263 4437 1504 4485 creatum
1536 4423 1896 4481 immortalem
1925 4419 2172 4480 diabolus

598 4531 802 4588 fecerat
847 4525 1088 4582 interire.
1117 4518 1387 4583 Concede,
1431 4516 1770 4585 omnipotens
1800 4514 1962 4576 Deus,
1993 4519 2052 4564 ut
2081 4507 2170 4576 qui

596 4636 698 4695 pro
738 4618 892 4676 nobis
933 4629 1096 4672 carne
1119 4612 1369 4682 dignatus
1389 4624 1450 4666 es
1479 4607 1608 4678 pati,
1640 4607 1807 4663 dones
1835 4604 1990 4660 nobis
2031 4600 2172 4672 quod

600 4725 862 4771 coronare
885 4706 1145 4778 digneris.

759 4821 920 4896 233
957 4815 1316 4877 EXPOSITIO
1351 4814 1418 4871 IN
1457 4809 1782 4870 PSALMUM
1820 4807 1986 4864 LXIX

605 4935 670 4996 In
700 4937 853 5007 ﬁnem
879 4931 1070 5002 Dauid,
1105 4931 1160 4986 in
1187 4928 1656 5007 rememorationem
1695 4924 1834 4996 quod
1856 4920 2056 4978 salvum
2095 4936 2175 4975 me

1172 5001 1302 5071 ‘fecit
1327 4999 1590 5054 Dominus.

679 5117 824 5173 Finis
864 5125 920 5174 et
943 5113 1134 5185 David,
1167 5121 1226 5170 ut
1269 5112 1463 5184 saepius
1490 5111 1692 5169 dictum
1723 5117 1827 5177 est,
1874 5107 2176 5181 significant

601 5211 892 5270 Dominum
905 5205 1269 5272 Salvat'orem,
1291 5205 1356 5260 ad
1379 5219 1537 5276 quem
1558 5201 1861 5274 diriguntur
1878 5200 1993 5256 haec
2015 5199 2176 5256 verba

604 5302 840 5359 ﬁdelium
863 5317 881 5369 ;
907 5298 1032 5372 quia
1054 5306 1202 5357 totus
1247 5297 1334 5355 hic
1361 5297 1597 5369 psalmus
1625 5310 1691 5351 ex
1720 5308 1948 5364 persona
1975 5301 2179 5364 marty-

602 5407 723 5454 rum
752 5394 968 5462 dicitur,
999 5391 1091 5466 qui
1119 5391 1266 5449 varia
1311 5389 1528 5463 quidem
1561 5388 1934 5458 persecutione
1974 5385 2181 5441 labora-

604 5488 752 5551 bant,
781 5484 876 5542 sed
897 5497 1049 5556 apem
1079 5477 1238 5541 lixam
1262 5482 1464 5537 habere
1495 5479 1551 5534 in
1577 5477 1808 5535 Domino
1833 5476 2055 5533 minime
2079 5475 2177 5531 de-

607 5579 873 5635 sinebant.
909 5577 1192 5649 Adjectum
1225 5581 1330 5643 est,
1358 5573 1414 5628 in
1437 5572 1934 5628 rememorationem.
1965 5568 2183 5624 Duobus

606 5676 751 5730 enim
779 5675 954 5732 modis
984 5685 1256 5730 memores
1306 5683 1513 5735 sumus,
1565 5681 1687 5724 cum
1718 5674 2054 5737 peccatorum
2097 5679 2183 5718 re-

602 5767 917 5825 Cordatione
960 5769 1248 5835 supernam
1275 5759 1536 5831 justitiam
1566 5757 1938 5825 formidamus,
1989 5765 2044 5812 et
2083 5757 2183 5813 ite-

603 5873 726 5917 rum
755 5861 881 5916 dum
910 5869 1168 5914 concessa
1193 5854 1460 5910 beneﬁcia
1507 5853 1798 5923 purissimo
1856 5850 2023 5908 corde
2050 5851 2186 5906 reti—

605 5967 812 6014 nemus.
842 5953 903 6011 lu
924 5951 1200 6024 trigesimo
1225 5949 1456 6020 septimo
1484 5948 1662 6019 itaque
1685 5948 1912 6019 psalmo,
1941 5947 2028 6004 ubi
2061 5947 2178 6004 tunc

1755 491 1825 550 Μ.
1868 480 2145 548 AURELll
2179 472 2589 540 CASSIODOR!

2139 596 2376 664 Averba
2408 592 2582 664 posita
2611 592 2764 654 sunt,
2808 590 2983 640 melus
3029 581 3115 636 est
3154 573 3321 632 intuli

2169 1951 2276 2040 ΒΞ

3693 450 3806 506 892

2219 657 2462 744 cordatio
2509 688 2856 752 peccatorum
2887 692 2907 741 ς
2941 671 3029 726 hic
3070 677 3250 723 autem
3273 675 3405 733 spes
3448 657 3810 723 liberatioois,

2221 787 2278 836 et
2304 774 2466 832 futuri
2487 746 2694 844 praemii
2725 765 2989 838 promissa
3015 756 3276 816 securitas
3317 752 3638 810 sustinetur.
3666 746 3808 804 Nam

2221 881 2282 928 ut
2302 872 2439 925 hanc
2467 841 2894 923 recordationem
2925 853 3260 917 ostenderet,
3289 844 3509 918 adjecit,
3529 842 3672 914 quod
3695 841 3814 895 sal-

2223 983 2344 1023 uum
2377 981 2456 1019 me
2480 962 2598 1034 fecit
2633 957 2878 1013 Dominus
2902 970 2922 1020 ;
2965 961 3025 1008 ut
3049 965 3155 1006 non
3183 947 3253 1003 de
3279 953 3424 1001 metu
3447 943 3570 997 hac
3597 950 3812 1022 nemo-

2228 1062 2330 1125 ria,
2363 1057 2461 1115 sed
2487 1057 2557 1110 de
2599 1059 2826 1120 accepto
2871 1043 3134 1102 beneficio
3167 1040 3483 1110 probaretur
3523 1045 3652 1089 esse
3679 1043 3814 1085 con-

2227 1158 2404 1221 cepta.
2431 1139 2740 1217 'Congruum
2787 1140 2988 1209 quippe
3036 1134 3155 1200 fuit,
3185 1140 3244 1188 ut
3267 1127 3524 1199 quoniam

2230 1241 2360 1300 riori
2409 1215 2616 1308 psalmo
2655 1233 2974 1306 passionem
3005 1241 3158 1282 suam
3210 1225 3527 1278 narraverat
3555 1215 3817 1272 Dominus

2231 1333 2495 1398 Christus,
2548 1340 2814 1400 spemque
2863 1316 3285 1380 resurrectionis
3330 1310 3640 1374 addiderat,
3698 1313 3818 1376 post

2232 1436 2393 1496 caput
2416 1436 2571 1478 suum
2603 1418 2858 1474 similiter
2882 1424 2935 1470 et
2957 1411 3198 1468 mcm‘bra
3227 1407 3611 1476 loquerentur,
3640 1410 3816 1470 quate

2235 1534 2336 1577 nus
2365 1528 2417 1575 et
2447 1514 2728 1588 passiones
2767 1523 2891 1565 suas
2919 1505 3107 1561 ﬁdeles
3132 1501 3426 1564 edicerent,
3453 1505 3512 1553 ct
3539 1507 3700 1566 spem
3730 1506 3818 1548 vo-

2236 1613 2359 1672 tivae
2384 1603 2797 1667 resurrectionis
2827 1603 3186 1656 assumerent.

2804 1717 2998 1773 Diuisio
3038 1712 3246 1786 psalmi.

2310 1841 2599 1911 Martyrum
2626 1833 3103 1899 confessorumque
3133 1824 3384 1896 populus,
3412 1820 3502 1892 qui
3535 1815 3824 1886 multiplici

2281 1933 2483 1998 uidem,
2521 1930 2618 1987 sed
2652 1927 2794 1984 {elici
2821 1925 2974 1981 clade
3017 1920 3314 1988 laborabat,
3347 1915 3515 1988 prima
3565 1912 3824 1984 positions

2248 2003 2533 2082 Dominum
2565 2020 2888 2088 deprecatur
2917 2025 2976 2070 ut
3005 2030 3035 2069 a
3073 2009 3510 2083 persequentium
3555 2003 3826 2076 periculis

2250 2117 2538 2179 liberetur,
2559 2122 2615 2168 et
2639 2111 2915 2168 irrisiones
2939 2119 3122 2164 eorum
3144 2105 3322 2160 irritas
3353 2102 3541 2166 faciat;
3565 2107 3827 2170 quatenus

2247 2205 2525 2271 conversi,
2555 2204 2699 2260 dicta
2729 2217 2826 2258 sua
2871 2197 3179 2255 salutariter
3207 2195 3554 2252 erubescant.
3581 2189 3829 2248 Secunda

2249 2310 2402 2373 parte
2449 2298 2712 2368 supplicat
2751 2306 2808 2350 ut
2861 2293 3209 2361 magnificans
3260 2287 3548 2344 Dominum
3597 2283 3829 2340 exsultet

2248 2395 2408 2450 turba
2461 2391 2722 2454 ﬁdelium,
2778 2386 3032 2458 quoniam
3063 2383 3195 2453 ipse
3248 2393 3512 2453 pauperes
3555 2385 3611 2434 et
3640 2389 3831 2447 egenos

2247 2499 2377 2542 suos
2403 2483 2592 2554 iuvare
2620 2491 2676 2537 et
2703 2480 2935 2536 liberare
2955 2476 3226 2547 dignatur.

2793 2593 3058 2666 Expositio
3092 2590 3297 2664 psalmi.

2329 2711 2478 2768 Vers.
2530 2712 2582 2766 1.
2612 2709 2771 2774 Deus,
2819 2710 2872 2761 in
2900 2707 3214 2777 adjutorium
3241 2719 3411 2758 meum
3453 2701 3697 2766 intende,-
3733 2697 3832 2754 Do-

2256 2804 2414 2871 mine,
2455 2803 2524 2857 ad
2551 2800 2904 2874 adjuvandum
2942 2815 3018 2852 me
3063 2797 3268 2867 festina.
3299 2793 3395 2850 Pia
3433 2791 3712 2849 confessio
3743 2792 3834 2846 ini-

2251 2898 2393 2953 tium
2442 2894 2608 2950 sumit
2657 2907 2686 2946 a
2723 2891 2970 2954 Domino,
3027 2889 3170 2944 unde
3221 2887 3370 2942 novit
3405 2883 3833 2956 periclitantibus

2261 2990 2451 3046 venire
2479 2987 2807 3059 praesidium.
2842 2986 2908 3040 Et
2947 2992 3005 3038 ut
3034 2995 3300 3040 aerumnas
3329 2994 3456 3037 snas
3499 2977 3836 3035 beatissimo-

2265 3097 2385 3138 rum
2411 3090 2702 3153 martyrum
2720 3085 2896 3134 coetus
2911 3076 3236 3142 ostenderet,
3256 3072 3403 3138 dicit,
3425 3073 3480 3126 in
3514 3071 3838 3144 adjutoriunt

2267 3187 2439 3228 meum
2485 3173 2711 3228 intende.
2770 3169 2919 3226 Tunc
2963 3171 3107 3224 cnim
3158 3166 3474 3238 adjutorium
3535 3163 3840 3235 poscimus,

2261 3265 2478 3336 quando
2521 3263 2774 3335 periculis
2829 3261 3207 3332 subjacemus;
3262 3267 3320 3313 ut
3365 3257 3544 3326 aliquo
3603 3253 3842 3311 remedio

2188 3360 2236 3426 C
2265 3359 2552 3425 sublevati,
2592 3357 2925 3414 calamitates
2951 3355 3282 3410 diversarum
3314 3351 3580 3422 possimus
3631 3349 3843 3404 vincere

2265 3449 2600 3520 passionum.
2653 3446 2892 3512 Intende,
2941 3445 3088 3511 dicit,
3137 3443 3395 3514 propitius
3427 3442 3690 3511 respice;
3728 3441 3844 3510 quia

2267 3541 2446 3596 omnia
2463 3539 2742 3604 Dominus,
2757 3538 2919 3595 etiam
2939 3551 3059 3594 cum
3075 3551 3179 3592 non
3193 3543 3428 3608 rogatur,
3454 3533 3721 3602 agnoscit.
3747 3530 3844 3588 Sed

2271 3647 2392 3689 suos
2418 3631 2522 3687 iste
2547 3629 2962 3701 periclitantium
2985 3637 3087 3695 cst,
3117 3636 3174 3682 ut
3203 3627 3274 3682 ita
3297 3623 3515 3682 liberari
3537 3623 3785 3686 credant,
3807 3621 3845 3677 si

2268 3739 2332 3780 se
2357 3737 2386 3778 a
2417 3723 2641 3778 Domino
2672 3721 2865 3791 respici
2894 3734 3054 3792 posse
3076 3724 3418 3789 cognoscant.
3445 3713 3513 3770 Et
3541 3729 3610 3770 ne
3640 3713 3846 3784 longius

2269 3815 2676 3888 prearaherctur
2732 3814 3051 3868 beneficium
3105 3809 3250 3882 quod
3303 3808 3507 3864 sciebat
3564 3815 3846 3862 venturum

2259 3927 2412 3980 esse,
2441 3911 2639 3981 adjecit
2671 3927 2686 3966 :
2725 3910 2962 3978 Domine,
3012 3910 3080 3963 ad
3126 3907 3480 3981 adjuvandum
3525 3921 3604 3958 me
3635 3905 3842 3975 festina.

2259 4001 2363 4059 'Sic
2400 4001 2624 4070 dicitur,
2651 4001 2860 4072 festina,
2891 4000 3041 4070 quasi
3067 3995 3436 4055 misericordia
3462 3995 3643 4051 divina
3668 3997 3842 4050 tarda.

2267 4103 2373 4163 ret,
2401 4102 2457 4150 et
2491 4108 2592 4166 per
2637 4108 2842 4149 moram
2885 4093 3144 4147 adventus
3174 4089 3292 4161 ejus
3341 4089 3533 4145 fierent
3585 4095 3848 4145 tormenta

2269 4187 2540 4257 gaviora.
2573 4183 2788 4241 Festina
2813 4199 2940 4256 ergo
2970 4183 3100 4240 dicit
3141 4182 3396 4249 Domino,
3424 4180 3515 4252 qui
3558 4179 3848 4236 festinabat

2273 4279 2342 4336 de
2374 4278 2534 4349 huius
2555 4278 2737 4334 saeculi
2761 4277 2914 4334 clade
2935 4277 3170 4334 liberari.
3201 4275 3331 4334 Nam
3355 4276 3432 4332 illi
3458 4275 3752 4346 conjuncta
3775 4281 3849 4328 est

2281 4373 2534 4429 voluntas
2566 4381 2620 4428 et
2647 4373 2944 4429 accelerata
2993 4371 3274 4443 perfectio,
3307 4371 3435 4426 dum
3479 4373 3667 4428 omnia
3693 4371 3849 4426 Crea-

2278 4471 2381 4526 tori
2407 4470 2671 4539 scrviunt,
2715 4472 2964 4540 quoniam
3003 4469 3121 4540 ejus
3171 4468 3398 4539 imperio
3444 4480 3642 4525 cuncta
3685 4468 3847 4525 famu-

2277 4562 2478 4618 lantur.
2511 4561 2605 4618 Sic
2652 4563 2707 4616 in
2745 4576 2852 4618 uno
2872 4562 3138 4618 versiculo
3185 4561 3352 4617 multa
3392 4561 3652 4617 conclusa
3698 4569 3840 4617 sunt.

2277 4652 2411 4722 Quae
2435 4652 2604 4724 ﬁgura
2631 4651 2829 4709 dicitur
2855 4653 3304 4724 epitrochasmos,
3339 4651 3392 4708 id
3421 4661 3506 4709 est
3537 4652 3671 4708 dicti
3715 4662 3852 4708 rota—

2203 4739 2251 4800 D
2281 4747 2378 4814 tio,
2410 4761 2529 4802 cum
2561 4760 2626 4801 ea
2648 4759 2767 4816 qum
2797 4745 2955 4800 latius
2984 4747 3261 4802 sentienda
3295 4754 3439 4812 sunt,
3483 4745 3727 4802 braiter
3756 4760 3850 4800 er-

2277 4841 2568 4912 plicantur.
2597 4838 2703 4896 Sed
2725 4854 2836 4894 non
2861 4839 3164 4909 sequendus
3183 4839 3237 4893 in
3257 4837 3507 4894 omnibus
3533 4838 3852 4909 generaliter

2277 4931 2429 4988 hunc
2447 4934 2630 4988 locum
2655 4929 3067 4987 facundissimus
3085 4928 3374 4987 Cassianus
3405 4929 3482 5002 (in
3513 4929 3730 4986 decima
3754 4928 3852 4986 col-

2281 5023 2484 5080 latione
2511 5023 2660 5094 (Cap.
2695 5023 2785 5094 ιο)
2810 5023 3039 5093 plurima
3057 5023 3126 5079 de
3152 5024 3271 5094 ejus
3298 5021 3535 5078 utilitate
3563 5019 3852 5093 disserens)

2285 5123 2437 5173 tanto
2469 5117 2673 5172 honore
2699 5115 3066 5183 concelebrat,
3097 5125 3155 5171 ut
3181 5114 3438 5186 quidquid
3471 5114 3726 5170 monachi
3776 5127 3855 5170 as-

2283 5211 2634 5279 sumpserint,
2663 5210 2781 5266 sine
2811 5209 2970 5280 hujus
2995 5207 3246 5266 versiculi
3271 5208 3408 5284 trina
3437 5207 3725 5264 iteratione
3747 5220 3851 5263 non

2285 5298 2556 5355 inchoent.
2583 5298 2750 5367 Quem
2776 5300 3007 5370 repetita
3041 5299 3238 5369 saepius
3261 5298 3420 5356 laude
3441 5299 3853 5371 congeminans,

2287 5392 2452 5450 nimis
2479 5392 2662 5449 utilem
2691 5392 2883 5463 probat
2905 5391 3174 5462 esse'eius
3200 5391 3540 5449 memoriam.

2361 5486 2518 5542 Vera.
2546 5486 2603 5542 2.
2633 5485 3031 5557 Confundantur
3061 5493 3110 5541 et
3142 5493 3463 5541 reseruantur
3499 5481 3703 5538 inimici
3749 5479 3859 5546 nisi,

2286 5579 2374 5649 qui
2401 5585 2650 5649 .qucrunt
2677 5577 2907 5631 animam
2947 5591 3144 5642 meum;
3178 5581 3474 5630 avertantur
3507 5579 3794 5628 retrorsum
3819 5577 3861 5622 et

2288 5671 2586 5726 erubescant
2621 5670 2712 5742 qui
2755 5671 2981 5741 cogitant
3026 5668 3154 5723 mihi
3190 5667 3348 5723 male.
3386 5665 3636 5721 Imitator
3678 5658 3863 5734 capitis

2290 5764 2373 5819 sui
2405 5763 2632 5834 populus
2685 5771 3004 5834 martyrum,
3036 5760 3475 5818 emendationem
3523 5757 3863 5814 inimicorum

2289 5867 2512 5914 suorum
2542 5853 2909 5923 “postulans,
2940 5854 3098 5910 dicit:
3117 5851 3514 5924 Confundantur
3530 5860 3579 5906 et
3605 5861 3863 5906 reversa.

2290 5958 2374 6004 tur
2393 5947 2590 6003 inimici
2616 5947 2732 6001 mei.
2759 5945 3017 6002 Confundi
3042 5954 3148 6014 est,
3170 5943 3387 6016 quando
3407 5941 3723 6007 voluntates
3743 5947 3858 6000 suas
