  <div class='ocr_page' id='page_1' title='image "/cluster/home/n/w/nwhite01/storage/ocr_20150623/70/hvd.32044015469356/252.png"; bbox 0 0 4036 6342; ppageno 0'>
   <div class='ocr_carea' id='block_1_1' title="bbox 272 402 379 469">
    <p class='ocr_par' dir='ltr' id='par_1_1' title="bbox 272 402 379 469">
     <span class='ocr_line' id='line_1_1' title="bbox 272 402 379 469; baseline 0 -2"><span class='ocrx_word' id='word_1_1' title='bbox 272 402 379 469; x_wconf 59' lang='lat' dir='ltr'><strong>C93</strong></span> 
     </span>
    </p>
   </div>
   <div class='ocr_carea' id='block_1_2' title="bbox 1197 399 2628 464">
    <p class='ocr_par' dir='ltr' id='par_1_2' title="bbox 1197 399 2628 464">
     <span class='ocr_line' id='line_1_2' title="bbox 1197 399 2628 464; baseline -0.001 -2"><span class='ocrx_word' id='word_1_2' title='bbox 1197 399 1559 464; x_wconf 71' lang='lat' dir='ltr'><strong>EXPOSITIO</strong></span> <span class='ocrx_word' id='word_1_3' title='bbox 1596 400 1662 461; x_wconf 83' lang='lat' dir='ltr'><strong>IN</strong></span> <span class='ocrx_word' id='word_1_4' title='bbox 1700 400 2164 463; x_wconf 75' lang='lat' dir='ltr'><strong>PSALTERIUM.</strong></span> <span class='ocrx_word' id='word_1_5' title='bbox 2206 400 2400 463; x_wconf 78' lang='lat' dir='ltr'><strong>PSAL.</strong></span> <span class='ocrx_word' id='word_1_6' title='bbox 2445 404 2628 462; x_wconf 80' lang='lat' dir='ltr'><strong>LXIX.</strong></span> 
     </span>
    </p>
   </div>
   <div class='ocr_carea' id='block_1_3' title="bbox 3433 364 3555 457">
    <p class='ocr_par' dir='ltr' id='par_1_3' title="bbox 3433 364 3555 457">
     <span class='ocr_line' id='line_1_3' title="bbox 3433 364 3555 457; baseline 0.033 -3"><span class='ocrx_word' id='word_1_7' title='bbox 3433 364 3555 457; x_wconf 71' lang='lat' dir='ltr'><strong>tot</strong></span> 
     </span>
    </p>
   </div>
   <div class='ocr_carea' id='block_1_4' title="bbox 272 518 3566 595">
    <p class='ocr_par' dir='ltr' id='par_1_4' title="bbox 272 518 3566 595">
     <span class='ocr_line' id='line_1_4' title="bbox 272 518 3566 595; baseline -0 -12"><span class='ocrx_word' id='word_1_8' title='bbox 272 524 459 595; x_wconf 86' lang='lat' dir='ltr'><strong>iniqua</strong></span> <span class='ocrx_word' id='word_1_9' title='bbox 505 518 845 581; x_wconf 71' lang='lat' dir='ltr'><strong>conscientia</strong></span> <span class='ocrx_word' id='word_1_10' title='bbox 898 518 1085 580; x_wconf 89' lang='lat' dir='ltr'><strong>studio</strong></span> <span class='ocrx_word' id='word_1_11' title='bbox 1130 523 1377 581; x_wconf 71' lang='lat' dir='ltr'><strong>veritatis</strong></span> <span class='ocrx_word' id='word_1_12' title='bbox 1422 536 1748 595; x_wconf 86' lang='lat' dir='ltr'><strong>agnoscens.</strong></span> <span class='ocrx_word' id='word_1_13' title='bbox 1800 521 1946 585; x_wconf 78' lang='lat' dir='ltr'><strong>deA</strong></span> <span class='ocrx_word' id='word_1_14' title='bbox 1973 521 2105 577; x_wconf 90' lang='lat' dir='ltr'><strong>mini</strong></span> <span class='ocrx_word' id='word_1_15' title='bbox 2148 521 2369 578; x_wconf 83' lang='lat' dir='ltr'><strong>cessari.</strong></span> <span class='ocrx_word' id='word_1_16' title='bbox 2404 522 2472 578; x_wconf 84' lang='lat' dir='ltr'><strong>Et</strong></span> <span class='ocrx_word' id='word_1_17' title='bbox 2519 528 2581 577; x_wconf 90' lang='lat' dir='ltr'><strong>ut</strong></span> <span class='ocrx_word' id='word_1_18' title='bbox 2632 519 2786 576; x_wconf 90' lang='lat' dir='ltr'><strong>nobis</strong></span> <span class='ocrx_word' id='word_1_19' title='bbox 2835 532 3031 579; x_wconf 77' lang='lat' dir='ltr'><strong>senstts</strong></span> <span class='ocrx_word' id='word_1_20' title='bbox 3056 520 3191 594; x_wconf 80' lang='lat' dir='ltr'><strong>.ipse</strong></span> <span class='ocrx_word' id='word_1_21' title='bbox 3230 523 3566 582; x_wconf 68' lang='lat' dir='ltr'><strong>manifestius</strong></span> 
     </span>
    </p>
   </div>
   <div class='ocr_carea' id='block_1_5' title="bbox 273 618 1870 691">
    <p class='ocr_par' dir='ltr' id='par_1_5' title="bbox 273 618 1870 691">
     <span class='ocr_line' id='line_1_5' title="bbox 273 618 1870 691; baseline -0.002 -14"><span class='ocrx_word' id='word_1_22' title='bbox 273 620 402 677; x_wconf 82' lang='lat' dir='ltr'><strong>facti</strong></span> <span class='ocrx_word' id='word_1_23' title='bbox 428 618 515 677; x_wconf 90' lang='lat' dir='ltr'><strong>sui</strong></span> <span class='ocrx_word' id='word_1_24' title='bbox 542 620 899 689; x_wconf 70' lang='lat' dir='ltr'><strong>perversitate</strong></span> <span class='ocrx_word' id='word_1_25' title='bbox 944 620 1212 677; x_wconf 72' lang='lat' dir='ltr'><strong>turbatur.</strong></span> <span class='ocrx_word' id='word_1_26' title='bbox 1246 619 1487 677; x_wconf 81' lang='lat' dir='ltr'><strong>Revereri</strong></span> <span class='ocrx_word' id='word_1_27' title='bbox 1520 627 1624 687; x_wconf 81' lang='lat' dir='ltr'><strong>est,</strong></span> <span class='ocrx_word' id='word_1_28' title='bbox 1652 620 1870 691; x_wconf 83' lang='lat' dir='ltr'><strong>quando</strong></span> 
     </span>
    </p>
   </div>
   <div class='ocr_carea' id='block_1_6' title="bbox 275 712 1873 787">
    <p class='ocr_par' dir='ltr' id='par_1_6' title="bbox 275 712 1873 787">
     <span class='ocr_line' id='line_1_6' title="bbox 275 712 1873 787; baseline 0.001 -17"><span class='ocrx_word' id='word_1_29' title='bbox 275 712 543 787; x_wconf 70' lang='lat' dir='ltr'><strong>iustitiam</strong></span> <span class='ocrx_word' id='word_1_30' title='bbox 577 714 763 771; x_wconf 65' lang='lat' dir='ltr'><strong>lassam</strong></span> <span class='ocrx_word' id='word_1_31' title='bbox 795 723 981 771; x_wconf 88' lang='lat' dir='ltr'><strong>nostra</strong></span> <span class='ocrx_word' id='word_1_32' title='bbox 1012 714 1330 784; x_wconf 84' lang='lat' dir='ltr'><strong>operatione</strong></span> <span class='ocrx_word' id='word_1_33' title='bbox 1377 715 1783 787; x_wconf 74' lang='lat' dir='ltr'><strong>cognoscimus,</strong></span> <span class='ocrx_word' id='word_1_34' title='bbox 1817 722 1873 771; x_wconf 92' lang='lat' dir='ltr'><strong>et</strong></span> 
     </span>
    </p>
   </div>
   <div class='ocr_carea' id='block_1_7' title="bbox 276 805 1870 878">
    <p class='ocr_par' dir='ltr' id='par_1_7' title="bbox 276 805 1870 878">
     <span class='ocr_line' id='line_1_7' title="bbox 276 805 1870 878; baseline -0.001 -16"><span class='ocrx_word' id='word_1_35' title='bbox 276 819 376 876; x_wconf 85' lang='lat' dir='ltr'><strong>pro</strong></span> <span class='ocrx_word' id='word_1_36' title='bbox 428 805 514 862; x_wconf 88' lang='lat' dir='ltr'><strong>his</strong></span> <span class='ocrx_word' id='word_1_37' title='bbox 567 806 731 863; x_wconf 84' lang='lat' dir='ltr'><strong>rebus</strong></span> <span class='ocrx_word' id='word_1_38' title='bbox 781 822 970 878; x_wconf 76' lang='lat' dir='ltr'><strong>ptenas</strong></span> <span class='ocrx_word' id='word_1_39' title='bbox 1024 823 1123 863; x_wconf 92' lang='lat' dir='ltr'><strong>nos</strong></span> <span class='ocrx_word' id='word_1_40' title='bbox 1162 808 1442 865; x_wconf 82' lang='lat' dir='ltr'><strong>incurrere</strong></span> <span class='ocrx_word' id='word_1_41' title='bbox 1496 806 1870 864; x_wconf 78' lang='lat' dir='ltr'><strong>formidamus.</strong></span> 
     </span>
    </p>
   </div>
   <div class='ocr_carea' id='block_1_8' title="bbox 272 899 1876 972">
    <p class='ocr_par' dir='ltr' id='par_1_8' title="bbox 272 899 1876 972">
     <span class='ocr_line' id='line_1_8' title="bbox 272 899 1876 972; baseline -0.001 -17"><span class='ocrx_word' id='word_1_42' title='bbox 272 899 440 968; x_wconf 75' lang='lat' dir='ltr'><strong>Quod</strong></span> <span class='ocrx_word' id='word_1_43' title='bbox 470 900 578 956; x_wconf 87' lang='lat' dir='ltr'><strong>illis</strong></span> <span class='ocrx_word' id='word_1_44' title='bbox 606 900 942 972; x_wconf 80' lang='lat' dir='ltr'><strong>aeoiditqui,</strong></span> <span class='ocrx_word' id='word_1_45' title='bbox 974 901 1326 972; x_wconf 82' lang='lat' dir='ltr'><strong>perversitate</strong></span> <span class='ocrx_word' id='word_1_46' title='bbox 1365 900 1640 966; x_wconf 89' lang='lat' dir='ltr'><strong>damnata,</strong></span> <span class='ocrx_word' id='word_1_47' title='bbox 1664 899 1731 955; x_wconf 88' lang='lat' dir='ltr'><strong>ad</strong></span> <span class='ocrx_word' id='word_1_48' title='bbox 1759 900 1876 970; x_wconf 89' lang='lat' dir='ltr'><strong>pic-</strong></span> 
     </span>
    </p>
   </div>
   <div class='ocr_carea' id='block_1_9' title="bbox 276 992 1874 1050">
    <p class='ocr_par' dir='ltr' id='par_1_9' title="bbox 276 992 1874 1050">
     <span class='ocr_line' id='line_1_9' title="bbox 276 992 1874 1050; baseline -0.001 -2"><span class='ocrx_word' id='word_1_49' title='bbox 276 997 443 1049; x_wconf 81' lang='lat' dir='ltr'><strong>tatem</strong></span> <span class='ocrx_word' id='word_1_50' title='bbox 482 992 712 1049; x_wconf 79' lang='lat' dir='ltr'><strong>.Dumiui</strong></span> <span class='ocrx_word' id='word_1_51' title='bbox 758 994 1129 1050; x_wconf 78' lang='lat' dir='ltr'><strong>conversionis</strong></span> <span class='ocrx_word' id='word_1_52' title='bbox 1159 994 1339 1050; x_wconf 86' lang='lat' dir='ltr'><strong>studio</strong></span> <span class='ocrx_word' id='word_1_53' title='bbox 1382 993 1565 1050; x_wconf 84' lang='lat' dir='ltr'><strong>redire</strong></span> <span class='ocrx_word' id='word_1_54' title='bbox 1597 992 1874 1048; x_wconf 83' lang='lat' dir='ltr'><strong>festinant.</strong></span> 
     </span>
    </p>
   </div>
   <div class='ocr_carea' id='block_1_10' title="bbox 276 1082 1877 1155">
    <p class='ocr_par' dir='ltr' id='par_1_10' title="bbox 276 1082 1877 1155">
     <span class='ocr_line' id='line_1_10' title="bbox 276 1082 1877 1155; baseline 0.001 -16"><span class='ocrx_word' id='word_1_55' title='bbox 276 1082 565 1153; x_wconf 84' lang='lat' dir='ltr'><strong>Sequitur,</strong></span> <span class='ocrx_word' id='word_1_56' title='bbox 606 1085 961 1155; x_wconf 84' lang='lat' dir='ltr'><strong>ququ</strong></span> <span class='ocrx_word' id='word_1_57' title='bbox 1008 1087 1236 1141; x_wconf 83' lang='lat' dir='ltr'><strong>animum</strong></span> <span class='ocrx_word' id='word_1_58' title='bbox 1265 1102 1453 1143; x_wconf 82' lang='lat' dir='ltr'><strong>meam.</strong></span> <span class='ocrx_word' id='word_1_59' title='bbox 1496 1086 1639 1141; x_wconf 87' lang='lat' dir='ltr'><strong>Bene</strong></span> <span class='ocrx_word' id='word_1_60' title='bbox 1689 1084 1877 1155; x_wconf 83' lang='lat' dir='ltr'><strong>singu-</strong></span> 
     </span>
    </p>
   </div>
   <div class='ocr_carea' id='block_1_11' title="bbox 280 1174 1879 1249">
    <p class='ocr_par' dir='ltr' id='par_1_11' title="bbox 280 1174 1879 1249">
     <span class='ocr_line' id='line_1_11' title="bbox 280 1174 1879 1249; baseline -0.001 -16"><span class='ocrx_word' id='word_1_61' title='bbox 280 1174 385 1233; x_wconf 83' lang='lat' dir='ltr'><strong>lari</strong></span> <span class='ocrx_word' id='word_1_62' title='bbox 413 1190 644 1233; x_wconf 82' lang='lat' dir='ltr'><strong>numero</strong></span> <span class='ocrx_word' id='word_1_63' title='bbox 665 1179 889 1233; x_wconf 85' lang='lat' dir='ltr'><strong>animam</strong></span> <span class='ocrx_word' id='word_1_64' title='bbox 911 1192 1065 1237; x_wconf 86' lang='lat' dir='ltr'><strong>suam</strong></span> <span class='ocrx_word' id='word_1_65' title='bbox 1091 1180 1272 1249; x_wconf 87' lang='lat' dir='ltr'><strong>posuit</strong></span> <span class='ocrx_word' id='word_1_66' title='bbox 1298 1179 1452 1235; x_wconf 88' lang='lat' dir='ltr'><strong>turba</strong></span> <span class='ocrx_word' id='word_1_67' title='bbox 1476 1177 1740 1245; x_wconf 88' lang='lat' dir='ltr'><strong>ﬁdelium,</strong></span> <span class='ocrx_word' id='word_1_68' title='bbox 1764 1176 1879 1246; x_wconf 89' lang='lat' dir='ltr'><strong>qui-</strong></span> 
     </span>
    </p>
   </div>
   <div class='ocr_carea' id='block_1_12' title="bbox 274 1268 1876 1345">
    <p class='ocr_par' dir='ltr' id='par_1_12' title="bbox 274 1268 1876 1345">
     <span class='ocr_line' id='line_1_12' title="bbox 274 1268 1876 1345; baseline -0.002 -14"><span class='ocrx_word' id='word_1_69' title='bbox 274 1268 391 1331; x_wconf 66' lang='lat' dir='ltr'><strong>bus</strong></span> <span class='ocrx_word' id='word_1_70' title='bbox 416 1280 488 1327; x_wconf 80' lang='lat' dir='ltr'><strong>est</strong></span> <span class='ocrx_word' id='word_1_71' title='bbox 515 1271 678 1341; x_wconf 91' lang='lat' dir='ltr'><strong>(sicut</strong></span> <span class='ocrx_word' id='word_1_72' title='bbox 706 1271 978 1343; x_wconf 82' lang='lat' dir='ltr'><strong>Scriptura</strong></span> <span class='ocrx_word' id='word_1_73' title='bbox 1007 1273 1162 1344; x_wconf 87' lang='lat' dir='ltr'><strong>dicit)</strong></span> <span class='ocrx_word' id='word_1_74' title='bbox 1189 1276 1362 1329; x_wconf 83' lang='lat' dir='ltr'><strong>anima</strong></span> <span class='ocrx_word' id='word_1_75' title='bbox 1383 1282 1432 1328; x_wconf 89' lang='lat' dir='ltr'><strong>et</strong></span> <span class='ocrx_word' id='word_1_76' title='bbox 1457 1290 1546 1328; x_wconf 84' lang='lat' dir='ltr'><strong>cor</strong></span> <span class='ocrx_word' id='word_1_77' title='bbox 1559 1289 1717 1328; x_wconf 90' lang='lat' dir='ltr'><strong>unum</strong></span> <span class='ocrx_word' id='word_1_78' title='bbox 1737 1272 1876 1345; x_wconf 79' lang='lat' dir='ltr'><strong>(Act.</strong></span> 
     </span>
    </p>
   </div>
   <div class='ocr_carea' id='block_1_13' title="bbox 278 1362 1879 1437">
    <p class='ocr_par' dir='ltr' id='par_1_13' title="bbox 278 1362 1879 1437">
     <span class='ocr_line' id='line_1_13' title="bbox 278 1362 1879 1437; baseline 0.001 -18"><span class='ocrx_word' id='word_1_79' title='bbox 278 1377 366 1429; x_wconf 76' lang='lat' dir='ltr'><strong>av,</strong></span> <span class='ocrx_word' id='word_1_80' title='bbox 396 1362 515 1433; x_wconf 70' lang='lat'><strong>32).</strong></span> <span class='ocrx_word' id='word_1_81' title='bbox 547 1362 853 1431; x_wconf 66' lang='lat' dir='ltr'><strong>Querebant</strong></span> <span class='ocrx_word' id='word_1_82' title='bbox 876 1381 1005 1437; x_wconf 89' lang='lat' dir='ltr'><strong>ergo</strong></span> <span class='ocrx_word' id='word_1_83' title='bbox 1025 1366 1221 1422; x_wconf 87' lang='lat' dir='ltr'><strong>inimici</strong></span> <span class='ocrx_word' id='word_1_84' title='bbox 1241 1367 1470 1422; x_wconf 83' lang='lat' dir='ltr'><strong>animum</strong></span> <span class='ocrx_word' id='word_1_85' title='bbox 1501 1366 1743 1422; x_wconf 91' lang='lat' dir='ltr'><strong>ﬁdelium</strong></span> <span class='ocrx_word' id='word_1_86' title='bbox 1770 1379 1879 1421; x_wconf 92' lang='lat' dir='ltr'><strong>non</strong></span> 
     </span>
    </p>
   </div>
   <div class='ocr_carea' id='block_1_14' title="bbox 276 1453 1880 1524">
    <p class='ocr_par' dir='ltr' id='par_1_14' title="bbox 276 1453 1880 1524">
     <span class='ocr_line' id='line_1_14' title="bbox 276 1453 1880 1524; baseline 0.002 -13"><span class='ocrx_word' id='word_1_87' title='bbox 276 1453 352 1511; x_wconf 78' lang='lat' dir='ltr'><strong>ad</strong></span> <span class='ocrx_word' id='word_1_88' title='bbox 408 1456 843 1524; x_wconf 83' lang='lat' dir='ltr'><strong>venerationem,</strong></span> <span class='ocrx_word' id='word_1_89' title='bbox 892 1458 989 1515; x_wconf 87' lang='lat' dir='ltr'><strong>sed</strong></span> <span class='ocrx_word' id='word_1_90' title='bbox 1038 1468 1095 1514; x_wconf 92' lang='lat' dir='ltr'><strong>ut</strong></span> <span class='ocrx_word' id='word_1_91' title='bbox 1136 1458 1532 1517; x_wconf 79' lang='lat' dir='ltr'><strong>satisfacientes</strong></span> <span class='ocrx_word' id='word_1_92' title='bbox 1572 1458 1712 1515; x_wconf 89' lang='lat' dir='ltr'><strong>odiis</strong></span> <span class='ocrx_word' id='word_1_93' title='bbox 1765 1457 1880 1516; x_wconf 85' lang='lat' dir='ltr'><strong>suis</strong></span> 
     </span>
    </p>
   </div>
   <div class='ocr_carea' id='block_1_15' title="bbox 271 1553 1882 1624">
    <p class='ocr_par' dir='ltr' id='par_1_15' title="bbox 271 1553 1882 1624">
     <span class='ocr_line' id='line_1_15' title="bbox 271 1553 1882 1624; baseline 0.001 -15"><span class='ocrx_word' id='word_1_94' title='bbox 271 1562 412 1609; x_wconf 63' lang='lat' dir='ltr'><strong>eam</strong></span> <span class='ocrx_word' id='word_1_95' title='bbox 430 1565 474 1604; x_wconf 12' lang='lat' dir='ltr'><strong>ia</strong></span> <span class='ocrx_word' id='word_1_96' title='bbox 494 1565 737 1622; x_wconf 87' lang='lat' dir='ltr'><strong>corpore</strong></span> <span class='ocrx_word' id='word_1_97' title='bbox 767 1565 865 1609; x_wconf 85' lang='lat' dir='ltr'><strong>suo</strong></span> <span class='ocrx_word' id='word_1_98' title='bbox 894 1563 1259 1624; x_wconf 85' lang='lat' dir='ltr'><strong>segregarem.</strong></span> <span class='ocrx_word' id='word_1_99' title='bbox 1291 1553 1445 1623; x_wconf 87' lang='lat' dir='ltr'><strong>Quod</strong></span> <span class='ocrx_word' id='word_1_100' title='bbox 1482 1554 1681 1610; x_wconf 86' lang='lat' dir='ltr'><strong>factum</strong></span> <span class='ocrx_word' id='word_1_101' title='bbox 1710 1561 1795 1610; x_wconf 89' lang='lat' dir='ltr'><strong>est</strong></span> <span class='ocrx_word' id='word_1_102' title='bbox 1825 1553 1882 1610; x_wconf 92' lang='lat' dir='ltr'><strong>in</strong></span> 
     </span>
    </p>
   </div>
   <div class='ocr_carea' id='block_1_16' title="bbox 272 1645 1883 1717">
    <p class='ocr_par' dir='ltr' id='par_1_16' title="bbox 272 1645 1883 1717">
     <span class='ocr_line' id='line_1_16' title="bbox 272 1645 1883 1717; baseline 0 -16"><span class='ocrx_word' id='word_1_103' title='bbox 272 1651 581 1714; x_wconf 62' lang='lat' dir='ltr'><strong>martyrum</strong></span> <span class='ocrx_word' id='word_1_104' title='bbox 629 1645 993 1715; x_wconf 86' lang='lat' dir='ltr'><strong>passionibus,</strong></span> <span class='ocrx_word' id='word_1_105' title='bbox 1026 1646 1239 1717; x_wconf 82' lang='lat' dir='ltr'><strong>quando</strong></span> <span class='ocrx_word' id='word_1_106' title='bbox 1271 1661 1364 1703; x_wconf 92' lang='lat' dir='ltr'><strong>eos</strong></span> <span class='ocrx_word' id='word_1_107' title='bbox 1408 1645 1712 1702; x_wconf 87' lang='lat' dir='ltr'><strong>trucidabat</strong></span> <span class='ocrx_word' id='word_1_108' title='bbox 1756 1658 1883 1716; x_wconf 89' lang='lat' dir='ltr'><strong>per-</strong></span> 
     </span>
    </p>
   </div>
   <div class='ocr_carea' id='block_1_17' title="bbox 274 1736 1885 1809">
    <p class='ocr_par' dir='ltr' id='par_1_17' title="bbox 274 1736 1885 1809">
     <span class='ocr_line' id='line_1_17' title="bbox 274 1736 1885 1809; baseline -0.001 -15"><span class='ocrx_word' id='word_1_109' title='bbox 274 1744 497 1794; x_wconf 68' lang='lat' dir='ltr'><strong>secutor</strong></span> <span class='ocrx_word' id='word_1_110' title='bbox 539 1736 808 1794; x_wconf 87' lang='lat' dir='ltr'><strong>infensus.</strong></span> <span class='ocrx_word' id='word_1_111' title='bbox 844 1738 1068 1809; x_wconf 77' lang='lat' dir='ltr'><strong>Legitur</strong></span> <span class='ocrx_word' id='word_1_112' title='bbox 1117 1747 1174 1794; x_wconf 89' lang='lat' dir='ltr'><strong>et</strong></span> <span class='ocrx_word' id='word_1_113' title='bbox 1221 1739 1277 1794; x_wconf 90' lang='lat' dir='ltr'><strong>in</strong></span> <span class='ocrx_word' id='word_1_114' title='bbox 1323 1738 1490 1806; x_wconf 90' lang='lat' dir='ltr'><strong>bono,</strong></span> <span class='ocrx_word' id='word_1_115' title='bbox 1529 1738 1713 1809; x_wconf 68' lang='lat' dir='ltr'><strong>quaeri,</strong></span> <span class='ocrx_word' id='word_1_116' title='bbox 1742 1737 1885 1794; x_wconf 89' lang='lat' dir='ltr'><strong>sicut</strong></span> 
     </span>
    </p>
   </div>
   <div class='ocr_carea' id='block_1_18' title="bbox 270 1828 1884 1903">
    <p class='ocr_par' dir='ltr' id='par_1_18' title="bbox 270 1828 1884 1903">
     <span class='ocr_line' id='line_1_18' title="bbox 270 1828 1884 1903; baseline 0 -16"><span class='ocrx_word' id='word_1_117' title='bbox 270 1840 408 1893; x_wconf 62' lang='lat' dir='ltr'><strong>net:</strong></span> <span class='ocrx_word' id='word_1_118' title='bbox 444 1828 611 1885; x_wconf 89' lang='lat' dir='ltr'><strong>Periit</strong></span> <span class='ocrx_word' id='word_1_119' title='bbox 641 1834 767 1902; x_wconf 83' lang='lat' dir='ltr'><strong>fuga</strong></span> <span class='ocrx_word' id='word_1_120' title='bbox 793 1849 825 1884; x_wconf 92' lang='lat' dir='ltr'><strong>a</strong></span> <span class='ocrx_word' id='word_1_121' title='bbox 855 1848 955 1899; x_wconf 87' lang='lat' dir='ltr'><strong>me,</strong></span> <span class='ocrx_word' id='word_1_122' title='bbox 988 1840 1037 1886; x_wconf 90' lang='lat' dir='ltr'><strong>et</strong></span> <span class='ocrx_word' id='word_1_123' title='bbox 1060 1848 1165 1887; x_wconf 86' lang='lat' dir='ltr'><strong>non</strong></span> <span class='ocrx_word' id='word_1_124' title='bbox 1193 1833 1378 1903; x_wconf 75' lang='lat' dir='ltr'><strong>estqui</strong></span> <span class='ocrx_word' id='word_1_125' title='bbox 1400 1833 1627 1903; x_wconf 79' lang='lat' dir='ltr'><strong>requirat</strong></span> <span class='ocrx_word' id='word_1_126' title='bbox 1657 1833 1884 1887; x_wconf 83' lang='lat' dir='ltr'><strong>animum</strong></span> 
     </span>
    </p>
   </div>
   <div class='ocr_carea' id='block_1_19' title="bbox 1973 614 3561 685">
    <p class='ocr_par' dir='ltr' id='par_1_19' title="bbox 1973 614 3561 685">
     <span class='ocr_line' id='line_1_19' title="bbox 1973 614 3561 685; baseline 0.004 -14"><span class='ocrx_word' id='word_1_127' title='bbox 1973 614 2263 685; x_wconf 82' lang='lat' dir='ltr'><strong>elucescat,</strong></span> <span class='ocrx_word' id='word_1_128' title='bbox 2313 616 2601 672; x_wconf 88' lang='lat' dir='ltr'><strong>verborum</strong></span> <span class='ocrx_word' id='word_1_129' title='bbox 2632 616 2766 672; x_wconf 89' lang='lat' dir='ltr'><strong>ordo</strong></span> <span class='ocrx_word' id='word_1_130' title='bbox 2794 615 3102 674; x_wconf 86' lang='lat' dir='ltr'><strong>reddendus</strong></span> <span class='ocrx_word' id='word_1_131' title='bbox 3123 627 3246 685; x_wconf 86' lang='lat' dir='ltr'><strong>est;</strong></span> <span class='ocrx_word' id='word_1_132' title='bbox 3289 619 3392 676; x_wconf 90' lang='lat' dir='ltr'><strong>hoc</strong></span> <span class='ocrx_word' id='word_1_133' title='bbox 3437 629 3561 679; x_wconf 87' lang='lat' dir='ltr'><strong>est:</strong></span> 
     </span>
    </p>
   </div>
   <div class='ocr_carea' id='block_1_20' title="bbox 1974 705 3561 786">
    <p class='ocr_par' dir='ltr' id='par_1_20' title="bbox 1974 705 3561 786">
     <span class='ocr_line' id='line_1_20' title="bbox 1974 705 3561 786; baseline 0.006 -25"><span class='ocrx_word' id='word_1_134' title='bbox 1974 705 2162 763; x_wconf 84' lang='lat' dir='ltr'><strong>Dicant</strong></span> <span class='ocrx_word' id='word_1_135' title='bbox 2189 724 2386 775; x_wconf 77' lang='lat' dir='ltr'><strong>semper</strong></span> <span class='ocrx_word' id='word_1_136' title='bbox 2412 710 2499 779; x_wconf 89' lang='lat' dir='ltr'><strong>qui</strong></span> <span class='ocrx_word' id='word_1_137' title='bbox 2530 709 2754 780; x_wconf 82' lang='lat' dir='ltr'><strong>diligunt</strong></span> <span class='ocrx_word' id='word_1_138' title='bbox 2781 710 3006 766; x_wconf 79' lang='lat' dir='ltr'><strong>salutare</strong></span> <span class='ocrx_word' id='word_1_139' title='bbox 3024 722 3176 767; x_wconf 78' lang='lat' dir='ltr'><strong>tuum</strong></span> <span class='ocrx_word' id='word_1_140' title='bbox 3203 727 3223 767; x_wconf 90' lang='lat'><strong><em>:</em></strong></span> <span class='ocrx_word' id='word_1_141' title='bbox 3253 712 3561 786; x_wconf 72' lang='lat' dir='ltr'><strong>Magniﬁce-</strong></span> 
     </span>
    </p>
   </div>
   <div class='ocr_carea' id='block_1_21' title="bbox 1975 800 3561 873">
    <p class='ocr_par' dir='ltr' id='par_1_21' title="bbox 1975 800 3561 873">
     <span class='ocr_line' id='line_1_21' title="bbox 1975 800 3561 873; baseline 0.006 -16"><span class='ocrx_word' id='word_1_142' title='bbox 1975 811 2057 857; x_wconf 87' lang='lat' dir='ltr'><strong>tur</strong></span> <span class='ocrx_word' id='word_1_143' title='bbox 2083 800 2353 857; x_wconf 79' lang='lat' dir='ltr'><strong>Dominus.</strong></span> <span class='ocrx_word' id='word_1_144' title='bbox 2389 801 2753 873; x_wconf 85' lang='lat' dir='ltr'><strong>lntelligamus</strong></span> <span class='ocrx_word' id='word_1_145' title='bbox 2800 806 2903 861; x_wconf 83' lang='lat' dir='ltr'><strong>hoc</strong></span> <span class='ocrx_word' id='word_1_146' title='bbox 2934 804 3165 861; x_wconf 79' lang='lat' dir='ltr'><strong>verbum</strong></span> <span class='ocrx_word' id='word_1_147' title='bbox 3210 806 3279 862; x_wconf 90' lang='lat' dir='ltr'><strong>ab</strong></span> <span class='ocrx_word' id='word_1_148' title='bbox 3324 809 3561 865; x_wconf 77' lang='lat' dir='ltr'><strong>humana</strong></span> 
     </span>
    </p>
   </div>
   <div class='ocr_carea' id='block_1_22' title="bbox 1976 894 3562 971">
    <p class='ocr_par' dir='ltr' id='par_1_22' title="bbox 1976 894 3562 971">
     <span class='ocr_line' id='line_1_22' title="bbox 1976 894 3562 971; baseline 0.004 -21"><span class='ocrx_word' id='word_1_149' title='bbox 1976 894 2366 951; x_wconf 89' lang='lat' dir='ltr'><strong>consuetudine</strong></span> <span class='ocrx_word' id='word_1_150' title='bbox 2415 894 2581 950; x_wconf 89' lang='lat' dir='ltr'><strong>fuisse</strong></span> <span class='ocrx_word' id='word_1_151' title='bbox 2630 904 2949 953; x_wconf 85' lang='lat' dir='ltr'><strong>mutuatum.</strong></span> <span class='ocrx_word' id='word_1_152' title='bbox 3002 898 3372 971; x_wconf 70' lang='lat' dir='ltr'><strong>Hagniﬁoatur</strong></span> <span class='ocrx_word' id='word_1_153' title='bbox 3416 900 3562 957; x_wconf 86' lang='lat' dir='ltr'><strong>enim</strong></span> 
     </span>
    </p>
   </div>
   <div class='ocr_carea' id='block_1_23' title="bbox 1980 986 3566 1061">
    <p class='ocr_par' dir='ltr' id='par_1_23' title="bbox 1980 986 3566 1061">
     <span class='ocr_line' id='line_1_23' title="bbox 1980 986 3566 1061; baseline 0.005 -20"><span class='ocrx_word' id='word_1_154' title='bbox 1980 986 2073 1043; x_wconf 87' lang='lat' dir='ltr'><strong>ille</strong></span> <span class='ocrx_word' id='word_1_155' title='bbox 2105 989 2194 1057; x_wconf 87' lang='lat' dir='ltr'><strong>qui</strong></span> <span class='ocrx_word' id='word_1_156' title='bbox 2224 987 2471 1043; x_wconf 86' lang='lat' dir='ltr'><strong>laudibus</strong></span> <span class='ocrx_word' id='word_1_157' title='bbox 2499 988 2715 1055; x_wconf 84' lang='lat' dir='ltr'><strong>crescit,</strong></span> <span class='ocrx_word' id='word_1_158' title='bbox 2758 988 2849 1058; x_wconf 88' lang='lat' dir='ltr'><strong>qui</strong></span> <span class='ocrx_word' id='word_1_159' title='bbox 2889 991 3026 1046; x_wconf 89' lang='lat' dir='ltr'><strong>bona</strong></span> <span class='ocrx_word' id='word_1_160' title='bbox 3051 991 3310 1061; x_wconf 87' lang='lat' dir='ltr'><strong>opinione</strong></span> <span class='ocrx_word' id='word_1_161' title='bbox 3338 992 3566 1061; x_wconf 76' lang='lat' dir='ltr'><strong>grande-</strong></span> 
     </span>
    </p>
   </div>
   <div class='ocr_carea' id='block_1_24' title="bbox 1981 1079 3568 1157">
    <p class='ocr_par' dir='ltr' id='par_1_24' title="bbox 1981 1079 3568 1157">
     <span class='ocr_line' id='line_1_24' title="bbox 1981 1079 3568 1157; baseline 0.006 -23"><span class='ocrx_word' id='word_1_162' title='bbox 1981 1079 2108 1137; x_wconf 92' lang='lat' dir='ltr'><strong>scit.</strong></span> <span class='ocrx_word' id='word_1_163' title='bbox 2154 1080 2419 1135; x_wconf 73' lang='lat' dir='ltr'><strong>Cmterum</strong></span> <span class='ocrx_word' id='word_1_164' title='bbox 2454 1081 2594 1136; x_wconf 90' lang='lat' dir='ltr'><strong>Deus</strong></span> <span class='ocrx_word' id='word_1_165' title='bbox 2642 1097 2748 1136; x_wconf 80' lang='lat' dir='ltr'><strong>non</strong></span> <span class='ocrx_word' id='word_1_166' title='bbox 2783 1081 2947 1138; x_wconf 87' lang='lat' dir='ltr'><strong>habet</strong></span> <span class='ocrx_word' id='word_1_167' title='bbox 2994 1082 3568 1157; x_wconf 37' lang='lat' dir='ltr'><strong>incrementumrquia</strong></span> 
     </span>
    </p>
   </div>
   <div class='ocr_carea' id='block_1_25' title="bbox 1981 1171 3569 1251">
    <p class='ocr_par' dir='ltr' id='par_1_25' title="bbox 1981 1171 3569 1251">
     <span class='ocr_line' id='line_1_25' title="bbox 1981 1171 3569 1251; baseline 0.006 -24"><span class='ocrx_word' id='word_1_168' title='bbox 1981 1171 2100 1240; x_wconf 89' lang='lat' dir='ltr'><strong>ipse</strong></span> <span class='ocrx_word' id='word_1_169' title='bbox 2132 1173 2184 1227; x_wconf 91' lang='lat' dir='ltr'><strong>in</strong></span> <span class='ocrx_word' id='word_1_170' title='bbox 2215 1188 2275 1229; x_wconf 91' lang='lat' dir='ltr'><strong>se</strong></span> <span class='ocrx_word' id='word_1_171' title='bbox 2304 1182 2469 1243; x_wconf 93' lang='lat' dir='ltr'><strong>totus,</strong></span> <span class='ocrx_word' id='word_1_172' title='bbox 2503 1175 2811 1247; x_wconf 77' lang='lat' dir='ltr'><strong>singularis,</strong></span> <span class='ocrx_word' id='word_1_173' title='bbox 2845 1184 2901 1232; x_wconf 81' lang='lat' dir='ltr'><strong>et</strong></span> <span class='ocrx_word' id='word_1_174' title='bbox 2930 1176 3215 1234; x_wconf 83' lang='lat' dir='ltr'><strong>ineﬂ&#39;abilis</strong></span> <span class='ocrx_word' id='word_1_175' title='bbox 3253 1179 3569 1251; x_wconf 76' lang='lat' dir='ltr'><strong>intelligitur</strong></span> 
     </span>
    </p>
   </div>
   <div class='ocr_carea' id='block_1_26' title="bbox 1981 1264 3572 1341">
    <p class='ocr_par' dir='ltr' id='par_1_26' title="bbox 1981 1264 3572 1341">
     <span class='ocr_line' id='line_1_26' title="bbox 1981 1264 3572 1341; baseline 0.006 -22"><span class='ocrx_word' id='word_1_176' title='bbox 1981 1264 2293 1336; x_wconf 87' lang='lat' dir='ltr'><strong>plenitudo;</strong></span> <span class='ocrx_word' id='word_1_177' title='bbox 2321 1281 2421 1323; x_wconf 92' lang='lat' dir='ltr'><strong>nec</strong></span> <span class='ocrx_word' id='word_1_178' title='bbox 2450 1266 2665 1324; x_wconf 86' lang='lat' dir='ltr'><strong>aliunde</strong></span> <span class='ocrx_word' id='word_1_179' title='bbox 2686 1276 2865 1338; x_wconf 89' lang='lat' dir='ltr'><strong>potest</strong></span> <span class='ocrx_word' id='word_1_180' title='bbox 2891 1272 3157 1336; x_wconf 80' lang='lat' dir='ltr'><strong>crescere,</strong></span> <span class='ocrx_word' id='word_1_181' title='bbox 3178 1273 3269 1341; x_wconf 92' lang='lat' dir='ltr'><strong>qui</strong></span> <span class='ocrx_word' id='word_1_182' title='bbox 3290 1272 3572 1331; x_wconf 77' lang='lat' dir='ltr'><strong>consuevit</strong></span> 
     </span>
    </p>
   </div>
   <div class='ocr_carea' id='block_1_27' title="bbox 1983 1358 3574 1437">
    <p class='ocr_par' dir='ltr' id='par_1_27' title="bbox 1983 1358 3574 1437">
     <span class='ocr_line' id='line_1_27' title="bbox 1983 1358 3574 1437; baseline 0.006 -25"><span class='ocrx_word' id='word_1_183' title='bbox 1983 1360 2250 1413; x_wconf 83' lang='lat' dir='ltr'><strong>creaturis</strong></span> <span class='ocrx_word' id='word_1_184' title='bbox 2281 1358 2531 1414; x_wconf 91' lang='lat' dir='ltr'><strong>omnibus</strong></span> <span class='ocrx_word' id='word_1_185' title='bbox 2558 1361 2892 1417; x_wconf 85' lang='lat' dir='ltr'><strong>incrementa</strong></span> <span class='ocrx_word' id='word_1_186' title='bbox 2917 1369 3195 1432; x_wconf 64' lang='lat' dir='ltr'><strong>praestare.</strong></span> <span class='ocrx_word' id='word_1_187' title='bbox 3229 1362 3336 1419; x_wconf 90' lang='lat' dir='ltr'><strong>Sed</strong></span> <span class='ocrx_word' id='word_1_188' title='bbox 3364 1364 3574 1437; x_wconf 86' lang='lat' dir='ltr'><strong>magni-</strong></span> 
     </span>
    </p>
   </div>
   <div class='ocr_carea' id='block_1_28' title="bbox 1984 1446 3574 1520">
    <p class='ocr_par' dir='ltr' id='par_1_28' title="bbox 1984 1446 3574 1520">
     <span class='ocr_line' id='line_1_28' title="bbox 1984 1446 3574 1520; baseline 0.007 -19"><span class='ocrx_word' id='word_1_189' title='bbox 1984 1446 2220 1515; x_wconf 87' lang='lat' dir='ltr'><strong>ﬁcando,</strong></span> <span class='ocrx_word' id='word_1_190' title='bbox 2240 1462 2338 1504; x_wconf 90' lang='lat' dir='ltr'><strong>nos</strong></span> <span class='ocrx_word' id='word_1_191' title='bbox 2364 1448 2491 1505; x_wconf 90' lang='lat' dir='ltr'><strong>inde</strong></span> <span class='ocrx_word' id='word_1_192' title='bbox 2514 1449 2843 1520; x_wconf 88' lang='lat' dir='ltr'><strong>proﬁcimus,</strong></span> <span class='ocrx_word' id='word_1_193' title='bbox 2875 1459 2929 1507; x_wconf 91' lang='lat' dir='ltr'><strong>et</strong></span> <span class='ocrx_word' id='word_1_194' title='bbox 2949 1464 3070 1508; x_wconf 88' lang='lat' dir='ltr'><strong>cum</strong></span> <span class='ocrx_word' id='word_1_195' title='bbox 3097 1452 3285 1509; x_wconf 88' lang='lat' dir='ltr'><strong>laudes</strong></span> <span class='ocrx_word' id='word_1_196' title='bbox 3311 1453 3427 1513; x_wconf 87' lang='lat' dir='ltr'><strong>Deo</strong></span> <span class='ocrx_word' id='word_1_197' title='bbox 3444 1470 3574 1514; x_wconf 81' lang='lat' dir='ltr'><strong>san-</strong></span> 
     </span>
    </p>
   </div>
   <div class='ocr_carea' id='block_1_29' title="bbox 1987 1542 3577 1623">
    <p class='ocr_par' dir='ltr' id='par_1_29' title="bbox 1987 1542 3577 1623">
     <span class='ocr_line' id='line_1_29' title="bbox 1987 1542 3577 1623; baseline 0.008 -26"><span class='ocrx_word' id='word_1_198' title='bbox 1987 1548 2075 1597; x_wconf 89' lang='lat' dir='ltr'><strong>cta</strong></span> <span class='ocrx_word' id='word_1_199' title='bbox 2126 1551 2305 1598; x_wconf 89' lang='lat' dir='ltr'><strong>mente</strong></span> <span class='ocrx_word' id='word_1_200' title='bbox 2347 1542 2722 1613; x_wconf 88' lang='lat' dir='ltr'><strong>persolvimus,</strong></span> <span class='ocrx_word' id='word_1_201' title='bbox 2770 1552 2957 1602; x_wconf 91' lang='lat' dir='ltr'><strong>nostra</strong></span> <span class='ocrx_word' id='word_1_202' title='bbox 2998 1546 3329 1604; x_wconf 85' lang='lat' dir='ltr'><strong>conscientia</strong></span> <span class='ocrx_word' id='word_1_203' title='bbox 3355 1561 3577 1623; x_wconf 81' lang='lat' dir='ltr'><strong>semper</strong></span> 
     </span>
    </p>
   </div>
   <div class='ocr_carea' id='block_1_30' title="bbox 1987 1645 2232 1705">
    <p class='ocr_par' dir='ltr' id='par_1_30' title="bbox 1987 1645 2232 1705">
     <span class='ocr_line' id='line_1_30' title="bbox 1987 1645 2232 1705; baseline 0.004 -14"><span class='ocrx_word' id='word_1_204' title='bbox 1987 1645 2232 1705; x_wconf 81' lang='lat' dir='ltr'><strong>augetur.</strong></span> 
     </span>
    </p>
   </div>
   <div class='ocr_carea' id='block_1_31' title="bbox 2062 1727 3580 1806">
    <p class='ocr_par' dir='ltr' id='par_1_31' title="bbox 2062 1727 3580 1806">
     <span class='ocr_line' id='line_1_31' title="bbox 2062 1727 3580 1806; baseline 0.005 -22"><span class='ocrx_word' id='word_1_205' title='bbox 2062 1727 2220 1786; x_wconf 82' lang='lat' dir='ltr'><strong>Vers.</strong></span> <span class='ocrx_word' id='word_1_206' title='bbox 2256 1731 2312 1788; x_wconf 87' lang='lat'><strong>5.</strong></span> <span class='ocrx_word' id='word_1_207' title='bbox 2350 1731 2466 1804; x_wconf 82' lang='lat' dir='ltr'><strong>Ego</strong></span> <span class='ocrx_word' id='word_1_208' title='bbox 2492 1748 2608 1788; x_wconf 82' lang='lat' dir='ltr'><strong>vero</strong></span> <span class='ocrx_word' id='word_1_209' title='bbox 2636 1749 2826 1806; x_wconf 81' lang='lat' dir='ltr'><strong>egenus</strong></span> <span class='ocrx_word' id='word_1_210' title='bbox 2854 1741 2904 1788; x_wconf 90' lang='lat' dir='ltr'><strong>et</strong></span> <span class='ocrx_word' id='word_1_211' title='bbox 2930 1748 3128 1805; x_wconf 81' lang='lat' dir='ltr'><strong>pauper</strong></span> <span class='ocrx_word' id='word_1_212' title='bbox 3147 1749 3296 1801; x_wconf 76' lang='lat' dir='ltr'><strong>eum;</strong></span> <span class='ocrx_word' id='word_1_213' title='bbox 3326 1732 3463 1791; x_wconf 78' lang='lat' dir='ltr'><strong>Deus</strong></span> <span class='ocrx_word' id='word_1_214' title='bbox 3481 1737 3580 1793; x_wconf 82' lang='lat' dir='ltr'><strong>ad-</strong></span> 
     </span>
    </p>
   </div>
   <div class='ocr_carea' id='block_1_32' title="bbox 1978 1821 3581 1895">
    <p class='ocr_par' dir='ltr' id='par_1_32' title="bbox 1978 1821 3581 1895">
     <span class='ocr_line' id='line_1_32' title="bbox 1978 1821 3581 1895; baseline 0.005 -20"><span class='ocrx_word' id='word_1_215' title='bbox 1978 1821 2132 1892; x_wconf 85' lang='lat' dir='ltr'><strong>juvat</strong></span> <span class='ocrx_word' id='word_1_216' title='bbox 2164 1839 2241 1876; x_wconf 86' lang='lat' dir='ltr'><strong>me</strong></span> <span class='ocrx_word' id='word_1_217' title='bbox 2263 1838 2285 1879; x_wconf 90' lang='lat'><strong><em>:</em></strong></span> <span class='ocrx_word' id='word_1_218' title='bbox 2309 1822 2524 1895; x_wconf 83' lang='lat' dir='ltr'><strong>adjutor</strong></span> <span class='ocrx_word' id='word_1_219' title='bbox 2555 1840 2697 1881; x_wconf 85' lang='lat' dir='ltr'><strong>meus</strong></span> <span class='ocrx_word' id='word_1_220' title='bbox 2727 1834 2773 1879; x_wconf 89' lang='lat' dir='ltr'><strong>et</strong></span> <span class='ocrx_word' id='word_1_221' title='bbox 2806 1823 3051 1879; x_wconf 83' lang='lat' dir='ltr'><strong>liberator</strong></span> <span class='ocrx_word' id='word_1_222' title='bbox 3090 1840 3233 1880; x_wconf 78' lang='lat' dir='ltr'><strong>mm</strong></span> <span class='ocrx_word' id='word_1_223' title='bbox 3282 1840 3333 1880; x_wconf 83' lang='lat' dir='ltr'><strong>es</strong></span> <span class='ocrx_word' id='word_1_224' title='bbox 3362 1834 3441 1893; x_wconf 84' lang='lat' dir='ltr'><strong>tu,</strong></span> <span class='ocrx_word' id='word_1_225' title='bbox 3468 1823 3581 1883; x_wconf 75' lang='lat' dir='ltr'><strong>Do-</strong></span> 
     </span>
    </p>
   </div>
   <div class='ocr_carea' id='block_1_33' title="bbox 282 1912 3582 1997">
    <p class='ocr_par' dir='ltr' id='par_1_33' title="bbox 282 1912 3582 1997">
     <span class='ocr_line' id='line_1_33' title="bbox 282 1912 3582 1997; baseline 0.004 -29"><span class='ocrx_word' id='word_1_226' title='bbox 282 1937 460 1977; x_wconf 27' lang='lat' dir='ltr'><strong>.mam</strong></span> <span class='ocrx_word' id='word_1_227' title='bbox 491 1921 665 1994; x_wconf 69' lang='grc' dir='ltr'><strong>(Ρεαι,</strong></span> <span class='ocrx_word' id='word_1_228' title='bbox 696 1938 838 1990; x_wconf 66' lang='lat' dir='ltr'><strong>om,</strong></span> <span class='ocrx_word' id='word_1_229' title='bbox 865 1923 944 1995; x_wconf 78' lang='lat'><strong>5),</strong></span> <span class='ocrx_word' id='word_1_230' title='bbox 986 1924 1053 1981; x_wconf 84' lang='grc' dir='ltr'><strong>Ει</strong></span> <span class='ocrx_word' id='word_1_231' title='bbox 1073 1925 1197 1995; x_wconf 67' lang='lat' dir='ltr'><strong>quia</strong></span> <span class='ocrx_word' id='word_1_232' title='bbox 1227 1924 1329 1981; x_wconf 75' lang='lat' dir='ltr'><strong>hoc</strong></span> <span class='ocrx_word' id='word_1_233' title='bbox 1367 1925 1588 1982; x_wconf 62' lang='lat' dir='ltr'><strong>verbum</strong></span> <span class='ocrx_word' id='word_1_234' title='bbox 1623 1925 1885 1997; x_wconf 72' lang='lat' dir='ltr'><strong>bomony-</strong></span> <span class='ocrx_word' id='word_1_235' title='bbox 1912 1912 1962 1974; x_wconf 86' lang='grc' dir='ltr'><strong>Β</strong></span> <span class='ocrx_word' id='word_1_236' title='bbox 1992 1915 2129 1968; x_wconf 87' lang='lat' dir='ltr'><strong>mine</strong></span> <span class='ocrx_word' id='word_1_237' title='bbox 2159 1930 2179 1969; x_wconf 92' lang='lat'><strong><em>:</em></strong></span> <span class='ocrx_word' id='word_1_238' title='bbox 2215 1931 2277 1970; x_wconf 90' lang='lat' dir='ltr'><strong>ne</strong></span> <span class='ocrx_word' id='word_1_239' title='bbox 2320 1916 2625 1971; x_wconf 82' lang='lat' dir='ltr'><strong>tardaveris.</strong></span> <span class='ocrx_word' id='word_1_240' title='bbox 2657 1917 2836 1973; x_wconf 90' lang='lat' dir='ltr'><strong>Turba</strong></span> <span class='ocrx_word' id='word_1_241' title='bbox 2864 1917 3104 1975; x_wconf 87' lang='lat' dir='ltr'><strong>ﬁdelium</strong></span> <span class='ocrx_word' id='word_1_242' title='bbox 3149 1934 3271 1975; x_wconf 91' lang='lat' dir='ltr'><strong>cum</strong></span> <span class='ocrx_word' id='word_1_243' title='bbox 3294 1919 3582 1981; x_wconf 70' lang='lat' dir='ltr'><strong>dominica</strong></span> 
     </span>
    </p>
   </div>
   <div class='ocr_carea' id='block_1_34' title="bbox 287 2016 1883 2090">
    <p class='ocr_par' dir='ltr' id='par_1_34' title="bbox 287 2016 1883 2090">
     <span class='ocr_line' id='line_1_34' title="bbox 287 2016 1883 2090; baseline 0.002 -18"><span class='ocrx_word' id='word_1_244' title='bbox 287 2029 435 2072; x_wconf 87' lang='lat' dir='ltr'><strong>tuum</strong></span> <span class='ocrx_word' id='word_1_245' title='bbox 463 2026 567 2084; x_wconf 87' lang='lat' dir='ltr'><strong>est,</strong></span> <span class='ocrx_word' id='word_1_246' title='bbox 598 2016 819 2084; x_wconf 87' lang='lat' dir='ltr'><strong>addidit,</strong></span> <span class='ocrx_word' id='word_1_247' title='bbox 845 2028 901 2072; x_wconf 89' lang='lat' dir='ltr'><strong>ut</strong></span> <span class='ocrx_word' id='word_1_248' title='bbox 924 2019 1165 2088; x_wconf 76' lang='lat' dir='ltr'><strong>auferant</strong></span> <span class='ocrx_word' id='word_1_249' title='bbox 1189 2035 1339 2085; x_wconf 89' lang='lat' dir='ltr'><strong>eam;</strong></span> <span class='ocrx_word' id='word_1_250' title='bbox 1369 2028 1631 2090; x_wconf 87' lang='lat' dir='ltr'><strong>quatenus</strong></span> <span class='ocrx_word' id='word_1_251' title='bbox 1659 2022 1797 2075; x_wconf 85' lang='lat' dir='ltr'><strong>istud</strong></span> <span class='ocrx_word' id='word_1_252' title='bbox 1831 2021 1883 2076; x_wconf 93' lang='lat' dir='ltr'><strong>in</strong></span> 
     </span>
    </p>
   </div>
   <div class='ocr_carea' id='block_1_35' title="bbox 280 2092 1884 2183">
    <p class='ocr_par' dir='ltr' id='par_1_35' title="bbox 280 2092 1884 2183">
     <span class='ocr_line' id='line_1_35' title="bbox 280 2092 1884 2183; baseline 0 -15"><span class='ocrx_word' id='word_1_253' title='bbox 280 2110 498 2173; x_wconf 82' lang='lat' dir='ltr'><strong>malum</strong></span> <span class='ocrx_word' id='word_1_254' title='bbox 556 2112 791 2180; x_wconf 89' lang='lat' dir='ltr'><strong>positum</strong></span> <span class='ocrx_word' id='word_1_255' title='bbox 854 2092 1156 2182; x_wconf 69' lang='lat' dir='ltr'><strong>intelligere</strong></span> <span class='ocrx_word' id='word_1_256' title='bbox 1202 2112 1505 2181; x_wconf 88' lang='lat' dir='ltr'><strong>debuisses.</strong></span> <span class='ocrx_word' id='word_1_257' title='bbox 1562 2111 1884 2183; x_wconf 70' lang='lat' dir='ltr'><strong>Subiunxit,</strong></span> 
     </span>
    </p>
   </div>
   <div class='ocr_carea' id='block_1_36' title="bbox 288 2206 1885 2278">
    <p class='ocr_par' dir='ltr' id='par_1_36' title="bbox 288 2206 1885 2278">
     <span class='ocr_line' id='line_1_36' title="bbox 288 2206 1885 2278; baseline 0.001 -20"><span class='ocrx_word' id='word_1_258' title='bbox 288 2212 582 2259; x_wconf 80' lang='lat' dir='ltr'><strong>avertantur</strong></span> <span class='ocrx_word' id='word_1_259' title='bbox 625 2214 905 2260; x_wconf 82' lang='lat' dir='ltr'><strong>retrorsum</strong></span> <span class='ocrx_word' id='word_1_260' title='bbox 950 2214 997 2261; x_wconf 91' lang='lat' dir='ltr'><strong>et</strong></span> <span class='ocrx_word' id='word_1_261' title='bbox 1023 2206 1324 2262; x_wconf 87' lang='lat' dir='ltr'><strong>erubescant</strong></span> <span class='ocrx_word' id='word_1_262' title='bbox 1370 2209 1459 2274; x_wconf 86' lang='lat' dir='ltr'><strong>qui</strong></span> <span class='ocrx_word' id='word_1_263' title='bbox 1502 2207 1730 2278; x_wconf 85' lang='lat' dir='ltr'><strong>cogitant</strong></span> <span class='ocrx_word' id='word_1_264' title='bbox 1760 2207 1885 2261; x_wconf 79' lang='lat' dir='ltr'><strong>mihi</strong></span> 
     </span>
    </p>
   </div>
   <div class='ocr_carea' id='block_1_37' title="bbox 280 2297 1885 2371">
    <p class='ocr_par' dir='ltr' id='par_1_37' title="bbox 280 2297 1885 2371">
     <span class='ocr_line' id='line_1_37' title="bbox 280 2297 1885 2371; baseline 0 -19"><span class='ocrx_word' id='word_1_265' title='bbox 280 2298 449 2352; x_wconf 71' lang='lat' dir='ltr'><strong>mata.</strong></span> <span class='ocrx_word' id='word_1_266' title='bbox 474 2297 731 2353; x_wconf 81' lang='lat' dir='ltr'><strong>Avertitur</strong></span> <span class='ocrx_word' id='word_1_267' title='bbox 758 2308 1038 2353; x_wconf 83' lang='lat' dir='ltr'><strong>retrorsum</strong></span> <span class='ocrx_word' id='word_1_268' title='bbox 1061 2300 1149 2367; x_wconf 92' lang='lat' dir='ltr'><strong>qui</strong></span> <span class='ocrx_word' id='word_1_269' title='bbox 1176 2299 1335 2371; x_wconf 89' lang='lat' dir='ltr'><strong>(sicut</strong></span> <span class='ocrx_word' id='word_1_270' title='bbox 1360 2314 1505 2370; x_wconf 70' lang='lat' dir='ltr'><strong>saepe</strong></span> <span class='ocrx_word' id='word_1_271' title='bbox 1530 2299 1730 2357; x_wconf 86' lang='lat' dir='ltr'><strong>dictum</strong></span> <span class='ocrx_word' id='word_1_272' title='bbox 1751 2300 1885 2370; x_wconf 89' lang='lat' dir='ltr'><strong>est),</strong></span> 
     </span>
    </p>
   </div>
   <div class='ocr_carea' id='block_1_38' title="bbox 292 2390 1886 2463">
    <p class='ocr_par' dir='ltr' id='par_1_38' title="bbox 292 2390 1886 2463">
     <span class='ocr_line' id='line_1_38' title="bbox 292 2390 1886 2463; baseline 0.001 -17"><span class='ocrx_word' id='word_1_273' title='bbox 292 2404 326 2446; x_wconf 83' lang='lat' dir='ltr'><strong>a</strong></span> <span class='ocrx_word' id='word_1_274' title='bbox 359 2405 519 2459; x_wconf 88' lang='lat' dir='ltr'><strong>prava</strong></span> <span class='ocrx_word' id='word_1_275' title='bbox 547 2392 872 2461; x_wconf 78' lang='lat' dir='ltr'><strong>cogitatione</strong></span> <span class='ocrx_word' id='word_1_276' title='bbox 917 2390 1228 2463; x_wconf 86' lang='lat' dir='ltr'><strong>discedens,</strong></span> <span class='ocrx_word' id='word_1_277' title='bbox 1264 2392 1474 2448; x_wconf 90' lang='lat' dir='ltr'><strong>Domini</strong></span> <span class='ocrx_word' id='word_1_278' title='bbox 1521 2393 1669 2462; x_wconf 86' lang='lat' dir='ltr'><strong>jussa</strong></span> <span class='ocrx_word' id='word_1_279' title='bbox 1699 2392 1886 2448; x_wconf 51' lang='lat' dir='ltr'><strong>subsev</strong></span> 
     </span>
    </p>
   </div>
   <div class='ocr_carea' id='block_1_39' title="bbox 297 2482 1884 2559">
    <p class='ocr_par' dir='ltr' id='par_1_39' title="bbox 297 2482 1884 2559">
     <span class='ocr_line' id='line_1_39' title="bbox 297 2482 1884 2559; baseline 0.001 -20"><span class='ocrx_word' id='word_1_280' title='bbox 297 2485 503 2554; x_wconf 85' lang='lat' dir='ltr'><strong>quitur.</strong></span> <span class='ocrx_word' id='word_1_281' title='bbox 531 2482 731 2541; x_wconf 82' lang='lat' dir='ltr'><strong>Sensus</strong></span> <span class='ocrx_word' id='word_1_282' title='bbox 754 2499 881 2556; x_wconf 87' lang='lat' dir='ltr'><strong>ergo</strong></span> <span class='ocrx_word' id='word_1_283' title='bbox 915 2486 1038 2542; x_wconf 87' lang='lat' dir='ltr'><strong>talis</strong></span> <span class='ocrx_word' id='word_1_284' title='bbox 1063 2494 1181 2543; x_wconf 83' lang='lat' dir='ltr'><strong>est:</strong></span> <span class='ocrx_word' id='word_1_285' title='bbox 1203 2485 1304 2551; x_wconf 83' lang='lat' dir='ltr'><strong>Qui</strong></span> <span class='ocrx_word' id='word_1_286' title='bbox 1325 2488 1551 2559; x_wconf 85' lang='lat' dir='ltr'><strong>cogitant</strong></span> <span class='ocrx_word' id='word_1_287' title='bbox 1575 2487 1703 2541; x_wconf 82' lang='lat' dir='ltr'><strong>mihi</strong></span> <span class='ocrx_word' id='word_1_288' title='bbox 1723 2486 1884 2553; x_wconf 81' lang='lat' dir='ltr'><strong>mala,</strong></span> 
     </span>
    </p>
   </div>
   <div class='ocr_carea' id='block_1_40' title="bbox 297 2576 1889 2648">
    <p class='ocr_par' dir='ltr' id='par_1_40' title="bbox 297 2576 1889 2648">
     <span class='ocr_line' id='line_1_40' title="bbox 297 2576 1889 2648; baseline 0 -15"><span class='ocrx_word' id='word_1_289' title='bbox 297 2576 442 2633; x_wconf 82' lang='lat' dir='ltr'><strong>hanc</strong></span> <span class='ocrx_word' id='word_1_290' title='bbox 471 2577 884 2634; x_wconf 88' lang='lat' dir='ltr'><strong>retributionem</strong></span> <span class='ocrx_word' id='word_1_291' title='bbox 930 2578 1246 2647; x_wconf 85' lang='lat' dir='ltr'><strong>suscipiant,</strong></span> <span class='ocrx_word' id='word_1_292' title='bbox 1278 2594 1347 2634; x_wconf 90' lang='lat' dir='ltr'><strong>ne</strong></span> <span class='ocrx_word' id='word_1_293' title='bbox 1397 2582 1451 2634; x_wconf 91' lang='lat' dir='ltr'><strong>in</strong></span> <span class='ocrx_word' id='word_1_294' title='bbox 1479 2593 1577 2634; x_wconf 88' lang='lat' dir='ltr'><strong>sua</strong></span> <span class='ocrx_word' id='word_1_295' title='bbox 1608 2579 1889 2648; x_wconf 80' lang='lat' dir='ltr'><strong>iniquitate</strong></span> 
     </span>
    </p>
   </div>
   <div class='ocr_carea' id='block_1_41' title="bbox 288 2668 1893 2741">
    <p class='ocr_par' dir='ltr' id='par_1_41' title="bbox 288 2668 1893 2741">
     <span class='ocr_line' id='line_1_41' title="bbox 288 2668 1893 2741; baseline -0.002 -13"><span class='ocrx_word' id='word_1_296' title='bbox 288 2669 621 2739; x_wconf 75' lang='lat' dir='ltr'><strong>.persistant.</strong></span> <span class='ocrx_word' id='word_1_297' title='bbox 647 2668 691 2724; x_wconf 91' lang='grc' dir='ltr'>Ο</span> <span class='ocrx_word' id='word_1_298' title='bbox 724 2669 807 2738; x_wconf 83' lang='lat' dir='ltr'><strong>pia</strong></span> <span class='ocrx_word' id='word_1_299' title='bbox 839 2680 1169 2737; x_wconf 87' lang='lat' dir='ltr'><strong>sanctorum,</strong></span> <span class='ocrx_word' id='word_1_300' title='bbox 1192 2671 1353 2726; x_wconf 90' lang='lat' dir='ltr'><strong>etiam</strong></span> <span class='ocrx_word' id='word_1_301' title='bbox 1388 2670 1503 2741; x_wconf 91' lang='lat' dir='ltr'><strong>ipsa</strong></span> <span class='ocrx_word' id='word_1_302' title='bbox 1533 2685 1652 2739; x_wconf 68' lang='lat' dir='ltr'><strong>quae</strong></span> <span class='ocrx_word' id='word_1_303' title='bbox 1677 2678 1893 2739; x_wconf 90' lang='lat' dir='ltr'><strong>putatur</strong></span> 
     </span>
    </p>
   </div>
   <div class='ocr_carea' id='block_1_42' title="bbox 293 2761 1891 2835">
    <p class='ocr_par' dir='ltr' id='par_1_42' title="bbox 293 2761 1891 2835">
     <span class='ocr_line' id='line_1_42' title="bbox 293 2761 1891 2835; baseline 0 -17"><span class='ocrx_word' id='word_1_304' title='bbox 293 2761 631 2818; x_wconf 79' lang='lat' dir='ltr'><strong>adversitas!</strong></span> <span class='ocrx_word' id='word_1_305' title='bbox 679 2764 868 2819; x_wconf 76' lang='lat' dir='ltr'><strong>Melius</strong></span> <span class='ocrx_word' id='word_1_306' title='bbox 895 2764 1149 2834; x_wconf 87' lang='lat' dir='ltr'><strong>optabant</strong></span> <span class='ocrx_word' id='word_1_307' title='bbox 1180 2764 1412 2820; x_wconf 88' lang='lat' dir='ltr'><strong>inimicis</strong></span> <span class='ocrx_word' id='word_1_308' title='bbox 1440 2776 1603 2835; x_wconf 86' lang='lat' dir='ltr'><strong>quam</strong></span> <span class='ocrx_word' id='word_1_309' title='bbox 1642 2764 1743 2821; x_wconf 87' lang='lat' dir='ltr'><strong>sibi</strong></span> <span class='ocrx_word' id='word_1_310' title='bbox 1787 2763 1891 2835; x_wconf 86' lang='lat' dir='ltr'><strong>ipsi</strong></span> 
     </span>
    </p>
   </div>
   <div class='ocr_carea' id='block_1_43' title="bbox 282 2854 1530 2927">
    <p class='ocr_par' dir='ltr' id='par_1_43' title="bbox 282 2854 1530 2927">
     <span class='ocr_line' id='line_1_43' title="bbox 282 2854 1530 2927; baseline 0.002 -16"><span class='ocrx_word' id='word_1_311' title='bbox 282 2863 484 2926; x_wconf 79' lang='lat' dir='ltr'><strong>petere</strong></span> <span class='ocrx_word' id='word_1_312' title='bbox 505 2854 822 2912; x_wconf 86' lang='lat' dir='ltr'><strong>videbantur</strong></span> <span class='ocrx_word' id='word_1_313' title='bbox 850 2855 905 2911; x_wconf 91' lang='lat' dir='ltr'><strong>in</strong></span> <span class='ocrx_word' id='word_1_314' title='bbox 935 2858 1206 2927; x_wconf 86' lang='lat' dir='ltr'><strong>prosperis</strong></span> <span class='ocrx_word' id='word_1_315' title='bbox 1233 2857 1530 2914; x_wconf 85' lang='lat' dir='ltr'><strong>constituti.</strong></span> 
     </span>
    </p>
   </div>
   <div class='ocr_carea' id='block_1_44' title="bbox 370 2945 1893 3021">
    <p class='ocr_par' dir='ltr' id='par_1_44' title="bbox 370 2945 1893 3021">
     <span class='ocr_line' id='line_1_44' title="bbox 370 2945 1893 3021; baseline 0.002 -20"><span class='ocrx_word' id='word_1_316' title='bbox 370 2945 528 3001; x_wconf 75' lang='lat' dir='ltr'><strong>Vers.</strong></span> <span class='ocrx_word' id='word_1_317' title='bbox 573 2948 626 3003; x_wconf 81' lang='grc'><strong>5.</strong></span> <span class='ocrx_word' id='word_1_318' title='bbox 660 2947 970 3003; x_wconf 81' lang='lat' dir='ltr'><strong>Avertantur</strong></span> <span class='ocrx_word' id='word_1_319' title='bbox 995 2953 1173 3004; x_wconf 79' lang='lat' dir='ltr'><strong>statim</strong></span> <span class='ocrx_word' id='word_1_320' title='bbox 1200 2950 1568 3015; x_wconf 73' lang='lat' dir='ltr'><strong>erubescentes,</strong></span> <span class='ocrx_word' id='word_1_321' title='bbox 1599 2952 1690 3021; x_wconf 85' lang='lat' dir='ltr'><strong>qui</strong></span> <span class='ocrx_word' id='word_1_322' title='bbox 1716 2950 1893 3005; x_wconf 86' lang='lat' dir='ltr'><strong>dicunt</strong></span> 
     </span>
    </p>
   </div>
   <div class='ocr_carea' id='block_1_45' title="bbox 298 3037 1892 3112">
    <p class='ocr_par' dir='ltr' id='par_1_45' title="bbox 298 3037 1892 3112">
     <span class='ocr_line' id='line_1_45' title="bbox 298 3037 1892 3112; baseline 0.001 -16"><span class='ocrx_word' id='word_1_323' title='bbox 298 3039 425 3096; x_wconf 71' lang='lat' dir='ltr'><strong>mihi</strong></span> <span class='ocrx_word' id='word_1_324' title='bbox 448 3054 465 3094; x_wconf 92' lang='lat'><strong><em>:</em></strong></span> <span class='ocrx_word' id='word_1_325' title='bbox 487 3037 657 3110; x_wconf 83' lang='lat' dir='ltr'><strong>Euge,</strong></span> <span class='ocrx_word' id='word_1_326' title='bbox 684 3056 831 3112; x_wconf 85' lang='lat' dir='ltr'><strong>euge.</strong></span> <span class='ocrx_word' id='word_1_327' title='bbox 859 3040 1064 3097; x_wconf 88' lang='lat' dir='ltr'><strong>Prioris</strong></span> <span class='ocrx_word' id='word_1_328' title='bbox 1102 3057 1299 3098; x_wconf 82' lang='lat' dir='ltr'><strong>sensus</strong></span> <span class='ocrx_word' id='word_1_329' title='bbox 1347 3042 1582 3098; x_wconf 79' lang='lat' dir='ltr'><strong>excultio</strong></span> <span class='ocrx_word' id='word_1_330' title='bbox 1627 3051 1742 3110; x_wconf 89' lang='lat' dir='ltr'><strong>est,</strong></span> <span class='ocrx_word' id='word_1_331' title='bbox 1777 3054 1833 3098; x_wconf 92' lang='lat' dir='ltr'><strong>ut</strong></span> <span class='ocrx_word' id='word_1_332' title='bbox 1862 3058 1892 3098; x_wconf 91' lang='lat' dir='ltr'><strong>a</strong></span> 
     </span>
    </p>
   </div>
   <div class='ocr_carea' id='block_1_46' title="bbox 1989 2006 3580 2083">
    <p class='ocr_par' dir='ltr' id='par_1_46' title="bbox 1989 2006 3580 2083">
     <span class='ocr_line' id='line_1_46' title="bbox 1989 2006 3580 2083; baseline 0.006 -24"><span class='ocrx_word' id='word_1_333' title='bbox 1989 2006 2259 2077; x_wconf 81' lang='lat' dir='ltr'><strong>passionis</strong></span> <span class='ocrx_word' id='word_1_334' title='bbox 2291 2006 2594 2063; x_wconf 86' lang='lat' dir='ltr'><strong>imitaretur</strong></span> <span class='ocrx_word' id='word_1_335' title='bbox 2634 2008 2965 2079; x_wconf 89' lang='lat' dir='ltr'><strong>exemplum,</strong></span> <span class='ocrx_word' id='word_1_336' title='bbox 3016 2010 3129 2080; x_wconf 87' lang='lat' dir='ltr'><strong>ipsa</strong></span> <span class='ocrx_word' id='word_1_337' title='bbox 3174 2025 3389 2083; x_wconf 89' lang='lat' dir='ltr'><strong>quoque</strong></span> <span class='ocrx_word' id='word_1_338' title='bbox 3415 2012 3580 2069; x_wconf 83' lang='lat' dir='ltr'><strong>verba</strong></span> 
     </span>
    </p>
   </div>
   <div class='ocr_carea' id='block_1_47' title="bbox 1990 2096 3582 2170">
    <p class='ocr_par' dir='ltr' id='par_1_47' title="bbox 1990 2096 3582 2170">
     <span class='ocr_line' id='line_1_47' title="bbox 1990 2096 3582 2170; baseline 0.006 -17"><span class='ocrx_word' id='word_1_339' title='bbox 1990 2096 2109 2168; x_wconf 80' lang='lat' dir='ltr'><strong>ejus</strong></span> <span class='ocrx_word' id='word_1_340' title='bbox 2138 2097 2207 2152; x_wconf 92' lang='lat' dir='ltr'><strong>ad</strong></span> <span class='ocrx_word' id='word_1_341' title='bbox 2253 2113 2403 2153; x_wconf 88' lang='lat' dir='ltr'><strong>suam</strong></span> <span class='ocrx_word' id='word_1_342' title='bbox 2435 2100 2708 2156; x_wconf 89' lang='lat' dir='ltr'><strong>transtulit</strong></span> <span class='ocrx_word' id='word_1_343' title='bbox 2738 2100 3119 2170; x_wconf 85' lang='lat' dir='ltr'><strong>psalmodiam.</strong></span> <span class='ocrx_word' id='word_1_344' title='bbox 3150 2101 3289 2159; x_wconf 92' lang='lat' dir='ltr'><strong>Dicit</strong></span> <span class='ocrx_word' id='word_1_345' title='bbox 3336 2103 3481 2160; x_wconf 87' lang='lat' dir='ltr'><strong>enim</strong></span> <span class='ocrx_word' id='word_1_346' title='bbox 3514 2118 3582 2162; x_wconf 77' lang='lat' dir='ltr'><strong>ex</strong></span> 
     </span>
    </p>
   </div>
   <div class='ocr_carea' id='block_1_48' title="bbox 1990 2190 3585 2268">
    <p class='ocr_par' dir='ltr' id='par_1_48' title="bbox 1990 2190 3585 2268">
     <span class='ocr_line' id='line_1_48' title="bbox 1990 2190 3585 2268; baseline 0.005 -24"><span class='ocrx_word' id='word_1_347' title='bbox 1990 2202 2221 2258; x_wconf 83' lang='lat' dir='ltr'><strong>persona</strong></span> <span class='ocrx_word' id='word_1_348' title='bbox 2252 2202 2347 2244; x_wconf 88' lang='lat' dir='ltr'><strong>sua</strong></span> <span class='ocrx_word' id='word_1_349' title='bbox 2394 2190 2653 2246; x_wconf 85' lang='lat' dir='ltr'><strong>Dominus</strong></span> <span class='ocrx_word' id='word_1_350' title='bbox 2677 2192 2729 2246; x_wconf 93' lang='lat' dir='ltr'><strong>in</strong></span> <span class='ocrx_word' id='word_1_351' title='bbox 2757 2192 2863 2246; x_wconf 87' lang='lat' dir='ltr'><strong>alio</strong></span> <span class='ocrx_word' id='word_1_352' title='bbox 2893 2194 3098 2263; x_wconf 89' lang='lat' dir='ltr'><strong>psalmo</strong></span> <span class='ocrx_word' id='word_1_353' title='bbox 3126 2209 3140 2246; x_wconf 90' lang='lat'><strong>:</strong></span> <span class='ocrx_word' id='word_1_354' title='bbox 3174 2192 3288 2266; x_wconf 85' lang='lat' dir='ltr'><strong>Ego</strong></span> <span class='ocrx_word' id='word_1_355' title='bbox 3324 2210 3443 2249; x_wconf 79' lang='lat' dir='ltr'><strong>vero</strong></span> <span class='ocrx_word' id='word_1_356' title='bbox 3470 2212 3585 2268; x_wconf 78' lang='lat' dir='ltr'><strong>ego--</strong></span> 
     </span>
    </p>
   </div>
   <div class='ocr_carea' id='block_1_49' title="bbox 1991 2280 3583 2357">
    <p class='ocr_par' dir='ltr' id='par_1_49' title="bbox 1991 2280 3583 2357">
     <span class='ocr_line' id='line_1_49' title="bbox 1991 2280 3583 2357; baseline 0.008 -27"><span class='ocrx_word' id='word_1_357' title='bbox 1991 2294 2085 2331; x_wconf 84' lang='lat' dir='ltr'><strong>nus</strong></span> <span class='ocrx_word' id='word_1_358' title='bbox 2112 2288 2161 2332; x_wconf 90' lang='lat' dir='ltr'><strong>et</strong></span> <span class='ocrx_word' id='word_1_359' title='bbox 2192 2295 2389 2350; x_wconf 84' lang='lat' dir='ltr'><strong>pauper</strong></span> <span class='ocrx_word' id='word_1_360' title='bbox 2419 2297 2531 2334; x_wconf 84' lang='lat' dir='ltr'><strong>sum</strong></span> <span class='ocrx_word' id='word_1_361' title='bbox 2548 2298 2567 2346; x_wconf 83' lang='lat'><strong>;</strong></span> <span class='ocrx_word' id='word_1_362' title='bbox 2612 2280 2869 2337; x_wconf 83' lang='lat' dir='ltr'><strong>Dominus</strong></span> <span class='ocrx_word' id='word_1_363' title='bbox 2908 2299 3084 2338; x_wconf 78' lang='lat' dir='ltr'><strong>curam</strong></span> <span class='ocrx_word' id='word_1_364' title='bbox 3108 2281 3259 2339; x_wconf 79' lang='lat' dir='ltr'><strong>habet</strong></span> <span class='ocrx_word' id='word_1_365' title='bbox 3284 2286 3384 2340; x_wconf 88' lang='lat' dir='ltr'><strong>mei</strong></span> <span class='ocrx_word' id='word_1_366' title='bbox 3406 2285 3583 2357; x_wconf 73' lang='lat' dir='ltr'><strong>(Paul.</strong></span> 
     </span>
    </p>
   </div>
   <div class='ocr_carea' id='block_1_50' title="bbox 1993 2368 3585 2447">
    <p class='ocr_par' dir='ltr' id='par_1_50' title="bbox 1993 2368 3585 2447">
     <span class='ocr_line' id='line_1_50' title="bbox 1993 2368 3585 2447; baseline 0.008 -25"><span class='ocrx_word' id='word_1_367' title='bbox 1993 2384 2179 2435; x_wconf 81' lang='lat' dir='ltr'><strong>xxxix,</strong></span> <span class='ocrx_word' id='word_1_368' title='bbox 2217 2368 2337 2441; x_wconf 70' lang='lat'><strong>18);</strong></span> <span class='ocrx_word' id='word_1_369' title='bbox 2366 2372 2506 2427; x_wconf 87' lang='lat' dir='ltr'><strong>sicut</strong></span> <span class='ocrx_word' id='word_1_370' title='bbox 2534 2381 2589 2427; x_wconf 90' lang='lat' dir='ltr'><strong>et</strong></span> <span class='ocrx_word' id='word_1_371' title='bbox 2615 2371 2703 2428; x_wconf 88' lang='lat' dir='ltr'><strong>hic</strong></span> <span class='ocrx_word' id='word_1_372' title='bbox 2727 2372 2930 2430; x_wconf 89' lang='lat' dir='ltr'><strong>dictum</strong></span> <span class='ocrx_word' id='word_1_373' title='bbox 2959 2383 3043 2430; x_wconf 86' lang='lat' dir='ltr'><strong>est</strong></span> <span class='ocrx_word' id='word_1_374' title='bbox 3067 2392 3097 2432; x_wconf 90' lang='lat' dir='ltr'><strong>a</strong></span> <span class='ocrx_word' id='word_1_375' title='bbox 3128 2392 3355 2447; x_wconf 87' lang='lat' dir='ltr'><strong>persona</strong></span> <span class='ocrx_word' id='word_1_376' title='bbox 3400 2378 3585 2435; x_wconf 82' lang='lat' dir='ltr'><strong>beato-</strong></span> 
     </span>
    </p>
   </div>
   <div class='ocr_carea' id='block_1_51' title="bbox 1992 2464 3584 2544">
    <p class='ocr_par' dir='ltr' id='par_1_51' title="bbox 1992 2464 3584 2544">
     <span class='ocr_line' id='line_1_51' title="bbox 1992 2464 3584 2544; baseline 0.006 -26"><span class='ocrx_word' id='word_1_377' title='bbox 1992 2478 2133 2520; x_wconf 85' lang='lat' dir='ltr'><strong>rum.</strong></span> <span class='ocrx_word' id='word_1_378' title='bbox 2156 2464 2262 2521; x_wconf 79' lang='lat' dir='ltr'><strong>Sed</strong></span> <span class='ocrx_word' id='word_1_379' title='bbox 2295 2466 2421 2521; x_wconf 91' lang='lat' dir='ltr'><strong>dum</strong></span> <span class='ocrx_word' id='word_1_380' title='bbox 2454 2466 2584 2521; x_wconf 87' lang='lat' dir='ltr'><strong>dicit</strong></span> <span class='ocrx_word' id='word_1_381' title='bbox 2615 2484 2630 2521; x_wconf 89' lang='lat'><strong>:</strong></span> <span class='ocrx_word' id='word_1_382' title='bbox 2664 2465 2778 2539; x_wconf 87' lang='lat' dir='ltr'><strong>Ego</strong></span> <span class='ocrx_word' id='word_1_383' title='bbox 2801 2484 2919 2523; x_wconf 84' lang='lat' dir='ltr'><strong>vero</strong></span> <span class='ocrx_word' id='word_1_384' title='bbox 2940 2487 3128 2544; x_wconf 82' lang='lat' dir='ltr'><strong>egenus</strong></span> <span class='ocrx_word' id='word_1_385' title='bbox 3153 2482 3201 2528; x_wconf 91' lang='lat' dir='ltr'><strong>et</strong></span> <span class='ocrx_word' id='word_1_386' title='bbox 3230 2489 3427 2544; x_wconf 81' lang='lat' dir='ltr'><strong>pauper</strong></span> <span class='ocrx_word' id='word_1_387' title='bbox 3447 2490 3584 2543; x_wconf 82' lang='lat' dir='ltr'><strong>sum,</strong></span> 
     </span>
    </p>
   </div>
   <div class='ocr_carea' id='block_1_52' title="bbox 1994 2558 3587 2637">
    <p class='ocr_par' dir='ltr' id='par_1_52' title="bbox 1994 2558 3587 2637">
     <span class='ocr_line' id='line_1_52' title="bbox 1994 2558 3587 2637; baseline 0.004 -23"><span class='ocrx_word' id='word_1_388' title='bbox 1994 2558 2259 2628; x_wconf 81' lang='lat' dir='ltr'><strong>signiﬁcat</strong></span> <span class='ocrx_word' id='word_1_389' title='bbox 2298 2559 2421 2614; x_wconf 91' lang='lat' dir='ltr'><strong>illos</strong></span> <span class='ocrx_word' id='word_1_390' title='bbox 2451 2559 2646 2615; x_wconf 87' lang='lat' dir='ltr'><strong>divites</strong></span> <span class='ocrx_word' id='word_1_391' title='bbox 2699 2559 2865 2615; x_wconf 75' lang='lat' dir='ltr'><strong>fuisse</strong></span> <span class='ocrx_word' id='word_1_392' title='bbox 2916 2563 3241 2629; x_wconf 84' lang='lat' dir='ltr'><strong>mundanus.</strong></span> <span class='ocrx_word' id='word_1_393' title='bbox 3276 2566 3342 2621; x_wconf 92' lang='lat' dir='ltr'><strong>de</strong></span> <span class='ocrx_word' id='word_1_394' title='bbox 3388 2564 3587 2637; x_wconf 87' lang='lat' dir='ltr'><strong>quibus</strong></span> 
     </span>
    </p>
   </div>
   <div class='ocr_carea' id='block_1_53' title="bbox 1997 2649 3587 2727">
    <p class='ocr_par' dir='ltr' id='par_1_53' title="bbox 1997 2649 3587 2727">
     <span class='ocr_line' id='line_1_53' title="bbox 1997 2649 3587 2727; baseline 0.004 -22"><span class='ocrx_word' id='word_1_395' title='bbox 1997 2649 2171 2705; x_wconf 86' lang='lat' dir='ltr'><strong>dicit:</strong></span> <span class='ocrx_word' id='word_1_396' title='bbox 2205 2649 2604 2720; x_wconf 77' lang='lat' dir='ltr'><strong>Conlundantur</strong></span> <span class='ocrx_word' id='word_1_397' title='bbox 2652 2660 2697 2706; x_wconf 91' lang='lat' dir='ltr'><strong>et</strong></span> <span class='ocrx_word' id='word_1_398' title='bbox 2746 2668 3074 2710; x_wconf 83' lang='lat' dir='ltr'><strong>revereantur</strong></span> <span class='ocrx_word' id='word_1_399' title='bbox 3117 2657 3312 2711; x_wconf 84' lang='lat' dir='ltr'><strong>inimici</strong></span> <span class='ocrx_word' id='word_1_400' title='bbox 3355 2659 3472 2726; x_wconf 88' lang='lat' dir='ltr'><strong>mei,</strong></span> <span class='ocrx_word' id='word_1_401' title='bbox 3502 2674 3587 2727; x_wconf 87' lang='lat' dir='ltr'><strong>qut</strong></span> 
     </span>
    </p>
   </div>
   <div class='ocr_carea' id='block_1_54' title="bbox 1997 2743 3588 2814">
    <p class='ocr_par' dir='ltr' id='par_1_54' title="bbox 1997 2743 3588 2814">
     <span class='ocr_line' id='line_1_54' title="bbox 1997 2743 3588 2814; baseline 0.008 -20"><span class='ocrx_word' id='word_1_402' title='bbox 1997 2751 2236 2813; x_wconf 69' lang='lat' dir='ltr'><strong>quierunt</strong></span> <span class='ocrx_word' id='word_1_403' title='bbox 2268 2743 2499 2796; x_wconf 89' lang='lat' dir='ltr'><strong>animam</strong></span> <span class='ocrx_word' id='word_1_404' title='bbox 2539 2759 2723 2798; x_wconf 90' lang='lat' dir='ltr'><strong>meam.</strong></span> <span class='ocrx_word' id='word_1_405' title='bbox 2771 2744 2876 2801; x_wconf 90' lang='lat' dir='ltr'><strong>Sed</strong></span> <span class='ocrx_word' id='word_1_406' title='bbox 2908 2747 3204 2814; x_wconf 89' lang='lat' dir='ltr'><strong>videamus,</strong></span> <span class='ocrx_word' id='word_1_407' title='bbox 3234 2763 3355 2804; x_wconf 88' lang='lat' dir='ltr'><strong>cum</strong></span> <span class='ocrx_word' id='word_1_408' title='bbox 3386 2749 3457 2803; x_wconf 89' lang='lat' dir='ltr'><strong>sit</strong></span> <span class='ocrx_word' id='word_1_409' title='bbox 3479 2764 3588 2806; x_wconf 74' lang='lat' dir='ltr'><strong>cm-</strong></span> 
     </span>
    </p>
   </div>
   <div class='ocr_carea' id='block_1_55' title="bbox 1998 2833 3588 2914">
    <p class='ocr_par' dir='ltr' id='par_1_55' title="bbox 1998 2833 3588 2914">
     <span class='ocr_line' id='line_1_55' title="bbox 1998 2833 3588 2914; baseline 0.007 -25"><span class='ocrx_word' id='word_1_410' title='bbox 1998 2833 2115 2889; x_wconf 88' lang='lat' dir='ltr'><strong>lesti</strong></span> <span class='ocrx_word' id='word_1_411' title='bbox 2140 2836 2393 2890; x_wconf 86' lang='lat' dir='ltr'><strong>thesauro</strong></span> <span class='ocrx_word' id='word_1_412' title='bbox 2420 2836 2705 2907; x_wconf 90' lang='lat' dir='ltr'><strong>ditissima,</strong></span> <span class='ocrx_word' id='word_1_413' title='bbox 2739 2840 2935 2911; x_wconf 90' lang='lat' dir='ltr'><strong>ubique</strong></span> <span class='ocrx_word' id='word_1_414' title='bbox 2962 2855 3023 2896; x_wconf 85' lang='lat' dir='ltr'><strong>se</strong></span> <span class='ocrx_word' id='word_1_415' title='bbox 3044 2855 3267 2912; x_wconf 79' lang='lat' dir='ltr'><strong>egenam</strong></span> <span class='ocrx_word' id='word_1_416' title='bbox 3299 2851 3353 2897; x_wconf 90' lang='lat' dir='ltr'><strong>et</strong></span> <span class='ocrx_word' id='word_1_417' title='bbox 3382 2857 3588 2914; x_wconf 90' lang='lat' dir='ltr'><strong>paupe-</strong></span> 
     </span>
    </p>
   </div>
   <div class='ocr_carea' id='block_1_56' title="bbox 1997 2926 3590 3005">
    <p class='ocr_par' dir='ltr' id='par_1_56' title="bbox 1997 2926 3590 3005">
     <span class='ocr_line' id='line_1_56' title="bbox 1997 2926 3590 3005; baseline 0.009 -24"><span class='ocrx_word' id='word_1_418' title='bbox 1997 2942 2111 2981; x_wconf 90' lang='lat' dir='ltr'><strong>rem</strong></span> <span class='ocrx_word' id='word_1_419' title='bbox 2140 2926 2271 2982; x_wconf 87' lang='lat' dir='ltr'><strong>dicit</strong></span> <span class='ocrx_word' id='word_1_420' title='bbox 2290 2927 2525 2999; x_wconf 89' lang='lat' dir='ltr'><strong>gloriosa</strong></span> <span class='ocrx_word' id='word_1_421' title='bbox 2557 2943 2873 3001; x_wconf 88' lang='lat' dir='ltr'><strong>paupertas;</strong></span> <span class='ocrx_word' id='word_1_422' title='bbox 2906 2933 3112 3003; x_wconf 86' lang='lat' dir='ltr'><strong>utique,</strong></span> <span class='ocrx_word' id='word_1_423' title='bbox 3141 2935 3265 3005; x_wconf 89' lang='lat' dir='ltr'><strong>quia</strong></span> <span class='ocrx_word' id='word_1_424' title='bbox 3291 2937 3590 2995; x_wconf 87' lang='lat' dir='ltr'><strong>tttuudanas</strong></span> 
     </span>
    </p>
   </div>
   <div class='ocr_carea' id='block_1_57' title="bbox 1996 3016 3677 3099">
    <p class='ocr_par' dir='ltr' id='par_1_57' title="bbox 1996 3016 3677 3099">
     <span class='ocr_line' id='line_1_57' title="bbox 1996 3016 3677 3099; baseline 0.006 -28"><span class='ocrx_word' id='word_1_425' title='bbox 1996 3016 2179 3088; x_wconf 90' lang='lat' dir='ltr'><strong>copias</strong></span> <span class='ocrx_word' id='word_1_426' title='bbox 2195 3032 2302 3073; x_wconf 90' lang='lat' dir='ltr'><strong>non</strong></span> <span class='ocrx_word' id='word_1_427' title='bbox 2320 3017 2501 3088; x_wconf 86' lang='lat' dir='ltr'><strong>habet,</strong></span> <span class='ocrx_word' id='word_1_428' title='bbox 2524 3030 2576 3076; x_wconf 92' lang='lat' dir='ltr'><strong>et</strong></span> <span class='ocrx_word' id='word_1_429' title='bbox 2594 3020 2758 3089; x_wconf 91' lang='lat' dir='ltr'><strong>intus,</strong></span> <span class='ocrx_word' id='word_1_430' title='bbox 2776 3022 2865 3078; x_wconf 82' lang='lat' dir='ltr'><strong>ubi</strong></span> <span class='ocrx_word' id='word_1_431' title='bbox 2880 3034 2965 3080; x_wconf 89' lang='lat' dir='ltr'><strong>est</strong></span> <span class='ocrx_word' id='word_1_432' title='bbox 2984 3024 3152 3091; x_wconf 88' lang='lat' dir='ltr'><strong>dives,</strong></span> <span class='ocrx_word' id='word_1_433' title='bbox 3172 3030 3589 3099; x_wconf 86' lang='lat' dir='ltr'><strong>semperatnbit,</strong></span> <span class='ocrx_word' id='word_1_434' title='bbox 3616 3050 3677 3095; x_wconf 64' lang='grc' dir='ltr'><strong>ο</strong></span> 
     </span>
    </p>
   </div>
   <div class='ocr_carea' id='block_1_58' title="bbox 1998 3112 3592 3189">
    <p class='ocr_par' dir='ltr' id='par_1_58' title="bbox 1998 3112 3592 3189">
     <span class='ocr_line' id='line_1_58' title="bbox 1998 3112 3592 3189; baseline 0.008 -23"><span class='ocrx_word' id='word_1_435' title='bbox 1998 3125 2215 3182; x_wconf 90' lang='lat' dir='ltr'><strong>semper</strong></span> <span class='ocrx_word' id='word_1_436' title='bbox 2239 3112 2535 3182; x_wconf 88' lang='lat' dir='ltr'><strong>desiderat,</strong></span> <span class='ocrx_word' id='word_1_437' title='bbox 2562 3129 2778 3187; x_wconf 89' lang='lat' dir='ltr'><strong>semper</strong></span> <span class='ocrx_word' id='word_1_438' title='bbox 2804 3116 3027 3188; x_wconf 88' lang='lat' dir='ltr'><strong>accipit;</strong></span> <span class='ocrx_word' id='word_1_439' title='bbox 3051 3119 3191 3175; x_wconf 85' lang='lat' dir='ltr'><strong>sicut</strong></span> <span class='ocrx_word' id='word_1_440' title='bbox 3207 3120 3495 3189; x_wconf 88' lang='lat' dir='ltr'><strong>Apostolus</strong></span> <span class='ocrx_word' id='word_1_441' title='bbox 3511 3123 3592 3178; x_wconf 60' lang='lat' dir='ltr'><strong>dio</strong></span> 
     </span>
    </p>
   </div>
   <div class='ocr_carea' id='block_1_59' title="bbox 292 3134 1894 3208">
    <p class='ocr_par' dir='ltr' id='par_1_59' title="bbox 292 3134 1894 3208">
     <span class='ocr_line' id='line_1_59' title="bbox 292 3134 1894 3208; baseline -0.001 -14"><span class='ocrx_word' id='word_1_442' title='bbox 292 3148 403 3194; x_wconf 62' lang='lat' dir='ltr'><strong>suo</strong></span> <span class='ocrx_word' id='word_1_443' title='bbox 433 3134 705 3205; x_wconf 83' lang='lat' dir='ltr'><strong>preposito</strong></span> <span class='ocrx_word' id='word_1_444' title='bbox 745 3135 1148 3201; x_wconf 88' lang='lat' dir='ltr'><strong>erubescentes,</strong></span> <span class='ocrx_word' id='word_1_445' title='bbox 1192 3136 1453 3193; x_wconf 88' lang='lat' dir='ltr'><strong>velociter</strong></span> <span class='ocrx_word' id='word_1_446' title='bbox 1497 3138 1894 3208; x_wconf 87' lang='lat' dir='ltr'><strong>compellantur</strong></span> 
     </span>
    </p>
   </div>
   <div class='ocr_carea' id='block_1_60' title="bbox 302 3202 3593 3299">
    <p class='ocr_par' dir='ltr' id='par_1_60' title="bbox 302 3202 3593 3299">
     <span class='ocr_line' id='line_1_60' title="bbox 302 3202 3593 3299; baseline 0.004 -42"><span class='ocrx_word' id='word_1_447' title='bbox 302 3202 632 3295; x_wconf 35' lang='lat' dir='ltr'><strong>abscedere,</strong></span> <span class='ocrx_word' id='word_1_448' title='bbox 685 3228 775 3299; x_wconf 69' lang='lat' dir='ltr'><strong>qui</strong></span> <span class='ocrx_word' id='word_1_449' title='bbox 834 3228 986 3289; x_wconf 59' lang='lat' dir='ltr'><strong>falsis</strong></span> <span class='ocrx_word' id='word_1_450' title='bbox 1053 3228 1448 3287; x_wconf 57' lang='lat' dir='ltr'><strong>laudauonibug</strong></span> <span class='ocrx_word' id='word_1_451' title='bbox 1498 3202 1895 3299; x_wconf 61' lang='lat' dir='ltr'><strong>cogn&#39;oscumu,</strong></span> <span class='ocrx_word' id='word_1_452' title='bbox 1998 3202 2352 3273; x_wconf 82' lang='lat' dir='ltr'><strong>cit:Fratres,</strong></span> <span class='ocrx_word' id='word_1_453' title='bbox 2383 3223 2473 3279; x_wconf 87' lang='lat' dir='ltr'><strong>ego</strong></span> <span class='ocrx_word' id='word_1_454' title='bbox 2492 3224 2687 3263; x_wconf 87' lang='lat' dir='ltr'><strong>menon</strong></span> <span class='ocrx_word' id='word_1_455' title='bbox 2705 3208 3593 3287; x_wconf 82' lang='lat' dir='ltr'><strong>arbitrorappreltendissc(Philip.</strong></span> 
     </span>
    </p>
   </div>
   <div class='ocr_carea' id='block_1_61' title="bbox 307 3298 1892 3396">
    <p class='ocr_par' dir='ltr' id='par_1_61' title="bbox 307 3320 1892 3396">
     <span class='ocr_line' id='line_1_61' title="bbox 307 3320 1892 3396; baseline 0.001 -18"><span class='ocrx_word' id='word_1_456' title='bbox 307 3322 647 3378; x_wconf 88' lang='lat' dir='ltr'><strong>ﬁdelissimos</strong></span> <span class='ocrx_word' id='word_1_457' title='bbox 693 3325 995 3394; x_wconf 87' lang='lat' dir='ltr'><strong>increpare.</strong></span> <span class='ocrx_word' id='word_1_458' title='bbox 1030 3320 1176 3396; x_wconf 85' lang='lat' dir='ltr'><strong>Euge</strong></span> <span class='ocrx_word' id='word_1_459' title='bbox 1228 3323 1373 3379; x_wconf 89' lang='lat' dir='ltr'><strong>enim</strong></span> <span class='ocrx_word' id='word_1_460' title='bbox 1417 3337 1599 3379; x_wconf 85' lang='lat' dir='ltr'><strong>sermo</strong></span> <span class='ocrx_word' id='word_1_461' title='bbox 1628 3322 1892 3379; x_wconf 84' lang='lat' dir='ltr'><strong>laudantis</strong></span> 
     </span>
    </p>
   </div>
   <div class='ocr_carea' id='block_1_62' title="bbox 2000 3298 3593 3396">
    <p class='ocr_par' dir='ltr' id='par_1_62' title="bbox 2002 3298 3593 3378">
     <span class='ocr_line' id='line_1_62' title="bbox 2002 3298 3593 3378; baseline 0.006 -27"><span class='ocrx_word' id='word_1_462' title='bbox 2002 3312 2083 3362; x_wconf 88' lang='lat' dir='ltr'><strong>ut,</strong></span> <span class='ocrx_word' id='word_1_463' title='bbox 2119 3298 2239 3369; x_wconf 76' lang='lat' dir='ltr'><strong>l3);</strong></span> <span class='ocrx_word' id='word_1_464' title='bbox 2276 3307 2331 3354; x_wconf 89' lang='lat' dir='ltr'><strong>et</strong></span> <span class='ocrx_word' id='word_1_465' title='bbox 2358 3299 2553 3357; x_wconf 86' lang='lat' dir='ltr'><strong>iterum</strong></span> <span class='ocrx_word' id='word_1_466' title='bbox 2587 3320 2599 3355; x_wconf 85' lang='lat'><strong>:</strong></span> <span class='ocrx_word' id='word_1_467' title='bbox 2636 3300 2698 3358; x_wconf 88' lang='lat' dir='ltr'><strong>Si</strong></span> <span class='ocrx_word' id='word_1_468' title='bbox 2718 3304 2830 3373; x_wconf 88' lang='lat' dir='ltr'><strong>quis</strong></span> <span class='ocrx_word' id='word_1_469' title='bbox 2852 3303 3109 3359; x_wconf 76' lang='lat' dir='ltr'><strong>existimat</strong></span> <span class='ocrx_word' id='word_1_470' title='bbox 3137 3320 3191 3360; x_wconf 84' lang='lat' dir='ltr'><strong>se</strong></span> <span class='ocrx_word' id='word_1_471' title='bbox 3217 3307 3349 3361; x_wconf 86' lang='lat' dir='ltr'><strong>scire</strong></span> <span class='ocrx_word' id='word_1_472' title='bbox 3374 3306 3593 3378; x_wconf 77' lang='lat' dir='ltr'><strong>aliquid,</strong></span> 
     </span>
    </p>
   </div>
   <div class='ocr_carea' id='block_1_63' title="bbox 306 3390 3595 3482">
    <p class='ocr_par' dir='ltr' id='par_1_63' title="bbox 306 3390 3595 3482">
     <span class='ocr_line' id='line_1_63' title="bbox 306 3390 3595 3482; baseline 0.001 -11"><span class='ocrx_word' id='word_1_473' title='bbox 306 3422 428 3481; x_wconf 84' lang='lat' dir='ltr'><strong>est;</strong></span> <span class='ocrx_word' id='word_1_474' title='bbox 460 3414 553 3471; x_wconf 87' lang='lat' dir='ltr'><strong>sed</strong></span> <span class='ocrx_word' id='word_1_475' title='bbox 578 3414 667 3471; x_wconf 88' lang='lat' dir='ltr'><strong>hic</strong></span> <span class='ocrx_word' id='word_1_476' title='bbox 707 3416 808 3471; x_wconf 90' lang='lat' dir='ltr'><strong>sub</strong></span> <span class='ocrx_word' id='word_1_477' title='bbox 837 3390 1032 3482; x_wconf 78' lang='lat' dir='ltr'><strong>ironia,</strong></span> <span class='ocrx_word' id='word_1_478' title='bbox 1074 3390 1135 3471; x_wconf 81' lang='lat' dir='ltr'><strong>id</strong></span> <span class='ocrx_word' id='word_1_479' title='bbox 1170 3415 1382 3474; x_wconf 12' lang='lat' dir='ltr'><strong>estasub</strong></span> <span class='ocrx_word' id='word_1_480' title='bbox 1412 3415 1666 3474; x_wconf 88' lang='lat' dir='ltr'><strong>irrisione</strong></span> <span class='ocrx_word' id='word_1_481' title='bbox 1696 3416 1897 3473; x_wconf 91' lang='lat' dir='ltr'><strong>dictum</strong></span> <span class='ocrx_word' id='word_1_482' title='bbox 2004 3390 2220 3482; x_wconf 50' lang='lat'><strong>&quot;9’04&quot;&quot;!</strong></span> <span class='ocrx_word' id='word_1_483' title='bbox 2270 3394 2506 3463; x_wconf 69' lang='grc' dir='ltr'><strong>σοσηουίί</strong></span> <span class='ocrx_word' id='word_1_484' title='bbox 2548 3396 2981 3464; x_wconf 69' lang='grc' dir='ltr'><strong>συεηῖαίίυιοάαηι</strong></span> <span class='ocrx_word' id='word_1_485' title='bbox 3027 3413 3143 3453; x_wconf 60' lang='lat' dir='ltr'><strong>eum</strong></span> <span class='ocrx_word' id='word_1_486' title='bbox 3189 3409 3420 3471; x_wconf 70' lang='grc' dir='ltr'><strong>θρονίεατ</strong></span> <span class='ocrx_word' id='word_1_487' title='bbox 3467 3401 3595 3456; x_wconf 68' lang='grc' dir='ltr'><strong>δεῖνα</strong></span> 
     </span>
    </p>
   </div>
   <div class='ocr_carea' id='block_1_64' title="bbox 300 3480 3595 3579">
    <p class='ocr_par' dir='ltr' id='par_1_64' title="bbox 300 3480 3595 3579">
     <span class='ocr_line' id='line_1_64' title="bbox 300 3480 3595 3579; baseline 0.003 -41"><span class='ocrx_word' id='word_1_488' title='bbox 300 3480 516 3562; x_wconf 49' lang='grc' dir='ltr'><strong>παπαί</strong></span> <span class='ocrx_word' id='word_1_489' title='bbox 539 3507 721 3575; x_wconf 47' lang='lat' dir='ltr'><strong>debet,</strong></span> <span class='ocrx_word' id='word_1_490' title='bbox 752 3480 1098 3577; x_wconf 47' lang='lat' dir='ltr'><strong>quoniam“)</strong></span> <span class='ocrx_word' id='word_1_491' title='bbox 1127 3507 1362 3565; x_wconf 60' lang='lat' dir='ltr'><strong>inimicis</strong></span> <span class='ocrx_word' id='word_1_492' title='bbox 1379 3508 1594 3565; x_wconf 49' lang='lat' dir='ltr'><strong>videtur</strong></span> <span class='ocrx_word' id='word_1_493' title='bbox 1622 3522 1742 3565; x_wconf 62' lang='lat' dir='ltr'><strong>esse</strong></span> <span class='ocrx_word' id='word_1_494' title='bbox 1771 3522 1899 3579; x_wconf 59' lang='grc' dir='ltr'><strong>νη),</strong></span> <span class='ocrx_word' id='word_1_495' title='bbox 2004 3480 2060 3555; x_wconf 92' lang='grc'><strong>(1</strong></span> <span class='ocrx_word' id='word_1_496' title='bbox 2094 3481 2216 3539; x_wconf 85' lang='lat' dir='ltr'><strong>Cor.</strong></span> <span class='ocrx_word' id='word_1_497' title='bbox 2250 3500 2365 3553; x_wconf 84' lang='lat' dir='ltr'><strong>VIII,</strong></span> <span class='ocrx_word' id='word_1_498' title='bbox 2392 3483 2473 3556; x_wconf 73' lang='grc'><strong>2).</strong></span> <span class='ocrx_word' id='word_1_499' title='bbox 2506 3485 2669 3579; x_wconf 87' lang='lat' dir='ltr'><strong>Vides</strong></span> <span class='ocrx_word' id='word_1_500' title='bbox 2692 3489 2888 3544; x_wconf 88' lang='lat' dir='ltr'><strong>merito</strong></span> <span class='ocrx_word' id='word_1_501' title='bbox 2914 3488 3020 3545; x_wconf 92' lang='lat' dir='ltr'><strong>dici</strong></span> <span class='ocrx_word' id='word_1_502' title='bbox 3043 3490 3178 3546; x_wconf 88' lang='lat' dir='ltr'><strong>tales</strong></span> <span class='ocrx_word' id='word_1_503' title='bbox 3205 3506 3426 3563; x_wconf 88' lang='lat' dir='ltr'><strong>egenos,</strong></span> <span class='ocrx_word' id='word_1_504' title='bbox 3461 3495 3595 3549; x_wconf 72' lang='lat' dir='ltr'><strong>tates</strong></span> 
     </span>
    </p>
   </div>
   <div class='ocr_carea' id='block_1_65' title="bbox 309 3577 1892 3682">
    <p class='ocr_par' dir='ltr' id='par_1_65' title="bbox 309 3577 1892 3673">
     <span class='ocr_line' id='line_1_65' title="bbox 309 3577 1892 3673; baseline -0.001 -16"><span class='ocrx_word' id='word_1_505' title='bbox 309 3599 500 3659; x_wconf 88' lang='lat' dir='ltr'><strong>latum.</strong></span> <span class='ocrx_word' id='word_1_506' title='bbox 528 3599 653 3657; x_wconf 90' lang='lat' dir='ltr'><strong>Sive</strong></span> <span class='ocrx_word' id='word_1_507' title='bbox 693 3600 814 3657; x_wconf 90' lang='lat' dir='ltr'><strong>illos</strong></span> <span class='ocrx_word' id='word_1_508' title='bbox 842 3601 1087 3672; x_wconf 86' lang='lat' dir='ltr'><strong>increpat</strong></span> <span class='ocrx_word' id='word_1_509' title='bbox 1125 3600 1217 3672; x_wconf 92' lang='lat' dir='ltr'><strong>qui</strong></span> <span class='ocrx_word' id='word_1_510' title='bbox 1248 3601 1569 3659; x_wconf 71' lang='lat' dir='ltr'><strong>afﬂictiones</strong></span> <span class='ocrx_word' id='word_1_511' title='bbox 1598 3577 1892 3673; x_wconf 81' lang='lat' dir='ltr'><strong>martyrum</strong></span> 
     </span>
    </p>
   </div>
   <div class='ocr_carea' id='block_1_66' title="bbox 2000 3577 3596 3682">
    <p class='ocr_par' dir='ltr' id='par_1_66' title="bbox 2003 3577 3596 3650">
     <span class='ocr_line' id='line_1_66' title="bbox 2003 3577 3596 3650; baseline 0.008 -22"><span class='ocrx_word' id='word_1_512' title='bbox 2003 3588 2291 3645; x_wconf 79' lang='lat' dir='ltr'><strong>pauperes,</strong></span> <span class='ocrx_word' id='word_1_513' title='bbox 2322 3578 2411 3644; x_wconf 91' lang='lat' dir='ltr'><strong>qui</strong></span> <span class='ocrx_word' id='word_1_514' title='bbox 2444 3577 2697 3633; x_wconf 90' lang='lat' dir='ltr'><strong>continue</strong></span> <span class='ocrx_word' id='word_1_515' title='bbox 2727 3579 3009 3650; x_wconf 89' lang='lat' dir='ltr'><strong>acquirere</strong></span> <span class='ocrx_word' id='word_1_516' title='bbox 3033 3580 3261 3650; x_wconf 79' lang='lat' dir='ltr'><strong>gratiam</strong></span> <span class='ocrx_word' id='word_1_517' title='bbox 3292 3581 3596 3640; x_wconf 87' lang='lat' dir='ltr'><strong>Divinitatis</strong></span> 
     </span>
    </p>
   </div>
   <div class='ocr_carea' id='block_1_67' title="bbox 296 3667 3597 3766">
    <p class='ocr_par' dir='ltr' id='par_1_67' title="bbox 296 3667 3597 3766">
     <span class='ocr_line' id='line_1_67' title="bbox 296 3667 3597 3766; baseline 0.005 -48"><span class='ocrx_word' id='word_1_518' title='bbox 296 3705 605 3764; x_wconf 43' lang='lat' dir='ltr'><strong>“nasque</strong></span> <span class='ocrx_word' id='word_1_519' title='bbox 650 3667 1072 3761; x_wconf 48' lang='lat' dir='ltr'><strong>col&#39;audant&quot;e,</strong></span> <span class='ocrx_word' id='word_1_520' title='bbox 1123 3667 1229 3751; x_wconf 55' lang='grc' dir='ltr'><strong>τίθη</strong></span> <span class='ocrx_word' id='word_1_521' title='bbox 1273 3694 1340 3751; x_wconf 67' lang='lat' dir='ltr'><strong>ad</strong></span> <span class='ocrx_word' id='word_1_522' title='bbox 1392 3694 1630 3751; x_wconf 51' lang='lat' dir='ltr'><strong>auctoris</strong></span> <span class='ocrx_word' id='word_1_523' title='bbox 1674 3667 1900 3766; x_wconf 51' lang='grc' dir='ltr'><strong>ὠήθη,</strong></span> <span class='ocrx_word' id='word_1_524' title='bbox 2006 3676 2291 3738; x_wconf 78' lang='lat' dir='ltr'><strong>exoptant.</strong></span> <span class='ocrx_word' id='word_1_525' title='bbox 2326 3667 2664 3766; x_wconf 6' lang='lat' dir='ltr'><strong>Egenigenim</strong></span> <span class='ocrx_word' id='word_1_526' title='bbox 2694 3686 2881 3729; x_wconf 91' lang='lat' dir='ltr'><strong>sumus</strong></span> <span class='ocrx_word' id='word_1_527' title='bbox 2912 3674 3128 3742; x_wconf 90' lang='lat' dir='ltr'><strong>quando</strong></span> <span class='ocrx_word' id='word_1_528' title='bbox 3151 3674 3352 3749; x_wconf 82' lang='lat' dir='ltr'><strong>jugiter</strong></span> <span class='ocrx_word' id='word_1_529' title='bbox 3394 3678 3597 3751; x_wconf 88' lang='lat' dir='ltr'><strong>indige-</strong></span> 
     </span>
    </p>
   </div>
   <div class='ocr_carea' id='block_1_68' title="bbox 310 3764 3596 3859">
    <p class='ocr_par' dir='ltr' id='par_1_68' title="bbox 310 3764 3596 3859">
     <span class='ocr_line' id='line_1_68' title="bbox 310 3764 3596 3859; baseline 0.001 -17"><span class='ocrx_word' id='word_1_530' title='bbox 310 3786 553 3842; x_wconf 76' lang='lat' dir='ltr'><strong>refcrunt</strong></span> <span class='ocrx_word' id='word_1_531' title='bbox 583 3786 723 3857; x_wconf 88' lang='lat' dir='ltr'><strong>quod</strong></span> <span class='ocrx_word' id='word_1_532' title='bbox 755 3787 834 3842; x_wconf 87' lang='lat' dir='ltr'><strong>eis</strong></span> <span class='ocrx_word' id='word_1_533' title='bbox 859 3795 942 3843; x_wconf 85' lang='lat' dir='ltr'><strong>est</strong></span> <span class='ocrx_word' id='word_1_534' title='bbox 970 3786 1121 3859; x_wconf 88' lang='lat' dir='ltr'><strong>larga</strong></span> <span class='ocrx_word' id='word_1_535' title='bbox 1153 3787 1351 3858; x_wconf 86' lang='lat' dir='ltr'><strong>pietate</strong></span> <span class='ocrx_word' id='word_1_536' title='bbox 1392 3764 1732 3845; x_wconf 83' lang='lat' dir='ltr'><strong>concessum.</strong></span> <span class='ocrx_word' id='word_1_537' title='bbox 1766 3786 1901 3843; x_wconf 81' lang='lat' dir='ltr'><strong>Nam</strong></span> <span class='ocrx_word' id='word_1_538' title='bbox 2006 3773 2160 3826; x_wconf 65' lang='lat' dir='ltr'><strong>mus;</strong></span> <span class='ocrx_word' id='word_1_539' title='bbox 2184 3778 2459 3833; x_wconf 54' lang='lat' dir='ltr'><strong>Pauper“,</strong></span> <span class='ocrx_word' id='word_1_540' title='bbox 2482 3764 2609 3820; x_wconf 75' lang='lat' dir='ltr'><strong>dum</strong></span> <span class='ocrx_word' id='word_1_541' title='bbox 2636 3780 2853 3859; x_wconf 60' lang='grc' dir='ltr'><strong>δίῗηΨθτ</strong></span> <span class='ocrx_word' id='word_1_542' title='bbox 2874 3766 2941 3822; x_wconf 70' lang='lat' dir='ltr'><strong>ad</strong></span> <span class='ocrx_word' id='word_1_543' title='bbox 2970 3766 3230 3859; x_wconf 60' lang='grc' dir='ltr'><strong>Ῐῖθηθθθίθ</strong></span> <span class='ocrx_word' id='word_1_544' title='bbox 3253 3769 3418 3839; x_wconf 61' lang='grc'><strong>⁵9⁵⁵³⁸</strong></span> <span class='ocrx_word' id='word_1_545' title='bbox 3444 3771 3596 3828; x_wconf 66' lang='lat' dir='ltr'><strong>“ida</strong></span> 
     </span>
    </p>
   </div>
   <div class='ocr_carea' id='block_1_69' title="bbox 298 3858 3597 3949">
    <p class='ocr_par' dir='ltr' id='par_1_69' title="bbox 298 3858 3597 3949">
     <span class='ocr_line' id='line_1_69' title="bbox 298 3858 3597 3949; baseline 0.002 -16"><span class='ocrx_word' id='word_1_546' title='bbox 298 3886 603 3949; x_wconf 82' lang='lat' dir='ltr'><strong>utrumque</strong></span> <span class='ocrx_word' id='word_1_547' title='bbox 655 3879 902 3936; x_wconf 87' lang='lat' dir='ltr'><strong>vitiosum</strong></span> <span class='ocrx_word' id='word_1_548' title='bbox 933 3888 1037 3949; x_wconf 87' lang='lat' dir='ltr'><strong>est,</strong></span> <span class='ocrx_word' id='word_1_549' title='bbox 1066 3858 1160 3936; x_wconf 81' lang='lat' dir='ltr'><strong>aut</strong></span> <span class='ocrx_word' id='word_1_550' title='bbox 1184 3881 1376 3937; x_wconf 88' lang='lat' dir='ltr'><strong>alienis</strong></span> <span class='ocrx_word' id='word_1_551' title='bbox 1416 3880 1811 3939; x_wconf 80' lang='lat' dir='ltr'><strong>calamitatibus</strong></span> <span class='ocrx_word' id='word_1_552' title='bbox 1838 3880 1903 3937; x_wconf 90' lang='lat' dir='ltr'><strong>il-</strong></span> <span class='ocrx_word' id='word_1_553' title='bbox 2007 3861 2189 3911; x_wconf 62' lang='lat' dir='ltr'><strong>meme</strong></span> <span class='ocrx_word' id='word_1_554' title='bbox 2239 3870 2614 3926; x_wconf 60' lang='lat' dir='ltr'><strong>properamus&#39;</strong></span> <span class='ocrx_word' id='word_1_555' title='bbox 2666 3858 2942 3928; x_wconf 55' lang='lat' dir='ltr'><strong>sequitur»</strong></span> <span class='ocrx_word' id='word_1_556' title='bbox 2975 3858 3115 3914; x_wconf 57' lang='lat' dir='ltr'><strong>De”</strong></span> <span class='ocrx_word' id='word_1_557' title='bbox 3161 3860 3377 3932; x_wconf 58' lang='lat' dir='ltr'><strong>&quot;dium&quot;</strong></span> <span class='ocrx_word' id='word_1_558' title='bbox 3409 3878 3506 3929; x_wconf 55' lang='grc' dir='ltr'><strong>ηδε,</strong></span> <span class='ocrx_word' id='word_1_559' title='bbox 3544 3861 3597 3917; x_wconf 68' lang='lat' dir='ltr'><strong>id</strong></span> 
     </span>
    </p>
   </div>
   <div class='ocr_carea' id='block_1_70' title="bbox 315 3952 3598 4044">
    <p class='ocr_par' dir='ltr' id='par_1_70' title="bbox 315 3952 3598 4044">
     <span class='ocr_line' id='line_1_70' title="bbox 315 3952 3598 4044; baseline 0.003 -42"><span class='ocrx_word' id='word_1_560' title='bbox 315 3967 526 4037; x_wconf 50' lang='lat' dir='ltr'><strong>ludere,</strong></span> <span class='ocrx_word' id='word_1_561' title='bbox 553 3980 646 4027; x_wconf 49' lang='lat' dir='ltr'><strong>aut</strong></span> <span class='ocrx_word' id='word_1_562' title='bbox 674 3972 919 4030; x_wconf 63' lang='lat' dir='ltr'><strong>homines</strong></span> <span class='ocrx_word' id='word_1_563' title='bbox 948 3972 1018 4030; x_wconf 67' lang='lat' dir='ltr'><strong>de</strong></span> <span class='ocrx_word' id='word_1_564' title='bbox 1040 3988 1138 4030; x_wconf 68' lang='lat' dir='ltr'><strong>sua</strong></span> <span class='ocrx_word' id='word_1_565' title='bbox 1168 3974 1525 4044; x_wconf 48' lang='lat' dir='ltr'><strong>possibilitate</strong></span> <span class='ocrx_word' id='word_1_566' title='bbox 1548 3974 1795 4031; x_wconf 52' lang='lat' dir='ltr'><strong>laudare.</strong></span> <span class='ocrx_word' id='word_1_567' title='bbox 2008 3960 2094 4006; x_wconf 89' lang='lat' dir='ltr'><strong>est</strong></span> <span class='ocrx_word' id='word_1_568' title='bbox 2133 3952 2185 4044; x_wconf 83' lang='lat' dir='ltr'><strong>in</strong></span> <span class='ocrx_word' id='word_1_569' title='bbox 2214 3953 2561 4010; x_wconf 88' lang='lat' dir='ltr'><strong>tribulatione</strong></span> <span class='ocrx_word' id='word_1_570' title='bbox 2607 3955 2901 4024; x_wconf 89' lang='lat' dir='ltr'><strong>mundana,</strong></span> <span class='ocrx_word' id='word_1_571' title='bbox 2952 3956 3043 4012; x_wconf 91' lang='lat' dir='ltr'><strong>ubi</strong></span> <span class='ocrx_word' id='word_1_572' title='bbox 3073 3970 3195 4011; x_wconf 91' lang='lat' dir='ltr'><strong>cum</strong></span> <span class='ocrx_word' id='word_1_573' title='bbox 3224 3955 3475 4010; x_wconf 88' lang='lat' dir='ltr'><strong>vitiorum</strong></span> <span class='ocrx_word' id='word_1_574' title='bbox 3505 3957 3598 4011; x_wconf 89' lang='lat' dir='ltr'><strong>ad-</strong></span> 
     </span>
    </p>
   </div>
   <div class='ocr_carea' id='block_1_71' title="bbox 389 4061 1907 4138">
    <p class='ocr_par' dir='ltr' id='par_1_71' title="bbox 389 4061 1907 4138">
     <span class='ocr_line' id='line_1_71' title="bbox 389 4061 1907 4138; baseline 0.002 -21"><span class='ocrx_word' id='word_1_575' title='bbox 389 4061 546 4121; x_wconf 82' lang='lat' dir='ltr'><strong>Vets.</strong></span> <span class='ocrx_word' id='word_1_576' title='bbox 572 4065 627 4119; x_wconf 74' lang='grc' dir='ltr'><strong>ι.</strong></span> <span class='ocrx_word' id='word_1_577' title='bbox 650 4062 926 4120; x_wconf 74' lang='lat' dir='ltr'><strong>Exsuttent</strong></span> <span class='ocrx_word' id='word_1_578' title='bbox 964 4073 1010 4121; x_wconf 87' lang='lat' dir='ltr'><strong>et</strong></span> <span class='ocrx_word' id='word_1_579' title='bbox 1032 4066 1267 4121; x_wconf 66' lang='lat' dir='ltr'><strong>testentur</strong></span> <span class='ocrx_word' id='word_1_580' title='bbox 1295 4067 1350 4121; x_wconf 88' lang='lat' dir='ltr'><strong>in</strong></span> <span class='ocrx_word' id='word_1_581' title='bbox 1377 4075 1424 4122; x_wconf 91' lang='lat' dir='ltr'><strong>te</strong></span> <span class='ocrx_word' id='word_1_582' title='bbox 1450 4081 1623 4122; x_wconf 78' lang='lat' dir='ltr'><strong>omnes</strong></span> <span class='ocrx_word' id='word_1_583' title='bbox 1650 4069 1741 4138; x_wconf 87' lang='lat' dir='ltr'><strong>qui</strong></span> <span class='ocrx_word' id='word_1_584' title='bbox 1767 4082 1907 4138; x_wconf 65' lang='lat' dir='ltr'><strong>quie-</strong></span> 
     </span>
    </p>
   </div>
   <div class='ocr_carea' id='block_1_72' title="bbox 302 4148 1931 4231">
    <p class='ocr_par' dir='ltr' id='par_1_72' title="bbox 302 4148 1931 4231">
     <span class='ocr_line' id='line_1_72' title="bbox 302 4148 1931 4231; baseline 0.003 -23"><span class='ocrx_word' id='word_1_585' title='bbox 302 4164 441 4213; x_wconf 60' lang='lat' dir='ltr'><strong>;rttnt</strong></span> <span class='ocrx_word' id='word_1_586' title='bbox 478 4163 548 4223; x_wconf 86' lang='lat' dir='ltr'><strong>te,</strong></span> <span class='ocrx_word' id='word_1_587' title='bbox 576 4155 814 4225; x_wconf 86' lang='lat' dir='ltr'><strong>Domine,</strong></span> <span class='ocrx_word' id='word_1_588' title='bbox 839 4167 888 4213; x_wconf 91' lang='lat' dir='ltr'><strong>et</strong></span> <span class='ocrx_word' id='word_1_589' title='bbox 918 4158 1095 4212; x_wconf 85' lang='lat' dir='ltr'><strong>dicant</strong></span> <span class='ocrx_word' id='word_1_590' title='bbox 1123 4174 1319 4229; x_wconf 79' lang='lat' dir='ltr'><strong>semper</strong></span> <span class='ocrx_word' id='word_1_591' title='bbox 1346 4174 1365 4213; x_wconf 90' lang='lat'><strong><em>:</em></strong></span> <span class='ocrx_word' id='word_1_592' title='bbox 1394 4158 1758 4231; x_wconf 78' lang='lat' dir='ltr'><strong>Magniﬁeetur</strong></span> <span class='ocrx_word' id='word_1_593' title='bbox 1798 4148 1931 4213; x_wconf 70' lang='lat' dir='ltr'><strong>Do-&#39;</strong></span> 
     </span>
    </p>
   </div>
   <div class='ocr_carea' id='block_1_73' title="bbox 318 4245 1908 4322">
    <p class='ocr_par' dir='ltr' id='par_1_73' title="bbox 318 4245 1908 4322">
     <span class='ocr_line' id='line_1_73' title="bbox 318 4245 1908 4322; baseline 0.006 -24"><span class='ocrx_word' id='word_1_594' title='bbox 318 4245 512 4312; x_wconf 81' lang='lat' dir='ltr'><strong>minus,</strong></span> <span class='ocrx_word' id='word_1_595' title='bbox 539 4248 625 4315; x_wconf 87' lang='lat' dir='ltr'><strong>qui</strong></span> <span class='ocrx_word' id='word_1_596' title='bbox 654 4249 875 4322; x_wconf 82' lang='lat' dir='ltr'><strong>diligunt</strong></span> <span class='ocrx_word' id='word_1_597' title='bbox 901 4248 1130 4306; x_wconf 79' lang='lat' dir='ltr'><strong>salutare</strong></span> <span class='ocrx_word' id='word_1_598' title='bbox 1158 4258 1321 4303; x_wconf 88' lang='lat' dir='ltr'><strong>tuum.</strong></span> <span class='ocrx_word' id='word_1_599' title='bbox 1367 4248 1660 4321; x_wconf 83' lang='lat' dir='ltr'><strong>Postquam</strong></span> <span class='ocrx_word' id='word_1_600' title='bbox 1690 4250 1760 4307; x_wconf 90' lang='lat' dir='ltr'><strong>de</strong></span> <span class='ocrx_word' id='word_1_601' title='bbox 1785 4265 1908 4320; x_wconf 89' lang='lat' dir='ltr'><strong>per-</strong></span> 
     </span>
    </p>
   </div>
   <div class='ocr_carea' id='block_1_74' title="bbox 314 4343 1910 4413">
    <p class='ocr_par' dir='ltr' id='par_1_74' title="bbox 314 4343 1910 4413">
     <span class='ocr_line' id='line_1_74' title="bbox 314 4343 1910 4413; baseline 0 -14"><span class='ocrx_word' id='word_1_602' title='bbox 314 4343 658 4412; x_wconf 78' lang='lat' dir='ltr'><strong>sequentium</strong></span> <span class='ocrx_word' id='word_1_603' title='bbox 681 4343 959 4413; x_wconf 88' lang='lat' dir='ltr'><strong>iniquitate</strong></span> <span class='ocrx_word' id='word_1_604' title='bbox 984 4351 1038 4399; x_wconf 88' lang='lat' dir='ltr'><strong>et</strong></span> <span class='ocrx_word' id='word_1_605' title='bbox 1066 4343 1422 4399; x_wconf 88' lang='lat' dir='ltr'><strong>conversione</strong></span> <span class='ocrx_word' id='word_1_606' title='bbox 1449 4343 1655 4399; x_wconf 90' lang='lat' dir='ltr'><strong>locutus</strong></span> <span class='ocrx_word' id='word_1_607' title='bbox 1684 4350 1793 4412; x_wconf 86' lang='lat' dir='ltr'><strong>est,</strong></span> <span class='ocrx_word' id='word_1_608' title='bbox 1821 4357 1910 4399; x_wconf 87' lang='lat' dir='ltr'><strong>se-</strong></span> 
     </span>
    </p>
   </div>
   <div class='ocr_carea' id='block_1_75' title="bbox 308 4434 3112 4515">
    <p class='ocr_par' dir='ltr' id='par_1_75' title="bbox 308 4434 3112 4515">
     <span class='ocr_line' id='line_1_75' title="bbox 308 4434 3112 4515; baseline 0.001 -25"><span class='ocrx_word' id='word_1_609' title='bbox 308 4434 495 4490; x_wconf 76' lang='lat' dir='ltr'><strong>cunda</strong></span> <span class='ocrx_word' id='word_1_610' title='bbox 527 4435 793 4505; x_wconf 87' lang='lat' dir='ltr'><strong>positione</strong></span> <span class='ocrx_word' id='word_1_611' title='bbox 844 4434 1165 4507; x_wconf 83' lang='lat' dir='ltr'><strong>deprecatur</strong></span> <span class='ocrx_word' id='word_1_612' title='bbox 1194 4444 1253 4491; x_wconf 90' lang='lat' dir='ltr'><strong>ut</strong></span> <span class='ocrx_word' id='word_1_613' title='bbox 1295 4438 1551 4492; x_wconf 72' lang='lat' dir='ltr'><strong>exsultent</strong></span> <span class='ocrx_word' id='word_1_614' title='bbox 1596 4446 1642 4491; x_wconf 90' lang='lat' dir='ltr'><strong>et</strong></span> <span class='ocrx_word' id='word_1_615' title='bbox 1672 4437 1909 4492; x_wconf 73' lang='lat' dir='ltr'><strong>lwtentur</strong></span> <span class='ocrx_word' id='word_1_616' title='bbox 2013 4434 2230 4515; x_wconf 49' lang='lat' dir='ltr'><strong>&quot;&quot;w&#39;m&quot;</strong></span> <span class='ocrx_word' id='word_1_617' title='bbox 2258 4434 2381 4515; x_wconf 35' lang='lat' dir='ltr'><strong>‘liu&#39;f‘</strong></span> <span class='ocrx_word' id='word_1_618' title='bbox 2422 4434 2572 4515; x_wconf 45' lang='lat' dir='ltr'><strong>“fi”,</strong></span> <span class='ocrx_word' id='word_1_619' title='bbox 2633 4434 2708 4476; x_wconf 70' lang='grc' dir='ltr'><strong>ἀ’</strong></span> <span class='ocrx_word' id='word_1_620' title='bbox 2740 4434 2983 4515; x_wconf 57' lang='grc' dir='ltr'><strong>ξ’νηυηθλ</strong></span> <span class='ocrx_word' id='word_1_621' title='bbox 3034 4434 3112 4515; x_wconf 45' lang='grc' dir='ltr'><strong>ω.</strong></span> 
     </span>
    </p>
   </div>
   <div class='ocr_carea' id='block_1_76' title="bbox 315 4501 1892 4608">
    <p class='ocr_par' dir='ltr' id='par_1_76' title="bbox 315 4501 1892 4604">
     <span class='ocr_line' id='line_1_76' title="bbox 315 4501 1892 4604; baseline 0.001 -18"><span class='ocrx_word' id='word_1_622' title='bbox 315 4545 493 4586; x_wconf 79' lang='lat' dir='ltr'><strong>omnes</strong></span> <span class='ocrx_word' id='word_1_623' title='bbox 527 4501 624 4603; x_wconf 74' lang='lat' dir='ltr'><strong>qui</strong></span> <span class='ocrx_word' id='word_1_624' title='bbox 673 4501 1235 4604; x_wconf 40' lang='lat' dir='ltr'><strong>diligunt&#39;Dominum</strong></span> <span class='ocrx_word' id='word_1_625' title='bbox 1265 4530 1559 4589; x_wconf 81' lang='lat' dir='ltr'><strong>Christum.</strong></span> <span class='ocrx_word' id='word_1_626' title='bbox 1604 4529 1719 4587; x_wconf 87' lang='lat' dir='ltr'><strong>Illis</strong></span> <span class='ocrx_word' id='word_1_627' title='bbox 1759 4530 1892 4587; x_wconf 86' lang='lat' dir='ltr'><strong>enin</strong></span> 
     </span>
    </p>
   </div>
   <div class='ocr_carea' id='block_1_77' title="bbox 2000 4501 3599 4608">
    <p class='ocr_par' dir='ltr' id='par_1_77' title="bbox 2011 4501 3599 4574">
     <span class='ocr_line' id='line_1_77' title="bbox 2011 4501 3599 4574; baseline 0.001 -19"><span class='ocrx_word' id='word_1_628' title='bbox 2011 4501 2078 4556; x_wconf 91' lang='lat' dir='ltr'><strong>ad</strong></span> <span class='ocrx_word' id='word_1_629' title='bbox 2108 4515 2231 4557; x_wconf 91' lang='lat' dir='ltr'><strong>eum</strong></span> <span class='ocrx_word' id='word_1_630' title='bbox 2267 4502 2463 4558; x_wconf 91' lang='lat' dir='ltr'><strong>debeat</strong></span> <span class='ocrx_word' id='word_1_631' title='bbox 2492 4501 2594 4557; x_wconf 81' lang='lat' dir='ltr'><strong>ﬁxa</strong></span> <span class='ocrx_word' id='word_1_632' title='bbox 2625 4502 2915 4574; x_wconf 87' lang='lat' dir='ltr'><strong>respicere.</strong></span> <span class='ocrx_word' id='word_1_633' title='bbox 2950 4502 3225 4573; x_wconf 90' lang='lat' dir='ltr'><strong>Sequitur,</strong></span> <span class='ocrx_word' id='word_1_634' title='bbox 3269 4520 3332 4558; x_wconf 89' lang='lat' dir='ltr'><strong>ne</strong></span> <span class='ocrx_word' id='word_1_635' title='bbox 3364 4503 3599 4557; x_wconf 79' lang='lat' dir='ltr'><strong>tardave-</strong></span> 
     </span>
    </p>
   </div>
   <div class='ocr_carea' id='block_1_78' title="bbox 313 4593 1892 4700">
    <p class='ocr_par' dir='ltr' id='par_1_78' title="bbox 313 4593 1892 4694">
     <span class='ocr_line' id='line_1_78' title="bbox 313 4593 1892 4694; baseline 0.001 -16"><span class='ocrx_word' id='word_1_636' title='bbox 313 4593 644 4681; x_wconf 13' lang='lat' dir='ltr'><strong>eoniusioeet</strong></span> <span class='ocrx_word' id='word_1_637' title='bbox 668 4593 1161 4691; x_wconf 71' lang='lat' dir='ltr'><strong>verecundia,istis</strong></span> <span class='ocrx_word' id='word_1_638' title='bbox 1198 4624 1486 4681; x_wconf 81' lang='lat' dir='ltr'><strong>exsultatio</strong></span> <span class='ocrx_word' id='word_1_639' title='bbox 1527 4632 1581 4679; x_wconf 91' lang='lat' dir='ltr'><strong>et</strong></span> <span class='ocrx_word' id='word_1_640' title='bbox 1606 4623 1785 4679; x_wconf 79' lang='lat' dir='ltr'><strong>lzetitia</strong></span> <span class='ocrx_word' id='word_1_641' title='bbox 1816 4639 1892 4694; x_wconf 87' lang='lat' dir='ltr'><strong>pe-</strong></span> 
     </span>
    </p>
   </div>
   <div class='ocr_carea' id='block_1_79' title="bbox 2000 4593 3604 4700">
    <p class='ocr_par' dir='ltr' id='par_1_79' title="bbox 2011 4593 3604 4667">
     <span class='ocr_line' id='line_1_79' title="bbox 2011 4593 3604 4667; baseline 0.004 -21"><span class='ocrx_word' id='word_1_642' title='bbox 2011 4593 2107 4649; x_wconf 82' lang='lat' dir='ltr'><strong>ris.</strong></span> <span class='ocrx_word' id='word_1_643' title='bbox 2138 4593 2560 4650; x_wconf 88' lang='lat' dir='ltr'><strong>Periclitantium</strong></span> <span class='ocrx_word' id='word_1_644' title='bbox 2584 4610 2701 4650; x_wconf 89' lang='lat' dir='ltr'><strong>mos</strong></span> <span class='ocrx_word' id='word_1_645' title='bbox 2729 4603 2812 4651; x_wconf 88' lang='lat' dir='ltr'><strong>est</strong></span> <span class='ocrx_word' id='word_1_646' title='bbox 2835 4595 3040 4650; x_wconf 87' lang='lat' dir='ltr'><strong>tardum</strong></span> <span class='ocrx_word' id='word_1_647' title='bbox 3067 4594 3335 4667; x_wconf 86' lang='lat' dir='ltr'><strong>judicare,</strong></span> <span class='ocrx_word' id='word_1_648' title='bbox 3360 4598 3604 4667; x_wconf 87' lang='lat' dir='ltr'><strong>quamvis</strong></span> 
     </span>
    </p>
   </div>
   <div class='ocr_carea' id='block_1_80' title="bbox 304 4688 3605 4794">
    <p class='ocr_par' dir='ltr' id='par_1_80' title="bbox 304 4688 3605 4794">
     <span class='ocr_line' id='line_1_80' title="bbox 304 4688 3605 4794; baseline 0.002 -55"><span class='ocrx_word' id='word_1_649' title='bbox 304 4714 500 4771; x_wconf 57' lang='lat' dir='ltr'><strong>munis</strong></span> <span class='ocrx_word' id='word_1_650' title='bbox 536 4726 782 4786; x_wconf 56' lang='lat' dir='ltr'><strong>opum&quot;;</strong></span> <span class='ocrx_word' id='word_1_651' title='bbox 814 4717 979 4790; x_wconf 57' lang='grc'><strong>234</strong></span> <span class='ocrx_word' id='word_1_652' title='bbox 1002 4688 1157 4774; x_wconf 57' lang='lat' dir='ltr'><strong>&#39;Sicul</strong></span> <span class='ocrx_word' id='word_1_653' title='bbox 1204 4717 1260 4773; x_wconf 63' lang='lat' dir='ltr'><strong>in</strong></span> <span class='ocrx_word' id='word_1_654' title='bbox 1312 4716 1604 4786; x_wconf 55' lang='lat' dir='ltr'><strong>Evangelia</strong></span> <span class='ocrx_word' id='word_1_655' title='bbox 1651 4688 1907 4772; x_wconf 57' lang='lat' dir='ltr'><strong>Domil&#39;ms</strong></span> <span class='ocrx_word' id='word_1_656' title='bbox 1935 4702 1987 4765; x_wconf 78' lang='grc' dir='ltr'><strong>ι)</strong></span> <span class='ocrx_word' id='word_1_657' title='bbox 2014 4688 2356 4745; x_wconf 85' lang='lat' dir='ltr'><strong>celerrimum</strong></span> <span class='ocrx_word' id='word_1_658' title='bbox 2382 4698 2668 4794; x_wconf 68' lang='lat' dir='ltr'><strong>praestetur</strong></span> <span class='ocrx_word' id='word_1_659' title='bbox 2688 4690 2970 4794; x_wconf 79' lang='lat' dir='ltr'><strong>auxilium.</strong></span> <span class='ocrx_word' id='word_1_660' title='bbox 3004 4689 3097 4794; x_wconf 73' lang='lat' dir='ltr'><strong>lile</strong></span> <span class='ocrx_word' id='word_1_661' title='bbox 3127 4690 3267 4744; x_wconf 92' lang='lat' dir='ltr'><strong>enim</strong></span> <span class='ocrx_word' id='word_1_662' title='bbox 3295 4700 3605 4794; x_wconf 75' lang='lat' dir='ltr'><strong>competen—</strong></span> 
     </span>
    </p>
   </div>
   <div class='ocr_carea' id='block_1_81' title="bbox 300 4781 3606 4880">
    <p class='ocr_par' dir='ltr' id='par_1_81' title="bbox 300 4781 3606 4880">
     <span class='ocr_line' id='line_1_81' title="bbox 300 4781 3606 4880; baseline -0.002 -19"><span class='ocrx_word' id='word_1_663' title='bbox 300 4804 447 4862; x_wconf 31' lang='lat' dir='ltr'><strong>rdicit</strong></span> <span class='ocrx_word' id='word_1_664' title='bbox 470 4823 483 4860; x_wconf 89' lang='lat'><strong>:</strong></span> <span class='ocrx_word' id='word_1_665' title='bbox 611 4781 916 4865; x_wconf 20' lang='lat' dir='ltr'><strong>ibunt&#39;hi—irvt</strong></span> <span class='ocrx_word' id='word_1_666' title='bbox 947 4781 1268 4880; x_wconf 59' lang='lat' dir='ltr'><strong>supplicium</strong></span> <span class='ocrx_word' id='word_1_667' title='bbox 1295 4781 1565 4873; x_wconf 72' lang='lat' dir='ltr'><strong>internum,</strong></span> <span class='ocrx_word' id='word_1_668' title='bbox 1581 4807 1714 4879; x_wconf 80' lang='lat' dir='ltr'><strong>justi</strong></span> <span class='ocrx_word' id='word_1_669' title='bbox 1736 4816 1907 4862; x_wconf 87' lang='lat' dir='ltr'><strong>autem</strong></span> <span class='ocrx_word' id='word_1_670' title='bbox 2016 4788 2097 4841; x_wconf 65' lang='grc' dir='ltr'><strong>ίθτ</strong></span> <span class='ocrx_word' id='word_1_671' title='bbox 2131 4792 2185 4837; x_wconf 66' lang='grc' dir='ltr'>εί</span> <span class='ocrx_word' id='word_1_672' title='bbox 2216 4794 2525 4880; x_wconf 46' lang='grc' dir='ltr'><strong>η’θξιδξπῆίξδ</strong></span> <span class='ocrx_word' id='word_1_673' title='bbox 2555 4783 2685 4880; x_wconf 49' lang='lat' dir='ltr'><strong>{ficu</strong></span> <span class='ocrx_word' id='word_1_674' title='bbox 2711 4783 2927 4847; x_wconf 66' lang='lat' dir='ltr'><strong>omnia;</strong></span> <span class='ocrx_word' id='word_1_675' title='bbox 2956 4781 3183 4880; x_wconf 27' lang='lat' dir='ltr'><strong>“gnos</strong></span> <span class='ocrx_word' id='word_1_676' title='bbox 3211 4782 3418 4838; x_wconf 68' lang='grc' dir='ltr'><strong>ίπάυίη</strong></span> <span class='ocrx_word' id='word_1_677' title='bbox 3451 4791 3606 4853; x_wconf 74' lang='grc' dir='ltr'><strong>Ρυι³⁴</strong></span> 
     </span>
    </p>
   </div>
   <div class='ocr_carea' id='block_1_82' title="bbox 300 4872 3227 4974">
    <p class='ocr_par' dir='ltr' id='par_1_82' title="bbox 300 4872 3227 4974">
     <span class='ocr_line' id='line_1_82' title="bbox 300 4872 3227 4974; baseline 0.002 -19"><span class='ocrx_word' id='word_1_678' title='bbox 300 4900 372 4955; x_wconf 71' lang='lat' dir='ltr'><strong>in</strong></span> <span class='ocrx_word' id='word_1_679' title='bbox 399 4901 553 4956; x_wconf 78' lang='lat' dir='ltr'><strong>vitam</strong></span> <span class='ocrx_word' id='word_1_680' title='bbox 580 4911 825 4957; x_wconf 68' lang='lat' dir='ltr'><strong>(sternam</strong></span> <span class='ocrx_word' id='word_1_681' title='bbox 854 4872 1071 4974; x_wconf 63' lang='lat' dir='ltr'><strong>(Mattit.</strong></span> <span class='ocrx_word' id='word_1_682' title='bbox 1099 4918 1221 4968; x_wconf 82' lang='lat' dir='ltr'><strong>xxv,</strong></span> <span class='ocrx_word' id='word_1_683' title='bbox 1249 4901 1366 4973; x_wconf 68' lang='lat'><strong>46).</strong></span> <span class='ocrx_word' id='word_1_684' title='bbox 1388 4901 1495 4961; x_wconf 86' lang='lat' dir='ltr'><strong>Sed</strong></span> <span class='ocrx_word' id='word_1_685' title='bbox 1521 4872 1668 4956; x_wconf 73' lang='lat' dir='ltr'><strong>hunc</strong></span> <span class='ocrx_word' id='word_1_686' title='bbox 1702 4903 1907 4960; x_wconf 86' lang='lat' dir='ltr'><strong>veracis</strong></span> <span class='ocrx_word' id='word_1_687' title='bbox 2016 4886 2155 4941; x_wconf 71' lang='lat' dir='ltr'><strong>mus’</strong></span> <span class='ocrx_word' id='word_1_688' title='bbox 2184 4874 2324 4945; x_wconf 58' lang='lat' dir='ltr'><strong>quoa</strong></span> <span class='ocrx_word' id='word_1_689' title='bbox 2356 4872 2627 4931; x_wconf 60' lang='grc' dir='ltr'><strong>δθθίάθτίθ</strong></span> <span class='ocrx_word' id='word_1_690' title='bbox 2654 4888 2848 4944; x_wconf 67' lang='grc' dir='ltr'><strong>ωθῧθθ</strong></span> <span class='ocrx_word' id='word_1_691' title='bbox 2877 4873 3227 4945; x_wconf 56' lang='grc' dir='ltr'><strong>τθῳήτίηωδ·</strong></span> 
     </span>
    </p>
   </div>
   <div class='ocr_carea' id='block_1_83' title="bbox 2010 4042 3601 4116">
    <p class='ocr_par' dir='ltr' id='par_1_83' title="bbox 2010 4042 3601 4116">
     <span class='ocr_line' id='line_1_83' title="bbox 2010 4042 3601 4116; baseline 0.006 -22"><span class='ocrx_word' id='word_1_692' title='bbox 2010 4042 2267 4097; x_wconf 87' lang='lat' dir='ltr'><strong>versitate</strong></span> <span class='ocrx_word' id='word_1_693' title='bbox 2292 4058 2613 4114; x_wconf 78' lang='lat' dir='ltr'><strong>pugnamus,</strong></span> <span class='ocrx_word' id='word_1_694' title='bbox 2646 4045 2737 4100; x_wconf 92' lang='lat' dir='ltr'><strong>ubi</strong></span> <span class='ocrx_word' id='word_1_695' title='bbox 2768 4055 2820 4101; x_wconf 88' lang='lat' dir='ltr'><strong>et</strong></span> <span class='ocrx_word' id='word_1_696' title='bbox 2842 4046 3061 4116; x_wconf 90' lang='lat' dir='ltr'><strong>spiritus</strong></span> <span class='ocrx_word' id='word_1_697' title='bbox 3092 4046 3398 4101; x_wconf 71' lang='lat' dir='ltr'><strong>immundos</strong></span> <span class='ocrx_word' id='word_1_698' title='bbox 3418 4046 3601 4104; x_wconf 87' lang='lat' dir='ltr'><strong>hostes</strong></span> 
     </span>
    </p>
   </div>
   <div class='ocr_carea' id='block_1_84' title="bbox 2009 4133 3601 4203">
    <p class='ocr_par' dir='ltr' id='par_1_84' title="bbox 2009 4133 3601 4203">
     <span class='ocr_line' id='line_1_84' title="bbox 2009 4133 3601 4203; baseline 0.004 -16"><span class='ocrx_word' id='word_1_699' title='bbox 2009 4133 2268 4203; x_wconf 90' lang='lat' dir='ltr'><strong>patimur,</strong></span> <span class='ocrx_word' id='word_1_700' title='bbox 2311 4143 2366 4189; x_wconf 87' lang='lat' dir='ltr'><strong>et</strong></span> <span class='ocrx_word' id='word_1_701' title='bbox 2398 4134 2607 4192; x_wconf 89' lang='lat' dir='ltr'><strong>Domini</strong></span> <span class='ocrx_word' id='word_1_702' title='bbox 2637 4136 2984 4193; x_wconf 82' lang='lat' dir='ltr'><strong>miseratione</strong></span> <span class='ocrx_word' id='word_1_703' title='bbox 3016 4136 3329 4193; x_wconf 90' lang='lat' dir='ltr'><strong>liberamur.</strong></span> <span class='ocrx_word' id='word_1_704' title='bbox 3375 4136 3601 4194; x_wconf 79' lang='lat' dir='ltr'><strong>Addidit</strong></span> 
     </span>
    </p>
   </div>
   <div class='ocr_carea' id='block_1_85' title="bbox 2012 4224 3602 4297">
    <p class='ocr_par' dir='ltr' id='par_1_85' title="bbox 2012 4224 3602 4297">
     <span class='ocr_line' id='line_1_85' title="bbox 2012 4224 3602 4297; baseline 0.004 -19"><span class='ocrx_word' id='word_1_705' title='bbox 2012 4234 2297 4294; x_wconf 87' lang='lat' dir='ltr'><strong>utrumque</strong></span> <span class='ocrx_word' id='word_1_706' title='bbox 2326 4224 2705 4295; x_wconf 71' lang='lat' dir='ltr'><strong>coniunctum;</strong></span> <span class='ocrx_word' id='word_1_707' title='bbox 2760 4235 2818 4282; x_wconf 94' lang='lat' dir='ltr'><strong>ut</strong></span> <span class='ocrx_word' id='word_1_708' title='bbox 2870 4228 3080 4297; x_wconf 72' lang='lat' dir='ltr'><strong>adiutor</strong></span> <span class='ocrx_word' id='word_1_709' title='bbox 3129 4227 3199 4284; x_wconf 89' lang='lat' dir='ltr'><strong>sit</strong></span> <span class='ocrx_word' id='word_1_710' title='bbox 3232 4227 3501 4289; x_wconf 54' lang='lat' dir='ltr'><strong>Dominus,</strong></span> <span class='ocrx_word' id='word_1_711' title='bbox 3548 4228 3602 4284; x_wconf 93' lang='lat' dir='ltr'><strong>in</strong></span> 
     </span>
    </p>
   </div>
   <div class='ocr_carea' id='block_1_86' title="bbox 2011 4316 3604 4382">
    <p class='ocr_par' dir='ltr' id='par_1_86' title="bbox 2011 4316 3604 4382">
     <span class='ocr_line' id='line_1_86' title="bbox 2011 4316 3604 4382; baseline 0.003 -11"><span class='ocrx_word' id='word_1_712' title='bbox 2011 4316 2443 4382; x_wconf 89' lang='lat' dir='ltr'><strong>necessitatibus,</strong></span> <span class='ocrx_word' id='word_1_713' title='bbox 2477 4327 2531 4372; x_wconf 93' lang='lat' dir='ltr'><strong>et</strong></span> <span class='ocrx_word' id='word_1_714' title='bbox 2569 4318 2635 4374; x_wconf 91' lang='lat' dir='ltr'><strong>de</strong></span> <span class='ocrx_word' id='word_1_715' title='bbox 2665 4319 2766 4373; x_wconf 90' lang='lat' dir='ltr'><strong>hac</strong></span> <span class='ocrx_word' id='word_1_716' title='bbox 2808 4318 2992 4373; x_wconf 60' lang='lat' dir='ltr'><strong>saeculi</strong></span> <span class='ocrx_word' id='word_1_717' title='bbox 3043 4318 3197 4374; x_wconf 88' lang='lat' dir='ltr'><strong>clade</strong></span> <span class='ocrx_word' id='word_1_718' title='bbox 3238 4318 3501 4375; x_wconf 88' lang='lat' dir='ltr'><strong>liberator.</strong></span> <span class='ocrx_word' id='word_1_719' title='bbox 3535 4320 3604 4375; x_wconf 88' lang='lat' dir='ltr'><strong>Et</strong></span> 
     </span>
    </p>
   </div>
   <div class='ocr_carea' id='block_1_87' title="bbox 2013 4404 3602 4481">
    <p class='ocr_par' dir='ltr' id='par_1_87' title="bbox 2013 4404 3602 4481">
     <span class='ocr_line' id='line_1_87' title="bbox 2013 4404 3602 4481; baseline 0.005 -22"><span class='ocrx_word' id='word_1_720' title='bbox 2013 4404 2230 4462; x_wconf 87' lang='lat' dir='ltr'><strong>intende</strong></span> <span class='ocrx_word' id='word_1_721' title='bbox 2258 4407 2381 4478; x_wconf 90' lang='lat' dir='ltr'><strong>quia</strong></span> <span class='ocrx_word' id='word_1_722' title='bbox 2422 4406 2572 4478; x_wconf 90' lang='lat' dir='ltr'><strong>dicit,</strong></span> <span class='ocrx_word' id='word_1_723' title='bbox 2633 4417 2708 4476; x_wconf 91' lang='lat' dir='ltr'><strong>tu,</strong></span> <span class='ocrx_word' id='word_1_724' title='bbox 2740 4408 2982 4476; x_wconf 84' lang='lat' dir='ltr'><strong>Domine,</strong></span> <span class='ocrx_word' id='word_1_725' title='bbox 3032 4419 3091 4466; x_wconf 93' lang='lat' dir='ltr'><strong>ut</strong></span> <span class='ocrx_word' id='word_1_726' title='bbox 3123 4418 3232 4466; x_wconf 88' lang='lat' dir='ltr'><strong>tota</strong></span> <span class='ocrx_word' id='word_1_727' title='bbox 3263 4425 3389 4481; x_wconf 79' lang='lat' dir='ltr'><strong>Spes</strong></span> <span class='ocrx_word' id='word_1_728' title='bbox 3416 4421 3602 4467; x_wconf 87' lang='lat' dir='ltr'><strong>nostra</strong></span> 
     </span>
    </p>
   </div>
   <div class='ocr_carea' id='block_1_88' title="bbox 304 4989 1905 5062">
    <p class='ocr_par' dir='ltr' id='par_1_88' title="bbox 304 4989 1905 5062">
     <span class='ocr_line' id='line_1_88' title="bbox 304 4989 1905 5062; baseline -0.001 -15"><span class='ocrx_word' id='word_1_729' title='bbox 304 4989 525 5048; x_wconf 56' lang='lat' dir='ltr'><strong>laetitia:</strong></span> <span class='ocrx_word' id='word_1_730' title='bbox 553 4991 769 5047; x_wconf 89' lang='lat' dir='ltr'><strong>modum</strong></span> <span class='ocrx_word' id='word_1_731' title='bbox 792 4999 1161 5062; x_wconf 89' lang='lat' dir='ltr'><strong>competenter</strong></span> <span class='ocrx_word' id='word_1_732' title='bbox 1184 4993 1439 5049; x_wconf 87' lang='lat' dir='ltr'><strong>insinuat.</strong></span> <span class='ocrx_word' id='word_1_733' title='bbox 1472 4990 1709 5047; x_wconf 85' lang='lat' dir='ltr'><strong>Diceudo</strong></span> <span class='ocrx_word' id='word_1_734' title='bbox 1736 4992 1905 5060; x_wconf 90' lang='lat' dir='ltr'><strong>enim,</strong></span> 
     </span>
    </p>
   </div>
   <div class='ocr_carea' id='block_1_89' title="bbox 298 5082 1904 5155">
    <p class='ocr_par' dir='ltr' id='par_1_89' title="bbox 298 5082 1904 5155">
     <span class='ocr_line' id='line_1_89' title="bbox 298 5082 1904 5155; baseline -0.002 -12"><span class='ocrx_word' id='word_1_735' title='bbox 298 5082 468 5149; x_wconf 48' lang='lat' dir='ltr'><strong>inte,</strong></span> <span class='ocrx_word' id='word_1_736' title='bbox 499 5082 695 5140; x_wconf 77' lang='lat' dir='ltr'><strong>fatetur</strong></span> <span class='ocrx_word' id='word_1_737' title='bbox 742 5085 999 5141; x_wconf 87' lang='lat' dir='ltr'><strong>caducam</strong></span> <span class='ocrx_word' id='word_1_738' title='bbox 1051 5101 1174 5140; x_wconf 88' lang='lat' dir='ltr'><strong>esse</strong></span> <span class='ocrx_word' id='word_1_739' title='bbox 1224 5085 1464 5140; x_wconf 85' lang='lat' dir='ltr'><strong>laetitiam</strong></span> <span class='ocrx_word' id='word_1_740' title='bbox 1506 5099 1624 5155; x_wconf 81' lang='lat' dir='ltr'><strong>quae</strong></span> <span class='ocrx_word' id='word_1_741' title='bbox 1673 5083 1904 5140; x_wconf 85' lang='lat' dir='ltr'><strong>humana</strong></span> 
     </span>
    </p>
   </div>
   <div class='ocr_carea' id='block_1_90' title="bbox 318 5177 1902 5250">
    <p class='ocr_par' dir='ltr' id='par_1_90' title="bbox 318 5177 1902 5250">
     <span class='ocr_line' id='line_1_90' title="bbox 318 5177 1902 5250; baseline 0.001 -20"><span class='ocrx_word' id='word_1_742' title='bbox 318 5178 742 5248; x_wconf 73' lang='lat' dir='ltr'><strong>prmsumptione</strong></span> <span class='ocrx_word' id='word_1_743' title='bbox 783 5177 1062 5250; x_wconf 86' lang='lat' dir='ltr'><strong>gloriatur.</strong></span> <span class='ocrx_word' id='word_1_744' title='bbox 1092 5177 1421 5248; x_wconf 74' lang='lat' dir='ltr'><strong>Adiunctum</strong></span> <span class='ocrx_word' id='word_1_745' title='bbox 1452 5187 1555 5243; x_wconf 84' lang='lat' dir='ltr'><strong>est,</strong></span> <span class='ocrx_word' id='word_1_746' title='bbox 1588 5194 1765 5235; x_wconf 83' lang='lat' dir='ltr'><strong>omnes</strong></span> <span class='ocrx_word' id='word_1_747' title='bbox 1809 5178 1902 5249; x_wconf 88' lang='lat' dir='ltr'><strong>qui</strong></span> 
     </span>
    </p>
   </div>
   <div class='ocr_carea' id='block_1_91' title="bbox 2555 4986 3072 5061">
    <p class='ocr_par' dir='ltr' id='par_1_91' title="bbox 2555 4986 3072 5061">
     <span class='ocr_line' id='line_1_91' title="bbox 2555 4986 3072 5061; baseline 0.002 -19"><span class='ocrx_word' id='word_1_748' title='bbox 2555 4988 2829 5045; x_wconf 82' lang='lat' dir='ltr'><strong>Conclusio</strong></span> <span class='ocrx_word' id='word_1_749' title='bbox 2866 4986 3072 5061; x_wconf 82' lang='lat' dir='ltr'><strong>psalmi.</strong></span> 
     </span>
    </p>
   </div>
   <div class='ocr_carea' id='block_1_92' title="bbox 2087 5086 3603 5161">
    <p class='ocr_par' dir='ltr' id='par_1_92' title="bbox 2087 5086 3603 5161">
     <span class='ocr_line' id='line_1_92' title="bbox 2087 5086 3603 5161; baseline 0.004 -20"><span class='ocrx_word' id='word_1_750' title='bbox 2087 5086 2253 5142; x_wconf 89' lang='lat' dir='ltr'><strong>Totus</strong></span> <span class='ocrx_word' id='word_1_751' title='bbox 2309 5090 2396 5146; x_wconf 86' lang='lat' dir='ltr'><strong>hic</strong></span> <span class='ocrx_word' id='word_1_752' title='bbox 2462 5091 2704 5161; x_wconf 88' lang='lat' dir='ltr'><strong>psalmus</strong></span> <span class='ocrx_word' id='word_1_753' title='bbox 2768 5089 3004 5146; x_wconf 73' lang='lat' dir='ltr'><strong>caelestis</strong></span> <span class='ocrx_word' id='word_1_754' title='bbox 3059 5088 3414 5161; x_wconf 81' lang='lat' dir='ltr'><strong>philosophiae</strong></span> <span class='ocrx_word' id='word_1_755' title='bbox 3481 5089 3603 5147; x_wconf 90' lang='lat' dir='ltr'><strong>luce</strong></span> 
     </span>
    </p>
   </div>
   <div class='ocr_carea' id='block_1_93' title="bbox 2012 5181 3603 5253">
    <p class='ocr_par' dir='ltr' id='par_1_93' title="bbox 2012 5181 3603 5253">
     <span class='ocr_line' id='line_1_93' title="bbox 2012 5181 3603 5253; baseline 0.001 -16"><span class='ocrx_word' id='word_1_756' title='bbox 2012 5181 2346 5251; x_wconf 86' lang='lat' dir='ltr'><strong>resplendet;</strong></span> <span class='ocrx_word' id='word_1_757' title='bbox 2399 5193 2483 5239; x_wconf 89' lang='lat' dir='ltr'><strong>est</strong></span> <span class='ocrx_word' id='word_1_758' title='bbox 2530 5186 2673 5239; x_wconf 85' lang='lat' dir='ltr'><strong>enim</strong></span> <span class='ocrx_word' id='word_1_759' title='bbox 2731 5183 2921 5238; x_wconf 90' lang='lat' dir='ltr'><strong>morali</strong></span> <span class='ocrx_word' id='word_1_760' title='bbox 2970 5181 3236 5253; x_wconf 87' lang='lat' dir='ltr'><strong>probitate</strong></span> <span class='ocrx_word' id='word_1_761' title='bbox 3291 5182 3603 5239; x_wconf 89' lang='lat' dir='ltr'><strong>formatus:</strong></span> 
     </span>
    </p>
   </div>
   <div class='ocr_carea' id='block_1_94' title="bbox 204 5828 1913 5906">
    <p class='ocr_par' dir='ltr' id='par_1_94' title="bbox 204 5828 1913 5906">
     <span class='ocr_line' id='line_1_94' title="bbox 204 5828 1913 5906; baseline -0.004 -17"><span class='ocrx_word' id='word_1_762' title='bbox 204 5897 213 5906; x_wconf 45' lang='grc'><em>,</em></span> <span class='ocrx_word' id='word_1_763' title='bbox 306 5842 565 5899; x_wconf 66' lang='lat' dir='ltr'><strong>mirer:</strong></span> <span class='ocrx_word' id='word_1_764' title='bbox 599 5830 963 5901; x_wconf 75' lang='lat' dir='ltr'><strong>Magniﬁcetur</strong></span> <span class='ocrx_word' id='word_1_765' title='bbox 1012 5828 1284 5887; x_wconf 81' lang='lat' dir='ltr'><strong>Dominus.</strong></span> <span class='ocrx_word' id='word_1_766' title='bbox 1320 5830 1558 5900; x_wconf 87' lang='lat' dir='ltr'><strong>Semper,</strong></span> <span class='ocrx_word' id='word_1_767' title='bbox 1595 5828 1913 5885; x_wconf 76' lang='lat' dir='ltr'><strong>Continuam</strong></span> 
     </span>
    </p>
   </div>
   <div class='ocr_carea' id='block_1_95' title="bbox 298 5272 1908 5343">
    <p class='ocr_par' dir='ltr' id='par_1_95' title="bbox 298 5272 1908 5343">
     <span class='ocr_line' id='line_1_95' title="bbox 298 5272 1908 5343; baseline -0.001 -14"><span class='ocrx_word' id='word_1_768' title='bbox 298 5280 556 5342; x_wconf 53' lang='lat' dir='ltr'><strong>quarunt</strong></span> <span class='ocrx_word' id='word_1_769' title='bbox 587 5282 655 5340; x_wconf 86' lang='lat' dir='ltr'><strong>te,</strong></span> <span class='ocrx_word' id='word_1_770' title='bbox 687 5272 927 5339; x_wconf 88' lang='lat' dir='ltr'><strong>Domine,</strong></span> <span class='ocrx_word' id='word_1_771' title='bbox 957 5287 1066 5328; x_wconf 92' lang='lat' dir='ltr'><strong>non</strong></span> <span class='ocrx_word' id='word_1_772' title='bbox 1113 5272 1226 5329; x_wconf 91' lang='lat' dir='ltr'><strong>suis</strong></span> <span class='ocrx_word' id='word_1_773' title='bbox 1268 5272 1496 5341; x_wconf 87' lang='lat' dir='ltr'><strong>viribus,</strong></span> <span class='ocrx_word' id='word_1_774' title='bbox 1528 5272 1624 5328; x_wconf 88' lang='lat' dir='ltr'><strong>sed</strong></span> <span class='ocrx_word' id='word_1_775' title='bbox 1676 5284 1762 5328; x_wconf 83' lang='lat' dir='ltr'><strong>tua</strong></span> <span class='ocrx_word' id='word_1_776' title='bbox 1786 5272 1908 5343; x_wconf 68' lang='lat' dir='ltr'><strong>.pie-</strong></span> 
     </span>
    </p>
   </div>
   <div class='ocr_carea' id='block_1_96' title="bbox 302 5364 1907 5435">
    <p class='ocr_par' dir='ltr' id='par_1_96' title="bbox 302 5364 1907 5435">
     <span class='ocr_line' id='line_1_96' title="bbox 302 5364 1907 5435; baseline -0.001 -13"><span class='ocrx_word' id='word_1_777' title='bbox 302 5368 434 5423; x_wconf 69' lang='lat' dir='ltr'><strong>date</strong></span> <span class='ocrx_word' id='word_1_778' title='bbox 461 5365 724 5435; x_wconf 87' lang='lat' dir='ltr'><strong>requisiti.</strong></span> <span class='ocrx_word' id='word_1_779' title='bbox 752 5364 975 5420; x_wconf 35' lang='lat' dir='ltr'><strong>Namtut</strong></span> <span class='ocrx_word' id='word_1_780' title='bbox 1013 5372 1070 5420; x_wconf 87' lang='lat' dir='ltr'><strong>te</strong></span> <span class='ocrx_word' id='word_1_781' title='bbox 1100 5372 1365 5434; x_wconf 62' lang='lat' dir='ltr'><strong>quaereret</strong></span> <span class='ocrx_word' id='word_1_782' title='bbox 1391 5379 1560 5434; x_wconf 89' lang='lat' dir='ltr'><strong>genus</strong></span> <span class='ocrx_word' id='word_1_783' title='bbox 1592 5364 1907 5429; x_wconf 83' lang='lat' dir='ltr'><strong>humanum,</strong></span> 
     </span>
    </p>
   </div>
   <div class='ocr_carea' id='block_1_97' title="bbox 320 5456 1914 5530">
    <p class='ocr_par' dir='ltr' id='par_1_97' title="bbox 320 5456 1914 5530">
     <span class='ocr_line' id='line_1_97' title="bbox 320 5456 1914 5530; baseline 0 -18"><span class='ocrx_word' id='word_1_784' title='bbox 320 5464 377 5512; x_wconf 90' lang='lat' dir='ltr'><strong>tu</strong></span> <span class='ocrx_word' id='word_1_785' title='bbox 410 5458 540 5513; x_wconf 91' lang='lat' dir='ltr'><strong>illud</strong></span> <span class='ocrx_word' id='word_1_786' title='bbox 586 5460 655 5515; x_wconf 89' lang='lat' dir='ltr'><strong>de</strong></span> <span class='ocrx_word' id='word_1_787' title='bbox 699 5460 840 5516; x_wconf 73' lang='lat' dir='ltr'><strong>cmio</strong></span> <span class='ocrx_word' id='word_1_788' title='bbox 879 5458 1211 5530; x_wconf 73' lang='lat' dir='ltr'><strong>prospiciam</strong></span> <span class='ocrx_word' id='word_1_789' title='bbox 1240 5456 1662 5514; x_wconf 87' lang='lat' dir='ltr'><strong>misericorditer</strong></span> <span class='ocrx_word' id='word_1_790' title='bbox 1691 5457 1914 5526; x_wconf 88' lang='lat' dir='ltr'><strong>inquisi-</strong></span> 
     </span>
    </p>
   </div>
   <div class='ocr_carea' id='block_1_98' title="bbox 320 5550 1913 5622">
    <p class='ocr_par' dir='ltr' id='par_1_98' title="bbox 320 5550 1913 5622">
     <span class='ocr_line' id='line_1_98' title="bbox 320 5550 1913 5622; baseline -0.001 -14"><span class='ocrx_word' id='word_1_791' title='bbox 320 5550 431 5615; x_wconf 81' lang='lat' dir='ltr'><strong>sti;</strong></span> <span class='ocrx_word' id='word_1_792' title='bbox 460 5555 573 5622; x_wconf 90' lang='lat' dir='ltr'><strong>ipse</strong></span> <span class='ocrx_word' id='word_1_793' title='bbox 600 5555 744 5610; x_wconf 88' lang='lat' dir='ltr'><strong>enim</strong></span> <span class='ocrx_word' id='word_1_794' title='bbox 771 5554 839 5610; x_wconf 89' lang='lat' dir='ltr'><strong>ad</strong></span> <span class='ocrx_word' id='word_1_795' title='bbox 866 5568 965 5610; x_wconf 92' lang='lat' dir='ltr'><strong>nos</strong></span> <span class='ocrx_word' id='word_1_796' title='bbox 994 5554 1163 5622; x_wconf 87' lang='lat' dir='ltr'><strong>venit,</strong></span> <span class='ocrx_word' id='word_1_797' title='bbox 1198 5560 1256 5609; x_wconf 89' lang='lat' dir='ltr'><strong>ut</strong></span> <span class='ocrx_word' id='word_1_798' title='bbox 1296 5553 1362 5609; x_wconf 86' lang='lat' dir='ltr'><strong>ad</strong></span> <span class='ocrx_word' id='word_1_799' title='bbox 1393 5551 1542 5607; x_wconf 87' lang='lat' dir='ltr'><strong>illum</strong></span> <span class='ocrx_word' id='word_1_800' title='bbox 1594 5551 1771 5608; x_wconf 87' lang='lat' dir='ltr'><strong>redire</strong></span> <span class='ocrx_word' id='word_1_801' title='bbox 1799 5566 1913 5607; x_wconf 85' lang='lat' dir='ltr'><strong>me—</strong></span> 
     </span>
    </p>
   </div>
   <div class='ocr_carea' id='block_1_99' title="bbox 320 5643 1916 5717">
    <p class='ocr_par' dir='ltr' id='par_1_99' title="bbox 320 5643 1916 5717">
     <span class='ocr_line' id='line_1_99' title="bbox 320 5643 1916 5717; baseline -0.001 -16"><span class='ocrx_word' id='word_1_802' title='bbox 320 5655 588 5701; x_wconf 83' lang='lat' dir='ltr'><strong>reremur.</strong></span> <span class='ocrx_word' id='word_1_803' title='bbox 616 5646 704 5702; x_wconf 88' lang='lat' dir='ltr'><strong>isti</strong></span> <span class='ocrx_word' id='word_1_804' title='bbox 730 5654 907 5703; x_wconf 88' lang='lat' dir='ltr'><strong>tamen</strong></span> <span class='ocrx_word' id='word_1_805' title='bbox 936 5646 1021 5717; x_wconf 88' lang='lat' dir='ltr'><strong>qui</strong></span> <span class='ocrx_word' id='word_1_806' title='bbox 1062 5644 1342 5701; x_wconf 88' lang='lat' dir='ltr'><strong>Dominum</strong></span> <span class='ocrx_word' id='word_1_807' title='bbox 1380 5652 1631 5715; x_wconf 70' lang='lat' dir='ltr'><strong>quierunt,</strong></span> <span class='ocrx_word' id='word_1_808' title='bbox 1665 5643 1791 5714; x_wconf 86' lang='lat' dir='ltr'><strong>quid</strong></span> <span class='ocrx_word' id='word_1_809' title='bbox 1820 5644 1916 5699; x_wconf 84' lang='lat' dir='ltr'><strong>de-</strong></span> 
     </span>
    </p>
   </div>
   <div class='ocr_carea' id='block_1_100' title="bbox 306 5732 1917 5805">
    <p class='ocr_par' dir='ltr' id='par_1_100' title="bbox 306 5732 1917 5805">
     <span class='ocr_line' id='line_1_100' title="bbox 306 5732 1917 5805; baseline -0.002 -10"><span class='ocrx_word' id='word_1_810' title='bbox 306 5732 491 5795; x_wconf 62' lang='lat' dir='ltr'><strong>beant</strong></span> <span class='ocrx_word' id='word_1_811' title='bbox 532 5739 718 5796; x_wconf 89' lang='lat' dir='ltr'><strong>dicere</strong></span> <span class='ocrx_word' id='word_1_812' title='bbox 753 5739 1062 5796; x_wconf 84' lang='lat' dir='ltr'><strong>salutariter</strong></span> <span class='ocrx_word' id='word_1_813' title='bbox 1106 5740 1485 5805; x_wconf 79' lang='lat' dir='ltr'><strong>admonentur,</strong></span> <span class='ocrx_word' id='word_1_814' title='bbox 1518 5739 1572 5793; x_wconf 92' lang='lat' dir='ltr'><strong>id</strong></span> <span class='ocrx_word' id='word_1_815' title='bbox 1602 5747 1707 5805; x_wconf 84' lang='lat' dir='ltr'><strong>est,</strong></span> <span class='ocrx_word' id='word_1_816' title='bbox 1740 5738 1917 5792; x_wconf 88' lang='lat' dir='ltr'><strong>dicant</strong></span> 
     </span>
    </p>
   </div>
   <div class='ocr_carea' id='block_1_101' title="bbox 2018 5272 3604 5342">
    <p class='ocr_par' dir='ltr' id='par_1_101' title="bbox 2018 5272 3604 5342">
     <span class='ocr_line' id='line_1_101' title="bbox 2018 5272 3604 5342; baseline -0.001 -15"><span class='ocrx_word' id='word_1_817' title='bbox 2018 5283 2206 5342; x_wconf 85' lang='lat' dir='ltr'><strong>petens</strong></span> <span class='ocrx_word' id='word_1_818' title='bbox 2231 5273 2280 5326; x_wconf 91' lang='lat' dir='ltr'><strong>in</strong></span> <span class='ocrx_word' id='word_1_819' title='bbox 2309 5273 2695 5329; x_wconf 85' lang='lat' dir='ltr'><strong>afﬂictionibus</strong></span> <span class='ocrx_word' id='word_1_820' title='bbox 2725 5272 3049 5339; x_wconf 89' lang='lat' dir='ltr'><strong>remedium,</strong></span> <span class='ocrx_word' id='word_1_821' title='bbox 3074 5281 3127 5329; x_wconf 88' lang='lat' dir='ltr'><strong>et</strong></span> <span class='ocrx_word' id='word_1_822' title='bbox 3151 5272 3494 5328; x_wconf 89' lang='lat' dir='ltr'><strong>inimicorum</strong></span> <span class='ocrx_word' id='word_1_823' title='bbox 3515 5284 3604 5326; x_wconf 77' lang='lat' dir='ltr'><strong>sa-</strong></span> 
     </span>
    </p>
   </div>
   <div class='ocr_carea' id='block_1_102' title="bbox 2018 5362 3607 5434">
    <p class='ocr_par' dir='ltr' id='par_1_102' title="bbox 2018 5362 3607 5434">
     <span class='ocr_line' id='line_1_102' title="bbox 2018 5362 3607 5434; baseline 0.002 -15"><span class='ocrx_word' id='word_1_824' title='bbox 2018 5362 2361 5419; x_wconf 86' lang='lat' dir='ltr'><strong>luberrimam</strong></span> <span class='ocrx_word' id='word_1_825' title='bbox 2392 5363 2792 5434; x_wconf 86' lang='lat' dir='ltr'><strong>confusionem;</strong></span> <span class='ocrx_word' id='word_1_826' title='bbox 2841 5374 2899 5421; x_wconf 88' lang='lat' dir='ltr'><strong>ut</strong></span> <span class='ocrx_word' id='word_1_827' title='bbox 2928 5365 3308 5421; x_wconf 91' lang='lat' dir='ltr'><strong>erubescentes</strong></span> <span class='ocrx_word' id='word_1_828' title='bbox 3338 5365 3480 5420; x_wconf 89' lang='lat' dir='ltr'><strong>mala</strong></span> <span class='ocrx_word' id='word_1_829' title='bbox 3509 5380 3607 5422; x_wconf 86' lang='lat' dir='ltr'><strong>sua</strong></span> 
     </span>
    </p>
   </div>
   <div class='ocr_carea' id='block_1_103' title="bbox 2021 5454 3611 5527">
    <p class='ocr_par' dir='ltr' id='par_1_103' title="bbox 2021 5454 3611 5527">
     <span class='ocr_line' id='line_1_103' title="bbox 2021 5454 3611 5527; baseline 0.001 -17"><span class='ocrx_word' id='word_1_830' title='bbox 2021 5454 2290 5523; x_wconf 84' lang='lat' dir='ltr'><strong>deserant,</strong></span> <span class='ocrx_word' id='word_1_831' title='bbox 2316 5457 2404 5527; x_wconf 91' lang='lat' dir='ltr'><strong>qui</strong></span> <span class='ocrx_word' id='word_1_832' title='bbox 2440 5457 2616 5526; x_wconf 87' lang='lat' dir='ltr'><strong>pravis</strong></span> <span class='ocrx_word' id='word_1_833' title='bbox 2636 5457 2845 5514; x_wconf 85' lang='lat' dir='ltr'><strong>actibus</strong></span> <span class='ocrx_word' id='word_1_834' title='bbox 2868 5457 3255 5513; x_wconf 87' lang='lat' dir='ltr'><strong>obsecundant.</strong></span> <span class='ocrx_word' id='word_1_835' title='bbox 3292 5456 3611 5511; x_wconf 74' lang='lat' dir='ltr'><strong>Deinde’bo-</strong></span> 
     </span>
    </p>
   </div>
   <div class='ocr_carea' id='block_1_104' title="bbox 2024 5547 3613 5620">
    <p class='ocr_par' dir='ltr' id='par_1_104' title="bbox 2024 5547 3613 5620">
     <span class='ocr_line' id='line_1_104' title="bbox 2024 5547 3613 5620; baseline 0.003 -20"><span class='ocrx_word' id='word_1_836' title='bbox 2024 5562 2213 5601; x_wconf 83' lang='lat' dir='ltr'><strong>uorum</strong></span> <span class='ocrx_word' id='word_1_837' title='bbox 2258 5547 2499 5602; x_wconf 81' lang='lat' dir='ltr'><strong>laetitiam</strong></span> <span class='ocrx_word' id='word_1_838' title='bbox 2552 5556 2605 5602; x_wconf 91' lang='lat' dir='ltr'><strong>et</strong></span> <span class='ocrx_word' id='word_1_839' title='bbox 2635 5555 2837 5603; x_wconf 67' lang='lat' dir='ltr'><strong>aeterna</strong></span> <span class='ocrx_word' id='word_1_840' title='bbox 2865 5548 3064 5620; x_wconf 86' lang='lat' dir='ltr'><strong>gaudia</strong></span> <span class='ocrx_word' id='word_1_841' title='bbox 3095 5549 3519 5617; x_wconf 88' lang='lat' dir='ltr'><strong>compromittit,</strong></span> <span class='ocrx_word' id='word_1_842' title='bbox 3557 5561 3613 5604; x_wconf 88' lang='lat' dir='ltr'><strong>ct</strong></span> 
     </span>
    </p>
   </div>
   <div class='ocr_carea' id='block_1_105' title="bbox 2018 5637 3609 5709">
    <p class='ocr_par' dir='ltr' id='par_1_105' title="bbox 2018 5637 3609 5709">
     <span class='ocr_line' id='line_1_105' title="bbox 2018 5637 3609 5709; baseline 0 -16"><span class='ocrx_word' id='word_1_843' title='bbox 2018 5637 2162 5708; x_wconf 91' lang='lat' dir='ltr'><strong>quod</strong></span> <span class='ocrx_word' id='word_1_844' title='bbox 2192 5647 2277 5694; x_wconf 85' lang='lat' dir='ltr'><strong>est</strong></span> <span class='ocrx_word' id='word_1_845' title='bbox 2302 5639 2357 5695; x_wconf 92' lang='lat' dir='ltr'><strong>in</strong></span> <span class='ocrx_word' id='word_1_846' title='bbox 2385 5638 2677 5694; x_wconf 82' lang='lat' dir='ltr'><strong>afﬂictione</strong></span> <span class='ocrx_word' id='word_1_847' title='bbox 2705 5653 2922 5695; x_wconf 89' lang='lat' dir='ltr'><strong>summa</strong></span> <span class='ocrx_word' id='word_1_848' title='bbox 2948 5638 3287 5709; x_wconf 62' lang='lat' dir='ltr'><strong>praesidium,</strong></span> <span class='ocrx_word' id='word_1_849' title='bbox 3322 5639 3609 5694; x_wconf 86' lang='lat' dir='ltr'><strong>celerrime</strong></span> 
     </span>
    </p>
   </div>
   <div class='ocr_carea' id='block_1_106' title="bbox 2023 5728 3612 5802">
    <p class='ocr_par' dir='ltr' id='par_1_106' title="bbox 2023 5728 3612 5802">
     <span class='ocr_line' id='line_1_106' title="bbox 2023 5728 3612 5802; baseline -0.004 -17"><span class='ocrx_word' id='word_1_850' title='bbox 2023 5730 2310 5786; x_wconf 89' lang='lat' dir='ltr'><strong>Dominum</strong></span> <span class='ocrx_word' id='word_1_851' title='bbox 2353 5733 2536 5787; x_wconf 87' lang='lat' dir='ltr'><strong>venire</strong></span> <span class='ocrx_word' id='word_1_852' title='bbox 2563 5730 2906 5801; x_wconf 88' lang='lat' dir='ltr'><strong>deprecatur,</strong></span> <span class='ocrx_word' id='word_1_853' title='bbox 2936 5731 3028 5801; x_wconf 91' lang='lat' dir='ltr'><strong>qui</strong></span> <span class='ocrx_word' id='word_1_854' title='bbox 3069 5729 3230 5802; x_wconf 81' lang='lat' dir='ltr'><strong>hujus</strong></span> <span class='ocrx_word' id='word_1_855' title='bbox 3259 5728 3442 5784; x_wconf 89' lang='lat' dir='ltr'><strong>mundi</strong></span> <span class='ocrx_word' id='word_1_856' title='bbox 3476 5744 3612 5795; x_wconf 44' lang='lat' dir='ltr'><strong>prius</strong></span> 
     </span>
    </p>
   </div>
   <div class='ocr_carea' id='block_1_107' title="bbox 2020 5819 3611 5899">
    <p class='ocr_par' dir='ltr' id='par_1_107' title="bbox 2020 5819 3611 5899">
     <span class='ocr_line' id='line_1_107' title="bbox 2020 5819 3611 5899; baseline -0.003 -17"><span class='ocrx_word' id='word_1_857' title='bbox 2020 5838 2305 5899; x_wconf 88' lang='lat' dir='ltr'><strong>gravantes</strong></span> <span class='ocrx_word' id='word_1_858' title='bbox 2338 5827 2611 5899; x_wconf 86' lang='lat' dir='ltr'><strong>angustias</strong></span> <span class='ocrx_word' id='word_1_859' title='bbox 2645 5827 2913 5882; x_wconf 88' lang='lat' dir='ltr'><strong>adventus</strong></span> <span class='ocrx_word' id='word_1_860' title='bbox 2940 5825 3022 5881; x_wconf 91' lang='lat' dir='ltr'><strong>sui</strong></span> <span class='ocrx_word' id='word_1_861' title='bbox 3055 5824 3362 5881; x_wconf 83' lang='lat' dir='ltr'><strong>visitatioue</strong></span> <span class='ocrx_word' id='word_1_862' title='bbox 3386 5819 3611 5877; x_wconf 81' lang='lat' dir='ltr'><strong>submo-</strong></span> 
     </span>
    </p>
   </div>
   <div class='ocr_carea' id='block_1_108' title="bbox 304 5912 3617 5995">
    <p class='ocr_par' dir='ltr' id='par_1_108' title="bbox 304 5912 3617 5995">
     <span class='ocr_line' id='line_1_108' title="bbox 304 5912 3617 5995; baseline -0.002 -14"><span class='ocrx_word' id='word_1_863' title='bbox 304 5924 539 5991; x_wconf 57' lang='lat' dir='ltr'><strong>kmpus</strong></span> <span class='ocrx_word' id='word_1_864' title='bbox 569 5921 824 5988; x_wconf 82' lang='lat' dir='ltr'><strong>ostendit,</strong></span> <span class='ocrx_word' id='word_1_865' title='bbox 865 5920 988 5995; x_wconf 89' lang='lat' dir='ltr'><strong>quia</strong></span> <span class='ocrx_word' id='word_1_866' title='bbox 1039 5936 1311 5995; x_wconf 85' lang='lat' dir='ltr'><strong>nunquam</strong></span> <span class='ocrx_word' id='word_1_867' title='bbox 1341 5921 1503 5981; x_wconf 89' lang='lat' dir='ltr'><strong>debet</strong></span> <span class='ocrx_word' id='word_1_868' title='bbox 1547 5938 1577 5981; x_wconf 91' lang='lat' dir='ltr'><strong>a</strong></span> <span class='ocrx_word' id='word_1_869' title='bbox 1622 5920 1779 5980; x_wconf 88' lang='lat' dir='ltr'><strong>laude</strong></span> <span class='ocrx_word' id='word_1_870' title='bbox 1814 5921 1918 5980; x_wconf 86' lang='lat' dir='ltr'><strong>Do-</strong></span> <span class='ocrx_word' id='word_1_871' title='bbox 2025 5930 2164 5980; x_wconf 88' lang='lat' dir='ltr'><strong>veat.</strong></span> <span class='ocrx_word' id='word_1_872' title='bbox 2202 5921 2300 5978; x_wconf 82' lang='lat' dir='ltr'><strong>illo</strong></span> <span class='ocrx_word' id='word_1_873' title='bbox 2346 5922 2487 5979; x_wconf 85' lang='lat' dir='ltr'><strong>cuitu</strong></span> <span class='ocrx_word' id='word_1_874' title='bbox 2524 5921 2657 5987; x_wconf 73' lang='lat' dir='ltr'><strong>viso,</strong></span> <span class='ocrx_word' id='word_1_875' title='bbox 2692 5917 3124 5985; x_wconf 73' lang='lat' dir='ltr'><strong>diabolicorruit</strong></span> <span class='ocrx_word' id='word_1_876' title='bbox 3171 5912 3442 5985; x_wconf 84' lang='lat' dir='ltr'><strong>superbia,</strong></span> <span class='ocrx_word' id='word_1_877' title='bbox 3494 5930 3617 5983; x_wconf 72' lang='lat' dir='ltr'><strong>qua:</strong></span> 
     </span>
    </p>
   </div>
  </div>
