4020 6348
477 4881 484 4908 l

545 351 650 414 495

1770 351 1843 409 Μ.
1880 345 2162 409 AURELII
2186 347 2590 409 CASSIODORI

3681 353 3761 420 496

544 465 678 522 olim
695 466 865 538 impia
892 465 1258 524 dominatione
1288 463 1567 536 regnabat.
1615 462 1892 535 Religatus
1918 472 2004 520 est
2043 462 2135 534 qui
2165 463 2221 526 Α
2241 469 2443 528 tamen,
2467 461 2633 529 Deus,
2661 461 2716 518 in
2746 468 2800 519 te
2827 461 3085 533 speravi;
3115 460 3276 534 igitur
3302 474 3409 520 non
3431 467 3692 526 confundat
3713 475 3760 533 in

546 563 807 619 mundum
855 572 1198 632 peccatorum
1242 560 1473 617 vinculis
1499 559 1768 633 illigabat;
1818 568 2136 630 etcousque

545 649 763 707 Domini
793 649 991 707 virtute
1025 651 1315 720 perductus
1360 657 1466 718 est,
1501 659 1558 705 ut
1595 665 1739 706 nunc
1770 658 1985 706 sanctos
2043 663 2138 720 pa-

545 752 692 811 veat,
717 743 808 815 qui
847 743 1056 815 pridem
1091 742 1326 799 humano
1355 744 1539 816 generi
1570 743 1934 816 nequissimus
1969 745 2138 814 impe-

545 834 721 892 rabat.
753 834 907 891 Unde
949 833 1316 891 desideranter
1362 845 1416 891 et
1461 851 1606 906 saepe
1665 835 1953 892 dicendum
2007 845 2134 892 est:

545 926 773 999 Adjutor
821 942 962 982 meus
1010 935 1059 982 et
1108 935 1365 983 protector
1403 944 1547 984 meus
1575 945 1630 984 es
1675 938 1751 996 tu,
1786 928 2004 985 Domine
2030 944 2050 985 :
2077 945 2142 985 ne

547 1021 854 1080 nudaveris.

816 1133 1181 1194 EXPOSITIO
1219 1135 1286 1193 IN
1325 1135 1654 1194 PSALMUM
1689 1135 1860 1192 LXX.

548 1225 719 1284 Dauid
747 1227 1005 1300 psalmus,
1052 1231 1279 1301 ﬁliorum
1309 1229 1580 1299 Ionadab,
1630 1237 1676 1285 et
1704 1231 1936 1302 priorum
1973 1230 2140 1301 capti-

1241 1317 1440 1357 uorum.

628 1417 794 1473 David
854 1425 909 1474 et
957 1417 1188 1488 psalmus
1242 1417 1455 1473 assidua
1521 1417 1810 1474 iteratione
1859 1416 2143 1473 notissima

549 1519 695 1567 sunt.
729 1509 884 1577 Quod
913 1520 1091 1566 autem
1114 1509 1265 1578 dicit,
1290 1509 1522 1579 ﬁliorum
1542 1509 1806 1575 Jonadab,
1841 1517 1888 1564 et
1912 1509 2145 1578 priorum

549 1605 886 1679 captivorum,
932 1605 1184 1660 virtutem
1237 1604 1427 1674 psalmi
1473 1619 1569 1675 per
1623 1602 1908 1660 historicas
1955 1615 2146 1658 causas

550 1699 811 1768 insinuat,
841 1697 896 1754 in
947 1698 1213 1754 vestibulo
1243 1712 1490 1765 monens,
1519 1696 1660 1768 quod
1693 1699 1745 1751 in
1773 1695 2145 1766 penetralibus

547 1793 874 1864 inquiratur.
907 1793 1171 1848 Jeremias
1201 1794 1342 1848 enim
1368 1791 1631 1861 propheta
1672 1790 1838 1846 refert
1864 1787 2002 1860 (Jer.
2024 1804 2142 1855 vnt,

2238 565 2524 614 mternum.
2573 539 2729 612 Nunc
2771 569 2892 625 qum
2921 564 3248 627 sequuntur,
3293 555 3511 617 Domino
3541 562 3758 638 iuvante,

2239 657 2556 704 tractemus.
2572 647 2796 718 Eligitur
2809 647 3026 718 quidam
3049 647 3303 719 ﬁdelium,
3315 649 3405 722 qui
3415 659 3468 708 et
3476 652 3644 724 primis
3656 661 3762 713 teat-

2239 738 2466 814 poribus'
2481 741 2602 812 fuit,
2631 749 2689 799 et
2715 741 2768 798 in
2797 741 3050 814 praesenti
3073 755 3196 799 esse
3213 756 3321 799 non
3341 742 3548 814 desinit,
3570 753 3619 803 et
3633 757 3765 820 usque

2243 834 2312 890 ad
2341 833 2507 891 ﬁnem
2529 835 2718 891 saeculi
2741 834 2980 907 perfecta
3009 835 3064 892 in
3091 835 3317 894 Domino
3336 837 3526 896 mentis
3543 839 3766 901 soliditate

2238 927 2508 985 consistit.
2542 927 2643 984 Hic
2673 936 2843 984 totam
2869 942 3024 999 spem
3053 943 3207 986 suam
3234 929 3290 986 in
3319 929 3538 989 Domino
3563 946 3764 1005 ponens,

2240 1023 2426 1094 gratiae
2447 1022 2602 1080 nobis
2621 1023 2820 1080 divinae
2841 1018 3180 1082 sacramenta
3198 1025 3550 1094 commendat,
3576 1043 3636 1086 ne
3666 1027 3767 1088 false

2242 1115 2298 1173 in
2327 1117 2486 1174 nobis
2510 1125 2924 1189 praesumentes,
2949 1118 3192 1175 muneris
3215 1117 3334 1191 ejus
3359 1119 3680 1191 prosperitate
3699 1137 3768 1179 va.

2243 1225 2486 1268 cuemur.
2529 1211 2896 1283 lntelligamus
2939 1210 3069 1282 quid
3096 1218 3182 1268 est
3205 1252 3221 1279 ,
3258 1213 3405 1284 quod
3447 1227 3508 1276 se
3541 1214 3658 1284 petit
3691 1231 3766 1271 ποι

2244 1305 2492 1374 confundi
2520 1304 2574 1359 in
2597 1312 2878 1371 attentum;
2905 1304 3116 1361 scilicet
3157 1306 3215 1362 in
3243 1304 3335 1361 illa
3357 1305 3537 1377 judieti
3572 1307 3764 1364 retribu-

2247 1396 2395 1453 tione
2418 1397 2513 1454 ubi
2537 1397 2788 1467 confundi
2813 1395 3038 1454 omnino
3063 1397 3278 1469 poenale
3297 1407 3401 1456 est.
3430 1399 3523 1456 Hic
3547 1399 3672 1457 enim
3692 1400 3768 1460 fre-

2247 1497 2476 1561 quenter
2523 1502 2787 1560 prospere
2827 1489 3202 1558 confundimur
3227 1530 3244 1558 ,
3273 1490 3486 1562 quando
3517 1506 3548 1548 a
3585 1493 3768 1564 pessima

2248 1583 2552 1640 intentione
2581 1596 2904 1639 revocamur
2922 1626 2940 1654 ,
2981 1592 3036 1640 et
3067 1583 3126 1640 in
3147 1583 3345 1642 bonam
3368 1592 3567 1656 partem
3589 1585 3768 1643 traducti

2248 1677 2598 1748 probabiliter
2616 1678 3011 1748 erubescimus,
3037 1679 3132 1751 qui
3175 1679 3383 1752 pridem
3407 1679 3476 1738 de
3495 1687 3663 1738 nostro
3680 1694 3768 1738 see-

2250 1770 2366 1828 lere
2389 1771 2774 1842 gaudebamus.
2815 1773 3082 1831 Praemisit
3107 1788 3242 1846 ergo
3269 1789 3486 1832 causam
3510 1789 3657 1846 quare
3679 1790 3768 1830 eon-

550 1885 609 1957 9)
632 1863 877 1941 doriadab
903 1886 1068 1942 luisse
1091 1886 1188 1941 Dei
1210 1886 1568 1952 sacerdotem,
1593 1885 1684 1956 qui
1706 1884 1831 1939 ﬁliis
1858 1884 1972 1939 suis
2001 1897 2140 1954 pra:-

2257 1863 2408 1935 fundi
2435 1879 2541 1957 non
2569 1864 2765 1921 debeat
2804 1865 2862 1920 in
2899 1873 3172 1936 aeternum,
3199 1865 3406 1924 scilicet
3431 1865 3659 1939 quoniam
3686 1881 3767 1938 spe-

551 1978 694 2048 ccpit
737 1979 791 2033 in
852 1979 1051 2048 templo
1083 1979 1299 2048 degere,
1337 1987 1393 2034 et
1433 1977 1698 2048 probabili
1749 1991 1810 2032 se
1852 1976 2146 2034 sobrietate

548 2076 820 2134 tractare;
868 2068 1012 2139 quod
1042 2084 1138 2124 eos
1186 2077 1399 2124 constat
1445 2069 1664 2137 fecisse,
1715 2076 1770 2123 et
1819 2067 2146 2125 obedientiae

549 2175 663 2216 sure
692 2161 832 2233 apud
863 2162 1032 2218 Deum
1081 2177 1338 2233 magnam
1380 2163 1610 2232 gratiam
1651 2163 2020 2232 comperisse;
2053 2161 2146 2233 qui

550 2270 698 2310 nunc
754 2271 851 2325 pro
909 2256 1156 2312 fidelibus
1204 2271 1268 2313 ac
1317 2255 1527 2313 devotis
1581 2265 1871 2324 ponuntur.
1909 2255 2042 2311 Nam
2091 2262 2148 2312 et

549 2347 728 2417 ipsum
753 2363 947 2403 nomen
979 2347 1179 2403 indicat
1211 2363 1450 2404 causam.
1479 2346 1718 2403 Ionadab
1750 2347 1948 2418 quippe
1979 2349 2150 2403 inter-

549 2448 794 2508 pretatur
822 2439 1038 2495 Domini
1065 2449 1416 2511 spontaneus,
1449 2439 1503 2495 id
1544 2449 1648 2506 est,
1680 2439 1774 2508 qui
1805 2439 1917 2494 Deo
1959 2439 2148 2495 incoa-

551 2541 642 2586 cto
670 2531 941 2588 desiderio
987 2534 1296 2601 serviebat,
1329 2533 1468 2590 sicut
1512 2534 1770 2605 scriptum
1796 2543 1919 2590 est:
1957 2533 2151 2589 Volun-

553 2624 682 2678 tarie
709 2625 1010 2695 sacriﬁcabo
1039 2627 1128 2681 tibi
1161 2625 1332 2698 (Psal.
1368 2643 1482 2698 LIII,
1513 2627 1592 2700 8).
1625 2627 1902 2698 Sequitur,
1926 2635 1976 2684 et
2009 2628 2150 2698 prio-

551 2733 669 2772 rum
696 2719 1220 2788 captivorumullanc
1252 2720 1532 2776 historiam
1562 2719 1768 2792 Regum
1795 2728 1973 2776 textus
1992 2735 2151 2777 enar-

550 2819 658 2866 rat.
690 2809 826 2866 Nam
880 2827 1004 2867 cum
1053 2811 1379 2869 lsraeliticus
1408 2813 1638 2883 populus
1686 2813 1866 2868 divina
1897 2812 2150 2870 mandata

551 2913 946 2969 contemneret,
983 2904 1194 2974 primat,
1218 2905 1500 2971 secundae,
1551 2915 1606 2960 ct
1651 2906 1826 2960 tertiae
1852 2904 2150 2976 captivitati

553 2994 806 3050 decretus
834 2994 1008 3050 fuerat
1051 2994 1352 3065 suhjacerc.
1379 2995 1488 3051 Sed
1518 3004 1573 3050 ut
1598 3009 1897 3066 agnoscens
1920 2995 1987 3050 ad
2016 3009 2148 3066 sup-

551 3083 901 3156 prcutit-nem
935 3086 1146 3141 Domini
1184 3095 1430 3142 correcta
1459 3094 1641 3141 mente
1678 3093 1968 3150 remearet,
1999 3096 2152 3142 ante-

553 3191 718 3248 quam
759 3177 928 3246 prima
981 3177 1264 3248 captivitas
1312 3177 1645 3248 proveniret,
1695 3194 1790 3247 per
1826 3178 2147 3248 prophetam

2246 1957 2379 2012 ranis
2407 1958 2464 2012 in
2493 1956 2738 2014 Domino.
3011 2021 3028 2038 ο

2321 2049 2478 2106 Vers.
2509 2049 2568 2105 2.
2599 2049 2666 2104 In
2695 2061 2786 2107 tua
2818 2051 3030 2125 justitia
3077 2052 3240 2109 libera
3293 2068 3370 2109 me
3393 2096 3410 2125 ,
3439 2061 3488 2110 et
3533 2053 3652 2126 eripe
3681 2068 3766 2108 me.

2247 2143 2444 2198 inclina
2472 2159 2652 2198 aurem
2680 2154 2824 2199 tuam
2845 2145 2914 2199 ad
2939 2160 3041 2213 me,
3080 2153 3130 2202 et
3157 2147 3327 2204 libera
3367 2164 3466 2204 nte.
3495 2147 3615 2204 Cum
3637 2146 3769 2203 dicit:

2248 2236 2320 2292 In
2341 2246 2430 2292 tua
2446 2237 2653 2307 justitia
2677 2279 2694 2306 ,
2726 2238 3153 2298 misericordiam
3203 2241 3345 2313 petit
3386 2242 3631 2305 divinam;
3663 2240 3769 2298 illius

2249 2330 2450 2400 quippe
2495 2341 2578 2386 est
2616 2331 2844 2403 iustitiae
2877 2347 3101 2404 parcere
3149 2335 3498 2407 supplicanti.
3550 2335 3629 2392 Sic
3664 2334 3770 2391 extim

2249 2419 2488 2490 aequitati
2513 2420 2680 2490 ipsius
2706 2421 2964 2492 placitum
3006 2430 3091 2480 est
3136 2420 3351 2482 homini
3394 2423 3674 2493 remittere,
3704 2422 3769 2495 qui

2249 2524 2348 2566 sua
2379 2512 2620 2570 noscitur
2647 2513 2786 2570 facta
2817 2514 3096 2574 damnare.
3127 2514 3324 2573 Libera
3351 2519 3420 2576 ab
3443 2515 3769 2576 imminentibus

2251 2605 2504 2675 periculis
2533 2605 2694 2674 dicit;
2732 2607 2870 2680 eripe
2895 2621 2926 2662 a
2957 2616 3223 2679 potestate
3254 2609 3483 2680 diaboli,
3520 2625 3582 2670 ne
3600 2624 3698 2668 cum
3723 2621 3770 2666 eo

2251 2695 2354 2753 sub
2379 2696 2684 2755 aeternitate
2711 2698 3022 2756 damnetur.
3067 2700 3200 2757 Cum
3235 2702 3389 2760 enim
3416 2703 3570 2773 dicit,
3604 2703 3770 2766 inclina,

2256 2786 2517 2845 humilem
2541 2803 2600 2845 se
2623 2789 2808 2861 jacere
2837 2791 3122 2862 proﬁtetur
3152 2809 3166 2847 :
3195 2795 3328 2865 quia
3357 2796 3460 2853 nisi
3479 2795 3636 2852 divina
3649 2793 3770 2866 gratia

2251 2882 2320 2940 ad
2364 2882 2642 2938 hominem
2694 2897 2756 2939 se
2804 2883 3138 2943 liberandum
3179 2886 3554 2959 inclinaverit,
3586 2887 3641 2944 ad
3664 2885 3769 2942 illam

2259 2975 2689 3034 misericordiam
2743 2977 2856 3036 suis
2910 2979 3118 3036 meritis
3164 2995 3285 3038 non
3336 2990 3507 3053 potest
3551 2977 3770 3053 pervenire

2251 3087 2410 3140 quam
2432 3073 2601 3143 cupit.
2628 3071 2746 3130 Non
2769 3079 2857 3129 est
2879 3073 3025 3131 enim
3053 3073 3382 3147 cujusquam
3406 3075 3648 3142 meritum,
3669 3069 3769 3144 quod

2253 3166 2324 3222 ad
2357 3167 2508 3223 illum
2532 3169 2783 3240 attingat,
2815 3169 2919 3232 nisi
2949 3170 3068 3244 ipse
3093 3171 3411 3233 misericors
3437 3172 3502 3231 ad
3527 3177 3770 3245 peccatores

553 3269 640 3326 eis
665 3268 768 3324 hoc
808 3270 1008 3324 malum
1040 3267 1373 3324 denuntiavit
1409 3283 1533 3326 esse
1573 3278 1882 3326 venturum.
1911 3271 2017 3334 Sed
2067 3270 2142 3326 illi
2171 3267 2221 3333 C
2251 3273 2456 3330 ιποηιιε
2482 3261 2757 3318 adveniat-

554 3368 814 3417 consucta
864 3359 1102 3429 nequitia
1147 3359 1203 3415 in
1251 3373 1349 3415 sua
1395 3360 1758 3417 obstinatione
1803 3371 2142 3419 manserunt.

553 3450 649 3510 Isti
689 3469 823 3524 ergo
853 3467 996 3509 nunc
1043 3453 1098 3508 in
1147 3453 1267 3509 loco
1295 3455 1696 3509 contumacium
1733 3464 2028 3526 ponuntur,
2057 3455 2150 3526 qui

553 3547 865 3618 frequenter
916 3545 1176 3600 admoniti
1224 3545 1499 3618 corrigere
1544 3546 1849 3602 noluerunt.
1889 3546 2148 3603 Commo-

554 3651 752 3695 nemur
789 3651 918 3707 ergo
967 3637 1024 3690 in
1053 3637 1157 3693 hoc
1207 3636 1362 3693 titulo
1391 3647 1448 3693 ut
1482 3637 1822 3695 devotionem
1854 3637 2151 3695 habeamus

555 3727 789 3802 ﬁliorum
819 3728 1079 3795 Ionadab,
1103 3745 1211 3784 non
1259 3731 1652 3786 contumaciam
1681 3729 2010 3798 Judreorum,
2042 3729 2149 3802 qui

555 3819 754 3890 captivi
780 3834 905 3876 esse
933 3827 1265 3876 meruerunt.
1293 3820 1540 3876 Psalmus
1565 3820 1710 3876 enim
1739 3829 1886 3877 totus
1928 3821 1998 3875 ad
2041 3819 2150 3876 ho-

556 3913 760 3970 minem
790 3914 1024 3982 pertinct
1053 3913 1265 3969 ﬁdelem
1294 3913 1384 3984 qui
1406 3912 1590 3968 mundi
1620 3926 2055 3989 spemklenuens,
2094 3911 2150 3967 in

556 3989 790 4068 Domitio
822 4026 951 4081 pura
981 4009 1268 4068 devotione
1297 4011 1535 4066 confisus
1585 4018 1669 4064 est
1701 4027 1715 4063 :
1746 3971 1974 4080 grtiitiam
2007 4008 2150 4064 divi-
2187 4087 2190 4090 ἢ

556 4103 743 4160 uitatis
771 4109 885 4159 tota
914 4105 1067 4160 nobis
1098 4103 1394 4159 intentione
1422 4102 1830 4170 commendans,
1864 4117 1960 4173 per
1987 4118 2148 4174 quam

559 4203 905 4266 peccatorum
932 4203 1238 4251 nostrorum
1258 4193 1498 4250 nexibus
1529 4195 1805 4264 possimus
1827 4193 2057 4250 absolvi.

1134 4305 1330 4359 Divisio
1366 4303 1572 4375 psalmi.

633 4421 739 4478 Per
769 4419 992 4492 ﬁguram
1023 4418 1348 4490 ethopteiam
1390 4419 1746 4476 introducitur
1776 4435 2003 4490 persona
2045 4437 2142 4493 ge-

560 4513 782 4582 neralis,
813 4525 935 4582 qua:
965 4519 1308 4582 peccatorum
1339 4510 1650 4580 captivitate
1694 4511 1914 4567 liberata
1943 4511 2146 4569 divinis

559 4603 830 4661 mandatis
857 4601 1165 4658 adhaerebat
1203 4619 1218 4657 :
1250 4599 1550 4672 praidicans
1580 4600 1740 4672 235
1763 4603 1919 4658 nobis
1946 4599 2147 4658 Christi

556 4698 769 4756 Domini
801 4698 1050 4754 eximiam
1078 4695 1419 4764 charitatem,
1443 4711 1563 4766 qua:
1594 4696 1752 4752 nullis
1771 4697 1978 4754 meritis
2007 4712 2146 4768 prte-
2169 4677 2228 4740 D

558 4790 876 4846 cedentibus
923 4789 1090 4861 gratis
1121 4803 1336 4858 semper
1361 4788 1706 4858 impenditur.
1739 4790 1864 4846 llatc
1890 4791 1942 4845 in
1971 4790 2143 4861 prima

556 4892 712 4953 parte
735 4881 924 4951 psalmi
947 4881 1016 4936 ah
1039 4880 1289 4936 humanis
1317 4881 1686 4950 iniquitatibus
1708 4880 1907 4953 jugiter
1927 4897 1986 4937 se
2012 4883 2146 4953 petit

556 4973 755 5029 debere
776 4973 1022 5040 liberari,
1053 4983 1111 5028 ut
1134 4974 1358 5029 Domino
1385 4975 1584 5045 gratias
1612 4973 1816 5030 referre
1845 4984 2140 5032 mereatur.

555 5063 808 5121 Secundo
832 5064 954 5120 loco
984 5067 1252 5137 supplicat
1280 5082 1348 5122 ne
1375 5067 1429 5121 in
1478 5075 1751 5124 senectute
1776 5067 1895 5139 ejus
1934 5068 2142 5124 benefi-

557 5154 660 5212 ciis
709 5155 970 5228 privetur,
1017 5157 1171 5228 cujus
1223 5158 1424 5214 auxilio
1472 5158 1526 5213 in
1573 5157 1853 5229 juventute
1902 5167 2142 5230 protecta

556 5257 662 5305 est.
709 5248 900 5304 Tertio
929 5249 1050 5304 loco
1095 5250 1236 5305 dona
1292 5251 1408 5322 ejus
1459 5266 1806 5322 enumerans,
1841 5253 2043 5325 iugiter
2083 5267 2144 5312 se

554 5355 719 5414 agere
745 5342 950 5413 gratias
972 5340 1276 5412 pollicetur.

1089 5454 1283 5529 Eatposi
1289 5458 1358 5514 tio
1397 5459 1602 5530 psalmi.

621 5567 782 5628 Vere.
815 5571 869 5626 1.
897 5570 1058 5642 Deus,
1081 5572 1137 5628 in
1165 5581 1213 5628 te
1239 5575 1482 5645 speravi;
1520 5573 1753 5642 Domine,
1784 5591 1886 5631 non
1921 5576 2142 5648 confun-

548 5663 650 5719 dar
686 5663 742 5719 in
783 5672 1053 5722 aeternum.
1099 5667 1198 5722 llic
1226 5667 1419 5723 iterum
1465 5666 1798 5738 hypothetici
1841 5668 2143 5740 syllogismi

546 5753 716 5812 facies
742 5756 900 5813 nobis
945 5757 1145 5814 decora
1175 5757 1424 5814 subridet
1453 5772 1520 5812 eo
1550 5758 1736 5814 modo.
1767 5759 1856 5826 Si,
1887 5759 2048 5827 Deus,
2083 5761 2138 5818 in

545 5856 602 5910 te
624 5854 856 5924 speravi,
885 5854 1134 5923 Domine,
1165 5870 1272 5912 non
1297 5852 1596 5911 confundar
1628 5853 1684 5911 in
1712 5860 1975 5912 aeternum
2009 5869 2026 5913 :
2052 5863 2140 5914 at-

2330 3354 2486 3412 Vcrs.
2504 3356 2561 3412 3.
2583 3355 2710 3412 Esto
2735 3357 2864 3414 mihi
2882 3358 2937 3415 in
2958 3357 3126 3416 Deum
3146 3367 3502 3431 protectorem,
3523 3364 3566 3415 et
3581 3359 3628 3413 in
3649 3358 3770 3412 locum

2255 3449 2546 3518 munitum,
2575 3458 2633 3505 ut
2669 3451 2872 3506 saluum
2908 3467 2990 3508 me
3029 3453 3194 3525 facias
3221 3469 3243 3509 :
3275 3455 3515 3526 quoniam
3541 3453 3771 3518 ﬁrmamen-

2258 3551 2365 3598 tum
2393 3559 2561 3598 mcum
2586 3552 2635 3597 et
2672 3543 2932 3615 refugium
2973 3561 3144 3624 meum
3169 3561 3222 3602 es
3257 3555 3342 3604 tu.
3389 3547 3562 3604 Potest
3582 3543 3773 3612 aliquast

2257 3634 2360 3691 nisi
2389 3635 2528 3692 bene
2563 3635 2903 3706 inspiciatur,
2934 3635 3230 3708 offendere,
3257 3637 3406 3712 quod
3455 3648 3618 3708 supra.
3645 3637 3772 3704 prolo-

2257 3729 2495 3784 ctionem
2517 3727 2756 3784 divinam
2788 3729 3053 3786 munitum
3078 3729 3254 3787 locum
3278 3729 3514 3788 noscitur
3527 3725 3772 3784 addidisse:

2254 3820 2407 3890 quasi
2436 3835 2566 3876 vero
2595 3821 2743 3876 locus
2771 3820 3046 3890 defendat,
3081 3838 3243 3894 quem
3274 3824 3449 3880 virtus
3473 3833 3677 3893 superna
3695 3826 3772 3870 nou

2255 3910 2509 3966 vindicat.
2553 3911 2659 3968 Sed
2699 3913 2872 3984 prima
2917 3913 3183 3970 sententia
3225 3925 3386 3988 rogat
3417 3923 3473 3972 ut
3498 3913 3561 3969 ab
3596 3903 3772 3966 inimicis

2254 4001 2626 4072 Spiritualibus
2681 4003 2803 4076 ejus
2851 4005 3031 4060 anima
3077 4015 3430 4076 protegatur;
3475 4001 3646 4062 deinde
3679 3991 3775 4069 petii

2254 4096 2417 4152 etiam
2448 4086 2694 4168 corporis
2723 4098 3069 4169 sospitatem,
3099 4113 3221 4170 qua:
3246 4101 3320 4156 ab
3349 4099 3662 4156 inimicorum
3686 4085 3773 4146 teli!

2253 4209 2318 4250 ac
2343 4194 2537 4266 gladiis
2575 4195 2696 4251 loco
2724 4195 3092 4252 munitissimo
3114 4195 3443 4253 vindicatur.
3470 4189 3734 4261 Metaphora
3750 4193 3774 4234 ι

2253 4287 2490 4343 castellis
2539 4297 2708 4344 tracta
2735 4331 2751 4358 ,
2802 4290 2927 4358 quia
2959 4298 3088 4346 tunc
3143 4289 3486 4346 adversarios
3521 4282 3774 4343 evadimus.

2251 4382 2466 4452 quando
2492 4382 2626 4437 locis
2649 4383 3022 4441 munitissimis
3044 4384 3402 4442 vindicamur.
3426 4382 3530 4442 Sed
3548 4382 3678 4438 locus
3699 4375 3774 4430 i310

2250 4474 2432 4532 divina
2464 4475 2730 4546 protectio
2759 4486 2863 4544 est,
2893 4478 3034 4534 sicut
3062 4479 3118 4534 in
3145 4479 3255 4536 alio
3287 4480 3495 4550 psalmo
3519 4473 3637 4533 dicit
3660 4488 3674 4526 :
3695 4462 3774 4524 διδ

2251 4568 2432 4624 umbra
2481 4569 2684 4624 alarum
2732 4579 2938 4626 tuarum
2983 4581 3192 4645 protege
3237 4590 3328 4631 me
3375 4571 3552 4645 (Psal.
3595 4558 3775 4630 “1.9)-

2339 4659 2478 4715 ando
2503 4658 2646 4716 enim
2677 4674 2798 4716 cum
2834 4659 3052 4718 Christo
3091 4677 3300 4731 sumus,
3330 4662 3504 4720 nullas
3528 4652 3699 4716 diaboli
3719 4650 3778 4706 in~

2255 4753 2421 4809 sidias
2451 4752 2804 4810 formidamus
2833 4771 2849 4822 ;
2881 4755 3137 4826 quoniam
3173 4755 3454 4813 fraudetur
3478 4746 3779 4824 nequissimus

2251 4844 2343 4901 ille
2368 4845 2588 4916 proprio
2611 4853 2760 4915 voto,
2784 4845 2876 4902 ubi
2901 4855 2986 4904 est
3007 4847 3192 4905 divina
3210 4847 3481 4905 defensio.
3508 4846 3572 4902 Et
3591 4840 3696 4899 vide
3709 4843 3780 4890 sui

2250 4937 2368 4994 suis
2395 4953 2554 5008 quam
2588 4937 2811 5009 pulchre
2837 4948 2962 4996 sunt
3003 4939 3234 4998 reddita.
3278 4938 3669 4996 Firmamentum
3692 4938 3780 4998 pet-

2251 5029 2384 5084 tinet
2411 5029 2480 5085 ad
2528 5038 2907 5102 protectorem;
2955 5034 3220 5105 refugium
3257 5031 3325 5088 ad
3364 5033 3532 5087 locum
3556 5024 3778 5084 munitum-

2247 5121 2381 5189 Quat
2408 5122 2518 5180 duo
2546 5123 2744 5180 merito
2768 5107 2930 5183 sibiia
2961 5123 3193 5181 Domino
3221 5124 3408 5182 venire
3431 5119 3660 5186 credidit.
3684 5107 3782 5184 φιλλ

2247 5214 2380 5271 nihil
2405 5215 2520 5272 suis
2537 5214 2746 5272 viribus
2771 5216 3078 5288 applicavit.
3102 5215 3334 5274 Δίζειίωο
3359 5215 3448 5272 hic
3470 5221 3526 5272 et
3547 5205 3782 5268 aliudsetr

2245 5308 2486 5366 tiendum
2513 5349 2530 5376 ,
2561 5318 2622 5367 ut
2659 5309 3040 5379 ﬁrmamentum
3079 5308 3138 5366 in
3183 5309 3290 5366 hoc
3327 5306 3527 5365 saeculo
3565 5296 3778 5359 Domino!

2247 5399 2456 5456 dicatur
2477 5440 2494 5468 ,
2525 5399 2617 5457 ubi
2645 5409 2702 5458 et
2728 5401 2988 5472 patientia
3033 5401 3324 5474 quaeritur;
3369 5398 3620 5470 refugium
3643 5389 3689 5447 in
3709 5382 3780 5440 illi

2244 5491 2574 5550 beatitudine
2610 5500 2812 5550 aeterna
2837 5493 2930 5551 ubi
2969 5491 3082 5565 jam
3126 5490 3335 5566 aliquod
3367 5485 3649 5562 periculum
3681 5486 3766 5534 non

2244 5586 2485 5644 timetur.

2317 5677 2472 5734 Vere.
2505 5678 2561 5734 4.
2593 5678 2737 5735 Deus
2773 5695 2943 5749 meus,
2971 5681 3114 5752 eripe
3141 5697 3223 5736 me
3243 5680 3306 5736 de
3330 5692 3489 5731 manu
3514 5661 3776 5745 peccatoris,

2244 5774 2294 5822 et
2312 5766 2374 5821 de
2394 5783 2549 5824 manu
2578 5779 2757 5824 contra
2779 5768 2944 5842 legent
2966 5771 3166 5842 agentis
3180 5781 3230 5826 et
3247 5766 3429 5839 iniqui.
3443 5756 3780 5842 Clamatth

2247 5857 2338 5918 ille
2363 5860 2636 5931 generalis
2665 5860 2816 5935 (quia
2829 5835 3080 5936 captivus
3109 5861 3290 5924 fuerat
3311 5835 3429 5931 lege
3450 5849 3644 5930 peccati
3671 5835 3780 5908 τεαὶ

3920 3279 3921 3312 l

3919 3365 3921 3404 l
