4036 6342
274 486 372 546 407

1202 457 1559 539 exrosmo
1599 479 1665 535 lN
1708 470 2172 535 rsumcmnu.
2212 473 2408 533 PSAL.
2448 475 2612 532 Lxx.

3448 474 3553 533 ιθδ

274 613 375 670 per
393 596 630 654 divinam
659 598 884 667 gratiam
917 609 975 653 se
998 595 1301 653 confidebat
1329 594 1561 663 absolvi)
1587 601 1640 649 ut
1667 592 1856 660 cripia-
1885 589 1941 650 Α
1968 601 2205 657 praesens
2233 588 2488 644 saeculum
2518 598 2572 644 et
2599 586 2857 643 futurum.
2884 587 2984 644 llic
3012 588 3159 646 enim
3187 586 3266 643 illi
3292 600 3389 659 pro
3416 586 3553 644 libes

270 701 356 746 tur
386 709 417 748 a
448 699 716 763 potestate
763 692 923 745 noxia
960 689 1236 760 peccatoris
1264 732 1280 758 ,
1330 687 1422 757 qui
1466 700 1679 756 semper
1726 682 1860 738 illud

271 785 488 842 allectat
514 784 694 841 facere
714 783 856 854 quod
881 797 980 838 nec
1002 783 1200 837 divina:
1221 780 1347 851 legi,
1363 793 1461 836 nec
1485 776 1721 848 aequitati
1744 790 1864 830 cera

275 886 391 933 tum
419 885 503 933 est
528 877 839 933 convenire.
864 875 971 931 Sed
995 874 1116 945 quia
1147 881 1464 944 peccatorem
1483 868 1863 925 universalitcr

275 968 508 1036 dixerat,
528 983 668 1023 nunc
685 982 807 1024 eum
822 967 1060 1038 partibus
1080 966 1284 1021 duabus
1306 962 1525 1034 exponit
1541 962 1727 1019 dicens
1747 977 1758 1013 :
1786 959 1865 1015 De

277 1075 436 1114 manu
477 1065 654 1113 contra
677 1058 836 1129 legem
866 1057 1064 1129 agentis
1085 1067 1134 1111 et
1158 1056 1340 1126 iniqui.
1367 1053 1557 1110 Contra
1582 1053 1741 1126 legem
1757 1052 1864 1121 agit

275 1151 369 1219 qui
390 1160 611 1220 accepta
638 1149 755 1220 lege
778 1149 903 1204 facit
928 1158 1117 1204 contra
1138 1148 1351 1218 regulas
1372 1146 1743 1201 mandatorum
1770 1160 1784 1198 :
1809 1151 1870 1198 ut

274 1250 402 1299 sunt
430 1240 598 1297 Judaei
620 1281 637 1309 ,
666 1240 757 1312 qui
805 1240 944 1296 inter
981 1239 1223 1310 reliquas
1252 1247 1440 1308 gentes
1481 1237 1651 1309 legem
1682 1249 1869 1291 θυεερ-

277 1333 426 1403 pisse
440 1340 759 1388 noscuntur.
783 1328 963 1402 Iniqui
987 1344 1117 1386 vero
1148 1337 1274 1384 sunt
1304 1329 1518 1399 pagani,
1544 1325 1789 1397 quamvis
1815 1331 1872 1380 et

277 1427 476 1493 Judaei,
509 1427 600 1498 qui
630 1426 778 1482 nulla
800 1425 1014 1481 Domini
1060 1424 1181 1495 lege
1208 1422 1571 1489 refrenantur,
1598 1422 1691 1476 sed
1721 1434 1873 1476 more

282 1520 524 1575 ferarum
585 1519 788 1574 faciunt
835 1519 1193 1589 quodcunque
1239 1516 1472 1573 libuerit.
1526 1514 1615 1571 Sic
1658 1528 1875 1569 omnem

278 1622 618 1684 peccatorem
663 1611 872 1668 duabus
902 1610 987 1665 his
1017 1610 1257 1681 partibus
1287 1610 1543 1680 probatur
1571 1607 1870 1678 amplexus.

277 1702 355 1758 Ita
379 1712 434 1760 et
461 1703 752 1773 Apostolus
794 1701 1029 1773 loquitur
1056 1702 1125 1757 de
1151 1716 1351 1773 genere
1386 1709 1617 1771 utroque
1647 1714 1878 1771 peccan-

280 1795 413 1851 tium
447 1810 465 1849 :
496 1794 599 1860 Qui
636 1794 747 1849 sine
780 1793 889 1864 lege
918 1801 1274 1865 peccauerunt,
1301 1793 1413 1846 sine
1451 1792 1560 1863 lege
1589 1791 1824 1860 peribunt
1854 1807 1875 1857 ;

281 1895 333 1941 et
371 1886 455 1955 qui
485 1886 540 1942 in
582 1884 692 1957 lege
742 1893 1075 1955 peccaverunt
1103 1925 1117 1952 ,
1168 1900 1262 1955 per
1309 1884 1469 1953 legem
1516 1880 1881 1951 iudicabuntur

282 1975 462 2049 (Rom.
491 1992 552 2042 tt,
579 1977 695 2048 12).

363 2070 513 2125 Vers.
545 2070 603 2126 5.
637 2071 899 2136 Quoniam
945 2079 1005 2126 tu
1043 2085 1097 2124 es
1137 2069 1385 2142 patientia
1431 2084 1544 2122 mea
1567 2108 1582 2134 ,
1612 2065 1874 2132 Domine;

283 2177 399 2232 spes
423 2178 535 2217 mea
559 2178 592 2215 a
610 2164 884 2232 juventute
910 2178 1047 2216 mea.
1094 2160 1232 2216 Dicit
1270 2168 1599 2232 quapropter
1625 2159 1690 2213 de
1717 2174 1877 2211 manu

285 2255 568 2327 peccatoris
615 2256 748 2326 eripi
798 2255 1106 2321 debuisset;
1157 2253 1406 2321 scilicet,
1458 2253 1582 2323 quia
1628 2251 1877 2323 patientia

287 2345 460 2416 ipsius
494 2346 745 2403 Dominus
785 2358 932 2416 erat;
957 2358 1017 2404 ut
1046 2363 1173 2404 cum
1216 2347 1286 2403 ad
1326 2348 1501 2417 ipsum
1529 2344 1874 2415 intenderet,

287 2446 346 2494 et
394 2455 489 2511 per
517 2455 641 2497 eum
670 2455 730 2495 se
760 2439 1080 2495 salvandum
1129 2438 1415 2504 crederet,
1466 2436 1645 2492 omnia
1690 2436 1878 2490 libenti

288 2530 470 2587 animo
514 2534 828 2589 sustineret.
873 2530 1134 2587 Patientia
1160 2539 1245 2587 est
1275 2532 1417 2586 enim
1464 2529 1758 2584 honestatis
1788 2536 1881 2582 aut

288 2624 542 2681 utilitatis
578 2640 775 2693 causa,
813 2641 994 2681 rerum
1036 2625 1324 2680 arduarum
1357 2638 1421 2680 ac
1458 2623 1759 2679 difﬁcilium
1788 2637 1882 2675 vo-

288 2714 524 2771 luntaria
554 2724 611 2773 et
650 2716 902 2773 diuturna
932 2717 1228 2788 perpessio.
1260 2716 1535 2788 Sequitur,
1566 2733 1682 2786 spes
1711 2732 1822 2769 mea
1850 2732 1884 2769 a

286 2810 556 2883 iuventute
583 2825 716 2863 mea.
749 2809 1019 2865 Przemisit
1046 2810 1374 2879 patientiam,
1405 2818 1461 2863 et
1488 2824 1605 2877 spes
1644 2806 1760 2877 ejus
1797 2805 1882 2861 di-

292 2913 400 2969 gne
426 2907 613 2954 secuta
651 2908 767 2967 est;
798 2900 958 2956 sicuti
989 2909 1043 2956 et
1068 2900 1358 2970 Apostolus
1387 2899 1515 2954 dicit
1549 2915 1565 2954 :
1593 2897 1885 2952 Tributatio

294 2989 601 3059 patientiam
634 2999 902 3062 operatur,
936 2994 1185 3063 patientia
1214 2992 1568 3061 probationem
1592 3032 1607 3058 ,
1651 2990 1885 3062 probatio

256 3144 259 3147 _
295 3090 466 3135 autem
487 3098 627 3153 spem
658 3082 835 3156 (Rom.
867 3101 920 3152 v,
952 3087 1006 3151 5,
1038 3083 1119 3155 4).
1165 3085 1319 3141 Prius
1347 3095 1431 3140 est
1461 3084 1605 3140 enim
1632 3124 1647 3151 ,
1677 3093 1736 3138 ut
1764 3097 1888 3138 cum

297 3172 398 3228 Dei
428 3175 603 3247 gratia
642 3191 739 3247 per
786 3178 1086 3247 patientiam
1131 3178 1419 3247 probemur
1445 3222 1458 3243 ,
1490 3186 1545 3233 et
1576 3186 1702 3232 tunc
1744 3176 1885 3231 illam

299 3262 628 3320 fructuosam
657 3283 817 3337 spem,
848 3266 969 3337 ipso
999 3267 1269 3334 donante,
1301 3268 1500 3324 habere
1537 3268 1882 3323 merebimur.

1967 679 2177 735 ratione
2201 690 2482 735 cantamus
2510 722 2528 747 ,
2560 680 2633 735 ibi
2662 688 2841 736 autem
2869 681 3066 750 gratias
3097 695 3196 748 pro
3225 688 3431 736 alterna
3458 694 3552 736 re-

1969 772 2343 828 muneratione
2364 773 2690 843 peragimus.
2722 772 2797 828 fta
2838 772 2898 827 fit
2940 781 2999 827 ut
3036 771 3295 828 Dominus
3341 772 3557 829 laudari

1967 882 2182 936 semper
2229 866 2469 934 debeat,
2511 867 2637 937 quia
2702 866 3019 923 continuum
3072 875 3155 923 est
3200 880 3362 923 omne
3404 864 3555 937 quod

1967 969 2205 1031 praestat.
3048 1024 3049 1027 η

2040 1051 2196 1109 Vers.
2229 1053 2281 1106 7.
2314 1052 2583 1123 Tanquam
2609 1052 2905 1124 prodigium
2947 1056 3117 1124 factus
3160 1067 3275 1107 sum
3318 1050 3499 1107 multis
3528 1066 3553 1108 :

1970 1152 2019 1197 et
2046 1151 2101 1196 tu
2128 1145 2338 1215 adjutor
2365 1144 2533 1215 fortis.
2560 1143 2868 1215 Prodigium
2890 1144 2946 1199 in
2976 1144 3077 1199 hoc
3105 1141 3305 1198 smculo
3333 1142 3393 1198 ﬁt
3422 1141 3559 1197 fide-

1970 1234 2071 1301 lis,
2103 1234 2317 1304 quando
2364 1233 2467 1289 alia
2520 1242 2757 1290 sectatur
2787 1249 2949 1305 quam
2990 1241 3167 1304 potest
3195 1248 3378 1288 amare
3422 1245 3555 1302 pec-

1972 1327 2210 1381 cautium
2239 1325 2527 1382 multitudo
2559 1343 2576 1382 :
2609 1335 2858 1397 quaerunt
2884 1326 2961 1381 illi
3002 1326 3250 1396 divitias,
3284 1325 3390 1391 iste
3420 1338 3553 1394 pau-

1975 1421 2214 1489 periem;
2247 1430 2494 1488 quaerunt
2525 1421 2600 1475 illi
2628 1420 2986 1490 epulationcs,
3017 1420 3118 1475 iste
3141 1419 3374 1490 jejunia;
3407 1434 3558 1488 qum-

1979 1519 2110 1566 runt
2134 1511 2369 1582 denique
2390 1512 2467 1566 illi
2490 1511 2679 1582 gaudia
2702 1552 2718 1579 ,
2747 1512 2848 1566 iste
2879 1512 3172 1566 tristitiam.
3198 1510 3560 1578 Quemadmo-

1978 1602 2104 1658 dum
2136 1618 2265 1674 ergo
2293 1618 2400 1659 non
2431 1611 2609 1673 potest
2633 1603 2802 1658 videri
2832 1602 3144 1675 prodigium,
3173 1601 3265 1672 qui
3294 1616 3354 1657 se
3374 1612 3560 1657 contra

1981 1698 2274 1753 multorum
2300 1699 2644 1769 cognoscitur
2672 1706 2910 1752 tractare
2939 1694 3297 1751 consensum?
3339 1694 3452 1750 lloc
3480 1703 3565 1750 est

1976 1787 2126 1858 quod
2155 1796 2398 1844 oratores
2418 1788 2620 1844 humile
2641 1787 2770 1861 [ed.,
2800 1785 3041 1858 humilis]
3065 1800 3238 1841 causae
3253 1800 3423 1857 genus
3444 1798 3567 1843 esse

1984 1878 2257 1949 dixerunt,
2302 1880 2445 1950 quod
2476 1880 2555 1935 sic
2596 1879 3005 1949 contemptibile
3050 1876 3325 1943 creditur,
3356 1885 3415 1931 ut
3442 1890 3567 1947 por-

1904 1971 1954 2031 B
1982 1980 2189 2027 lentum
2232 1975 2413 2043 potius
2438 1972 2755 2030 mstimetur.
2796 1973 2900 2029 Sed
2950 1972 3282 2043 negligenda:
3307 1979 3431 2026 sunt
3460 1969 3561 2024 hu—

1981 2068 2155 2119 mana:
2185 2065 2594 2136 imputationes,
2620 2066 2838 2136 quando
2866 2065 3064 2120 divina:
3088 2064 3246 2120 nobis
3270 2066 3568 2134 probantur

1979 2156 2163 2213 favere
2185 2158 2437 2214 virtutes.
2455 2158 2729 2214 Caducum
2752 2168 2835 2213 est
2861 2160 3005 2214 enim
3029 2173 3191 2214 omne
3215 2156 3565 2223 contrarium,

1980 2249 2070 2303 ubi
2099 2250 2314 2321 adjulor
2345 2250 2602 2319 probatur
2631 2265 2751 2306 esse
2787 2250 3131 2306 fortissimos.
3179 2249 3287 2305 Sed
3318 2263 3442 2305 cum
3482 2248 3566 2302 di-

1980 2341 2076 2407 cit,
2108 2342 2341 2413 adjutor,
2371 2341 2624 2401 admonet
2653 2352 2730 2409 ut,
2765 2342 2862 2397 Dei
2889 2342 3059 2413 gratia
3087 2341 3435 2411 suﬁ‘ragante,
3462 2354 3563 2394 nos

1982 2448 2194 2504 quoque
2221 2434 2287 2489 ad
2315 2435 2512 2490 bonum
2554 2436 2651 2490 niti
2677 2445 2733 2491 et
2762 2436 3091 2491 contendere
3134 2435 3447 2503 debeamus,
3497 2449 3569 2491 ne

1982 2526 2179 2582 divinis
2208 2528 2481 2583 beneficiis
2513 2529 2852 2585 inveniamur
2875 2528 3112 2585 adversi.

2057 2623 2213 2679 Vers.
2248 2623 2303 2679 8.
2329 2623 2609 2694 Repleatur
2638 2641 2693 2679 os
2725 2641 2893 2679 meum
2935 2624 3088 2679 laude
3124 2632 3214 2678 tua
3235 2664 3253 2690 ,
3283 2630 3340 2678 ut
3385 2622 3571 2693 possim

1984 2726 2196 2771 cantare
2221 2716 2441 2787 gloriam
2464 2725 2606 2771 tuam
2628 2761 2643 2786 ,
2688 2727 2795 2772 tota
2834 2719 2916 2774 die
2946 2719 3382 2790 magniﬁcentiora
3404 2727 3571 2771 tuam.

1986 2806 2134 2861 Dixit
2164 2807 2426 2862 hactenus
2466 2808 2700 2864 humano
2742 2811 2927 2879 generi
2955 2824 3116 2880 quam
3152 2810 3367 2865 diversa
3410 2809 3574 2863 bene-

1988 2899 2112 2954 ficia
2138 2900 2487 2966 contulisset,
2519 2917 2662 2957 nunc
2693 2916 2910 2971 quoque
2939 2912 2996 2957 et
3035 2901 3138 2956 hoc
3170 2902 3303 2970 petit
3329 2915 3360 2955 a
3391 2898 3576 2955 Domi-

1927 3048 1955 3070 ς
1988 3008 2083 3060 no,
2128 3002 2186 3046 ut
2220 2992 2388 3061 possit
2428 2992 2477 3047 ei
2518 2992 2717 3063 gratias
2740 3007 2902 3063 agere
2929 2998 3322 3062 competenter.
3362 2991 3494 3046 Nam
3526 2990 3577 3048 si

1988 3083 2078 3139 ille
2109 3098 2165 3136 os
2189 3093 2420 3136 nostrum
2444 3098 2550 3137 non
2579 3085 2790 3153 repleat,
2818 3097 2917 3137 nec
2944 3083 3124 3156 lingua
3153 3088 3431 3146 movetur,
3474 3094 3577 3135 nec
3620 3070 3635 3081 ’

1986 3172 2258 3229 desideria
2291 3174 2512 3229 honesta
2542 3173 2904 3228 ﬂammantur.
2935 3172 3121 3243 Magna
3156 3172 3228 3245 (si
3261 3170 3574 3227 considere-

1990 3264 2138 3336 mus)
2183 3273 2365 3320 nostra
2397 3265 2628 3321 felicitas
2656 3275 2741 3320 est
2767 3273 2933 3320 totum
2966 3271 3185 3335 petere,
3217 3278 3317 3319 nec
3341 3263 3577 3334 petendo

296 3354 433 3410 Nam
462 3358 606 3427 quod
630 3358 861 3426 addidit,
895 3376 926 3414 a
952 3361 1209 3428 iuventute
1238 3378 1369 3429 mea,
1401 3362 1542 3415 illam
1567 3370 1780 3416 :etatcm
1811 3361 1885 3415 si-
1912 3356 1959 3420 (Ζ
1992 3374 2209 3430 semper
2238 3360 2482 3415 horrere.
2515 3359 2742 3414 Creator
2772 3370 2958 3415 noster
3000 3358 3126 3414 inde
3150 3356 3331 3429 “magis
3353 3358 3577 3413 oﬁ‘eudi<

301 3449 521 3519 gniﬁcat
560 3453 614 3506 in
662 3467 764 3523 qua
809 3453 1033 3508 Domino
1078 3455 1326 3510 credidit.
1396 3456 1527 3510 Nam
1568 3471 1889 3526 quocunque

302 3549 548 3609 tempore
573 3541 638 3595 ad
668 3542 843 3613 ipsum
892 3545 1134 3599 veniatur
1158 3586 1172 3611 ,
1204 3545 1398 3601 merito
1427 3549 1675 3617 juventus
1704 3559 1887 3603 nostra

301 3632 535 3699 dicitur,
583 3635 707 3705 quia
734 3637 787 3690 in
834 3636 947 3706 ipsa
978 3637 1291 3707 plenissimo
1338 3639 1535 3694 robore
1572 3639 1886 3695 solidamur.

303 3724 431 3781 Sive
462 3726 595 3781 illud
616 3769 630 3794 ,
659 3745 691 3782 a
713 3732 980 3802 jurentute
1009 3747 1148 3798 mea,
1188 3731 1454 3802 signiﬁcat
1487 3747 1551 3787 ex
1585 3748 1691 3802 quo
1729 3732 1893 3803 cmpit

304 3825 493 3872 contra
524 3817 727 3874 diaboli
758 3836 995 3892 pugnare
1016 3824 1304 3878 versutias.
1338 3824 1452 3892 Ipsa
1484 3825 1627 3879 enim
1655 3834 1785 3880 aetas
1808 3834 1895 3881 est

304 3923 425 3977 quae
446 3909 514 3965 ad
539 3921 816 3968 certamen
846 3911 1125 3983 dirigitur,
1174 3924 1229 3969 et
1279 3913 1345 3968 ad
1379 3914 1782 3971 colluctationcs
1806 3932 1894 3971 ar-

306 3998 443 4057 duas
469 4005 746 4072 aptissima
775 4005 1061 4061 vivacitate
1087 4016 1441 4077 prmparatur.

382 4094 539 4149 Vcrs.
571 4095 626 4151 6.
660 4096 726 4151 In
756 4107 804 4152 te
834 4098 1165 4168 con/innatus
1194 4116 1308 4153 sum
1338 4116 1400 4153 ex
1428 4109 1607 4167 utero;
1639 4101 1701 4154 de
1728 4110 1897 4157 ventre

313 4186 495 4241 matris
522 4203 645 4243 mea:
673 4198 727 4243 tu
754 4206 807 4245 es
834 4199 1092 4263 protector
1120 4208 1260 4246 meus
1301 4207 1319 4246 :
1361 4192 1414 4246 in
1444 4201 1491 4245 te
1530 4194 1755 4248 cantatio
1782 4210 1897 4249 mea

308 4292 528 4345 semper.
554 4278 706 4335 Hunc
726 4296 946 4337 versum
976 4284 1136 4354 paulo
1165 4282 1449 4338 sollicitius
1473 4294 1895 4354 perscrutemur,

309 4386 380 4426 ne
401 4372 555 4427 nobis
579 4374 753 4445 aliqua
776 4375 995 4432 obviare
1017 4376 1191 4447 possit
1211 4377 1537 4433 absurditas.
1556 4379 1699 4434 Dixit
1719 4381 1861 4435 enim
1880 4399 1893 4434 :

311 4462 445 4527 Spes
466 4480 579 4519 mea
608 4482 640 4520 a
661 4470 927 4539 juventute
962 4487 1096 4525 mea.
1138 4469 1386 4542 Nunquid
1411 4472 1752 4529 confirmatio
1777 4475 1895 4544 ejus

310 4556 366 4611 in
394 4558 562 4615 Deum
591 4576 714 4619 esse
742 4565 936 4634 potuit,
963 4566 1177 4636 quando
1208 4568 1261 4623 in
1294 4578 1541 4624 materno
1564 4580 1717 4626 utero
1747 4570 1896 4626 nulla

313 4649 480 4706 fultus
509 4653 721 4709 ratione
748 4664 1024 4725 vegetatus
1055 4665 1175 4727 est,
1209 4656 1444 4712 maxime
1490 4673 1610 4714 cum
1642 4660 1848 4729 legatur
1881 4677 1895 4713 :

313 4739 447 4795 Ecce
470 4745 605 4797 enim
626 4745 681 4799 in
706 4746 1057 4817 iniquitatibus
1086 4760 1358 4819 conceptus
1379 4766 1514 4819 sum,
1546 4751 1667 4805 etin
1693 4751 1896 4806 delictis

312 4839 505 4908 peperit
530 4855 611 4895 me
648 4852 812 4897 mater
836 4858 948 4896 mea
975 4841 1145 4915 (Psal.
1183 4860 1246 4912 ι,
1279 4843 1372 4916 7)?
1401 4843 1504 4900 Sed
1551 4845 1641 4899 hic
1690 4854 1895 4899 uterum

310 4939 517 4984 sancta:
555 4931 743 4985 matris
782 4933 1037 4988 Ecclesia:
1066 4933 1323 4990 debemus
1354 4935 1599 5005 accipere
1620 4976 1636 5002 ,
1666 4936 1755 4991 ubi
1787 4936 1898 5005 pri-

312 5034 460 5075 mum
491 5021 616 5077 ﬁdei
642 5023 949 5081 rudimento
973 5026 1328 5098 concipimur,
1357 5027 1548 5085 deinde
1577 5043 1642 5084 ex
1673 5043 1810 5099 aqua
1842 5038 1897 5085 et

311 5110 521 5181 Spiritu
564 5125 751 5171 sancto
793 5131 1135 5186 generamur.
1185 5117 1335 5175 Tunc
1364 5118 1507 5174 enim
1554 5118 1898 5175 conﬁrmatio

312 5214 501 5261 nostra
549 5216 727 5277 potest
764 5223 891 5265 esse
922 5209 1214 5280 Dominus,
1262 5210 1477 5281 quando
1505 5210 1571 5265 ad
1602 5226 1725 5266 eum
1776 5211 1899 5268 fidei

314 5310 542 5353 munere
570 5299 901 5355 venerimus.
952 5299 1202 5367 Addidit,
1251 5308 1305 5353 tu
1332 5317 1383 5354 es
1421 5309 1678 5369 protector
1710 5317 1898 5368 meus;

316 5387 535 5457 utique,
586 5390 840 5460 quoniam
884 5390 1140 5446 adversus
1178 5390 1339 5462 236
1381 5390 1580 5447 diaboli
1629 5393 1899 5463 nequitias

314 5478 433 5547 ipse
452 5497 549 5537 nos
572 5485 799 5554 protegit
814 5499 878 5538 ac
896 5483 1166 5550 defendit;
1191 5495 1243 5539 et
1260 5485 1313 5539 in
1336 5485 1437 5540 hoc
1455 5484 1658 5540 mundo
1679 5496 1899 5556 przestat

312 5574 573 5642 evadere,
606 5592 675 5632 ne
704 5578 937 5648 peccatis
965 5578 1231 5645 possimus
1270 5576 1617 5632 onerantibus
1648 5578 1896 5633 interire.

316 5665 571 5736 Sequitur
600 5670 879 5724 retributio
909 5671 1244 5738 przcmiorum
1265 5711 1279 5735 ,
1314 5679 1372 5724 ut
1398 5670 1535 5724 sicut
1564 5683 1779 5738 semper
1810 5672 1901 5725 he-

316 5760 531 5827 ueﬁeia,
567 5763 637 5815 ita
666 5773 719 5816 et
744 5764 1046 5831 psalmodia
1077 5765 1271 5820 debeat
1300 5779 1419 5820 esse
1450 5765 1723 5819 continua.
1760 5763 1891 5818 Nam

315 5851 361 5905 si
396 5862 601 5922 tempus
631 5868 659 5907 a
686 5854 991 5911 muneribus
1017 5871 1120 5911 non
1144 5867 1316 5925 vacat,
1350 5871 1515 5929 quare
1540 5872 1598 5910 se
1630 5856 1897 5927 quiSpiam

314 5940 387 5996 ah
408 5942 524 6006 eius
560 5946 945 6012 gloriﬁcatione
988 5949 1318 6019 suspendat?
1348 5948 1623 6019 Significat
1655 5949 1797 6004 enim
1842 5958 1897 6005 et

1994 3460 2101 3519 tur,
2134 3452 2181 3505 si
2221 3466 2251 3505 a
2291 3453 2378 3522 pia
2416 3451 2829 3523 supplicationis
2873 3452 3274 3523 importunitate
3315 3461 3577 3509 cessctur.

1993 3545 2245 3615 Sequitur
2276 3559 2435 3599 causa
2458 3560 2553 3601 cur
2576 3546 2762 3616 repleri
2790 3544 3177 3601 desideraverit
3204 3561 3259 3601 os
3283 3561 3435 3600 suum
3460 3544 3576 3600 huc

1993 3621 2151 3692 dibus
2162 3636 2362 3693 Christi
2377 3679 2393 3705 ,
2412 3637 2637 3705 scilicet,
2661 3647 2716 3692 ut
2742 3640 3158 3708 possim.cantare
3177 3638 3396 3710 gloriam
3416 3646 3582 3694 tuam.

1995 3728 2176 3783 Gloria
2204 3739 2287 3786 est
2306 3731 2594 3785 multorum
2620 3746 2714 3786 ore
2740 3731 3007 3787 celebrata
3029 3731 3285 3787 laudatio.
3316 3731 3425 3787 Sed
3457 3730 3576 3788 huic

1996 3822 2141 3877 bono
2168 3819 2371 3885 addidit
2395 3822 2836 3892 perpetuitatem;
2860 3837 2984 3878 nam
3009 3838 3131 3878 cum
3155 3822 3327 3894 ponit,
3349 3831 3455 3878 tota
3477 3824 3579 3889 die,

1998 3916 2238 3987 nunquid
2271 3915 2517 3970 noctibus
2554 3929 2585 3968 a
2617 3914 2864 3971 laudibus
2892 3915 3105 3970 Domini
3138 3915 3267 3971 dicit
3306 3929 3428 3970 esse
3457 3930 3578 3969 ces-

1997 4008 2229 4064 sandum
2254 4049 2266 4070 ,
2300 4008 2536 4060 maxime
2565 4021 2685 4060 cum
2714 4020 2775 4061 se
2803 4006 2894 4060 illo
2924 4013 3171 4076 tempore
3198 4004 3444 4062 laudibus
3471 4005 3580 4060 Do-

1999 4100 2129 4154 mini
2169 4097 2433 4154 catholica
2463 4096 2770 4152 consoletur
2798 4096 3071 4153 Ecclesia?
3102 4099 3252 4154 Tunc
3293 4098 3436 4155 enim
3483 4114 3579 4155 vc-

1999 4190 2227 4263 spertini
2256 4228 2272 4257 ,
2305 4198 2431 4244 tunc
2478 4189 2745 4253 nocturni,
2781 4201 2908 4245 tunc
2935 4190 3181 4247 matutini
3220 4199 3578 4263 peraguntur,

2001 4298 2121 4339 cum
2165 4281 2392 4353 populus
2440 4280 2615 4337 ﬁdelis
2662 4283 2923 4355 invigilat.
2978 4282 3086 4367 Sed
3127 4284 3357 4342 dicendo
3386 4284 3528 4341 diem
3556 4327 3574 4353 ,

2001 4379 2267 4434 conclusit
2305 4387 2361 4434 et
2407 4386 2653 4445 noctem;
2703 4380 2842 4436 sicut
2887 4388 2942 4435 et
2988 4380 3043 4435 in
3090 4381 3287 4438 Genesi
3335 4381 3579 4455 legitur:

2004 4473 2223 4527 Factum
2265 4481 2339 4528 est
2381 4488 2620 4543 vespere,
2662 4480 2708 4527 et
2755 4474 2944 4545 factum
2989 4484 3061 4530 est
3110 4492 3257 4529 mane
3299 4475 3407 4528 dies
3450 4489 3582 4527 unus

2004 4564 2159 4637 (Gen.
2193 4581 2231 4633 ι,
2263 4563 2342 4637 5).
2372 4564 2501 4632 Qua:
2528 4563 2695 4634 ﬁgura
2722 4565 2919 4621 dicitur
2955 4566 3316 4636 synecdoche,
3349 4564 3404 4619 id
3435 4573 3521 4619 est
3547 4578 3583 4620 a

2006 4668 2156 4730 parte
2184 4666 2375 4714 totum.
2425 4657 2871 4730 Magniﬁcenme
2900 4674 3030 4715 vero
3055 4659 3203 4726 dicit,
3236 4659 3359 4728 quia
3386 4673 3585 4730 magna

1925 4735 1978 4796 D
2003 4752 2275 4822 praestitit,
2306 4759 2365 4804 ut
2391 4764 2575 4805 aurem
2606 4765 2757 4805 suam
2787 4750 2855 4807 ad
2885 4750 3142 4806 humilem
3177 4748 3494 4817 inclinaret,
3524 4761 3585 4804 ut

2004 4851 2312 4914 protegeret
2338 4842 2748 4911 periclitantem,
2776 4852 2830 4897 ut
2850 4842 3083 4912 eriperet
3108 4842 3174 4898 de
3203 4856 3365 4897 manu
3395 4855 3583 4912 pecca-

2004 4937 2157 5003 toris,
2191 4947 2247 4990 ut
2274 4950 2390 4990 eam
2420 4934 2761 4991 conﬁrmaret
2788 4950 2859 4991 ex
2886 4942 3063 5002 utero,
3094 4944 3149 4990 ct
3169 4934 3235 4990 de
3254 4942 3443 4990 ventre
3471 4948 3586 4988 ma-

2006 5029 2101 5083 tris
2155 5034 2436 5098 protegere
2485 5025 2833 5091 decrevisset,
2886 5025 2977 5081 Sic
3026 5041 3134 5081 uno
3184 5025 3581 5098 magniﬁcentia:

2008 5122 2228 5178 nomine
2257 5120 2643 5192 praedictorum
2673 5118 3058 5176 beneﬁciorum
3088 5118 3203 5176 laus
3233 5129 3427 5177 cuncta
3452 5134 3587 5178 con-

2000 5216 2146 5273 clusa
2176 5224 2277 5271 est.

2075 5306 2228 5361 Vers.
2261 5303 2316 5362 9.
2345 5303 2427 5360 Ne
2446 5305 2686 5377 projicias
2710 5321 2787 5361 me
2815 5306 2868 5360 in
2896 5313 3117 5379 tempore
3142 5307 3448 5372 senectutis;
3473 5322 3590 5364 cum

2003 5398 2243 5469 defecerit
2266 5397 2426 5451 virtus
2453 5414 2588 5465 mea,
2620 5414 2682 5451 ne
2714 5398 3036 5472 derelinquas
3066 5417 3166 5456 me.
3199 5399 3463 5472 Veqﬂgd
3498 5413 3591 5457 se-

2004 5410 2243 5469 deyecerit
2266 5410 2426 5451 virtus
2453 5414 2588 5465 mea,
2620 5414 2682 5451 ne
2714 5410 3036 5472 derelinquas
3066 5417 3166 5456 me.
3206 5410 3275 5456 ve
3321 5410 3329 5412 '
3382 5452 3391 5455 -
3427 5410 3463 5455 (ι
3498 5413 3591 5457 se-

2004 5491 2527 5560 cundam-partem,
2576 5492 2630 5546 in
2672 5507 2773 5561 qua
2821 5493 3191 5552 vehementius
3235 5410 3499 5566 ειέᾓῖδι
3526 5511 3592 5550 ne

2003 5593 2227 5656 tempore
2255 5586 2523 5639 senectutis
2551 5602 2657 5640 sua?
2692 5589 2997 5660 projiciatur
3025 5604 3053 5643 a
3090 5589 3341 5657 Domino,
3374 5588 3589 5657 quando

2004 5678 2142 5732 fessa
2172 5677 2343 5730 virtus
2371 5680 2609 5747 corporis
2639 5679 2755 5747 plus
2788 5680 2994 5751 indiget
3011 5664 3273 5751 adjuvari.
3309 5681 3421 5738 Sed
3445 5680 3586 5735 hanc

2003 5778 2334 5825 senectutem
2380 5784 2486 5825 non
2539 5771 2713 5827 solum
2758 5782 2968 5829 aetatem
3018 5776 3298 5830 ﬁnitimam
3330 5774 3588 5828 debemus

2004 5862 2270 5929 accipere,
2300 5860 2392 5915 Sed
2417 5862 2576 5916 etiam
2599 5879 2719 5918 cum
2750 5864 3179 5920 tribulationibus
3196 5864 3403 5920 crebris
3428 5873 3589 5933 atque

2003 5950 2273 6019 martyriis
2308 5951 2467 6009 robur
2498 5954 2688 6009 anima:
2715 5955 3071 6019 consenescit.
3106 5954 3215 6013 lloc
3242 5955 3385 6010 enim
3422 5954 3587 6018 signi-

3645 5188 3660 5276 ξ
