4020 6348
395 455 498 514 899
1600 451 1668 508 Μ.
1711 443 1986 510 AURELII

2095 447 2436 509 lSSlODOBl
3580 441 3695 510 5m

391 577 536 647 licet,
563 573 940 648 mdefecerit
959 573 1118 628 uirtus
1151 587 1285 642 mea,
1317 570 1371 628 id
1409 580 1494 630 est
1522 573 1735 644 quando
1765 573 1973 644 patien-
2005 571 2061 633 A
2083 569 2373 641 [nudantur
2429 569 2571 628 enim
2620 571 2768 640 dicit,
2826 585 2950 629 cum
3007 577 3096 628 tua
3147 569 3386 630 viderint
3425 570 3694 646 disposita

391 666 496 724 tite?
513 665 739 723 ﬁrmitas
765 672 1017 738 quassata
1044 663 1310 722 mollescit
1331 706 1349 734 ,
1378 679 1481 722 nec
1510 666 1790 723 sustinere
1805 673 1986 737 potest

393 757 600 817 viribus
621 759 736 815 suis
763 772 900 814 onus
931 757 1291 816 tribulationis
1321 757 1656 830 impositum.
1680 755 1830 814 Tunc
1853 771 1986 830 ergo

391 851 618 922 nepetit
639 864 746 907 non
775 849 978 908 debere
1012 849 1299 922 deretinqui
1322 893 1337 919 ,
1373 851 1494 919 quia
1518 865 1640 908 cum
1671 853 1787 923 ipso
1815 861 1986 907 totum

392 951 604 1015 poterat
629 943 925 1002 sustinere.

473 1033 628 1093 Vere.
660 1036 750 1093 10.
792 1035 930 1103 Quia
965 1035 1207 1092 dixerunt
1248 1035 1444 1090 inimici
1483 1036 1584 1089 mei
1624 1034 1784 1102 mihi,
1815 1041 1864 1089 et
1899 1034 1987 1104 qui

392 1129 745 1186 custodiebant
755 1131 984 1186 animum
1000 1144 1168 1185 nteant
1187 1127 1462 1185 consilium
1485 1130 1708 1200 fecerunt
1724 1129 1777 1183 in
1799 1144 1984 1186 unum.

388 1221 662 1280 Redditur
685 1235 852 1280 causa
878 1237 976 1281 cur
998 1221 1074 1279 ad
1105 1221 1532 1280 subveniendum
1564 1221 1737 1293 pietas
1767 1221 1985 1279 Domini

393 1317 590 1375 debeat
633 1319 958 1390 provocari:
988 1317 1243 1390 quoniam
1285 1316 1566 1375 debilitate
1603 1326 1815 1387 captata
1846 1317 1979 1373 insi-

391 1409 660 1468 diantium
707 1409 893 1468 fervor
940 1424 1200 1468 accensus
1241 1421 1366 1478 est,
1402 1410 1530 1467 dum
1573 1411 1800 1467 credunt
1828 1410 1987 1468 facile

395 1501 592 1576 decipi,
622 1518 653 1560 a
684 1517 792 1576 quo
814 1518 924 1561 non
953 1510 1135 1574 potest
1161 1503 1387 1560 defectis
1413 1502 1617 1558 viribus
1653 1503 1878 1560 obviari.
1913 1502 1988 1560 Et

389 1609 462 1650 ne
499 1593 850 1650 crederentur
893 1595 1040 1651 leves
1080 1594 1280 1650 inimici
1324 1595 1516 1651 anima:
1545 1609 1658 1652 suat
1685 1637 1700 1664 ,
1731 1595 1865 1654 dicit
1890 1595 1987 1652 ad-

390 1699 580 1743 versus
605 1700 700 1742 eos
727 1687 814 1758 qui
843 1686 1195 1742 custodiebant
1247 1702 1370 1744 eum
1388 1729 1406 1756 ,
1439 1687 1508 1744 ad
1535 1687 1839 1760 decipiendi
1882 1689 1986 1746 sci-

395 1777 528 1834 licet
557 1777 816 1846 studium,
839 1795 948 1835 non
984 1778 1052 1835 ad
1093 1779 1280 1836 salutis
1305 1789 1511 1838 votum.
1543 1779 1796 1853 Sequitur
1816 1823 1831 1848 ,
1864 1797 1988 1835 con-

391 1870 566 1927 silium
610 1872 845 1943 fecerunt
887 1872 944 1927 in
979 1887 1159 1928 unum.
1210 1872 1592 1932 Truculentior
1641 1888 1856 1944 semper
1903 1881 1988 1932 est

2092 679 2201 721 non
2229 664 2450 720 mutari.
2475 663 2740 734 Deﬁciunt
2768 663 3092 721 detrahentes
3116 666 3304 721 animle
3330 682 3480 736 mete,
3525 667 3580 722 id
3606 673 3698 725 est

2091 755 2443 826 obloquentes
2474 756 2732 822 inaniter,
2761 757 2852 826 qui
2880 755 3185 813 institutum
3226 765 3438 814 rectum
3469 760 3694 814 morda-

2091 848 2245 906 cibus
2265 847 2703 918 derogationibus
2725 849 2903 906 solent
2925 848 3220 906 oblatrare.
3247 849 3521 908 Admonet
3543 853 3696 909 enim
3743 859 3752 864 ‘

2091 940 2228 997 tales
2269 941 2543 1011 patientiae
2569 941 2772 998 virtute
2799 942 3091 1012 superari,
3131 951 3508 1014 quostantum
3547 959 3696 1014 praes

2091 1033 2237 1104 cepit
2270 1033 2575 1101 sustinere,
2609 1043 2670 1090 ut
2700 1035 2802 1105 ipsi
2833 1035 3004 1106 magis
3031 1035 3085 1091 in
3116 1038 3230 1092 suis
3256 1035 3695 1095 oblocutionibus

2091 1123 2326 1182 deiicere
2353 1125 2670 1194 videantur;
2717 1133 2983 1196 quatenus
3013 1126 3206 1184 saltem
3237 1137 3454 1184 ceSsent
3481 1143 3581 1184 sua
3613 1131 3695 1184 ni-

2094 1223 2316 1280 mietate
2362 1220 2605 1292 fatigati,
2633 1221 2682 1276 si
2711 1228 2980 1291 nequeant
3009 1221 3260 1279 desinere
3301 1223 3512 1279 ratione
3561 1239 3695 1279 con-

2092 1313 2242 1370 victi.
2268 1303 2520 1384 Sequitur
2538 1353 2555 1380 ,
2588 1313 2890 1383 aperiantur
2919 1313 3220 1384 confusione
3240 1321 3289 1368 et
3315 1315 3532 1387 pudore.
3569 1313 3694 1370 Pul-

2091 1405 2376 1462 cherrimis
2409 1405 2589 1462 verbis
2615 1405 2927 1476 depingitur
2966 1405 3276 1476 iniquorum
3306 1414 3532 1462 ventura
3565 1420 3696 1462 cor-

2093 1498 2284 1556 rectio.
2329 1498 2642 1570 Operiantur
2669 1496 2844 1567 dixit,
2887 1497 3037 1570 quasi
3069 1498 3304 1566 quodam
3355 1499 3476 1554 velo
3519 1514 3687 1556 roseo

2093 1590 2431 1646 verecundia:
2458 1604 2642 1646 eorum
2679 1588 2844 1647 facies
2873 1591 3228 1662 obtegantur;
3263 1590 3408 1662 quod
3435 1591 3578 1648 solet
3601 1608 3694 1649 ac-

2093 1683 2276 1740 cidere
2307 1683 2393 1740 his
2423 1683 2516 1756 qui
2545 1683 2791 1740 actiones
2837 1683 3092 1755 pristinas
3131 1684 3239 1740 vita
3286 1686 3510 1742 meliore
3549 1701 3684 1743 con-

2095 1775 2377 1833 demnant.
2408 1777 2650 1846 Addidit,
2680 1779 2768 1849 qui
2796 1772 3032 1850 quierunt
3062 1781 3200 1834 mala
3227 1780 3390 1848 mihi,
3423 1784 3564 1838 sicut
3591 1784 3690 1842 illa

2095 1869 2292 1926 mulier
2339 1870 2670 1942 periclitanti
2716 1869 2820 1928 Job
2867 1870 3088 1942 proprio
3129 1871 3248 1927 viro
3291 1873 3506 1929 dicebat
3536 1892 3552 1928 :
3584 1873 3690 1929 Dic

389 1960 734 2021 inimicorum
761 1965 996 2022 adunata
1015 1965 1290 2034 collectio,
1313 1975 1368 2024 et
1395 1968 1538 2040 quod
1567 1982 1674 2024 non
1704 1968 1980 2036 dividitur,
2012 1969 2063 2032 Β
2089 1965 2295 2019 uerbum
2320 1964 2375 2018 in
2399 1963 2586 2028 Deum,
2625 1974 2674 2018 et
2723 1979 2920 2019 morere
2963 1963 3084 2034 (Job
3113 1980 3174 2032 ιι,
3207 1963 3287 2037 9).
3337 1964 3494 2032 Quod
3539 1967 3690 2038 pravi

390 2056 610 2130 gravius
637 2072 745 2114 uno
773 2058 920 2115 fasce
948 2067 1214 2129 portatur.
1249 2057 1383 2114 Nam
1414 2059 1716 2131 cuiusmodi
1745 2060 1815 2115 sit
1838 2058 1986 2117 istud

391 2149 668 2206 consilium
695 2150 1090 2223 subsequenter
1111 2152 1340 2222 exponit
1371 2150 1485 2207 :ait
1515 2152 1658 2208 enim
1691 2169 1703 2205 :

465 2242 619 2300 νοτε.
649 2243 740 2300 ii.
771 2243 1010 2300 Dicentes
1044 2259 1064 2299 :
1100 2243 1242 2298 Deus
1298 2242 1570 2315 dereliquit
1616 2260 1767 2311 eum;
1807 2259 1982 2315 perse-

391 2334 626 2405 quimini,
651 2343 702 2390 et
725 2335 1135 2409 comprehendite
1157 2353 1294 2404 eum,
1325 2337 1446 2407 quia
1473 2353 1575 2392 non
1598 2345 1669 2393 est
1691 2339 1778 2409 qui
1797 2339 1983 2410 eripiat

390 2441 526 2482 eum.
554 2427 668 2484 Hoc
698 2434 784 2483 est
828 2427 971 2498 quod
1001 2427 1082 2482 vir
1101 2426 1192 2482 ille
1222 2426 1566 2484 fidelissimus
1595 2429 1707 2484 sive
1750 2428 1805 2485 in
1845 2427 1983 2484 aitli-

392 2519 665 2577 ctionibus
686 2520 910 2590 positus,
935 2521 1051 2576 sive
1080 2521 1138 2576 in
1161 2520 1318 2576 senili
1353 2529 1512 2576 aetate
1543 2521 1836 2578 metuebat.
1872 2522 1983 2578 lio-

391 2621 504 2670 stes
524 2615 669 2670 enim
696 2613 942 2670 carnales
973 2613 1243 2669 mundana
1275 2613 1452 2682 potius
1475 2623 1818 2682 contuentes,
1853 2629 1977 2670 cum

391 2707 621 2766 viderint
647 2708 924 2766 hominem
961 2710 1152 2766 crebra
1189 2708 1500 2766 calamitate
1533 2710 1834 2782 fatigatum,
1865 2727 1985 2768 crc-

392 2801 528 2858 dunt
557 2816 585 2858 a
617 2801 728 2859 Deo
749 2801 1048 2869 desertum,
1073 2801 1166 2873 qui
1186 2801 1422 2858 divinam
1447 2810 1634 2872 putant
1656 2803 1881 2872 gratiam
1929 2805 1984 2860 in

391 2893 520 2949 solis
541 2895 822 2966 corporeis
840 2893 1048 2952 viribus
1063 2894 1434 2950 constitutam.
1452 2892 1827 2966 Persequimim'
1842 2911 1982 2964 eum,

392 2985 664 3054 dixerunt,
679 2987 804 3058 quia
821 2987 1007 3058 fugere
1024 3002 1135 3043 non
1151 2994 1388 3057 poterat.
1403 2985 1845 3059 Comprehendite,
1859 2988 1987 3058 quia

391 3075 644 3133 reluctari
667 3076 1077 3133 violentissimis
1093 3093 1201 3133 non
1219 3078 1451 3134 valebat.
1470 3078 1548 3134 Ex
1570 3093 1635 3134 eo
1657 3078 1799 3134 enim
1823 3094 1854 3134 a
1885 3079 1988 3134 Do-

393 3168 540 3225 mino
564 3169 864 3225 derelictum
884 3169 1132 3226 arbitrati
1159 3179 1306 3239 sunt,
1333 3171 1460 3242 quia
1486 3187 1614 3228 cum
1647 3173 1987 3229 truculentiae

392 3273 506 3317 ante
528 3260 785 3318 traditum
824 3276 948 3319 esse
989 3270 1299 3318 senserunt.
1346 3263 1502 3332 Quod
1533 3263 1745 3335 quidam
1776 3275 1832 3321 et
1877 3265 1986 3322 Do-

2091 2059 2276 2116 solent
2301 2057 2482 2114 facere
2510 2071 2764 2114 suasores
2789 2099 2806 2126 ,
2837 2056 2928 2128 qui
2957 2057 3336 2115 blandimento
3362 2058 3552 2115 salutis
3577 2074 3690 2116 car-

2093 2167 2209 2210 nea:
2237 2151 2452 2208 occulto
2479 2151 2706 2208 vulnere
2732 2151 2942 2206 animas
2973 2149 3226 2206 videntur
3259 2151 3544 2221 impetere.

2159 2244 2317 2302 Vers.
2357 2245 2443 2300 i4.
2476 2242 2590 2317 Ego
2614 2254 2788 2299 autem
2815 2261 3014 2317 seraper
3040 2247 3095 2300 in
3123 2254 3172 2301 te
3195 2245 3408 2317 sperabo
3429 2287 3444 2312 ,
3476 2257 3524 2301 et
3551 2246 3688 2315 adji-

2088 2339 2220 2395 ciam
2249 2355 2404 2410 super
2433 2354 2634 2392 omnem
2683 2337 2889 2394 laudent
2932 2348 3092 2394 tuam.
3145 2338 3382 2395 Decursa
3429 2339 3688 2396 emenda-

2091 2432 2256 2502 tione,
2285 2445 2444 2501 quam
2476 2429 2847 2502 peccatoribus
2867 2431 3188 2502 deprecatus
3216 2439 3300 2486 est
3326 2429 3599 2498 accidere,
3621 2429 3688 2490 ad

2087 2539 2236 2582 suam
2268 2523 2682 2580 delectationem
2730 2523 3040 2595 bonumque
3067 2525 3432 2591 convertitur;
3462 2532 3524 2578 ut
3549 2525 3688 2582 sicut

2086 2619 2162 2676 illi
2185 2619 2251 2676 de
2275 2617 2458 2673 divina
2483 2617 2721 2688 potentia
2747 2616 3127 2688 desperabant,
3157 2616 3228 2672 ita
3262 2617 3364 2672 iste
3393 2633 3605 2687 sperare
3629 2631 3686 2674 se

2087 2728 2285 2784 semper
2307 2711 2448 2768 dicat
2471 2712 2524 2766 in
2548 2711 2798 2766 Domino.
2828 2708 2960 2777 Qum
2982 2711 3150 2782 ﬁgura
3177 2711 3376 2768 dicitur
3403 2711 3686 2780 syncrisis,

2087 2804 2142 2860 id
2171 2813 2252 2861 est
2292 2804 2540 2872 collatio,
2569 2803 2784 2875 quando
2810 2804 2929 2874 quis
2959 2803 3242 2859 meliorem
3269 2818 3489 2859 causam
3533 2817 3686 2859 suam

2089 2910 2246 2966 quam
2287 2895 2581 2952 adversarii
2609 2908 2732 2951 esse
2759 2893 3124 2950 demonstrat.
3165 2893 3440 2964 Sequitur,
3469 2903 3522 2949 et
3549 2895 3685 2966 adji-

2089 2988 2222 3042 ciam
2243 3003 2398 3060 super
2418 3002 2617 3042 omnem
2657 2987 2864 3041 laudem
2894 2996 3056 3042 tuam.
3102 2987 3216 3043 Hoc
3245 2987 3404 3058 plane
3430 2987 3534 3043 nisi
3563 2986 3686 3043 dili-

2089 3079 2302 3152 guntius
2323 3081 2624 3137 intueamur
2645 3079 2932 3137 obscurum
2958 3091 3063 3137 est.
3081 3081 3211 3137 Nam
3233 3082 3478 3152 quamvis
3489 3080 3686 3138 divinis

2091 3174 2340 3231 laudibus
2366 3174 2502 3230 nihil
2533 3173 2701 3244 possit
2729 3173 2912 3244 adjici,
2947 3173 3161 3246 quando
3189 3183 3539 3246 augmentum
3575 3189 3684 3232 non

2093 3267 2282 3336 recith
2309 3264 2618 3320 admiranda
2647 3263 2935 3336 perfectio,
2981 3273 3158 3322 tamen
3197 3266 3449 3336 estquod
3489 3266 3561 3322 ab
3587 3265 3684 3321 ho-

392 3356 542 3414 mino
581 3354 851 3414 Salvatori
895 3354 1277 3426 applicandum
1319 3370 1442 3412 esse
1487 3366 1827 3427 putaverunt.
1879 3359 1983 3415 Sed
2013 3361 2060 3426 C
2091 3359 2326 3416 minibus
2376 3357 2549 3428 possit
2596 3371 2734 3412 nova
2793 3357 3174 3426 praedicatione
3213 3357 3502 3414 celebrari.
3549 3357 3682 3413 Nam

394 3447 678 3505 decentior
707 3445 844 3503 ordo
869 3457 954 3503 est
983 3446 1236 3502 dictionis
1264 3463 1278 3501 :
1312 3463 1381 3504 ne
1426 3463 1709 3518 personam
1739 3466 1896 3522 quam
1928 3453 1986 3507 in

395 3539 630 3598 medium
661 3538 1006 3607 deduximus,
1039 3539 1335 3610 incongrua
1372 3539 1549 3596 subito
1579 3541 1837 3598 varietate
1863 3558 1986 3598 mu-

395 3639 592 3690 temus.
620 3631 899 3703 Sequitur,
933 3632 1054 3704 quia
1081 3648 1184 3687 non
1219 3641 1296 3689 est
1332 3633 1420 3705 qui
1460 3634 1643 3703 eripiat
1687 3651 1824 3689 eum.
1878 3635 1986 3690 De-

391 3736 603 3786 mentes
640 3741 896 3799 prorsus,
946 3729 1038 3799 qui
1085 3727 1188 3784 hoc
1237 3728 1576 3784 aestimabant
1621 3730 1799 3799 potius
1843 3729 1988 3801 quod

393 3820 672 3891 videbant,
702 3821 856 3893 quasi
887 3821 1025 3878 Deus
1058 3821 1273 3878 deserat
1305 3822 1562 3892 praemiis,
1595 3838 1732 3894 quos
1759 3823 1988 3893 exponit

394 3909 630 3984 injuriis,
662 3921 717 3970 et
741 3928 847 3970 non
886 3913 1059 3983 magis
1091 3927 1354 3971 coronare
1383 3915 1546 3978 velit,
1584 3929 1723 3985 quos
1767 3914 1987 3985 probari

397 4003 600 4063 debere
645 4005 928 4076 permittit.
968 4004 1058 4063 Sic
1083 4004 1348 4061 deliberat
1381 4006 1566 4076 quiad
1597 4006 1812 4060 oculum
1844 4007 1989 4076 judi-

394 4107 499 4156 cat.
533 4097 756 4172 Negavit
783 4109 1102 4170 praesentem
1150 4098 1436 4154 Dominum
1478 4098 1568 4170 qui
1597 4098 1842 4154 ﬁdelibus
1873 4100 1988 4156 suis

395 4191 607 4249 visuale
632 4193 818 4249 venire
861 4206 967 4247 non
1014 4192 1221 4262 putavit
1271 4191 1563 4256 auxilium,
1596 4191 1722 4246 dum
1753 4191 1989 4248 credidit

399 4301 506 4342 non
538 4286 780 4342 existere
805 4300 967 4356 quem
997 4285 1359 4342 arbitrabatur
1395 4285 1646 4340 humanis
1679 4286 1986 4357 conspecti-

398 4380 501 4438 bus
523 4394 630 4434 non
651 4377 864 4435 adesse.

472 4474 624 4531 Vers.
659 4473 748 4530 i2.
779 4471 940 4541 Deus,
967 4487 1032 4527 ne
1059 4471 1313 4544 elongeris
1342 4487 1376 4525 a
1416 4487 1532 4536 me;
1563 4471 1704 4527 Deus
1743 4488 1902 4538 meus,
1933 4471 1989 4526 in

397 4566 716 4642 adjutorium
757 4581 928 4620 meum
975 4564 1190 4634 respice.
1229 4562 1472 4618 Humana
1502 4571 1655 4632 putat
1704 4563 1987 4618 intirmitas

398 4661 649 4734 elongare
691 4660 892 4728 Deum,
938 4657 1152 4730 quando
1195 4656 1243 4712 ei
1273 4657 1459 4713 venire
1491 4655 1667 4710 tardat
1702 4655 1983 4711 auxilium.

2094 3467 2214 3508 cum
2235 3452 2422 3507 dixero
2451 3449 2685 3507 Verbum
2732 3449 2905 3506 Patris
2947 3450 3138 3506 fecisse
3165 3451 3362 3507 emtum
3389 3458 3447 3508 et
3482 3459 3683 3508 terram

2090 3557 2146 3603 et
2175 3547 2352 3602 omnia
2375 3560 2494 3616 quae
2522 3545 2578 3600 in
2607 3544 2688 3600 eis
2729 3555 2854 3600 sunt
2879 3584 2896 3609 ,
2926 3545 3168 3615 perfecta
3211 3545 3492 3600 Dominum
3520 3545 3684 3601 devo-

2093 3641 2241 3697 tione
2269 3639 2503 3694 laudavi.
2547 3637 2656 3695 Sed
2679 3652 2802 3693 cum
2839 3637 3138 3708 adiunxero
3178 3639 3511 3694 incarnatum
3563 3651 3682 3694 esse

2092 3747 2191 3803 pro
2212 3731 2387 3787 salute
2416 3739 2758 3799 cunctorum,
2790 3729 2964 3801 adjeci
2989 3730 3260 3786 cumulum
3301 3729 3550 3786 laudibus
3579 3729 3684 3800 ple-

2092 3823 2196 3879 nis.
2229 3821 2322 3879 Sic
2367 3823 2508 3879 enim
2557 3821 2809 3878 inferiora
2861 3831 3126 3879 testantur
3149 3863 3165 3890 ,
3195 3823 3338 3893 quod
3369 3823 3472 3879 ista
3508 3821 3680 3877 laudis

2094 3917 2322 3987 adiectio
2350 3917 2417 3972 ad
2447 3917 2869 3974 incarnationem
2903 3917 3288 3988 omnipotentis
3315 3915 3480 3974 Verbi
3527 3915 3683 3973 abso-

2093 4010 2205 4066 lute
2234 4009 2517 4080 pertineat.

2165 4103 2323 4159 Vers.
2359 4103 2448 4159 15.
2499 4101 2570 4158 0s
2598 4119 2766 4157 meum
2800 4103 3154 4175 pronuntiauit
3189 4103 3453 4174 justitiam
3497 4111 3676 4170 luant,

2095 4204 2202 4252 tota
2232 4197 2314 4250 die
2343 4196 2571 4251 salutare
2601 4205 2742 4250 tuum
2780 4212 2800 4251 :
2841 4197 2962 4266 quia
3002 4212 3105 4251 non
3141 4195 3354 4266 cognovi
3381 4195 3682 4264 negotiatio-

2093 4307 2201 4345 nes.
2248 4287 2463 4344 Justitia
2493 4287 2666 4344 Patris
2711 4288 2961 4344 Salvator
2985 4298 3068 4344 est
3097 4289 3356 4344 Dominus
3380 4329 3396 4353 ,
3426 4302 3589 4358 quem
3625 4303 3682 4343 se

2093 4381 2546 4452 pronuntiaturum
2569 4380 2818 4452 gentibus
2843 4381 3144 4451 pollicetur.
3171 4381 3235 4436 Et
3256 4395 3323 4438 ne
3355 4380 3496 4436 forte
3523 4382 3681 4438 aliam

2091 4474 2340 4531 crederes
2379 4487 2502 4529 esse
2533 4475 2820 4543 iustitiam,
2849 4473 3054 4529 addidit
3093 4474 3319 4528 salutare
3346 4484 3516 4528 tuum.
3549 4474 3682 4541 Quid

2093 4569 2236 4626 enim
2281 4569 2426 4623 aliud
2455 4569 2778 4626 denuntiare
2820 4567 2990 4638 potuit
3021 4567 3212 4636 tldelis,
3247 4568 3348 4624 nisi
3383 4568 3527 4624 unde
3555 4567 3682 4624 ﬁdes

2092 4661 2396 4719 Christiana
2412 4662 2676 4719 surrexit?
2695 4661 2836 4718 unde
2849 4661 3103 4717 Ecclesiae
3124 4660 3179 4716 in
3202 4669 3312 4716 toto
3328 4659 3460 4716 orbe
3476 4660 3682 4715 fertiles

311 4789 318 4798 ε
398 4753 495 4810 Ille
521 4754 665 4810 enim
701 4767 801 4810 nec
833 4760 983 4807 motu
1013 4749 1388 4823 progreditur.
1424 4763 1522 4804 nec
1551 4745 1616 4804 de
1649 4748 1770 4803 Ιοεο
1803 4747 1870 4802 τιό
1904 4747 1986 4802 Ιο-
2016 4760 2068 4820 D
2096 4756 2457 4828 pullularunt?
2489 4755 2629 4811 unde
2658 4756 2804 4809 salus
2834 4753 3018 4808 mundi
3047 4753 3283 4824 gloriosa
3314 4751 3684 4808 incarnatione

399 4860 521 4903 cum
563 4845 908 4912 transfertur;
953 4843 1049 4901 sed
1105 4845 1286 4899 omnia
1337 4840 1679 4897 ineffabiliter
1727 4841 1942 4912 replens
1969 4883 1983 4906 ,

399 4937 652 4994 universa
679 4939 974 4994 voluntatis
1001 4951 1113 4994 suae
1145 4935 1431 4992 virtutibus
1453 4935 1814 4991 administrat.
1847 4935 1989 4990 Petit

399 5047 530 5104 ergo
552 5047 619 5088 ne
648 5033 819 5104 gratia
848 5033 966 5102 ejus
995 5032 1065 5086 ab
1095 5033 1218 5103 ipso
1242 5030 1522 5092 discedat.
1554 5037 1609 5085 et
1649 5029 1986 5101 gravioribus

399 5121 704 5193 iniquorum
735 5129 1032 5191 exponatur
1060 5122 1292 5178 insidiis.
1327 5121 1570 5188 Addidit,
1604 5120 1744 5175 Deus
1767 5163 1783 5188 ,
1814 5123 1867 5174 in
1890 5122 1988 5176 ad-

399 5215 652 5290 iutorium
673 5231 843 5270 meum
862 5215 1077 5280 respice.
1107 5215 1241 5284 Quia
1271 5230 1331 5271 se
1363 5223 1587 5271 noverat
1617 5213 1986 5284 afﬂigendum,

401 5317 522 5366 orat
557 5318 616 5365 ut
651 5325 748 5382 per
798 5308 1124 5379 adjutorium
1172 5307 1388 5364 Domini
1430 5309 1478 5365 ei
1529 5308 1688 5378 digna
1729 5306 1989 5377 patientia

401 5407 689 5466 tribuatur.
713 5407 843 5463 Nam
875 5421 1031 5478 quem
1073 5405 1165 5464 ille
1193 5405 1438 5477 adjuvat,
1483 5405 1748 5460 malorum
1769 5401 1993 5486 ocontri-

404 5501 552 5558 tione
600 5516 704 5558 non
761 5500 976 5569 deficit;
1035 5501 1132 5558 sed
1191 5507 1318 5555 tunc
1370 5512 1466 5570 spe
1495 5498 1673 5570 potius
1725 5496 1988 5566 erigitur,

403 5593 616 5663 quando
645 5592 1043 5650 tribulationum
1075 5592 1219 5647 fasce
1244 5598 1634 5661 praegravatur.

474 5683 630 5742 Vere.
685 5685 773 5742 i5.
833 5685 1232 5758 Confundantur
1283 5691 1330 5735 et
1383 5682 1623 5751 deﬁciant
1671 5679 1989 5736 detrahentes

403 5779 589 5833 anima:
613 5795 770 5846 mete;
801 5779 1099 5850 aperiantur
1128 5775 1424 5844 confusione
1446 5782 1491 5830 et
1524 5775 1716 5844 pudore
1744 5775 1832 5845 qui
1853 5789 1992 5844 qua:-

405 5879 526 5923 runt
545 5868 685 5924 mala
708 5868 856 5924 mihi.
874 5869 1038 5925 Venit
1059 5867 1124 5922 ad
1154 5867 1548 5934 increpationes
1579 5865 1987 5934 saluberrimas,

410 5960 600 6036 quales
615 5959 882 6031 catholica
903 5958 1084 6018 facere
1101 5959 1380 6016 consuevit
1401 5956 1655 6015 Ecclesia.
1684 5957 1841 6028 237
1868 5955 1995 6013 Con-

2096 4847 2375 4918 provenit‘!
2407 4844 2533 4900 Tota
2562 4860 2689 4902 vero
2719 4846 2802 4902 die
2829 4846 2993 4911 (sicut
3017 4861 3164 4914 saepe
3194 4845 3398 4900 dictum
3422 4843 3530 4916 est)
3558 4858 3684 4898 con-

2095 4939 2302 4994 tinuum
2333 4946 2542 5008 tempus
2583 4939 2836 4994 ostendit.
2876 4937 3160 5008 Sequitur,
3192 4938 3316 5008 quia
3343 4952 3446 4990 non
3475 4935 3684 5006 cognoui

2098 5032 2484 5102 negotiationes.
2516 5030 2644 5085 Pars
2674 5031 2776 5086 ista
2807 5045 3031 5096 versus,
3056 5030 3158 5085 nisi
3191 5028 3329 5084 bene
3356 5028 3684 5098 requiratur,

2096 5123 2338 5192 recipere
2371 5123 2710 5194 cognoscitur
2743 5123 3117 5195 qumstionem.
3149 5121 3281 5177 Nam
3309 5122 3352 5176 si
3381 5121 3559 5175 omnis
3589 5136 3681 5175 ne-

2095 5214 2329 5284 gotiator
2350 5216 2576 5272 omnino
2589 5215 2928 5272 damnandus
2952 5223 3054 5284 est,
3079 5230 3180 5271 nec
3207 5214 3284 5269 illi
3308 5213 3444 5269 hanc
3469 5226 3680 5282 pinnam

2095 5306 2365 5377 refugiunt
2395 5351 2408 5377 ,
2454 5309 2544 5380 qui
2594 5320 2743 5366 artes
2785 5310 3016 5380 reliquas
3066 5322 3320 5365 exercere
3367 5316 3682 5362 noscuntur.

2095 5399 2233 5468 Quid
2262 5409 2344 5456 est
2365 5402 2510 5457 enim
2540 5401 2682 5458 aliud
2713 5402 3014 5472 negotiatio,
3049 5401 3152 5457 nisi
3191 5414 3311 5469 quae
3341 5406 3572 5470 possunt
3597 5397 3682 5452 vi-

2093 5493 2197 5550 lius
2224 5503 2472 5551 constare
2497 5493 2632 5567 [ed.,
2658 5493 3001 5566 comparari],
3024 5494 3201 5549 carius
3227 5491 3368 5548 velle
3396 5490 3670 5547 distraho-

2095 5587 2194 5644 re?
2223 5588 2431 5645 Deinde
2460 5589 2512 5644 in
2545 5589 2682 5645 vitas
2721 5587 2943 5643 Patrum
2984 5585 3342 5656 Paphnutium
3374 5583 3526 5638 illum
3556 5597 3686 5636 san-

2092 5679 2391 5734 ctissimum
2423 5681 2599 5737 virum
2647 5695 2742 5751 per
2787 5679 3174 5736 revelationem
3199 5675 3523 5747 negotiatori
3553 5675 3685 5745 legi-

2094 5785 2214 5827 mus
2236 5782 2637 5843 comparatum,
2670 5782 2725 5829 et
2757 5774 3058 5830 invenimus
3082 5771 3350 5840 hodieque
3367 5771 3420 5825 in
3444 5769 3686 5825 Ecclesia

2097 5862 2192 5920 Dei
2227 5873 2522 5922 tractantes
2552 5865 2768 5938 quidem
2813 5865 3185 5933 mercimonio,
3215 5864 3311 5934 sed
3336 5877 3544 5918 summa
3577 5861 3688 5918 tida

2097 5955 2388 6026 pollentes.
2439 5960 2604 6018 Actus
2651 5960 2794 6018 enim
2844 5959 3111 6032 pessimus
3135 6022 3148 6032 ῃ
3197 5970 3421 6016 nonres
3457 5955 3682 6012 honesta

3971 1263 3992 2058 !

3975 2107 3984 2258 ἐ

3977 2615 3988 2670 i
