4020 6348
320 378 416 436 5'3!

1260 376 1614 433 EXPOSITIO
1652 377 1716 431 IN
1758 375 2231 433 PSALTERIUM.
2274 376 2467 432 PSAL.
2508 376 2666 435 LXX.

3508 376 3616 447 502

317 496 646 560 damnatur;
680 494 817 551 sicut
845 502 897 551 et
927 493 1148 550 divitem
1198 494 1424 565 legimus
1459 509 1567 549 non
1602 495 1826 549 introire
1862 496 1919 550 in
1946 499 1991 557 Α
2027 474 2242 550 aetatem
2274 508 2393 563 quae
2423 508 2566 549 nunc
2589 494 2766 564 agitur
2792 497 3032 564 proxima
3070 493 3163 552 lini
3184 534 3201 563 ,
3227 492 3443 566 quando
3485 509 3612 567 pro-

318 604 550 659 regnum
576 588 863 657 caelorum,
898 603 1020 644 cum
1054 597 1229 643 tamen
1268 586 1387 656 Job,
1421 586 1718 651 Abraham,
1748 588 1916 653 lsaac,

316 681 513 747 Jacob,
537 679 857 752 patriarchas
881 679 1220 736 facultatibus
1241 693 1459 750 quoque
1479 679 1680 733 fuerint
1696 677 1920 734 afﬂuen-

318 785 429 830 tes.
460 773 835 844 Nogotiatores
866 787 998 843 ergo
1040 772 1114 827 illi
1145 771 1533 827 abominabiles
1554 771 1911 838 aestimantur,

317 867 413 937 qui
470 866 733 937 juStitiam
784 866 997 921 Domini
1048 865 1272 922 minime
1323 865 1770 932 considerantes,
1818 880 1916 936 per

318 960 738 1016 immoderatum
769 960 1009 1031 pecuniae
1038 959 1296 1015 ambitum
1329 959 1665 1029 polluuntur,
1705 971 1917 1014 merces

318 1069 452 1110 suas
481 1054 598 1125 plus
628 1052 880 1123 perjuriis
909 1052 1184 1109 onerando
1209 1067 1365 1123 quam
1399 1051 1604 1123 pretiis.
1630 1050 1786 1107 Tales
1811 1050 1921 1106 Do-

320 1146 503 1201 minus
523 1144 681 1215 ejecit
711 1146 778 1201 de
805 1143 1002 1215 templo
1032 1145 1217 1201 dicens
1251 1162 1265 1198 :
1297 1143 1478 1200 Nolite
1509 1146 1677 1216 facere
1697 1145 1913 1199 domum

321 1238 505 1294 Patris
526 1241 624 1294 mei
653 1240 863 1293 domum
897 1238 1253 1311 negotiationis
1274 1283 1289 1309 ,
1322 1238 1623 1308 speluncam
1655 1238 1916 1292 latronum

321 1331 509 1402 (Ioan.
539 1349 600 1402 ιι,
624 1332 741 1404 16).
761 1333 903 1405 Ergo
933 1348 1123 1389 sensus
1149 1332 1251 1389 iste
1281 1333 1459 1389 taliter
1479 1331 1917 1403 complectendus

321 1431 445 1490 est,
489 1431 547 1478 ut
591 1433 841 1494 putamus
886 1440 898 1476 :
936 1423 1005 1478 Us
1060 1439 1229 1477 meum
1280 1424 1625 1494 pronuntiavit
1654 1423 1919 1495 justitiam

324 1524 511 1583 tuam,
553 1518 669 1587 quia
696 1532 797 1569 non
839 1515 1053 1587 cognovi
1101 1516 1477 1587 negotiationes
1506 1556 1522 1583 ,
1554 1514 1672 1569 illas
1713 1513 1917 1569 scilicet

327 1628 455 1685 qua:
486 1612 640 1668 malis
673 1612 876 1667 actibus
903 1612 1271 1683 inquinentur.

402 1703 557 1758 Vers.
590 1702 677 1758 16.
709 1700 943 1757 Introibo
985 1702 1036 1756 in
1067 1703 1345 1770 potentiam
1392 1700 1643 1765 Domini;
1674 1699 1913 1765 Domine,

322 1796 875 1868 memoraborjustitiw
887 1804 987 1850 tua:
1003 1795 1185 1849 solius.
1203 1794 1497 1848 Potentiam
1514 1793 1757 1848 homines
1780 1792 1917 1848 uasti.

2030 587 2142 642 ﬁcit
2185 586 2351 654 ﬁdes,
2381 594 2437 641 et
2482 600 2575 655 per
2615 587 2896 643 universas
2946 587 3214 645 Ecclesiae
3257 588 3355 647 Dei
3380 590 3612 663 populus

2031 687 2282 751 augetur,
2311 693 2432 734 cum
2477 679 2665 737 mundi
2706 680 2859 737 istius
2888 690 3131 751 tempora
3171 681 3392 752 fugitiva
3418 683 3613 740 decre-

2030 782 2203 827 scant.
2237 770 2455 825 Senium
2483 778 2663 826 autem
2705 781 2918 841 tempus
2945 773 3076 829 illud
3102 774 3387 831 occiduum
3416 775 3610 835 intelli~

2029 865 2262 936 gendum
2280 874 2427 937 puto,
2442 864 2657 935 quando
2678 874 2732 921 et
2752 879 2930 922 saevus
2946 865 3037 923 ille
3057 874 3315 939 tyrannus
3333 868 3610 939 adveniet,

2030 965 2086 1012 et
2106 956 2257 1012 turba
2280 967 2571 1028 martyrum
2603 956 2743 1013 hanc
2773 957 2937 1014 vitam
2960 966 3143 1029 optato
3163 958 3271 1015 ﬁne
3298 959 3607 1017 concludet.

2026 1047 2301 1120 Sequitur,
2323 1050 2484 1105 donec
2526 1052 2827 1106 annuntiem
2857 1050 3125 1107 brachium
3150 1052 3317 1124 238
3343 1061 3489 1107 tuum
3518 1069 3611 1125 ge-

2026 1145 2303 1202 nerationi.
2355 1145 2530 1201 Homo
2574 1145 2666 1202 ille
2715 1144 2893 1202 ﬁdelis
2940 1144 3175 1215 loquitur
3225 1145 3612 1219 introductus,

2026 1247 2217 1308 petens
2259 1253 2289 1294 a
2337 1239 2563 1294 Domino
2594 1250 2651 1293 ιιι
2682 1256 2839 1311 usque
2862 1238 2931 1294 ad
2956 1249 3209 1295 senectam
3237 1249 3285 1295 et
3313 1241 3514 1297 senium
3551 1241 3611 1299 in

2026 1331 2283 1388 Ecclesia:
2307 1333 2724 1402 congregatione
2751 1339 3102 1403 permaneat,
3147 1330 3319 1388 donec
3342 1331 3611 1391 brachium

2024 1424 2232 1491 Patris,
2266 1425 2318 1480 id
2348 1433 2433 1480 est
2481 1424 2766 1480 Dominum
2800 1424 3141 1482 Salvatorem
3172 1425 3483 1482 succedenti
3508 1441 3609 1497 ge—

2026 1518 2289 1574 nerationi
2322 1518 2594 1575 hominum
2622 1518 2815 1575 debeat
2843 1517 3168 1589 praedicare,
3194 1517 3335 1575 sicut
3359 1519 3554 1590 legitur
3586 1537 3607 1577 ε

2024 1610 2094 1665 Et
2116 1611 2381 1665 brachium
2411 1611 2621 1665 Domini
2651 1611 2733 1665 cui
2763 1611 3043 1665 revelatum
3070 1616 3145 1665 est
3173 1609 3328 1681 (Issi.
3361 1625 3479 1679 ult,
3511 1605 3566 1681 Ι)
3584 1611 3615 1665 ι

2024 1712 2085 1757 ιιι
2135 1704 2324 1775 religio
2354 1703 2661 1759 Christiana
2687 1702 2855 1760 totius
2881 1703 3069 1759 mundi
3093 1702 3385 1760 devotione
3420 1703 3613 1760 dilatas

2024 1807 2148 1862 tur,
2180 1797 2418 1852 maxime
2446 1812 2567 1853 cum
2608 1797 2666 1852 in
2694 1795 2799 1853 ﬁne
2843 1796 3025 1853 saeculi
3050 1806 3360 1854 sanctorum
3403 1797 3609 1869 przede«

324 1898 474 1945 mant
489 1887 989 1961 pernegotiatioues
1004 1887 1304 1958 acquirere,
1320 1896 1371 1942 et
1389 1888 1441 1939 in
1466 1885 1566 1940 hoc
1580 1885 1780 1940 mundo
1798 1883 1914 1940 ﬁeri
1947 1888 1997 1949 B
2022 1889 2254 1944 stinatus
2290 1903 2548 1944 numerus
2570 1889 2919 1958 compleatur.

324 1979 728 2051 prtcminentes.
767 1979 871 2035 lste
898 1981 1104 2047 beatus,
1132 1980 1374 2049 neglecto
1398 1978 1489 2032 tali
1517 1977 1809 2049 proposito,
1836 1978 1917 2031 in-

323 2072 483 2126 troire
506 2085 565 2127 se
581 2069 709 2126 dicit
727 2071 781 2125 in
798 2072 1077 2141 potentiam
1100 2069 1330 2136 Domini,
1356 2070 1407 2124 id
1433 2078 1513 2125 est
1533 2068 1600 2123 ad
1625 2083 1786 2138 regna
1803 2083 1918 2125 cat-

324 2160 508 2229 lestia,
522 2161 611 2216 ubi
634 2176 822 2217 revera
840 2161 1151 2231 pervenisse
1162 2169 1309 2217 certa
1327 2160 1553 2229 felicitas
1565 2168 1667 2215 est.
1685 2157 1917 2215 Introibo

328 2261 512 2309 autem
537 2253 691 2324 dixit,
708 2264 768 2309 ut
791 2253 1100 2309 ostenderet
1122 2253 1416 2309 Jerusalem
1441 2267 1728 2323 supernam
1765 2253 1913 2307 clau-

324 2358 443 2398 sam
475 2345 714 2416 perﬁdis,
738 2355 976 2418 apertam
1005 2360 1126 2403 esse
1176 2346 1443 2402 ﬁdelibus.
1475 2346 1542 2400 Et
1579 2346 1702 2417 quid
1733 2346 1802 2399 ibi
1837 2347 1915 2401 fa~

322 2444 513 2491 cturus
538 2438 614 2501 sit
630 2438 1025 2509 subsequenter
1048 2447 1263 2494 enarrat
1288 2455 1304 2493 :
1327 2438 1566 2505 Domine,
1600 2440 1916 2493 ntemorabor

322 2529 541 2602 iustitia:
581 2538 683 2584 tute
707 2531 900 2597 solius;
937 2530 1032 2586 illo
1066 2531 1269 2586 scilicet
1315 2539 1555 2601 tempore
1583 2544 1702 2584 cum
1750 2545 1915 2600 agnos

324 2627 635 2689 sequestrat
680 2621 749 2676 ab
798 2620 964 2677 haedis
991 2664 1006 2689 ,
1054 2636 1173 2677 cum
1217 2631 1359 2676 totos
1403 2621 1639 2691 gentium
1686 2622 1914 2691 populos

322 2724 699 2770 momentanea
746 2716 998 2786 aequitate
1036 2717 1323 2781 discernit,
1369 2731 1487 2772 cum
1514 2717 1711 2786 impios
1743 2717 1793 2771 in
1823 2732 1917 2787 ge:

323 2803 587 2875 hennam,
608 2806 793 2863 ﬁdeles
820 2809 982 2863 mittit
1006 2808 1060 2864 in
1083 2808 1319 2879 requiem
1343 2808 1747 2878 sempiternam.
1766 2808 1916 2864 Tune

321 2901 473 2958 enim
502 2916 629 2957 vere
654 2916 860 2957 memor
891 2902 994 2958 erit
1034 2902 1261 2974 justitiae
1288 2901 1454 2958 solius
1500 2902 1748 2969 Domini,
1781 2915 1915 2971 quo-

323 2994 474 3049 niam
499 3008 614 3049 eam
638 3002 694 3050 et
721 2994 1041 3061 mirabilem,
1062 3002 1115 3050 et
1135 2995 1457 3067 singularem
1477 3009 1596 3050 esse
1617 2994 1912 3067 cognoscit3

407 3087 556 3143 Vcrs.
584 3088 671 3143 i7.
713 3087 887 3152 Deus,
915 3088 1131 3142 docuisti
1178 3062 1260 3141 me
1298 3105 1329 3141 a
1355 3091 1623 3161 juventute
1668 3062 1819 3153 mea;
1865 3062 1915 3142 ἦ

323 3201 489 3256 usque
515 3201 650 3239 nunc
673 3185 1015 3256 pronuntiabo
1037 3184 1291 3238 mirabilia
1310 3194 1417 3238 tua.
1432 3181 1760 3237 Iuventatem
1776 3180 1915 3236 dixi-

2107 1977 2255 2033 Vers.
2302 1978 2385 2033 19.
2432 1977 2584 2031 Omni
2619 1994 2735 2050 qua:
2760 1986 2977 2034 ventura
3002 1988 3076 2036 est
3106 1996 3124 2035 :
3156 1980 3437 2052 potentiam
3467 1988 3609 2051 tuam

2028 2080 2073 2127 et
2103 2072 2353 2136 iustitiam
2383 2082 2545 2138 tuam,
2568 2072 2728 2140 Dens,
2760 2089 2919 2145 usque
2948 2074 3001 2127 in
3021 2072 3292 2128 altissima.
3320 2072 3477 2128 Omni
3494 2087 3609 2145 qua

2025 2173 2236 2219 ventura
2257 2173 2351 2231 est,
2379 2163 2444 2219 ad
2470 2163 2765 2235 superioris
2785 2181 2973 2222 versus
2999 2174 3241 2223 extrema
3268 2165 3604 2239 jungendum

2024 2267 2145 2324 est,
2189 2257 2242 2313 id
2279 2268 2363 2313 est
2400 2259 2737 2330 generationi.
2760 2252 2843 2314 Et
2873 2276 2941 2316 ne
2973 2259 3196 2317 forsitan
3246 2272 3463 2332 putares
3497 2262 3607 2321 illis

2028 2362 2230 2409 tantum
2253 2352 2674 2411 denuntiandum
2700 2352 2863 2409 fuisse
2892 2353 3157 2409 brachium
3180 2353 3416 2422 Domini,
3447 2355 3500 2410 id
3521 2365 3607 2415 est

2024 2447 2312 2501 Dominum
2335 2445 2625 2513 Christum,
2648 2446 2738 2517 qui
2758 2446 2946 2502 eodem
2966 2457 3205 2517 tempore
3224 2446 3455 2512 fuerunt,
3481 2462 3608 2507 cum

2026 2538 2118 2593 ille
2140 2554 2236 2608 pro
2258 2538 2411 2594 nobis
2431 2537 2694 2594 incarnari
2721 2537 2965 2608 dignatus
2985 2549 3088 2608 est,
3102 2538 3327 2607 addidit,
3350 2555 3467 2611 qua:
3487 2555 3606 2595 ven-

2025 2637 2139 2682 tura
2163 2637 2264 2693 cst,
2293 2637 2351 2683 ut
2382 2630 2520 2683 hanc
2550 2628 2986 2698 praedicationem
3020 2644 3189 2699 usque
3216 2630 3282 2685 ad
3311 2631 3473 2685 ﬁnem
3503 2646 3605 2687 sese

2024 2719 2129 2773 culi
2156 2732 2507 2788 cognosceres
2534 2733 2653 2775 esse
2680 2718 2997 2774 faciendam.
3023 2719 3295 2791 Sequitur,
3325 2723 3605 2792 potentiam

2023 2816 2166 2863 tuam
2201 2818 2250 2865 et
2298 2810 2536 2879 justitam
2567 2819 2706 2865 tuam
2733 2853 2748 2878 ,
2781 2809 2950 2877 Deus;
2998 2811 3085 2866 hic
3130 2826 3341 2882 quoque
3370 2811 3603 2867 redden-

2021 2898 2147 2955 dum
2178 2907 2282 2967 est,
2314 2900 2474 2954 donec
2503 2901 2820 2954 annuntiem.
2846 2900 2981 2955 Nam
3021 2902 3249 2970 potentia
3277 2902 3341 2957 ad
3369 2902 3601 2973 gratiam

2020 2990 2403 3048 incarnationis
2432 2992 2685 3062 respicit,
2726 3007 2821 3062 per
2860 3008 3019 3063 quam
3066 2993 3337 3050 hominem
3371 2996 3605 3055 liberare

2022 3082 2270 3153 dignatus
2296 3090 2406 3149 est;
2442 3083 2651 3152 justitia
2680 3081 2744 3136 ad
2769 3079 3053 3152 judicium,
3082 3084 3134 3138 in
3163 3096 3270 3151 quo
3290 3083 3459 3140 Adam
3489 3087 3605 3141 inov

2021 3174 2260 3230 bedienti
2288 3182 2513 3229 mortem
2539 3173 2830 3230 adduxisse
2858 3175 3220 3245 cognoscitur.
3252 3175 3359 3231 Nec
3391 3186 3605 3239 moveat

323 3292 447 3332 mus
476 3276 674 3333 debere
695 3277 869 3349 accipi
901 3294 964 3333 ex
991 3292 1097 3348 quo
1124 3275 1351 3347 coeperit
1389 3276 1548 3330 homo
1580 3275 1645 3328 ad
1677 3274 1915 3329 divinam
1945 3278 1993 3343 ο
2024 3268 2163 3341 quod
2192 3268 2381 3323 ordine
2420 3277 2807 3339 prteposterato
2847 3268 2985 3345 dicta
3015 3278 3141 3324 sunt
3163 3312 3178 3339 ,
3214 3285 3333 3325 cum
3364 3269 3466 3326 hoc
3496 3272 3605 3327 fre-

322 3370 554 3438 gratiam
583 3369 882 3440 pervenire,
914 3371 1038 3440 quia
1069 3376 1195 3429 tunc
1230 3368 1437 3445 animae
1470 3366 1675 3422 viribus
1704 3367 1910 3435 ﬁrmus,

324 3469 454 3517 tunc
500 3460 687 3532 incipit
713 3475 833 3517 esse
871 3463 1141 3517 robustus.
1186 3457 1422 3514 Docuisti
1452 3468 1655 3525 autem,
1694 3458 1807 3513 sive
1845 3458 1913 3514 ad

326 3554 495 3609 libros
512 3555 748 3624 pertinet
766 3552 995 3621 divinos,
1020 3554 1133 3609 sive
1156 3554 1223 3609 ad
1241 3552 1469 3608 inlusam
1488 3553 1704 3608 caelitus
1728 3551 1910 3607 ﬁdem.

329 3650 393 3705 Et
422 3663 489 3704 ne
521 3656 726 3703 tantum
760 3649 899 3704 hanc
928 3648 1210 3703 scientiam
1249 3648 1300 3702 in
1328 3648 1633 3718 primordiis
1659 3646 1912 3703 crederes

324 3740 669 3810 acquisitam,
698 3739 857 3806 dicit,
890 3739 1031 3811 quod
1074 3739 1246 3795 beatis
1279 3740 1548 3795 mentibus
1591 3740 1729 3795 solet
1772 3740 1913 3794 acci-

324 3836 486 3901 dere;
516 3844 566 3889 et
592 3851 749 3906 usque
787 3851 953 3903 nunc,
991 3841 1049 3888 ut
1097 3848 1193 3904 per
1237 3834 1409 3904 spatia
1450 3842 1750 3905 temporum
1793 3833 1911 3904 ejus

324 3926 573 3984 doctrina
622 3926 855 3982 crevisse
886 3926 1179 3982 videretur.
1202 3976 1207 3980 .
1234 3926 1487 3996 Sequitur
1509 3970 1524 3993 ,
1567 3928 1909 3998 pronuntiabo

328 4019 583 4072 mirabilia
610 4030 714 4073 tua.
751 4018 945 4090 Utique
966 4019 1226 4073 mirabilia
1267 4019 1503 4085 fuerunt,
1534 4027 1589 4074 ut
1626 4019 1913 4074 doceretur

330 4107 603 4177 indoctus,
634 4117 689 4163 ut
715 4125 777 4166 es
822 4109 1025 4179 perﬁdo
1052 4109 1206 4165 ﬁeret
1245 4109 1505 4177 devotus,
1539 4119 1592 4164 ut
1619 4124 1685 4164 ex
1718 4118 1912 4179 pecca-

326 4211 447 4259 tore
472 4204 817 4276 justissimus.
868 4205 995 4260 Ilaec
1042 4220 1169 4275 ergo
1215 4219 1273 4260 se
1319 4204 1737 4276 praedicaturum
1790 4218 1913 4259 esse

328 4296 658 4367 pronuntiat,
690 4311 807 4367 quae
838 4296 893 4351 in
916 4296 1033 4366 ipso
1059 4295 1262 4352 fecerat
1288 4296 1464 4351 divina
1492 4296 1801 4354 clementia.

399 4389 554 4445 Vers.
587 4390 674 4446 18.
709 4390 776 4443 Et
829 4406 989 4461 usque
1017 4391 1071 4444 in
1100 4398 1356 4444 senectam
1391 4398 1442 4444 et
1480 4391 1696 4455 senium,
1731 4388 1867 4443 Deus
1892 4430 1909 4456 ,

324 4499 387 4537 ne
411 4483 737 4554 derelinquas
777 4499 858 4538 me
884 4498 903 4537 :
931 4483 1091 4537 donec
1140 4483 1444 4537 annuntiem
1476 4481 1737 4535 brachium
1766 4491 1912 4535 tuum

326 4577 659 4646 generationi.
692 4575 847 4645 Apud
888 4574 1106 4630 Graecos
1148 4575 1252 4629 duo
1292 4574 1508 4629 nomina
1550 4575 1649 4628 ista
1698 4575 1908 4629 diversa

2019 3375 2247 3437 quenter
2268 3366 2323 3419 in
2350 3363 2645 3435 Scripturis
2672 3366 2872 3422 sanctis
2900 3367 3162 3424 invenias.
3190 3366 3359 3437 Usque
3377 3369 3430 3423 in
3455 3371 3604 3425 altis-

2016 3457 2150 3511 sima
2177 3472 2306 3513 vero
2352 3456 2479 3512 illud
2520 3456 2782 3526 declarat,
2838 3459 2962 3527 quia
2991 3466 3277 3531 utrumque
3318 3460 3599 3535 mirabile,

2017 3558 2302 3620 utrumque
2346 3550 2639 3620 gloriosum
2670 3559 2791 3617 est,
2835 3559 3140 3620 reparatum
3186 3552 3458 3609 hominem
3505 3569 3604 3625 per

2016 3645 2267 3715 gratiam,
2300 3645 2389 3715 qui
2418 3644 2567 3715 prius
2600 3644 2905 3717 fuerat.per
2929 3643 3190 3715 justitiam
3217 3645 3337 3716 jure
3378 3646 3603 3703 damna.-

2017 3744 2122 3792 tus.
2158 3735 2464 3791 Tendamus
2488 3736 2649 3791 etiam
2678 3732 3008 3790 intellectum
3034 3752 3193 3805 usque
3220 3738 3274 3791 in
3299 3737 3552 3792 altissima
3578 3777 3596 3809 ,

2017 3830 2140 3898 quia
2171 3828 2307 3883 Deus
2339 3828 2497 3882 homo
2528 3826 2683 3883 sedet
2709 3828 2775 3882 ad
2817 3828 3090 3885 dexteram
3120 3828 3295 3885 Patris
3320 3871 3336 3897 ,
3368 3846 3601 3901 regnans

2017 3938 2140 3978 cum
2182 3937 2250 3977 eo
2278 3930 2331 3976 et
2360 3920 2564 3991 Spiritu
2591 3929 2778 3977 saneto
2809 3936 2905 3992 per
2933 3921 3143 3979 inﬁnita
3189 3925 3387 3979 saecula
3428 3940 3598 3980 szecu—

2015 4013 2213 4068 lorum.

2090 4107 2245 4163 Vers.
2270 4107 2361 4162 20.
2392 4107 2520 4173 Qua:
2546 4106 2709 4177 fecisti
2748 4103 3044 4177 magnalia!
3077 4104 3233 4174 Deus,
3275 4107 3389 4176 quis
3415 4107 3602 4177 similis

2017 4204 2143 4259 tibi?
2187 4201 2477 4272 Postquam
2515 4199 2741 4271 gratiam
2796 4196 3069 4258 Creatoris
3099 4210 3154 4257 et
3188 4198 3450 4271 justitiam
3481 4191 3599 4273 ejus

2017 4311 2186 4367 usque
2212 4297 2263 4351 in
2296 4294 2556 4351 altissima
2601 4292 2736 4349 dixit
2778 4307 2902 4351 esse
2941 4308 3281 4365 progressam
3303 4337 3317 4361 ,
3347 4298 3494 4355 venit
3529 4298 3597 4363 ad

2018 4389 2226 4444 tertiam
2280 4395 2485 4457 partem
2514 4426 2532 4455 ,
2583 4384 2674 4441 ubi
2733 4385 2982 4457 hymnica
3028 4386 3389 4445 exsultatione
3447 4404 3593 4446 con-

2016 4481 2252 4537 celebrat
2293 4488 2545 4550 quantam
2584 4478 2849 4549 justitiam
2884 4480 3232 4546 peccantibus
3262 4482 3594 4551 ostenderit,

2017 4581 2069 4627 et
2098 4572 2371 4628 conversis
2415 4572 2606 4626 iterum
2653 4570 2996 4626 clementiam
3037 4586 3149 4625 sua:
3178 4571 3392 4641 pietatis
3418 4573 3598 4632 indul~

324 4676 481 4735 sunt;
517 4678 769 4723 senectam
810 4668 1123 4737 gravitatem
1172 4674 1401 4735 vocant,
1448 4667 1648 4719 senium
1696 4675 1906 4721 mtatcm
1934 4659 1989 4720 D
2013 4666 2164 4722 serit.
2210 4665 2378 4721 Adam
2410 4665 2608 4735 quippe
2641 4663 3044 4719 inobedientem
3083 4665 3331 4734 protinus
3359 4668 3595 4736 paradisi

325 4759 628 4813 finitimam.
675 4758 782 4814 Sed
808 4759 933 4829 quia
978 4757 1238 4812 Latinitas
1285 4757 1400 4811 huic
1438 4756 1545 4810 duo
1576 4755 1906 4810 dissonantia

324 4848 428 4903 sibi
474 4863 578 4902 non
624 4847 831 4914 habuit,
892 4846 977 4901 hic
1007 4854 1192 4901 rutatos
1222 4846 1340 4899 dum
1365 4886 1380 4911 ,
1416 4847 1569 4915 quasi
1618 4845 1780 4899 simili
1811 4859 1909 4899 no-

324 4941 469 4995 mine
499 4951 896 5009 nuucupantur,
921 4939 973 4993 id
1003 4950 1106 5006 est,
1140 4951 1336 4992 senecta
1365 4947 1413 4991 ct
1450 4939 1668 4991 senium.
1704 4938 1907 4993 Sensus

322 5048 452 5103 ergo
482 5034 599 5088 talis
628 5042 734 5099 est,
758 5042 816 5087 ut
842 5033 965 5103 quia
995 5049 1052 5088 se
1073 5032 1281 5087 dixerat
1314 5047 1342 5084 a
1372 5031 1654 5101 juventute
1684 5046 1778 5087 sua
1811 5031 1908 5086 do-

321 5134 491 5191 ctum,
521 5135 580 5179 ut
629 5125 797 5180 solam
833 5124 1043 5179 Domini
1080 5123 1341 5193 justitiam
1390 5124 1726 5193 praedicaret,
1761 5138 1905 5179 nunc

323 5217 459 5288 petit
492 5226 546 5271 ut
601 5232 774 5287 neque
814 5218 867 5272 in
908 5225 1116 5272 matura
1147 5257 1162 5285 ,
1205 5230 1379 5287 neque
1428 5216 1481 5270 in
1534 5217 1691 5272 senili
1751 5226 1909 5273 aetate

321 5309 604 5367 deseratur
632 5325 663 5366 a
693 5309 951 5375 Domino;
1006 5317 1268 5380 quatenus
1299 5306 1417 5377 ejus
1457 5306 1771 5363 fortitudine
1814 5322 1910 5363 ro-

321 5404 567 5473 boratus,
592 5419 764 5474 usque
802 5403 869 5459 ad
902 5404 1060 5458 ﬁnem
1104 5416 1259 5458 suum
1286 5401 1474 5457 laudes
1501 5399 1667 5470 possit
1704 5400 1913 5456 debitas

322 5501 617 5573 explicare.
659 5501 763 5558 Sed
790 5500 1067 5556 videamus
1090 5507 1273 5554 aetates
1302 5496 1419 5552 ista:
1455 5497 1648 5567 quibus
1673 5503 1798 5551 sunt
1824 5510 1910 5551 as-

329 5596 605 5669 signandae
637 5595 986 5667 temporibus.
1017 5593 1273 5649 Juventus
1298 5590 1394 5645 fuit
1423 5588 1698 5654 Ecclesiae,
1739 5603 1908 5658 quan-

324 5692 397 5746 do
442 5689 701 5746 Dominus
740 5687 1024 5744 crucilixus
1067 5694 1151 5741 est
1196 5683 1437 5740 Christus
1462 5722 1478 5751 ,
1523 5681 1737 5753 quando
1763 5696 1907 5736 mar-

324 5791 502 5859 tyrum
558 5783 710 5840 turba
762 5782 1078 5849 dimicavit,
1138 5788 1193 5836 et
1248 5777 1599 5835 morientibus
1657 5776 1905 5834 ﬁdelibus

323 5875 582 5936 Ecclesia
638 5876 806 5935 virtus
860 5875 1127 5948 apparuit.
1181 5871 1450 5931 Senectam
1495 5884 1626 5928 vero
1679 5869 1905 5928 dicimus

2013 4759 2288 4827 voluptate
2336 4756 2591 4826 privavit;
2648 4755 2916 4810 latronem
2959 4753 3308 4812 conﬁtentem
3358 4758 3423 4814 ad
3475 4760 3595 4831 ejus

2013 4866 2222 4905 amoma
2253 4850 2508 4904 velociter
2538 4849 2848 4904 intromisit.
2868 4848 3004 4903 Itec
3030 4858 3154 4904 sunt
3185 4851 3447 4919 magnalia
3470 4870 3591 4925 quae

2014 4942 2295 4996 Dominum
2323 4940 2511 4995 fecisse
2530 4947 2785 5007 testatur;
2813 4938 3065 5009 quoniam
3086 4947 3142 4994 et
3163 4939 3227 4994 ad
3245 4938 3595 5009 judicandum

2013 5033 2358 5103 singulariter
2388 5031 2543 5087 fortis
2573 5031 2894 5098 ostenditur,
2932 5038 2987 5086 et
3015 5031 3080 5085 ad
3112 5030 3446 5090 liberandum
3469 5039 3595 5096 uul-

2013 5125 2098 5181 lus
2128 5127 2177 5181 ei
2208 5125 2403 5181 similis
2447 5126 2734 5180 invenitur.
2770 5125 2934 5190 Quw!
2962 5139 3083 5180 cum
3134 5127 3486 5189 admiratione
3515 5134 3596 5191 le-

2014 5220 2248 5291 gendum
2297 5227 2416 5288 est,
2470 5219 2594 5287 quia
2642 5218 2821 5273 nullus
2874 5220 3361 5290 comprehendere,
3414 5225 3594 5284 nullus

2017 5313 2221 5370 sufﬁcit
2243 5313 2405 5383 digne
2438 5310 2676 5367 laudare.
2703 5310 2973 5384 Hagnalia
2997 5313 3141 5370 enim
3171 5329 3200 5368 a
3229 5317 3597 5387 magnitudine

2017 5408 2361 5473 vocitantur,
2407 5420 2526 5475 qua:
2569 5413 2842 5477 stuporem
2887 5405 3134 5465 humanis
3180 5409 3449 5467 mentibus
3496 5425 3596 5481 per

2022 5515 2172 5557 suam
2205 5499 2453 5554 videntur
2497 5499 2671 5555 facere
2698 5501 3080 5569 granditatem.
3106 5501 3291 5560 Intulit
3329 5519 3541 5575 quoque
3574 5522 3591 5560 :

2023 5595 2149 5661 Quis
2178 5592 2357 5648 similis
2387 5593 2520 5647 tibi?
2560 5595 2681 5664 quia
2714 5610 2778 5651 ex
2810 5596 3061 5664 operibus
3102 5597 3213 5653 suis
3255 5598 3595 5668 cognoscitur

2020 5686 2326 5757 singularis.
2355 5686 2660 5757 Magnitudo
2690 5687 2953 5760 siquidem
2983 5688 3148 5759 facti,
3184 5692 3478 5760 potentiam
3507 5699 3593 5745 te-

2018 5790 2187 5834 statur
2217 5780 2465 5841 auctoris.

2095 5871 2243 5929 Vers.
2272 5872 2361 5929 2t.
2394 5871 2623 5939 Quantas
2645 5873 2906 5932 ostendisti
2932 5871 3060 5930 mihi
3079 5871 3435 5935 tribulatione
3454 5871 3594 5931 ntul-
