4020 6348
498 413 598 474 503

1719 419 1788 474 Μ.
1826 417 2104 476 AURELII
2141 417 2544 478 CASSIODORI

3661 415 3796 479 505

497 539 578 589 tas
603 538 654 588 et
678 534 940 590 malaslet
968 547 1242 592 conversus
1266 534 1530 606 viviﬁcain
1560 551 1659 592 me.
1701 535 1932 603 Quantas
1954 525 2080 590 item
2106 532 2168 596 Α
2188 547 2311 591 esse
2341 535 2596 605 veritatis,
2629 531 2786 606 quasi
2810 531 3110 604 Spiritualia
3153 531 3297 590 dolia
3344 532 3527 591 vinum
3557 534 3787 593 Domini

496 626 600 684 sub
632 625 986 684 admiratione
1014 627 1299 697 legendum
1327 637 1428 695 est,
1462 628 1616 698 quasi
1660 609 2080 684 innumerabiles

495 721 799 790 passiones.
831 719 1055 775 Intende
1081 720 1243 775 etiam
1273 718 1417 791 quod
1439 719 1590 790 dicit,
1618 719 1884 776 ostendisti
1910 735 1931 776 :
1953 717 2081 790 quia

493 810 748 868 ﬁdelibus
769 810 837 867 ad
864 824 1102 881 praesens
1132 812 1295 867 duras
1325 811 1678 868 tribulationes
1707 810 1984 879 ostendit,
2025 821 2080 866 ct

495 903 740 973 quamvis
779 901 932 958 malle
956 901 1044 958 vel
1067 902 1244 958 multa:
1269 916 1392 960 esse
1424 902 1708 961 videantur
1731 944 1747 968 ,
1781 904 1834 958 in
1876 902 2078 957 bonum

492 989 951 1050 tamen’recidunt
974 1035 990 1061 ,
1033 996 1158 1066 quia
1190 997 1449 1066 prodesse
1493 995 1850 1053 contendunt.
1883 994 2080 1050 Multas

493 1098 622 1154 ergo
663 1085 1012 1156 quantitatem
1041 1129 1058 1156 ,
1098 1087 1267 1144 malas
1314 1088 1553 1145 indicant
1581 1089 1919 1160 qualitatem.
1971 1087 2075 1144 Se-

490 1178 708 1248 quitur,
749 1185 795 1232 et
819 1195 1092 1234 conversus
1117 1181 1508 1250 viviﬁcastime.
1538 1181 1600 1237 Si
1640 1189 1884 1236 naturam
1917 1178 2079 1236 Verbi

492 1267 832 1336 consideres,
859 1284 1076 1341 semper
1105 1273 1557 1343 inconvertibilis,
1581 1287 1796 1343 semper
1825 1271 2080 1343 probatur

488 1357 814 1428 immobilis;
846 1364 940 1419 sed
986 1379 1261 1422 conversus
1288 1365 1421 1422 dicit
1459 1381 1558 1437 per
1586 1367 1936 1438 tropologiam
1960 1407 1979 1436 ,
2026 1367 2078 1423 id

488 1460 580 1508 est
607 1453 850 1510 converti
877 1470 966 1510 me
995 1454 1172 1512 fecisti
1203 1475 1216 1511 :
1255 1458 1381 1528 quia
1421 1457 1682 1514 distortus
1725 1457 1928 1514 fueram
1960 1458 2081 1531 lege

487 1545 722 1615 peccati.
755 1544 1018 1602 Fidelium
1049 1548 1249 1620 quippe
1275 1549 1548 1607 tribulatio
1594 1549 1740 1606 ducit
1766 1550 1835 1606 ad
1865 1549 2029 1606 vitam
2056 1593 2074 1622 ,

487 1635 633 1693 sicut
660 1637 719 1692 in
745 1636 1042 1708 Evangelio
1087 1639 1259 1695 dicit:
1289 1639 1438 1698 Beati
1475 1643 1566 1714 qui
1594 1643 1800 1715 lugent,
1832 1643 2079 1715 quoniam

488 1723 596 1796 ipsi
614 1726 1021 1783 consolabuntur
1049 1729 1269 1802 (Matth.
1291 1747 1348 1800 v,
1377 1731 1458 1805 5).

567 1856 722 1914 Vers.
744 1859 835 1914 22.
864 1859 932 1914 Et
959 1862 1023 1918 de
1051 1863 1248 1936 abyssis
1279 1875 1429 1923 terrae
1467 1867 1653 1924 iterum
1673 1869 1927 1925 reduxisti
1956 1887 2072 1938 me;

489 1950 843 2021 multiplicasti
855 1954 1113 2022 justitiam
1148 1967 1307 2027 tuam,
1339 1968 1387 2014 et
1412 1975 1681 2016 conversus
1706 1962 2002 2018 exhortatus
2026 1980 2078 2019 es

488 2056 594 2096 me.
621 2043 842 2114 Abyssos
893 2048 1109 2117 quidem
1141 2051 1370 2120 legimus
1400 2052 1713 2110 altitudines
1756 2055 1923 2111 divini
1952 2071 2080 2112 sen-

487 2151 619 2205 sus,
652 2139 794 2195 sicut
836 2141 893 2197 in
937 2145 1047 2200 alio
1090 2146 1212 2203 loco
1238 2149 1520 2207 Psalmista
1546 2151 1678 2210 dicit
1704 2170 1719 2209 :
1748 2154 1962 2211 Iudicia
1993 2166 2083 2214 tua

488 2231 708 2302 ubyssus
735 2235 898 2290 multa
941 2236 1130 2308 (Psal.
1168 2255 1310 2296 xxxv
1331 2282 1346 2308 ,
1375 2241 1464 2306 7).
1493 2243 1599 2300 Sed
1628 2244 1716 2302 hic
1757 2247 1878 2302 ideo
1929 2258 2080 2305 terra:

489 2320 734 2377 additum
783 2334 906 2393 est,
939 2335 998 2381 ut
1026 2330 1318 2398 profundas
1370 2346 1650 2391 mensuras
1689 2345 1742 2393 et
1789 2341 2077 2410 voragines

488 2411 771 2470 debuisses
799 2417 1100 2490 intelligere
1125 2431 1484 2493 peccatorum,
1510 2427 1650 2484 unde
1677 2443 1737 2485 se
1767 2429 2078 2504 frequenter

486 2503 558 2559 ad
604 2506 726 2560 vitae
755 2508 949 2577 gaudia
980 2523 1287 2568 revocatum
1313 2529 1436 2572 esse
1478 2518 1776 2587 profitetur.
1823 2522 1930 2580 Sed
1976 2525 2076 2581 ad-

486 2608 764 2658 vertamus
794 2604 923 2673 quid
953 2607 1058 2662 sibi
1091 2609 1221 2665 velit
1259 2609 1363 2672 hoc
1392 2613 1535 2684 quod
1571 2615 1756 2670 iterum
1783 2616 1933 2674 dicit.
1966 2621 2077 2678 Ite-

485 2707 605 2746 rum
635 2694 865 2762 positum
892 2705 976 2752 est
1003 2713 1100 2768 pro
1124 2700 1411 2772 frequenti,
1445 2715 1510 2760 eo
1537 2706 1679 2776 quod
1707 2709 2076 2780 multipliciter

484 2784 691 2856 aliquid
715 2787 960 2844 iteretnr.
987 2791 1045 2846 lu
1067 2801 1223 2850 sexto
1243 2797 1441 2868 quippe
1463 2798 1672 2868 psalmo
1696 2803 2072 2862 auctoritatem

483 2878 660 2934 secuti
683 2880 968 2953 majorum,
997 2883 1232 2944 diximus
1257 2896 1464 2960 septem
1487 2891 1664 2948 modis
1691 2895 2069 2954 remissionem

482 2969 644 3026 nobis
678 2971 965 3030 Dominum
994 2979 1297 3038 concedere
1345 2993 1708 3053 peccatorum.
1760 2986 1944 3045 Primo
1972 3005 2072 3060 per

479 3061 834 3137 baptismum,
861 3073 1102 3127 secundo
1130 3089 1228 3144 per
1257 3077 1594 3147 martyrium,
1618 3080 1774 3136 tertio
1802 3096 1901 3150 per
1925 3082 2069 3140 eice-

480 3169 762 3226 mosynas,
795 3171 988 3230 quarto
1015 3176 1138 3218 cum
1178 3165 1513 3224 debitoribus
1541 3172 1742 3226 nostris
1769 3173 1948 3230 debita
1979 3190 2067 3231 re-

475 3242 757 3322 laxamus,
804 3255 993 3324 quinto
1027 3273 1124 3328 per
1167 3262 1577 3320 conversionem
1609 3265 1833 3324 fratrum
1855 3313 1872 3341 ,
1909 3278 2065 3327 sexto

477 3353 580 3412 per
609 3343 998 3402 abundantiam
1041 3350 1318 3408 cbaritatis
1345 3398 1360 3424 ,
1408 3358 1636 3426 septimo
1676 3375 1772 3430 per
1801 3362 2062 3432 paeniten-

476 3433 634 3490 tiam.
671 3435 839 3494 Forte
868 3439 1046 3498 adhuc
1072 3453 1127 3500 et
1153 3445 1273 3501 aliis
1301 3449 1709 3508 remissionibus
1748 3464 1928 3512 nostra
1957 3457 2063 3514 fra-

476 3525 654 3596 gilitas
706 3529 1038 3588 sublevatur.
1104 3534 1392 3594 Sciendum
1457 3550 1636 3599 tamen
1697 3545 1820 3602 ideo
1875 3549 2062 3606 iterum

475 3615 718 3688 dictum,
768 3631 829 3678 ut
886 3624 1148 3682 medicina
1210 3630 1325 3700 ejus
1380 3631 1714 3705 frequentior
1771 3637 2058 3698 indicetur.

475 3707 608 3765 Nam
657 3715 798 3783 quod
841 3717 1009 3787 dicit,
1055 3719 1414 3794 multiplicasti
1446 3729 1705 3800 justitiam
1751 3743 1930 3801 tuam,
1971 3752 2063 3792 su-

471 3805 742 3873 perierem
803 3823 1019 3867 sensum
1069 3815 1326 3884 probatur
1380 3835 1649 3892 exponere
1689 3840 1704 3880 :
1747 3827 1868 3896 quia
1900 3829 2062 3900 justi-

472 3897 600 3952 tiam
629 3914 782 3956 suam
823 3903 1180 3976 multiplicat,
1212 3913 1426 3981 quando
1472 3916 1628 3972 nobis
1675 3933 1772 3988 per
1816 3897 2059 3978 diversas

470 4000 666 4043 causas
687 3992 1038 4051 aiflictionum
1065 3998 1352 4059 subvenire
1373 4003 1648 4076 dignatur.
1676 4007 1892 4065 Iustitia
1912 4012 2059 4067 enim

468 4080 687 4140 Domini
719 4102 865 4158 saepe
912 4090 1130 4159 dicitur,
1171 4109 1291 4149 cum
1337 4097 1764 4156 misericordiam
1798 4100 1962 4168 facit,
2004 4111 2062 4159 et

463 4170 662 4230 iterum
692 4178 1063 4238 misericordia
1089 4184 1257 4254 ipsius
1281 4185 1491 4256 justitia
1521 4201 1882 4261 nuncupatur,
1930 4193 2058 4264 quia

467 4265 578 4322 sibi
601 4282 814 4340 semper
837 4283 1120 4346 utrumque
1147 4277 1493 4349 conjunctum
1516 4292 1597 4337 est
1622 4323 1637 4350 ,
1665 4285 1806 4341 sicut
1831 4286 1887 4340 in
1931 4301 2060 4342 ccn-

469 4356 666 4412 tesimo
713 4362 919 4427 psalmo
964 4365 1160 4435 legitur
1191 4386 1206 4422 :
1241 4367 1657 4427 Miserioordiam
1704 4384 1752 4430 et
1795 4378 2058 4445 judicium

465 4445 684 4500 cantabo
742 4449 875 4518 tibi,
935 4453 1155 4510 Domine
1204 4456 1390 4528 (Psal.
1438 4475 1505 4532 c,
1537 4463 1626 4533 1).
1677 4465 1974 4539 Sequitur,
2007 4482 2056 4525 et

463 4551 740 4596 conversus
765 4543 1065 4602 exhortatus
1093 4564 1148 4604 es
1179 4567 1277 4606 me.
1305 4553 1418 4631 Hoc
1436 4555 1658 4621 verbum
1687 4574 1846 4630 quam
1877 4570 2056 4631 pater-

460 4643 593 4686 num
616 4632 689 4690 sit
712 4634 974 4694 debemus
993 4639 1296 4711 advertere,
1327 4628 1384 4700 ut
1405 4645 1633 4704 famulos
1655 4628 1782 4708 suos
1804 4628 2048 4724 quamvis

457 4828 682 4874 manere
711 4835 817 4877 non
846 4824 1044 4893 patitur
1067 4867 1082 4894 ,
1125 4827 1251 4936 d.um
1297 4831 1697 4906 Scripturarum
1733 4839 2038 4901 divinarum

456 4918 552 5005 eos
598 4922 784 4968 sancto
827 4917 1064 4989 alloquio
1094 4917 1421 4984 co‘nsolatur.
1467 4929 1820 5005 Exhortatio,
1847 4952 2042 4994 censo-

453 4993 590 5053 latio
614 4999 774 5096 debet
813 5001 1060 5085 intelligi,
1089 5031 1208 5086 qua:
1237 5022 1446 5078 animos
1467 5027 1762 5096 componit,
1793 4993 2045 5089 afﬂictio‘

454 5093 846 5193 nent-relevat,
879 5109 937 5157 et
983 5116 1216 5165 mentem
1255 5123 1412 5169 sanat
1438 5093 1667 5176 diversis
1694 5120 2046 5193 languoribus

453 5184 768 5244 sauciatam.

528 5318 683 5376 Vers.
713 5323 807 5417 25.
849 5325 962 5398 Ego
990 5340 1159 5387 autem
1187 5339 1464 5407 conﬁtebor
1493 5341 1584 5396 tibi
1627 5345 1679 5398 in
1719 5347 1852 5401 uasis
1894 5350 2040 5417 psal-

451 5423 655 5464 morum
683 5415 948 5472 veritatem
973 5430 1134 5477 tuam.
1179 5425 1309 5484 Cum
1343 5430 1600 5488 Dominus
1642 5415 1902 5493 fidelibus
1923 5441 2039 5496 suis

447 5516 550 5601 per
577 5505 980 5570 exhortationes
1010 5517 1126 5586 pias
1162 5523 1384 5590 prmmia
1431 5536 1632 5584 aeterna
1680 5532 1992 5600 promiserit
2014 5575 2032 5601 ,

449 5591 538 5649 hic
559 5595 666 5664 jam
690 5599 865 5668 justus
897 5603 981 5661 ille
1003 5612 1269 5676 generalis
1295 5613 1449 5670 lretns
1480 5591 1762 5675 veritatem
1797 5638 1857 5679 se
1883 5626 2038 5694 psal-

448 5683 566 5743 lere
589 5691 876 5749 conlitelur
901 5737 916 5763 ,
963 5697 1013 5751 id
1055 5709 1155 5766 est,
1187 5703 1310 5772 quia
1356 5706 1563 5761 Domini
1599 5715 1859 5776 promissa
1883 5683 2037 5770 ⁸εοιιι-

449 5781 645 5852 plenda
669 5799 812 5856 sunt,
846 5789 970 5843 dum
999 5795 1168 5846 nescit
1200 5794 1403 5862 fallere,
1430 5803 1568 5868 quod
1598 5812 1802 5859 tuterna
1824 5805 2038 5862 Veritas

448 5878 754 5947 pullicetur.
787 5885 1016 5946 Pulchre
1039 5896 1216 5945 autem
1251 5891 1526 5951 deﬁnitum
1555 5910 1635 5954 est
1661 5901 1890 5967 psalmos
1921 5919 2041 5960 vasa

2183 624 2496 696 incorrupto
2523 639 2718 696 sapore
2745 626 3040 682 servantia.

2253 713 2412 771 Vers.
2441 713 2536 772 24.
2566 711 2804 770 Psallam
2839 715 2954 786 tibi,
2979 714 3124 772 Deus
3146 757 3164 785 ,
3199 717 3256 774 in
3297 717 3501 775 cithara
3521 759 3537 789 ,
3562 727 3788 780 sanctus

2181 805 2375 862 Israel.
2421 807 2758 880 Frequenter
2786 807 3022 865 diximus
3068 809 3311 868 ﬁdelium
3337 808 3786 870 Christianam

2181 900 2317 959 duas
2358 902 2619 977 maximas
2655 916 2778 960 esse
2807 905 3032 962 virtutes
3056 945 3072 972 ,
3125 905 3465 983 Spiritualem
3514 907 3581 963 ad
3630 907 3785 965 bene

2179 993 2533 1064 credendum,
2561 995 2824 1054 aetualem
2851 997 2920 1054 ad
2947 997 3086 1056 bene
3114 999 3403 1070 agendum,
3430 1014 3564 1072 quas
3591 1000 3683 1057 hic
3711 1016 3782 1057 se

2180 1098 2278 1155 per
2326 1087 2536 1158 species
2586 1087 2821 1145 musicas
2872 1097 3131 1162 utrasque
3183 1091 3412 1148 Domino
3457 1089 3776 1148 oblaturum

2181 1191 2303 1235 esse
2349 1181 2634 1251 promittit.
2685 1179 2819 1238 Nam
2849 1183 2994 1254 quo‘d
3022 1183 3090 1240 ad
3125 1185 3464 1256 spiritualem
3509 1187 3777 1244 virtutem

2180 1267 2435 1339 pertinet,
2471 1272 2525 1325 in
2553 1269 2836 1341 superiore
2863 1285 3022 1328 versu
3049 1273 3316 1344 psalmum
3345 1289 3407 1332 se
3429 1285 3776 1336 cantaturum

2180 1371 2304 1415 esse
2329 1358 2596 1433 pollicitus
2616 1368 2732 1428 est;
2762 1361 2908 1432 quod
2928 1361 2998 1418 ad
3018 1364 3307 1434 actualem,
3341 1365 3394 1422 in
3422 1365 3631 1424 cithara
3657 1368 3774 1425 tau.

2180 1448 2315 1508 dare
2340 1466 2402 1508 se
2431 1450 2720 1510 Dominum
2748 1453 2898 1510 dicit.
2946 1454 3195 1514 Psalmus
3240 1457 3386 1516 enim
3417 1460 3586 1532 (sicut
3624 1475 3776 1534 saepe

2183 1541 2387 1598 dictum
2416 1542 2522 1616 est)
2550 1543 2620 1602 de
2645 1545 3018 1617 superioribus
3052 1557 3242 1619 sonat;
3270 1551 3477 1609 cithara
3523 1554 3592 1610 de
3633 1554 3774 1612 infe-

2181 1635 2420 1693 rioribus
2441 1637 2614 1694 melos
2643 1639 2713 1696 ad
2741 1653 2978 1712 superna
3007 1643 3346 1700 transmittit.
3379 1645 3488 1702 Sed
3513 1646 3602 1704 cui
3626 1648 3771 1718 psal-

2182 1727 2326 1784 latur
2361 1729 2438 1785 vel
2471 1730 2822 1788 citharizetur
2859 1733 3012 1802 dicit,
3039 1743 3220 1790 sancto
3243 1734 3437 1804 Israel,
3469 1752 3579 1795 non
3602 1754 3765 1810 quem

2179 1819 2454 1889 gentilitas
2504 1821 2726 1892 putabat
2779 1837 3112 1896 erroneum,
3166 1826 3265 1884 sed
3312 1842 3476 1900 quem
3519 1829 3767 1901 patribus

2105 1929 2158 1994 Β
2183 1912 2381 1968 nostris
2403 1927 2530 1968 vera
2560 1913 2697 1970 fides
2723 1915 3054 1972 ostenderat.

2255 2003 2412 2060 Vers.
2457 2005 2549 2062 ‘25.
2597 2005 2902 2064 Gaudebant
2953 2009 3092 2065 labia
3129 2027 3281 2080 mea,
3325 2013 3449 2067 dum
3494 2022 3769 2070 cantarem

2183 2095 2275 2152 tibi
2301 2111 2322 2152 :
2352 2099 2516 2170 239
2555 2108 2602 2154 et
2631 2100 2806 2155 anima
2831 2117 2945 2157 mea
2975 2119 3132 2174 quam
3178 2104 3456 2161 redemisti.
3487 2105 3675 2178 Labia,
3706 2123 3768 2165 os

2180 2188 2456 2247 interioris
2479 2191 2714 2256 hominis
2739 2192 2899 2262 dicit;
2934 2193 3100 2252 habet
3127 2196 3271 2252 enim
3301 2206 3358 2255 et
3396 2189 3551 2254 mens
3576 2214 3766 2256 vocem

2179 2294 2354 2350 suam,
2387 2297 2492 2353 qua
2529 2281 2691 2339 tacite
2729 2283 2930 2341 clamat
2957 2286 3024 2341 ad
3066 2285 3375 2344 Dominum.
3415 2289 3552 2345 Nam
3580 2300 3640 2346 ut
3668 2291 3766 2349 hoc

2178 2372 2530 2443 spiritualiter
2574 2373 2906 2446 intelligeres
2927 2415 2943 2443 ,
2977 2377 3212 2448 adjecit,
3247 2379 3420 2435 anima
3458 2397 3576 2435 mea
3611 2398 3765 2452 quam

2176 2464 2455 2520 redemisti.
2503 2464 2622 2536 Ipsa
2647 2481 2779 2538 ergo
2805 2467 3004 2538 gaudet
3043 2469 3098 2524 in
3148 2469 3305 2529 labiis
3341 2471 3454 2529 suis
3484 2473 3718 2530 internis
3740 2513 3760 2544 ,

2176 2570 2300 2626 quas
2326 2571 2386 2612 se
2410 2557 2742 2628 redemptam
2774 2572 2899 2616 esse
2920 2561 3220 2631 cognoscit.

2248 2646 2404 2703 Vers.
2435 2647 2527 2703 25.
2570 2648 2676 2705 Sed
2703 2655 2752 2706 et
2790 2650 2972 2722 lingua
3011 2668 3127 2708 mea
3165 2662 3273 2708 tota
3315 2655 3400 2711 die
3425 2658 3757 2716 meditabitur

2168 2739 2433 2811 justitiam
2475 2750 2638 2812 tuam,
2687 2757 2806 2796 cum
2852 2745 3059 2816 confusi
3101 2754 3152 2801 et
3195 2750 3394 2803 τινενὶιὶ
3440 2751 3635 2822 fuerint
3676 2756 3761 2823 qui

2170 2840 2408 2902 quierunt
2447 2833 2587 2888 mala
2630 2833 2776 2890 mihi.
2815 2835 2970 2894 Sicut
3011 2838 3258 2910 superius
3301 2840 3476 2898 dixit:
3530 2844 3760 2905 Psallam

2170 2927 2451 2985 veritatem
2482 2937 2628 2985 tuam
2674 2930 2729 2986 in
2757 2930 2898 2986 vasis
2937 2932 3265 3004 psalmorum
3295 2943 3351 2992 et
3403 2938 3633 3007 cithara,
3683 2942 3758 2997 si-

2170 3020 2425 3092 gniﬁcare
2452 3021 2639 3079 volens
2665 3023 2862 3080 anima:
2890 3026 3238 3097 corporisque
3287 3029 3512 3086 virtutes
3535 3072 3554 3101 ,
3607 3032 3676 3088 ita
3705 3042 3757 3092 et

2166 3111 2309 3169 labia
2337 3113 2516 3169 cordis
2543 3114 2627 3171 sui
2649 3123 2924 3172 cantatura
2953 3119 3218 3188 promisit.
3264 3118 3416 3177 Nunc
3456 3131 3635 3180 autem
3663 3125 3755 3181 ad-

2166 3202 2320 3275 jecit,
2361 3203 2592 3278 linguam
2619 3207 2982 3264 meditaturum
3021 3225 3132 3266 esse
3149 3212 3413 3283 justitiam
3446 3213 3570 3286 Dei,
3599 3216 3651 3272 id
3675 3225 3755 3275 est

2089 3307 2139 3372 (ζ
2170 3296 2412 3370 corporis
2439 3299 2523 3354 sui
2551 3299 2928 3370 substantiam,
2971 3317 3092 3373 qua:
3121 3313 3247 3360 tunc
3287 3307 3602 3378 plenissime
3639 3311 3749 3367 lau-

2168 3387 2264 3445 des
2292 3388 2504 3446 Domini
2529 3390 2897 3462 meditabitur,
2929 3395 3143 3466 quando
3169 3412 3392 3469 regnum
3417 3402 3536 3472 ejus
3583 3402 3638 3460 in
3668 3405 3748 3461 illa

2166 3482 2557 3539 resurrectione
2586 3485 2904 3555 perceperit.
2927 3485 3034 3543 Sed
3058 3496 3116 3544 ut
3139 3487 3297 3547 finem
3325 3494 3511 3549 saeculi
3539 3494 3748 3552 debuis-

2163 3587 2253 3630 ses
2279 3574 2578 3644 advertere,
2610 3579 2874 3649 sequitur,
2903 3595 3020 3634 cum
3046 3583 3246 3654 confusi
3271 3595 3323 3641 et
3343 3589 3544 3644 reveriti
3565 3590 3748 3659 fuerint

2163 3667 2256 3738 qui
2278 3679 2517 3738 quaerunt
2544 3670 2688 3725 mala
2712 3671 2862 3727 mihi.
2893 3672 3047 3742 Quod
3075 3677 3256 3748 utique
3286 3679 3599 3750 plenissime
3629 3695 3746 3744 tunc

2163 3761 2276 3828 ﬂet,
2305 3763 2520 3834 quando
2549 3778 2581 3818 a
2597 3764 2797 3822 dextris
2822 3768 2976 3839 justi,
2999 3779 3053 3827 et
3075 3785 3106 3826 a
3129 3773 3362 3832 sinistris
3380 3777 3532 3848 impii
3556 3779 3747 3840 fuerint

2161 3855 2430 3912 collocati.
2479 3857 2695 3935 Duobus
2726 3859 2872 3918 enim
2902 3865 3078 3922 modis
3104 3869 3490 3939 confunduntur
3527 3885 3578 3930 et
3617 3894 3745 3935 rene-

2160 3955 2341 4003 rentur
2383 3947 2604 4014 inimici,
2644 3953 2859 4020 quando
2888 3964 2978 4011 aut
3026 3955 3114 4012 hic
3139 3959 3510 4030 ptenitentiam
3539 3979 3744 4038 gemat,

2161 4046 2217 4094 et
2235 4053 2294 4096 se
2316 4054 2523 4098 errasse
2552 4055 2910 4114 cognoscunt;
2934 4057 3027 4103 aut
3053 4058 3197 4108 certe
3225 4052 3278 4109 in
3300 4053 3533 4113 adventu
3564 4059 3742 4116 Salva-

2163 4131 2318 4198 toris,
2351 4132 2479 4190 dum
2511 4133 2601 4189 illa
2631 4150 2752 4207 quat
2789 4137 2905 4195 ﬁeri
2939 4155 3046 4197 non
3091 4144 3402 4214 credebant,
3433 4151 3550 4208 suis
3577 4153 3742 4210 oculis

2160 4223 2444 4281 manifesta
2484 4229 2882 4294 conspexerint.
2929 4231 3080 4290 Tunc
3123 4251 3252 4306 ergo
3277 4252 3482 4298 securae
3510 4247 3740 4303 exsulta-

2163 4315 2324 4373 tionis
2356 4324 2570 4388 tempus
2599 4329 2683 4377 est
2721 4325 2945 4392 sanctis,
2993 4330 3208 4398 quando
3232 4331 3343 4401 jam
3371 4337 3551 4393 locum
3575 4341 3742 4398 domi-

2159 4411 2394 4468 nationis
2439 4411 2589 4484 impii
2637 4429 2744 4472 non
2774 4416 3086 4490 habebunt;
3137 4435 3190 4480 et
3230 4424 3558 4488 lmtabuntur
3592 4433 3740 4506 justi,

2158 4513 2280 4555 cum
2325 4501 2589 4559 malorum
2619 4507 2858 4564 omnium
2881 4511 3144 4569 terminus
3172 4514 3472 4591 advenerit,
3522 4533 3578 4580 et
3594 4501 3739 4583 bona

2157 4591 2415 4651 Dominus
2445 4595 2562 4653 sine
2591 4597 2698 4654 line
2723 4605 3074 4675 concesserit,
3105 4605 3158 4664 in
3189 4623 3290 4681 qua
3316 4607 3738 4676 Christianorum

637 4726 740 4769 ερςο.
781 4692 1384 4769 δίαιρέιζειζηίξ“ζ.ῖ.ζῖἔηζξ
1405 4692 2048 4769 ’“ζ’ζῗ.ζῖἶ”ζ’ζῗ.“ξῗ““ῗ¹”⁰
2076 4692 2131 4769 D
2154 4701 2436 4764 Ροτωαηει
2463 4693 2732 4754 “Idem”
2763 4699 2968 4769 Ρθιίιίοο

457 4729 742 4793 prmmissa
781 4729 1118 4791 districtione
1159 4737 1422 4814 castiget,
1467 4751 1644 4800 tamen
1691 4747 1872 4806 tristes
1919 4768 2041 4821 per-
2076 4729 2093 4776 θ

2686 4839 2959 4898 Conclusio
2993 4847 3204 4917 psalmi.

2227 4978 2361 5036 Cum
2383 4987 2528 5036 totus
2553 4983 2640 5040 hic
2666 4984 2904 5056 psalmus
2929 4991 3155 5059 gratiam
3201 4992 3431 5064 Domini,
3477 5011 3600 5068 qua:
3626 5014 3739 5070 gra-

2155 5071 2226 5127 tis
2253 5069 2434 5140 datur,
2479 5088 2690 5131 summa
2741 5076 3040 5136 intentione
3078 5086 3442 5154 commendet,
3489 5069 3738 5148 admonet

2151 5164 2314 5220 etiam
2345 5179 2445 5222 nos
2467 5166 2889 5226 incarnationem
2918 5171 3098 5240 Verbi,
3152 5189 3248 5244 per
3283 5193 3442 5248 quam
3471 5181 3622 5239 salus
3647 5183 3732 5240 huv

2149 5271 2312 5314 mano
2337 5261 2522 5330 generi
2547 5264 2812 5332 provenit,
2845 5265 2984 5322 felici
3019 5268 3291 5328 vicinitate
3313 5273 3696 5336 declarandam
3723 5299 3736 5335 :

2149 5363 2302 5406 more
2347 5351 2498 5418 solis,
2547 5354 2638 5424 qui
2684 5357 2923 5425 proxima
2965 5359 3087 5416 luce
3125 5376 3483 5438 consurgens,
3529 5386 3736 5431 roseam

2147 5441 2426 5512 prtemittit
2448 5458 2740 5515 auroram;
2793 5458 2848 5503 ut
2876 5452 3102 5520 gratiam
3147 5456 3392 5525 praeclari
3439 5461 3737 5532 splendoris

2147 5549 2480 5608 praeparatus
2506 5542 2674 5611 possit
2701 5545 2892 5602 oculus
2919 5547 3141 5606 intueri.
3179 5552 3364 5610 Patres
3393 5557 3539 5612 enim
3569 5561 3735 5616 nostri

2147 5633 2475 5702 psalmorum
2504 5651 2780 5691 numerum
2809 5638 2860 5692 in
2885 5639 3098 5696 Veteris
3125 5658 3188 5698 ac
3233 5644 3371 5701 Novi
3401 5647 3732 5707 Testamcnti

2145 5725 2495 5780 sacramentis
2524 5726 2595 5782 ita
2621 5729 2966 5786 crediderunt
2988 5746 3108 5789 esse
3130 5734 3503 5809 dividendum,
3527 5754 3730 5813 septem

2145 5818 2349 5874 scilicet
2376 5821 2603 5877 decadas
2645 5834 2908 5892 ponentes
2935 5827 2985 5882 in
3027 5829 3328 5895 sabbatum,
3361 5835 3506 5904 quod
3529 5837 3597 5892 ad
3618 5839 3726 5905 pri-

2147 5922 2288 5982 ntam
2321 5910 2464 5987 illam
2495 5915 2726 5984 pertinet
2753 5913 2871 5974 sine
2893 5917 3227 5980 dubitatione
3252 5923 3520 5982 culturam
3546 5943 3562 5990 ;
3610 5935 3724 5984 octo

4001 1659 4003 1696 l

4002 2007 4003 2034 ι

4002 2039 4003 2094 l

4002 2095 4003 2120 ι

4002 2137 4003 2164 t

4002 2347 4003 2372 ι
