4020 6348
224 430 333 493 305

1156 432 1515 493 EXPOSITIO
1554 434 1618 492 IN
1658 433 2116 494 PSALTERIUM.
2159 439 2352 499 PSAL.
2395 439 2582 501 LXXI.

3391 446 3497 503 506

225 562 365 606 vero
391 553 577 607 nostro
605 553 849 620 tempore
879 550 1221 623 deputantes,
1246 555 1335 623 qui
1366 553 1814 610 resurrectionem
1840 552 1893 615 Α
1918 564 2018 622 pro
2040 553 2195 609 nobis
2225 570 2240 621 ;
2286 570 2449 626 quem
2478 570 2663 614 revera
2703 558 2883 616 dicere
2911 572 3009 619 nos
3033 570 3185 618 recte
3213 559 3497 631 paciﬁcum

225 641 448 700 Domini
477 658 578 715 per
601 644 840 715 singulas
866 644 1228 703 hebdomadas
1256 646 1343 703 die
1361 656 1551 703 octava
1582 660 1815 703 venera-

227 750 389 802 mur;
439 744 496 792 et
544 736 669 793 ideo
708 751 803 808 per
853 746 1138 808 utramque
1176 738 1619 809 supputationem
1647 737 1815 795 Vetus

223 838 287 886 et
328 828 535 886 Novum
573 829 975 887 Testamentum
1008 840 1253 890 sacratus
1296 833 1399 890 iste
1446 847 1705 891 numerus
1732 831 1815 888 di-

224 923 512 994 guoscitur
537 924 819 980 continere
845 924 1195 995 psalmorum.
1238 925 1396 995 Quod
1425 926 1568 982 enim
1598 933 1814 981 centum

224 1013 611 1085 quinquaginta
660 1024 887 1085 possunt
935 1016 990 1071 in
1043 1030 1271 1073 numero
1314 1016 1674 1088 singulorum,
1713 1017 1815 1073 hoc

224 1106 413 1162 valent
440 1107 749 1178 signiﬁcare
778 1108 1084 1178 quindecim
1117 1108 1347 1167 decades
1388 1109 1443 1165 in
1488 1108 1678 1166 ordine
1722 1109 1816 1165 de-

224 1199 506 1255 uariorum
537 1217 552 1267 ;
582 1214 757 1271 eoque
786 1200 849 1255 Iit
880 1209 937 1257 ut
956 1190 1200 1257 ealculus
1226 1201 1331 1258 iste
1352 1201 1686 1272 psalmorum
1709 1201 1816 1258 No-

224 1302 300 1344 vo
324 1297 383 1345 et
405 1290 586 1348 Veteri
605 1291 951 1348 Testamento
971 1301 1340 1364 competenter
1361 1302 1593 1365 aptetur.
1624 1293 1812 1350 Scien-

225 1382 362 1440 dum
398 1395 483 1441 est
531 1385 689 1456 plane
732 1387 877 1457 quod
906 1386 960 1442 in
992 1388 1163 1458 prima
1194 1394 1348 1458 parte
1380 1388 1586 1444 Veteris
1622 1388 1818 1447 Testa:

223 1475 425 1544 menti,
466 1486 523 1533 et
566 1491 702 1533 nova
731 1478 969 1548 misceat,
997 1488 1336 1535 sacramenta
1383 1480 1650 1551 mysterii.
1680 1479 1794 1535 Dici

225 1568 381 1624 enim
428 1569 481 1625 in
530 1571 834 1640 septenario
876 1586 1104 1628 numero
1154 1580 1212 1629 et
1258 1575 1564 1645 passionem
1602 1573 1818 1631 Domini

227 1658 464 1730 Christi,
491 1670 545 1717 et
570 1662 624 1719 in
650 1671 841 1720 octavo
881 1666 1090 1722 calculo
1134 1666 1299 1722 multa
1330 1669 1485 1740 ponit
1532 1668 1601 1725 de
1631 1668 1814 1725 Veteri

229 1752 602 1821 Testamento,
633 1764 690 1811 ut
714 1766 1001 1829 utrumque
1027 1759 1254 1817 culturae
1281 1771 1482 1817 nostra:
1521 1762 1820 1819 convenire

226 1846 412 1904 modis
433 1848 682 1905 omnibus
704 1850 989 1907 sentiatur.
1028 1851 1334 1911 Meminisse
1353 1862 1535 1911 autem
1559 1854 1818 1911 debemus

224 1939 651 2009 arithmeticam,
688 1942 772 1998 vel
799 1943 933 1999 alias
958 1942 1274 2015 disciplinas
1303 1947 1540 2017 psalmos
1572 1962 1814 2005 comme-

227 2046 448 2091 morare
485 2033 816 2106 frequenter,
861 2050 995 2108 quas
1037 2038 1094 2093 in
1135 2037 1608 2108 subsequentibus,
1657 2049 1819 2111 prout

227 2123 393 2182 fuerit
413 2134 798 2196 opportunum,
826 2125 894 2183 de
922 2128 1054 2198 ipsis
1094 2130 1419 2200 perstrictim
1446 2130 1645 2203 aliquid
1672 2145 1818 2188 cont-

228 2231 538 2274 memorare
580 2220 930 2289 eurahimus;
980 2229 1040 2278 ut
1083 2224 1330 2295 quamvis
1372 2225 1609 2282 breviter
1650 2226 1813 2294 dicta,

232 2324 349 2367 non
372 2318 548 2369 tamen
576 2312 864 2369 videantur
890 2326 1011 2372 esse
1041 2315 1334 2386 praeterita.
1385 2317 1613 2375 Tantum
1643 2330 1727 2376 est
1758 2330 1819 2377 ut

231 2403 576 2474 astrologiam
606 2404 922 2476 sacrilegam
950 2421 1163 2462 summa
1198 2409 1498 2467 intentione
1526 2410 1817 2484 fugiamus,

228 2509 395 2567 quam
420 2496 581 2553 etiam
608 2497 867 2554 nobilium
899 2498 1345 2571 philosophorum
1369 2502 1572 2574 judicia
1596 2504 1820 2562 damna-

230 2597 447 2645 verunt.
488 2590 831 2662 Quapropter
860 2594 1112 2662 praesenti
1137 2595 1290 2666 operi
1319 2596 1609 2653 terminum
1652 2613 1817 2670 pona-

231 2693 379 2748 mus,
421 2690 688 2751 quatenus
717 2692 771 2739 et
798 2683 954 2756 quies
1011 2698 1303 2755 parumper
1326 2686 1567 2745 adhibita
1606 2690 1819 2747 lectoris

232 2782 452 2844 reparet
478 2774 735 2849 studium,
780 2782 838 2831 et
874 2774 1048 2832 futura
1074 2790 1201 2848 pars
1230 2776 1434 2849 digesta
1488 2783 1820 2850 psalmorum

232 2862 306 2920 de
336 2864 695 2936 signiﬁcantia
720 2864 859 2923 Novi
885 2867 1224 2926 Testamenti
1251 2880 1430 2928 sumat
1455 2881 1822 2943 competenter

234 2953 483 3021 lnitium.
504 2958 694 3015 Amen.

504 3092 872 3156 EXPOSITIO
909 3097 976 3154 IN
1014 3095 1196 3155 OCTO
1234 3098 1553 3160 DECADAS

550 3222 688 3266 IOVO
715 3225 1064 3269 TES’I‘AIENTO
1088 3226 1511 3271 CONVBNIENTES.

821 3346 998 3403 PR/E
1001 3346 1051 3401 F
1054 3347 1175 3403 AT!
1184 3349 1247 3405 0.

309 3458 604 3531 Explicatis
648 3467 857 3533 septem
885 3461 1181 3518 decadibus
1212 3462 1375 3533 (sicut
1404 3462 1606 3521 dictum
1633 3466 1739 3537 est)
1772 3466 1829 3526 in

239 3552 468 3625 ﬁguram
505 3552 715 3611 Veteris
749 3554 1103 3623 Testamenti,
1134 3571 1277 3613 nunc
1320 3557 1388 3614 ad
1436 3560 1670 3630 reliquas
1704 3571 1829 3618 octo

240 3645 542 3713 veniamus,
573 3661 802 3718 quarum
830 3662 1084 3705 numerus
1114 3648 1428 3719 pleniSsime
1463 3651 1619 3708 nobis
1646 3667 1831 3708 resur-

238 3740 502 3797 rectionis
530 3739 817 3797 dominicae
842 3742 1183 3814 cognoscitur
1211 3743 1450 3801 indicare
1472 3746 1786 3817 mysterium
1811 3788 1828 3813 ,

240 3842 321 3901 ut,
376 3832 462 3887 his
508 3832 750 3903 partibus
799 3834 1085 3904 diligenter
1127 3837 1415 3908 inspectis,
1448 3853 1642 3895 revera
1691 3839 1831 3896 liber

239 3923 585 3981 Psalmorum
614 3926 774 3981 totius
795 3926 990 3983 divinae
1016 3927 1313 3999 Scripturze
1336 3931 1647 3987 thesaurum
1677 3947 1827 3989 com-

236 4017 437 4091 plexus
460 4034 583 4075 esse
610 4019 872 4077 videatur.
919 4020 1054 4078 Nam
1081 4024 1207 4079 licet
1240 4023 1348 4079 sint
1371 4024 1556 4081 omnia
1578 4025 1833 4095 spiritua-

237 4115 389 4174 libus
420 4116 576 4185 plena
600 4117 821 4189 divitiis,
867 4128 924 4176 et
950 4121 1162 4191 magnis
1207 4121 1472 4178 illustrata
1498 4122 1790 4179 luminibus
1814 4163 1834 4193 ,

234 4222 389 4282 pene
414 4202 619 4265 nullum
660 4219 840 4268 tamen
863 4226 930 4269 ex
960 4211 1046 4269 his
1067 4214 1150 4282 (ut
1189 4213 1445 4284 arbitror)
1477 4214 1726 4270 volumen
1752 4216 1834 4271 in-

235 4303 456 4369 venies,
500 4304 642 4374 quod
689 4306 853 4361 tantis
882 4306 1047 4363 rebus
1090 4306 1403 4363 ctelestibus
1432 4306 1688 4363 doceatur
1713 4322 1835 4365 esse

234 4396 597 4467 completum.
633 4397 745 4453 Nec
786 4409 1002 4454 moveat
1037 4398 1180 4468 quod
1214 4411 1338 4468 pars
1370 4398 1459 4453 illa
1503 4413 1663 4469 quam
1690 4399 1836 4454 dixi-

235 4503 367 4547 mus
396 4489 464 4545 ad
506 4500 905 4547 sacramentum
930 4490 1264 4547 Testamenti
1296 4490 1508 4546 Veteris
1538 4491 1831 4561 pertinere,

236 4596 270 4637 ι
297 4579 637 4638 beatitudine
658 4580 873 4637 Domini
900 4580 1196 4637 Salvatoris
1218 4582 1384 4638 sumit
1404 4580 1645 4647 initium;
1669 4590 1725 4636 ct
1745 4583 1837 4638 ite-

237 4686 366 4730 rum
393 4672 449 4727 in
477 4670 934 4741 subsequentibus
962 4672 1182 4743 psalmis
1203 4671 1445 4728 invenies
1473 4672 1616 4742 quod
1647 4673 1835 4743 primis
1864 4708 1917 4770 Β

237 4771 460 4821 constat
484 4764 820 4834 temporibus
844 4764 1143 4820 actitatum.
1184 4764 1315 4830 Qua:
1341 4763 1563 4819 omnino
1604 4779 1710 4820 non
1745 4764 1841 4820 de-

238 4857 377 4913 bent
420 4856 644 4911 adversa
671 4855 901 4927 iudicari
928 4894 944 4922 ,
975 4856 1101 4926 quia
1136 4864 1193 4912 et
1237 4856 1405 4912 Vetus
1434 4856 1839 4913 Testamentum

237 4950 313 5007 de
338 4948 497 5004 Novo
523 4949 741 5019 plenum
763 4959 869 5015 eSt,
914 4958 969 5003 et
993 4948 1198 5005 Novum
1222 4948 1348 5005 facit
1374 4950 1695 5021 plerumque
1734 4951 1837 5007 Ve-

239 5042 377 5101 teris
404 5044 754 5100 mentionem.
784 5042 937 5099 Nunc
964 5043 1030 5098 ad
1061 5043 1275 5100 titulum
1302 5043 1604 5114 veniamus,
1629 5045 1719 5116 qui
1750 5045 1834 5101 in-

240 5136 638 5207 terpretatione
683 5136 915 5192 nominis
946 5134 1029 5191 sui
1079 5137 1148 5191 ad
1191 5135 1324 5192 Novi
1381 5135 1713 5193 Testamenti
1743 5152 1841 5194 no-

239 5231 419 5286 scitur
448 5229 723 5300 pertinere
753 5228 1091 5300 mysterium,
1125 5228 1435 5284 inscribitur
1455 5229 1600 5284 enim
1631 5246 1644 5281 :

482 5342 548 5399 IN
587 5342 1009 5401 SALOMONEM
1050 5340 1366 5399 PSALMUS
1411 5341 1595 5398 LXXI.

320 5458 571 5515 Salomon
618 5459 1001 5531 interpretatur
1032 5456 1305 5530 paciﬁcus.
1356 5457 1488 5525 Quis
1538 5467 1620 5514 est
1660 5470 1838 5516 autem

245 5566 439 5606 revera
466 5550 742 5622 paciﬁcus,
795 5552 898 5606 nisi
930 5550 1190 5606 Dominus
1228 5547 1498 5615 Christus,
1546 5550 1636 5619 qui
1667 5550 1843 5607 homi-

246 5659 374 5699 nem
410 5643 609 5699 diaboli
652 5646 881 5699 versutia
913 5644 1220 5715 deceptum,
1253 5644 1318 5697 ad
1345 5644 1615 5697 Creatoris
1649 5645 1730 5698 sui
1757 5661 1845 5701 re-

248 5738 463 5791 meavit
484 5738 822 5809 obsequium,
852 5737 1083 5808 fecitque
1106 5738 1285 5792 colere
1311 5736 1500 5791 salutis
1524 5738 1839 5807 principem,

251 5837 339 5904 qui
386 5837 714 5905 sequebatur
747 5835 1085 5891 miserrimus
1135 5834 1323 5889 mortis
1370 5832 1679 5888 auctorem?
1726 5832 1843 5900 Ipse

255 5930 396 5987 enim
423 5928 683 5988 Mcdiator
718 5930 808 5985 De;
839 5938 893 5985 et
922 5927 1196 5987 hominum
1235 5926 1499 5997 hodieque
1529 5925 1839 5998 interpellat

1918 647 2086 718 ipsius
2125 649 2289 704 verba
2318 657 2579 707 testantur
2616 667 2737 709 cum
2773 653 2939 709 dicit:
2982 652 3173 711 Pacem
3214 668 3381 710 meam
3430 656 3499 711 do

1918 742 2075 811 vobis,
2106 757 2285 823 pacem
2323 758 2487 797 meam
2533 745 2767 816 relinquo
2807 745 2945 802 vobis
2985 744 3174 819 '(Joan.
3222 757 3333 811 xtv,
3378 745 3497 815 27).

1918 830 2025 888 Sed
2055 846 2156 903 pas
2183 832 2285 887 ista
2312 846 2421 888 non
2449 841 2533 890 est
2562 849 2721 905 quam
2745 835 2886 892 bella
2911 836 3236 903 disturbent,
3281 851 3388 892 non
3416 843 3499 893 est

1916 940 2078 997 quam
2110 926 2428 998 inquietudo
2472 929 2581 985 ulla
2607 932 2918 999 concutiat;
2969 933 3065 988 sed
3109 932 3497 1001 imperturbata

1915 1031 2131 1090 semper
2151 1026 2308 1091 atque
2336 1028 2537 1077 interna
2563 1036 2807 1091 manens,
2835 1023 3031 1079 nullius
3052 1024 3256 1081 inimici
3284 1034 3498 1080 contra-

1918 1117 2116 1173 rietate
2142 1116 2474 1173 dissolvitur.
2515 1116 2634 1189 Ipsa
2676 1128 2760 1175 est
2797 1117 2867 1176 de
2904 1134 3010 1189 qua
3035 1119 3296 1190 propheta
3328 1118 3495 1175 dicit:

1919 1207 2068 1265 Dabo
2099 1210 2253 1266 vobis
2274 1210 2522 1267 solatium
2545 1225 2752 1283 verum,
2782 1226 2968 1283 pacem
2994 1225 3157 1283 super
3183 1225 3389 1281 pacem.

2486 1323 2683 1378 Divisio
2711 1324 2916 1395 psalmi.

1990 1438 2094 1494 Per
2124 1444 2293 1493 totum
2325 1436 2590 1508 psalmum
2621 1441 2879 1509 propheta
2919 1439 3167 1512 loquens,
3210 1438 3498 1495 adventum

1920 1532 2185 1603 signiﬁcat
2205 1531 2419 1587 Domini
2448 1530 2782 1599 Salvatoris;
2836 1533 2889 1588 in
2920 1547 3025 1588 una
3053 1531 3348 1597 eademque
3381 1545 3502 1601 per-

1920 1637 2052 1680 sona
2083 1622 2244 1679 modo
2271 1622 2659 1679 humanitatem
2691 1623 2828 1694 ejus,
2861 1624 3024 1679 modo
3057 1622 3394 1678 divinitatem
3417 1621 3496 1675 ala

1921 1716 2089 1773 ternis
2117 1716 2360 1787 partibus
2398 1716 2677 1772 evidenter
2709 1715 2873 1789 κω
2896 1714 3214 1771 ostendens.
3244 1715 3300 1769 In
3325 1713 3500 1784 prima

1921 1818 2076 1881 parte
2103 1808 2267 1864 verba
2295 1807 2424 1864 facit
2465 1808 2531 1863 ad
2558 1808 2796 1877 Patrem,
2841 1808 3103 1878 judicium
3139 1805 3283 1862 Filio
3312 1813 3502 1876 petens

1847 1935 1897 1997 Β
1921 1902 1990 1959 ad
2023 1902 2247 1997 populos
2281 1901 2599 1972 iudicandos
2622 1945 2638 1970 ,
2673 1902 2815 1973 quod
2852 1910 3031 1958 tamen
3063 1899 3503 1997 praedestinatum

1922 2006 2048 2054 ante
2076 1996 2274 2053 saecula
2319 2010 2443 2053 esse
2488 1997 2852 2068 cognoscitur.
2896 1996 3164 2063 Secunda,
3212 1995 3266 2049 in
3300 1992 3506 2064 judicio

1923 2090 2137 2148 Domini
2171 2089 2313 2147 ﬁlios
2340 2103 2635 2162 pauperum
2665 2089 2797 2146 dicit
2822 2104 2943 2147 esse
2968 2088 3278 2157 salvandos,
3320 2095 3375 2140 et
3405 2084 3506 2139 hu-

1921 2187 2234 2245 miliandam
2268 2185 2471 2244 diaboli
2494 2186 2613 2243 sine
2636 2185 2967 2244 dubitatione
2994 2184 3323 2257 superbiam.
3367 2180 3502 2238 Nam

1922 2290 1978 2339 ct
2002 2281 2174 2351 ipsum
2203 2294 2417 2351 quoque
2439 2278 2675 2351 Virginis
2701 2288 2911 2349 partum
2947 2294 3046 2351 per
3070 2275 3331 2349 quasdam
3356 2274 3508 2331 simi-

1922 2373 2173 2431 litudines
2229 2371 2550 2429 mirabiliter
2596 2373 2936 2443 cognoscitur
2997 2371 3254 2427 indicare.
3321 2366 3504 2425 Tertia

1923 2475 2079 2540 parte
2108 2464 2276 2523 refert
2305 2480 2425 2537 quae
2447 2465 2590 2523 bona
2614 2464 2942 2536 contigerint
2970 2463 3038 2520 de
3066 2462 3271 2533 Spiritu
3294 2466 3506 2526 saneto,

1923 2568 1979 2616 et
1997 2558 2165 2614 Maria
2191 2556 2435 2630 Virgine,
2473 2565 2600 2614 nato
2647 2557 2879 2613 Domino
2923 2555 3160 2612 Christo.
3207 2552 3409 2621 Quarta
3437 2548 3509 2605 ab

1924 2649 2177 2708 omnibus
2223 2648 2438 2720 regibus
2486 2649 2616 2705 dicit
2647 2648 3003 2718 adorandum,
3047 2646 3172 2719 quia
3216 2646 3510 2701 humanum

1924 2756 2094 2814 genus
2136 2755 2165 2795 a
2193 2739 2393 2796 diaboli
2422 2747 2687 2807 potestate
2730 2740 3002 2796 liberavit.
3044 2729 3241 2807 Quinta
3271 2749 3511 2807 pronun-

1926 2835 2057 2902 tiat,
2089 2833 2345 2905 quoniam
2381 2831 2633 2888 humanis
2676 2832 2846 2887 oculis
2890 2833 3059 2898 visus,
3107 2830 3504 2885 ﬁrmamentum

1926 2926 2027 2983 fuit
2073 2926 2432 2991 credentium,
2486 2932 2542 2979 et
2590 2932 2875 2995 provectus
2923 2922 3040 2979 sine
3067 2920 3400 2979 dubitatione
3422 2919 3511 2988 ju-

1926 3030 2158 3077 storum.
2198 3018 2361 3075 Sexta
2409 3024 2614 3072 aeterno
2657 3015 2886 3071 Domino
2934 3014 3098 3070 totius
3136 3011 3324 3068 mundi
3371 3024 3508 3066 con-

1935 3125 2101 3168 sensu
2132 3110 2317 3166 laudes
2346 3108 2598 3180 perhibet
2619 3122 2744 3165 esse
2768 3107 3075 3164 solvendas.
3101 3105 3337 3175 Septima
3356 3103 3513 3176 hym-

1931 3217 2061 3257 num
2113 3200 2342 3257 Domino
2371 3198 2589 3255 Christo
2628 3199 3015 3269 iucundissima
3058 3196 3349 3254 devotione
3392 3209 3516 3266 per-

1854 3325 1902 3390 c
1931 3293 2111 3348 solvit.
2158 3290 2253 3348 Sic
2279 3289 2413 3346 Novi
2440 3289 2771 3347 Testamenti
2811 3290 3015 3346 clarum
3057 3287 3512 3357 manifestumque

1934 3385 2150 3442 initium
2198 3398 2298 3456 per
2344 3382 2503 3456 hujus
2554 3384 2749 3455 psalmi
2795 3384 2990 3441 seriem
3037 3389 3249 3439 constat
3293 3392 3516 3452 expres-

1932 3491 1995 3536 Sll
1999 3493 2049 3534 Ill
2058 3517 2072 3532 .

2469 3586 2738 3660 Expositio
2768 3587 2977 3656 psalmi.

2013 3702 2165 3760 Vers.
2196 3704 2249 3758 l.
2288 3701 2453 3770 Deus,
2471 3702 2729 3775 judicium
2751 3710 2897 3757 tuum
2920 3701 3053 3775 Regi
3072 3700 3163 3769 da,
3190 3709 3238 3756 et
3253 3698 3521 3772 justitiam

1938 3803 2079 3849 tuam
2127 3792 2269 3850 Filio
2310 3795 2485 3865 Regis.
2523 3794 2654 3850 Cum
2706 3793 2921 3861 dicitur,
2966 3791 3130 3859 Deus,
3171 3806 3279 3848 non
3308 3792 3521 3847 videtur

1938 3884 2040 3941 hoc
2061 3899 2255 3940 nomen
2286 3885 2522 3955 aliquam
2548 3885 2863 3956 designasse
2893 3898 3176 3954 personam
3203 3898 3221 3947 ;
3266 3881 3363 3938 sed
3388 3896 3522 3951 quo-

1938 3981 2081 4037 niam
2109 3980 2375 4051 sequitur,
2422 3980 2493 4034 da
2521 3978 2687 4044 Filio,
2726 3978 3029 4034 certissime
3056 3977 3217 4032 Pater
3242 3975 3521 4031 invocatus

1938 4087 2060 4129 esse
2104 4071 2468 4142 cognoscitur.
2510 4068 2645 4125 Illud
2686 4069 2829 4124 enim
2862 4082 3058 4124 nomen
3086 4067 3371 4123 relativum
3414 4073 3521 4132 est,

1937 4165 2140 4231 ethoc,
2170 4163 2314 4235 quod
2341 4178 2449 4219 non
2475 4162 2630 4230 dicit,
2657 4161 2897 4228 indicat;
2945 4162 3088 4218 sicut
3112 4158 3257 4217 servi
3284 4159 3525 4230 appella-

1940 4260 2085 4314 tione
2110 4255 2339 4312 sentitur
2376 4264 2431 4311 et
2472 4254 2747 4311 dominus.
2788 4254 2942 4312 Scire
2965 4263 3145 4310 autem
3173 4251 3433 4308 debemus
3456 4249 3525 4306 ad

1941 4348 2347 4423 distinguendas
2376 4347 2835 4420 declarandasque
2871 4356 3134 4420 personas
3175 4354 3376 4403 sanctae
3400 4344 3526 4401 Tri-

1942 4443 2127 4500 nitatis
2152 4443 2268 4499 sola
2299 4441 2417 4499 haec
2458 4442 2678 4498 nomina
2724 4455 2885 4512 posse
2921 4440 3194 4497 sufﬁcere.
3235 4438 3369 4494 Nam
3398 4452 3525 4493 cum

1942 4536 2170 4606 dixeris,
2200 4536 2339 4593 Deus
2363 4535 2543 4605 Pater,
2577 4535 2720 4592 Deus
2746 4535 2933 4602 Filius,
2967 4535 3107 4591 Deus
3133 4533 3371 4604 Spiritus
3401 4546 3525 4587 san-

1942 4637 2083 4697 ctus,
2110 4628 2422 4700 plenissime
2447 4636 2646 4686 sancta:
2666 4627 2945 4683 Trinitatis
2967 4627 3115 4682 visus
3142 4639 3201 4680 es
3223 4623 3529 4681 declarasse

1943 4734 2224 4792 personas.
2269 4720 2394 4777 Haec
2421 4721 2563 4777 enim
2596 4721 2812 4775 nomina
2840 4719 2893 4774 in
2922 4727 3108 4775 saneta
3128 4715 3388 4772 Trinitate
3412 4715 3527 4770 sola

1945 4821 2072 4869 sunt
2099 4813 2312 4884 propria
2340 4828 2355 4877 ;
2405 4821 2598 4870 caetera
2627 4826 2778 4877 vero,
2806 4810 2860 4867 id
2888 4819 2973 4866 est
3018 4817 3232 4874 natura,
3261 4816 3527 4877 potestas,

1942 4904 2238 4973 aternitas,
2293 4904 2705 4976 omnipotentia,
2750 4911 2806 4959 et
2859 4900 2941 4957 his
2990 4901 3189 4958 similia
3235 4899 3530 4971 probantur

1943 5011 2063 5054 esse
2102 4997 2425 5052 communia.
2487 4995 2831 5066 Quapropter
2870 4992 3216 5051 beatissimus
3263 4990 3531 5063 propheta

1945 5088 2214 5145 desiderio
2242 5090 2476 5159 glorioso
2499 5089 2821 5155 flammatus,
2855 5086 2989 5157 petit
3014 5100 3046 5140 a
3077 5084 3238 5141 Patre
3278 5085 3534 5155 judicium

1947 5185 2063 5239 dari
2107 5182 2271 5252 Filio,
2316 5184 2457 5254 quod
2506 5181 2714 5239 sciebat
2760 5195 2881 5237 esse
2928 5188 3251 5248 venturum;
3292 5179 3432 5236 sicut
3478 5179 3536 5235 in

1950 5277 2239 5347 Evangelio
2265 5275 2458 5348 legitur
2484 5293 2496 5329 :
2531 5274 2688 5329 Pater
2714 5289 2816 5328 non
2830 5273 3050 5344 judicat
3076 5290 3376 5345 quemquam
3401 5290 3419 5340 ;
3446 5272 3537 5328 sed

1946 5386 2093 5426 omne
2130 5371 2388 5442 judicium
2429 5368 2568 5422 dedit
2615 5364 2755 5421 Filio
2799 5366 2979 5439 (Joan.
3008 5380 3062 5433 v,
3111 5368 3227 5437 ea).
3272 5364 3538 5422 Iudicium

1948 5464 2091 5519 enim
2119 5464 2318 5518 dictum
2347 5470 2428 5517 est
2457 5460 2607 5530 quasi
2631 5458 2771 5529 juris
2794 5459 3013 5529 dicium,
3045 5457 3098 5515 id
3120 5468 3200 5515 est
3230 5459 3369 5531 quod
3398 5460 3449 5515 in
3473 5474 3538 5514 eo

1947 5555 2033 5625 ius
2057 5555 2285 5609 dicatur.
2322 5553 2388 5607 Et
2414 5562 2472 5607 ut
2502 5551 2845 5607 veracissima
2886 5551 3206 5622 probaretur
3254 5566 3374 5607 esse
3404 5551 3539 5620 peti.

1953 5648 2045 5714 tio,
2079 5646 2262 5701 eadem
2297 5647 2490 5699 iterum
2521 5645 2766 5713 sequenti
2794 5654 3061 5700 commate
3087 5646 3391 5715 geminavit.
3430 5644 3538 5696 lloe

1954 5750 2035 5795 est
2060 5742 2200 5796 enim
2228 5739 2369 5810 quod
2400 5738 2549 5804 dicit,
2606 5748 2650 5792 ct
2682 5740 2943 5810 justitiam
2989 5750 3125 5794 tuam
3177 5738 3314 5792 Filio
3360 5738 3538 5808 Regis,

1952 5835 2095 5906 quod
2121 5848 2362 5904 superms
2395 5835 2468 5889 ait
2495 5852 2506 5887 :
2541 5834 2806 5888 Iudicium
2842 5844 2987 5888 tuum
3018 5834 3142 5904 Πρῃί
3170 5836 3256 5885 da.
3300 5831 3450 5898 Quod
3487 5832 3538 5885 in

1954 5928 2247 5999 Scripturis
2270 5928 2463 5987 divinis
2486 5930 2551 5987 ad
2575 5929 2973 6003 exprimendam
2995 5941 3207 5985 causam
3236 5927 3539 5997 frequenter
