4020 6348
503 434 608 499 ὖυῚ

1719 437 1790 494 Μ.
1832 433 2114 497 Αυιυειιι
2147 431 2553 497 CASSIODORI

3683 441 3798 508 508

502 552 714 611 invenis
743 568 860 612 esse
888 555 1171 627 repetitum
1196 571 1223 622 ς·
1246 556 1386 613 sicut
1405 561 1491 614 est
1515 554 1648 614 illud
1680 573 1693 612 :
1751 557 1855 626 Qui
1897 556 2092 614 habitat
2118 557 2172 620 Α
2196 556 2336 612 dicio
2382 571 2502 614 esse
2551 556 2852 628 probantur
2892 555 3108 630 abiecti,
3158 559 3284 618 dum
3316 567 3374 620 et
3403 579 3436 621 ι
3466 563 3800 628 testimonii

502 653 556 709 in
574 653 716 709 cretis
736 653 960 708 irridebit
984 671 1088 724 eos,
1117 664 1162 709 et
1177 653 1429 711 Dominus
1452 655 1785 711 subsannnbit
1809 672 1893 711 eos
1917 653 2089 728 (Psal.

501 762 562 815 lt,
592 747 646 818 ι)
669 763 685 813 ;
712 756 764 803 et
793 745 922 802 illud
948 765 960 801 :
1010 744 1136 801 Catii
1180 756 1426 804 enarrant
1465 748 1688 821 gliiriam
1715 748 1834 816 Dei,
1863 757 1910 803 et
1935 759 2094 818 opera

500 852 740 894 manuum
770 839 882 909 ejus
913 838 1182 893 annuntiat
1211 839 1594 908 ﬁrmamentum
1622 838 1794 909 (Psal.
1828 854 1978 908 xvnt,
2009 837 2086 911 2).

499 933 630 990 Nam
673 940 729 988 et
772 947 1003 1004 sequens
1043 949 1236 991 versus
1284 936 1474 992 eodem
1522 935 1684 991 modo
1729 933 2089 1004 depromitur.

495 1027 625 1096 Quae
655 1026 818 1098 ﬁgura
851 1026 1051 1084 dicitur
1089 1027 1360 1100 epimone,
1396 1029 1446 1085 id
1493 1037 1577 1086 est
1617 1027 1870 1101 repetitio
1901 1027 2091 1084 crebra

494 1121 800 1188 sententiae,
852 1121 1063 1192 quoties
1093 1137 1196 1178 una
1230 1137 1319 1179 res
1361 1121 1426 1178 ad
1456 1122 1826 1179 inculcandam
1869 1135 2088 1177 causam

497 1213 727 1270 diversis
756 1215 1100 1271 sermonibus
1128 1216 1374 1273 iteratur.
1425 1216 1732 1272 Meminisse
1782 1223 1962 1272 autem
1989 1213 2089 1271 de-

495 1305 705 1374 bemus,
735 1306 1160 1378 quotiescunque
1185 1317 1277 1364 aut
1296 1309 1414 1380 ipse
1441 1309 1700 1365 Dominus
1717 1309 1965 1364 Christus
1986 1306 2090 1364 sibi

399 1467 404 1471 ,
497 1400 628 1471 petit
656 1399 796 1469 dari,
827 1410 920 1456 aut
945 1400 1083 1457 alter
1108 1411 1166 1458 ut
1203 1401 1254 1458 ei
1283 1401 1613 1458 concedatur
1637 1402 1965 1471 expostulat,
1997 1415 2091 1456 na-

499 1503 674 1549 turam
707 1493 1056 1550 humanitatis
1083 1494 1364 1552 evidenter
1389 1497 1621 1551 ostendi.
1665 1493 1934 1550 Caeterum
1959 1493 2090 1549 Ver-

492 1585 620 1642 bum
647 1587 988 1658 omnipotens
1015 1600 1136 1644 cum
1169 1595 1340 1645 totum
1372 1587 1569 1644 habeat
1598 1588 1794 1653 Patris,
1828 1587 1961 1642 nihil
1984 1583 2091 1642 sibi

497 1681 704 1752 indiget
731 1682 892 1751 dari,
940 1684 1086 1740 sicut
1111 1684 1226 1754 ipse
1260 1683 1329 1739 'in
1360 1682 1651 1756 Evangelia
1699 1682 1865 1739 dicit:
1901 1681 2093 1738 Omnia

497 1777 676 1832 Patris
699 1793 816 1832 mea
845 1786 965 1850 sunt
994 1777 1178 1850 (Joan.
1210 1791 1327 1846 xvr,
1359 1777 1469 1851 15).

569 1868 718 1926 Vcrs.
748 1871 804 1925 2.
834 1868 1082 1927 Judicare
1105 1872 1356 1944 populum
1397 1880 1541 1926 tuum
1571 1871 1629 1924 in
1657 1879 1747 1924 tua
1763 1869 1998 1941 justitia,
2039 1876 2088 1924 et

2198 649 2392 705 remoti
2419 659 2566 718 sunt,
2595 659 2648 708 et
2676 667 2706 707 a
2730 665 2990 708 consessu
3031 652 3337 712 honorabili
3366 659 3796 722 submoventur.

2196 743 2339 799 Deus
2368 755 2546 802 autem
2579 762 2831 818 pauperes
2856 761 2966 802 non
2998 747 3050 803 in
3083 747 3337 818 humana,
3367 751 3466 808 sed
3498 756 3556 808 in
3578 769 3675 811 sua
3689 759 3798 830 ju-

2195 838 2336 892 stitia
2359 839 2618 911 judicabit
2645 880 2662 907 ,
2695 841 2817 910 quia
2845 841 2994 911 ipsos
3014 843 3184 913 magis
3211 842 3396 913 elegit,
3419 859 3558 916 quos
3585 857 3798 905 monac

2195 930 2320 987 litas
2351 933 2579 1002 superba
2603 933 2873 1004 despexit.
2921 933 3137 990 Addidit
3161 949 3399 1008 quoque,
3449 939 3654 1009 populi,
3695 939 3798 1000 ubi

2196 1024 2622 1083 subaudiendum
2679 1035 2761 1084 est
2812 1026 3011 1085 ﬁdelis.
3074 1027 3194 1085 Non
3236 1032 3382 1086 enim
3435 1046 3798 1104 quoscunque

2195 1130 2456 1187 pauperes
2507 1118 2766 1175 Dominus
2819 1120 3000 1191 elegit,
3057 1122 3152 1178 sed
3203 1123 3389 1194 quales
3443 1121 3561 1194 ipse
3609 1124 3796 1180 dicit:

2194 1209 2345 1266 Beati
2384 1215 2861 1286 pauperesspiritu,
2910 1215 3154 1288 quoniam
3199 1219 3431 1289 ipsorum
3473 1226 3550 1275 est
3573 1235 3800 1292 regnum

2194 1305 2436 1361 calorum
2463 1303 2680 1379 (Matth.
2707 1323 2760 1376 v,
2786 1307 2864 1379 '5).
2897 1308 3173 1380 Sequitur,
3201 1323 3250 1366 et
3274 1313 3443 1368 salvos
3470 1314 3626 1384 faciet
3653 1314 3800 1382 ﬁlios

2197 1413 2499 1468 pauperum.
2557 1397 2820 1469 Pauperes
2868 1399 3070 1458 Christi
3116 1412 3239 1460 sunt
3283 1405 3516 1476 apostoli
3545 1405 3630 1461 vel
3663 1423 3800 1476 pm.

2195 1490 2390 1562 phetzc,
2429 1493 2519 1562 qui
2573 1492 2758 1547 mundi
2810 1492 2962 1550 istius
2997 1495 3327 1566 opulentiam
3371 1497 3542 1555 electa
3575 1498 3800 1557 Domini

2195 1592 2508 1654 paupertate
2561 1592 3028 1655 contempserunt,
3093 1586 3162 1644 de
3198 1603 3306 1659 quo
3351 1592 3614 1660 scriptum
3668 1600 3798 1647 est:

2198 1674 2299 1740 Qui
2326 1691 2442 1730 cum
2469 1676 2610 1731 dives
2636 1684 2790 1743 esset,
2818 1693 3015 1748 pauper
3039 1680 3208 1751 factus
3231 1689 3306 1735 est
3334 1696 3546 1754 prop'er
3577 1700 3675 1736 nos
3701 1679 3804 1754 (II

2195 1768 2316 1825 Cor.
2347 1785 2459 1837 vni,
2488 1771 2568 1844 9).
2617 1770 2856 1838 Quorum
2904 1773 3000 1828 ﬁlii
3049 1787 3175 1830 sunt
3217 1777 3399 1846 populi
3447 1774 3796 1846 Christiani;

2195 1877 2382 1924 eorum
2409 1866 2552 1922 enim
2583 1867 2967 1937 praedicatione
2996 1871 3238 1940 generati
3271 1880 3417 1938 sunt,
3466 1873 3666 1943 quibus
3697 1873 3795 1928 do-

489 1981 738 2038 pauperes
766 1977 880 2022 tuos
906 1968 962 2023 in
993 1968 1220 2041 judicio.
1263 1967 1502 2037 Exponit
1536 1981 1753 2022 causam
1783 1980 1950 2033 quare
1983 1978 2077 2035 pe-
2106 1959 2156 2022 B
2181 1955 2424 2013 centibus
2453 1957 2676 2013 credere
2705 1968 3022 2014 meruerunt
3049 2002 3064 2026 ,
3123 1960 3265 2016 sicut
3295 1961 3588 2032 Apostolus
3613 1963 3746 2018 dicit
3775 1982 3796 2016 :

490 2061 676 2116 tiverit
704 2061 841 2117 Filio
858 2060 1120 2132 judicium
1145 2059 1286 2126 dari,
1330 2060 1560 2126 scilicet,
1591 2065 1651 2114 ut
1667 2058 1864 2131 judicet
1893 2057 2082 2113 orbem

489 2163 754 2210 terrarum
791 2168 889 2225 per
933 2152 1196 2224 justitiam
1233 2151 1432 2217 Patris,
1471 2165 1631 2221 quam
1667 2160 1844 2206 tamen
1871 2159 1928 2206 et
1956 2149 2082 2206 Filii

488 2260 610 2305 esse
637 2261 746 2303 non
771 2245 996 2302 dubium
1039 2253 1144 2301 est.
1195 2242 1328 2300 Nam
1371 2243 1493 2300 ideo
1523 2243 1659 2299 dicit
1687 2242 1854 2309 Patri,
1905 2245 1959 2297 in
1987 2253 2080 2298 tua

488 2342 707 2415 iustitia,
749 2357 819 2397 ne
845 2341 970 2413 quis
991 2353 1129 2396 ausu
1156 2339 1420 2411 sacrilego
1448 2339 1758 2409 discrepare
1778 2339 1994 2396 sibimet
2025 2339 2084 2398 in

487 2435 670 2505 aliquo
692 2441 936 2490 sanctam
959 2432 1194 2490 aestimet
1216 2431 1556 2488 Trinitatem.
1582 2430 1857 2502 Sequitur,
1881 2442 1930 2487 et
1951 2449 2081 2504 pau-

486 2541 630 2596 peres
656 2535 770 2582 tuos
811 2526 869 2580 in
901 2525 1128 2599 judicio.
1184 2524 1328 2581 Dicit
1368 2523 1530 2580 etiam
1573 2540 1828 2594 pauperes
1876 2524 2082 2593 Patris,

487 2619 614 2675 dum
643 2626 700 2674 et
736 2617 940 2674 Christi
975 2617 1192 2674 Domini
1235 2631 1360 2674 esse
1386 2616 1768 2683 declarentur;
1829 2624 1888 2672 ut
1937 2617 2080 2674 idem

485 2712 818 2786 intelligatur
844 2712 902 2768 in
929 2711 1017 2769 illa
1045 2712 1329 2783 majestate
1355 2709 1488 2767 nihil
1531 2709 1812 2780 potestatis
1841 2724 1964 2766 esse
1992 2709 2080 2766 tli-

484 2807 697 2875 visum,
735 2807 877 2862 sicut
921 2806 1040 2877 ipse
1083 2806 1140 2862 in
1183 2805 1476 2878 Evangelia
1523 2804 1693 2861 dicit:
1729 2803 1919 2860 Omnia
1965 2819 2080 2875 quat

484 2899 636 2956 habet
662 2899 822 2956 Pater
847 2915 961 2956 mea
985 2909 1106 2957 sunt
1134 2898 1316 2972 (Joan.
1346 2915 1460 2967 xvi,
1497 2898 1613 2968 15).
1656 2897 1921 2969 Pauperes
1946 2913 2078 2970 ergo

484 2991 580 3049 Dei
609 2993 870 3066 suntqui,
901 2993 1170 3051 mundana
1191 2993 1444 3063 superbia
1472 2991 1758 3059 derelicta,
1788 2993 2080 3048 humilitati

485 3097 548 3138 se
575 3099 672 3154 per
695 3086 879 3141 omnia
910 3084 1264 3141 tradiderunt.
1313 3083 1449 3140 Nam
1488 3093 1545 3138 et
1584 3083 1632 3138 si
1663 3099 1865 3154 pauper
1887 3099 2082 3154 super-

484 3175 618 3244 biat,
651 3191 760 3232 non
783 3185 868 3233 est
897 3177 992 3233 Dei
1021 3193 1256 3249 pauper;
1283 3185 1338 3232 et
1371 3176 1418 3234 si
1448 3176 1690 3247 locuples
1717 3176 2078 3234 humilitatem

485 3267 690 3339 diligat,
722 3282 828 3324 non
855 3278 940 3324 est
964 3269 1148 3324 saeculi
1167 3268 1340 3325 dives.
1375 3267 1688 3324 Voluntates
1710 3267 1854 3325 enim
1887 3267 2082 3324 talium

486 3368 614 3420 sunt
632 3361 1000 3432 inspiciendas,
1030 3375 1136 3418 non
1167 3361 1405 3418 nomina.

553 3454 712 3511 Vers.
753 3455 810 3510 5.
861 3454 1159 3526 Suscipiunt
1203 3463 1398 3508 montes
1440 3468 1616 3524 pacem
1659 3450 1854 3523 populo
1881 3461 2002 3517 tuo,
2030 3460 2081 3508 et

484 3547 640 3604 colles
645 3546 926 3619 justitiam.
947 3547 1048 3603 Per
1064 3555 1260 3602 montes
1281 3546 1571 3618 signiﬁcari
1601 3545 1910 3616 frequenter
1941 3545 2078 3600 dixi-

483 3654 606 3698 mus
629 3639 902 3710 apostolos
931 3649 985 3696 et
1011 3641 1324 3712 prophetas,
1357 3640 1450 3712 qui
1489 3640 1554 3695 ad
1585 3653 1819 3711 superna
1843 3638 2074 3694 ﬁrmiter

484 3729 675 3789 elevati
701 3730 906 3788 caelesti
925 3733 1113 3804 gratim
1141 3733 1530 3804 proximantur.
1558 3731 1649 3788 lsti
1671 3746 1800 3802 ergo
1827 3730 1960 3786 tales
1981 3747 2078 3802 pa-

482 3840 613 3893 cem,
632 3824 684 3881 id
703 3832 789 3881 est
807 3824 1080 3882 Christum
1096 3826 1379 3897 suscipiant
1399 3825 1538 3882 ﬁdeli
1557 3825 1753 3896 populo
1781 3825 2079 3894 praedican-

483 3915 629 3973 dum.
649 3917 768 3989 Ipse
791 3927 877 3976 est
899 3919 1043 3975 enim
1064 3919 1274 3976 Domini
1300 3921 1523 3992 populus
1551 3917 1645 3990 qui
1667 3919 1715 3974 ei
1743 3917 1994 3985 credidit,
2024 3925 2080 3972 et

481 4010 745 4082 spirituali
764 4025 824 4067 se
849 4013 1258 4069 conversatione
1273 4013 1536 4070 tractavit.
1557 4011 1833 4083 Sequitur,
1853 4021 1899 4067 et
1916 4011 2079 4068 colles

481 4103 755 4178 iustitiam.
805 4102 972 4162 Colles
1018 4105 1147 4162 dicit
1194 4106 1438 4163 inferiori
1464 4106 1632 4178 gradu
1674 4114 1903 4162 caeteros
1948 4105 2078 4162 bcao

483 4204 588 4266 tos,
619 4198 712 4267 qui
739 4173 890 4254 recte
934 4199 1148 4256 Domini
1189 4200 1440 4258 videntur
1469 4199 1768 4269 prmdicare
1799 4199 2070 4256 mandata.

483 4289 618 4346 Nam
643 4300 700 4348 et
720 4307 900 4362 pacem
929 4293 1096 4365 (quod
1127 4295 1374 4367 superius
1403 4295 1559 4367 dixit)
1592 4295 1881 4352 Dominum
1911 4297 2076 4366 signi-

485 4382 614 4437 ﬁcat
638 4380 976 4440 Salvatorem
1003 4403 1020 4453 ;
1045 4397 1098 4442 et
1114 4387 1398 4458 justitiam,
1421 4403 1545 4444 eum
1576 4388 1748 4458 ipsum
1777 4389 1892 4443 sine
1923 4387 2079 4442 dubi-

485 4473 688 4536 tatione
723 4473 1014 4548 designat;
1062 4478 1199 4534 sicut
1249 4486 1306 4534 et
1339 4477 1464 4535 alibi
1497 4478 1692 4550 legitur
1720 4496 1734 4532 :
1787 4477 2006 4534 Iustitia
2031 4489 2077 4533 et

483 4585 587 4640 pax
613 4567 860 4624 osculatte
883 4578 1000 4624 sunt
1025 4568 1200 4641 (Psal.
1229 4585 1446 4638 Lxxxtv,
1473 4569 1586 4642 il).
1620 4567 1739 4625 Pax
1773 4569 1918 4626 enim
1947 4584 2077 4624 vere

485 4661 705 4730 dicitur,
733 4661 857 4732 quia
887 4677 982 4732 per
1015 4661 1188 4733 ipsum
1213 4661 1375 4717 homo
1405 4661 1789 4718 reconciliatus
1817 4671 1903 4718 est
1928 4659 2073 4726 Deo;

2186 2045 2372 2102 Filioli
2399 2049 2516 2115 mei,
2562 2065 2690 2119 quos
2717 2051 2904 2104 iterum
2929 2052 3185 2122 parturio,
3221 2053 3384 2108 donec
3406 2053 3646 2110 Christus
3677 2055 3793 2127 for-

2186 2150 2352 2198 metur
2375 2143 2427 2197 in
2452 2144 2591 2199 vobis
2619 2143 2766 2216 (Gal.
2796 2161 2870 2211 tv,
2903 2144 3029 2215 19);
3075 2154 3130 2201 et
3182 2147 3415 2203 iterum:
3470 2145 3540 2203 In
3585 2146 3796 2204 Christo

2184 2232 2311 2288 Iesu
2354 2251 2443 2306 per
2475 2233 2814 2309 Evangelium
2856 2254 2949 2308 ego
2999 2255 3086 2292 vos
3115 2241 3272 2309 genui
3324 2238 3379 2312 (1
3405 2237 3530 2297 Cor.
3563 2257 3638 2306 tv,
3678 2240 3792 2314 i5).

2193 2325 2300 2382 llos
2329 2341 2460 2397 ergo
2489 2328 2667 2383 salvos
2695 2330 2876 2400 faciet,
2927 2343 3062 2400 quos
3093 2331 3232 2387 ﬁlios
3274 2333 3645 2402 apostolorum
3671 2322 3793 2392 esse

2186 2419 2519 2488 cognoverit.
2589 2419 2844 2490 Adjecit,
2899 2431 2947 2475 et
2997 2420 3289 2476 humiliabit
3338 2426 3792 2483 calumniatorent.

2188 2514 2346 2587 25.1
2379 2514 2829 2570 Calumniatorem
2851 2514 3444 2594 diabolum_signilicat,
3471 2521 3791 2589 superbum,

2187 2607 2488 2671 crudelem,
2509 2607 2896 2673 insatiabilem,
2917 2609 3177 2664 malorum
3202 2611 3441 2666 omnium
3467 2613 3791 2684 principem.

2189 2699 2548 2756 Discutiamus
2614 2701 2756 2756 enim
2824 2715 2995 2771 quare
3059 2701 3234 2758 dictus
3279 2714 3366 2760 est
3418 2705 3791 2763 calumniator.

2185 2791 2231 2848 Κ
2254 2793 2484 2848 litteram
2510 2794 2721 2865 judices
2751 2795 2958 2864 antiqui
2991 2793 3430 2853 damnationibus
3454 2797 3746 2868 afﬁgebant
3773 2813 3790 2866 ;

2187 2895 2242 2943 et
2281 2885 2540 2958 quoniam
2584 2885 2822 2942 crudelis
2867 2885 3212 2958 impugnator
3248 2888 3791 2946 condemnationibus

2186 2980 2327 3038 lavet
2349 2982 2562 3049 alienis,
2586 2981 2632 3037 K
2681 2981 2880 3038 littera:
2905 2981 3131 3040 militem
3159 2982 3584 3041 calumniatorem
3609 2987 3791 3059 appet-

2189 3075 2306 3132 lare
2331 3075 2640 3132 voluerunt.
2690 3073 3057 3131 Calumniator
3082 3076 3263 3148 itaque
3289 3087 3374 3135 est
3412 3079 3506 3152 qui
3535 3081 3790 3138 innocen-

2186 3169 2315 3227 tiam
2344 3170 2574 3226 alienam
2619 3169 2674 3231 in
2721 3178 2930 3226 reatum
2979 3169 3169 3226 nititur
3207 3172 3476 3242 exquisita
3507 3174 3789 3232 machina-

2190 3265 2340 3322 tione
2366 3265 2704 3336 perducere;
2750 3263 2893 3334 qnod
2937 3263 3159 3320 diabolo
3189 3279 3427 3336 congrue
3458 3266 3675 3324 videtur
3699 3284 3790 3340 ap-

2107 3353 2160 3422 C
2188 3367 2380 3423 tatum,
2411 3360 2500 3427 qui
2525 3357 2813 3412 humanum
2843 3371 3016 3428 genus
3039 3357 3152 3413 sui
3175 3357 3454 3415 fraudibus
3479 3369 3559 3416 tot
3581 3362 3792 3419 sa-culis

2190 3452 2449 3523 probatur
2497 3453 2758 3519 impetere
2803 3450 2924 3522 [ms.
2958 3449 3052 3512 Α..
3099 3451 3403 3525 impedire].
3449 3453 3591 3522 Quid
3637 3456 3782 3511 enim

2191 3546 2314 3618 plus
2339 3544 2732 3601 calumniosum
2753 3559 2916 3616 quam
2946 3555 3220 3602 auctorem
3245 3560 3368 3603 esse
3390 3546 3706 3613 criminum,
3733 3557 3786 3604 et

2187 3639 2453 3694 culturam
2477 3636 2580 3694 sibi
2615 3638 2754 3693 velle
2785 3637 3066 3695 vindicare
3104 3638 3414 3695 terrarum?
3445 3639 3599 3696 Hunc
3627 3640 3775 3697 enim

2187 3734 2520 3806 spiritualem
2567 3743 2856 3805 tyrannum
2903 3733 3208 3789 bumiliabit
3264 3733 3556 3801 Dominus,
3609 3750 3788 3808 quan-

2188 3827 2259 3882 do
2288 3826 2380 3882 illo
2402 3841 2526 3882 cum
2556 3825 2778 3896 perﬁdis
2798 3825 3076 3894 damnato,
3108 3825 3296 3884 ﬁdeles
3333 3841 3398 3884 se
3423 3826 3665 3884 viderint
3701 3842 3787 3884 re-

2186 3933 2353 3992 gnare
2380 3933 2502 3974 cum
2525 3917 2762 3974 Christo.

2261 4009 2417 4067 Vers.
2446 4009 2500 4067 ὅ.
2533 4009 2602 4064 Et
2637 4010 2948 4082 permanebit
2973 4026 3093 4068 cum
3118 4011 3254 4078 sole,
3287 4019 3334 4068 et
3361 4021 3477 4067 ante
3501 4011 3701 4078 lunam,
3728 4011 3783 4067 in

2183 4104 2426 4159 siccatum
2456 4103 2655 4160 seaculi.
2688 4101 2788 4160 Hic
2819 4102 2994 4159 honor
3034 4111 3238 4160 sanctae
3281 4103 3675 4160 incarnationis
3699 4117 3788 4162 ex.

2184 4195 2424 4266 ponitur,
2455 4209 2578 4266 qua:
2599 4203 2880 4263 permanet
2901 4193 3050 4250 unita
3075 4208 3200 4250 cum
3227 4193 3438 4264 Verbo;
3475 4195 3631 4252 sedet
3650 4194 3786 4252 enim

2184 4292 2251 4348 ad
2282 4291 2561 4348 dexteram
2611 4290 2820 4358 Patris,
2872 4306 3108 4362 regnans
3139 4293 3191 4348 in
3219 4292 3390 4364 gloria
3433 4294 3788 4366 sempiterna.

2183 4383 2281 4439 Sol
2308 4383 2507 4455 quippe
2537 4381 2734 4454 legitur
2783 4381 3018 4440 Verbum
3061 4384 3262 4452 Patris,
3314 4384 3484 4442 Filius
3531 4385 3664 4454 Dei,
3703 4385 3788 4457 qui

2183 4474 2328 4534 Deus
2371 4476 2571 4542 homo,
2616 4491 2756 4532 unus
2785 4487 2853 4533 ex
2880 4475 3092 4534 duabus
3132 4486 3184 4534 et
3235 4477 3292 4534 in
3330 4477 3543 4535 duabus
3587 4481 3790 4536 naturis

2182 4566 2452 4622 distinctis
2479 4576 2642 4638 atque
2667 4567 2926 4638 perlectis
2956 4578 3238 4638 permanet
3264 4568 3548 4638 Christus;
3579 4570 3650 4630 de
3675 4573 3790 4642 ipso

2183 4659 2326 4714 enim
2355 4657 2549 4713 dlcturi
2579 4670 2706 4714 sunt
2735 4659 2885 4729 impii
2910 4676 2925 4715 :
2957 4659 3054 4716 Sol
3096 4677 3198 4716 non
3227 4672 3368 4717 ortus
3415 4672 3490 4718 est
3529 4663 3681 4720 nobis
3700 4703 3718 4730 ,
3743 4673 3791 4722 st

485 4755 724 4823 Justitia,
768 4757 1022 4828 quoniam
1052 4756 1242 4812 orbem
1279 4763 1541 4812 terrarum
1573 4757 1674 4812 sub
1703 4755 1959 4828 tequitate
1985 4753 2074 4824 ju-
2104 4757 2161 4819 1)
2175 4753 2396 4826 justitia:
2437 4751 2609 4806 lumen
2635 4767 2739 4806 non
2767 4753 2897 4807 luxit
2925 4753 3071 4808 nobis
3113 4752 3278 4825 (Sap.
3307 4769 3361 4822 v,
3393 4754 3484 4826 6).
3515 4753 3789 4825 Sequitur,

485 4847 720 4914 dicabit,
766 4850 860 4920 qui
904 4847 1066 4906 etiam
1120 4848 1395 4904 diabolum
1442 4864 1539 4920 per
1580 4848 1848 4920 justitiam
1903 4846 2080 4918 magis

485 4954 642 5010 quam
664 4941 921 5010 potentia
946 4941 1144 4997 virtute
1171 4941 1464 5012 superavit.

554 5030 712 5088 Vers.
747 5035 800 5086 4.
833 5033 899 5087 In
929 5050 1024 5087 sua
1063 5033 1272 5105 justitia
1309 5033 1567 5107 judicabit
1597 5049 1848 5106 pauperes
1875 5031 2079 5106 populi,

483 5132 531 5179 et
554 5121 721 5177 salvos
749 5122 903 5193 faciet
927 5123 1066 5192 ﬁlios
1092 5142 1378 5198 pauperum
1420 5142 1438 5180 :
1491 5134 1540 5181 et
1567 5125 1855 5180 liumiliabit
1883 5125 2082 5180 calum-

483 5215 752 5270 niatorein.
805 5213 1076 5274 llactenus
1105 5217 1342 5289 optando
1373 5218 1582 5274 locutus
1610 5225 1696 5273 est
1721 5258 1738 5285 ,
1786 5233 1932 5273 nunc
1984 5233 2080 5272 vce

483 5308 639 5364 niens
663 5307 731 5364 ad
776 5309 1069 5367 secundam
1097 5320 1305 5382 partem
1356 5311 1654 5382 pr0pbetite
1701 5311 1920 5376 virtute,
1951 5325 2074 5380 quae

483 5403 592 5458 sint
623 5402 858 5460 adventu
884 5403 1101 5462 Domini
1130 5407 1455 5476 praestanda,
1489 5405 1825 5462 diversarum
1859 5404 2084 5476 parabo-

483 5495 655 5552 larum
685 5497 1052 5569 pulcherrima
1082 5499 1340 5555 varietate
1367 5506 1774 5557 commemorat.
1799 5497 1934 5554 Nam
1959 5513 2081 5555 cum

481 5588 734 5658 superius
758 5591 956 5647 dixerit
986 5591 1152 5658 Patri,
1195 5593 1250 5647 in
1291 5601 1383 5646 tua
1401 5593 1638 5666 justitia,
1685 5606 1831 5648 nunc
1850 5592 1983 5648 dicit
2011 5591 2078 5648 de

483 5681 646 5754 Filio,
672 5686 726 5740 in
749 5704 847 5742 sua
865 5687 1105 5758 justitia;
1137 5695 1194 5742 ut
1225 5686 1452 5743 ﬁrmiter
1481 5696 1664 5745 teneas
1699 5686 1832 5742 nihil
1861 5686 1932 5742 ibi
1959 5701 2081 5759 esse

484 5788 582 5834 aut
617 5779 933 5852 discrepans
979 5791 1072 5836 aut
1119 5779 1395 5847 divisum;
1445 5782 1544 5838 sed
1589 5797 1711 5852 qua:
1756 5791 1841 5836 est
1886 5781 2080 5848 Patris,

487 5871 606 5944 ipsa
629 5881 715 5930 est
740 5882 795 5929 et
822 5872 946 5928 Filii
972 5873 1090 5928 sine
1112 5873 1449 5930 dubitatione
1474 5875 1706 5945 justitia.
1739 5873 1873 5929 Nam
1905 5882 1958 5930 et
1985 5873 2078 5928 ali~

483 5971 577 6023 ter
601 5974 776 6035 potest
797 5965 1042 6041 intelligi.
1075 5964 1342 6038 Pauperes
1367 5965 1572 6024 Christi
1603 5966 1789 6024 δαεοωί
1817 5965 1974 6024 istius
1999 5966 2057 6038 ju

2183 4851 2230 4899 et
2250 4852 2366 4897 ante
2393 4844 2570 4898 lunam
2595 4843 2650 4897 in
2671 4843 2924 4898 circulum
2955 4843 3166 4911 seaculi;
3198 4846 3632 4903 subaudiendum
3653 4848 3789 4919 quod

2185 4939 2436 5007 superius
2476 4939 2650 5006 dixit,
2695 4941 3032 5010 permanebit.
3067 4939 3346 4996 Permanet
3385 4957 3517 4999 vero
3544 4941 3791 5000 Christus

2187 5043 2304 5088 ante
2327 5034 2528 5100 lunam,
2553 5033 2761 5088 scilicet
2801 5046 2925 5090 ante
2946 5045 3298 5106 conspectum
3327 5035 3610 5106 Ecclesiae,
3634 5053 3790 5110 quem

2185 5124 2368 5180 cordis
2393 5138 2610 5194 semper
2648 5125 2941 5180 luminibus
2982 5136 3290 5184 contuetur.
3321 5127 3474 5184 Luna
3513 5131 3662 5186 enim
3691 5129 3792 5186 Ec-

2186 5218 2366 5274 clesim
2405 5219 2599 5274 merito
2624 5229 3005 5290 comparatur,
3037 5237 3160 5292 qua:
3199 5224 3440 5280 nativum
3483 5240 3592 5281 non
3635 5226 3794 5282 habet

2187 5311 2552 5382 splendorem,
2586 5311 2682 5368 sed
2711 5327 2742 5368 a
2773 5313 2890 5369 sole
2912 5315 3082 5369 certis
3113 5315 3289 5374 modis
3327 5317 3556 5390 suscipit
3595 5319 3794 5384 lumen;

2187 5403 2332 5475 quod
2353 5403 2648 5460 astronomi
2681 5403 2820 5460 inter
2841 5405 2943 5460 alia
2972 5404 3257 5477 diligenter
3278 5418 3582 5478 exponunt.
3608 5408 3797 5466 Mirum

2190 5512 2411 5572 prorsus
2440 5504 2496 5553 et
2519 5497 2678 5553 altius
2708 5498 3028 5574 stupendum
3059 5507 3136 5554 tot
3163 5499 3400 5556 siderum
3433 5515 3658 5568 cursus,
3693 5511 3798 5557 tam

2184 5593 2478 5664 ingentium
2500 5607 2678 5648 rerum
2703 5592 2902 5649 arduas
2919 5593 3250 5666 subtilesque
3268 5609 3553 5652 mensuras
3575 5609 3800 5651 munere

2184 5685 2456 5743 Creatoris
2491 5701 2662 5757 usque
2691 5685 2758 5740 ad
2790 5685 3080 5743 humanam
3109 5689 3350 5757 potuisse
3382 5690 3679 5759 pervenire
3705 5704 3801 5744 no-

2188 5779 2382 5835 titiam.
2415 5777 2507 5833 Sic
2536 5791 2669 5846 ergo
2699 5777 2938 5834 Ecclesia
2970 5794 3000 5834 a
3027 5793 3158 5836 vero
3183 5780 3278 5836 illo
3306 5779 3566 5837 Creatore
3596 5797 3803 5837 mensu-

2192 5882 2308 5928 rate
2338 5872 2575 5944 suscepit
2609 5871 2789 5928 lumen
2817 5915 2833 5941 ,
2871 5888 2992 5946 quae
3022 5873 3184 5930 modo
3216 5874 3690 5945 persecutionibus
3718 5873 3805 5929 vi-

2193 5967 2350 6024 detur
2374 5965 2653 6036 imminui,
2680 5967 2988 6039 iterumque
3019 5969 3407 6040 tranquillitate
3428 5979 3668 6040 recepta,
3690 5967 3807 6027 ei»
