4036 6342
222 538 323 599 i509

1149 531 1512 597 EXPOSITIO
1552 534 1619 592 ΙΝ
1661 531 2116 593 PSALTERIUM.
2158 530 2353 592 PSAL.
2390 527 2578 590 LXXI.

3395 521 3509 584 510

226 655 430 719 tissimi
452 655 669 714 luminis
692 653 958 712 hilaritate
981 653 1299 726 completur.
1324 652 1455 709 Nam
1484 653 1625 724 quod
1650 651 1805 720 dixit,
1832 654 1882 714 Α
1912 652 2015 716 sia,
2037 658 2129 706 aut
2157 647 2481 705 constitutus
2523 642 3026 719 praedestinatorum
3065 653 3326 702 numerus
3348 654 3506 701 com

227 754 281 808 in
300 748 545 808 secutum
568 748 765 815 seaculi,
790 757 1000 819 tempus
1017 747 1212 803 indicat
1232 746 1449 801 omnino
1473 752 1817 816 perpetuum,

226 845 367 900 sicut
392 844 586 915 legitur
613 861 631 895 ί
662 839 729 895 Et
755 842 901 913 regni
918 842 1027 911 ejus
1052 856 1157 895 non
1178 840 1274 893 erit
1304 838 1424 908 ﬁnis
1444 835 1601 909 (Isai.
1626 853 1702 903 ιχ,
1733 836 1811 907 7).

303 938 457 993 Vers.
484 936 541 992 6.
569 935 638 990 Et
668 934 936 990 descendet
961 935 1089 989 sicut
1119 933 1292 1003 pluvia
1318 933 1371 986 in
1402 931 1580 1000 vellus,
1613 941 1660 986 et
1682 931 1815 987 sicut

225 1029 762 1087 stillicidiastillantia
785 1044 935 1100 super
954 1036 1161 1083 terram.
1187 1026 1283 1081 Hic
1307 1025 1479 1092 ipsum
1502 1024 1815 1096 mysterium

224 1123 477 1194 gloriosae
502 1120 799 1177 nativitatis
815 1119 1121 1190 exponitur.
1152 1117 1286 1174 Nam
1315 1115 1573 1173 Dominus
1595 1116 1682 1172 ille
1710 1116 1817 1172 vir-

226 1221 559 1270 tutumaute
593 1212 747 1284 cujus
792 1218 1141 1281 conspectum
1171 1218 1316 1265 terra
1345 1208 1656 1264 tremefacta
1689 1223 1818 1264 eon-

222 1306 462 1372 cutitur,
502 1305 681 1360 omnis
724 1313 967 1360 creatura
1013 1300 1293 1369 turbatur,
1333 1314 1456 1356 cum
1487 1314 1594 1355 non
1639 1307 1827 1370 potest

225 1388 501 1456 ullatenus
525 1398 802 1465 sustineri,
844 1397 1060 1468 quando
1091 1411 1150 1454 se
1181 1396 1384 1451 mavult
1413 1394 1692 1452 manifesta
1723 1407 1819 1464 po-

226 1498 427 1548 testate
454 1489 728 1562 cognosci,
758 1490 928 1547 voluit
956 1490 1149 1547 leniter
1175 1490 1233 1544 in
1254 1499 1408 1545 utero
1434 1488 1678 1559 virginali
1700 1487 1819 1545 sine

225 1581 416 1652 aliquo
458 1582 718 1651 strepitu,
766 1591 1017 1651 tauquam
1061 1580 1236 1652 pluvia
1274 1581 1327 1635 in
1358 1580 1517 1635 uellus
1543 1593 1695 1649 agna:
1723 1579 1818 1634 de-

226 1673 496 1738 scendere;
520 1679 580 1727 ut
602 1672 855 1728 virtutem
883 1686 1036 1728 suam
1069 1671 1193 1727 hinc
1220 1672 1388 1742 magis
1414 1671 1741 1737 ostenderet,
1770 1672 1818 1728 si

229 1765 377 1821 illam
406 1764 732 1823 inetlabilem
770 1766 1060 1836 potentiam
1094 1773 1479 1836 temperasset;
1511 1765 1654 1823 sicut
1690 1765 1821 1821 dicit

230 1856 523 1926 Apostolus
553 1876 569 1912 :
601 1856 706 1925 Qui
733 1872 853 1912 cunt
875 1857 931 1912 in
959 1858 1123 1929 {arma
1151 1856 1249 1912 Dei
1275 1868 1423 1926 esset,
1455 1874 1558 1912 non
1582 1858 1820 1927 rapinam

230 1949 509 2004 arbitratus
552 1957 627 2003 est
667 1965 775 2005 esse
810 1965 867 2003 se
902 1950 1151 2019 aqualem
1181 1949 1327 2016 Deo;
1366 1951 1456 2005 sed
1495 1952 1821 2020 semetipsum

1918 743 2148 814 plcatur.

1986 834 2141 890 Vers.
2171 834 2226 893 8.
2255 832 2320 890 Et
2351 832 2696 889 dominabitur
2722 850 2756 888 α
2781 834 2913 888 mari
2942 848 3101 905 usque
3129 832 3199 888 ad
3222 849 3382 903 mare,
3404 840 3452 890 et
3472 846 3509 892 tl

1914 929 2128 998 ﬂumine
2177 944 2335 1000 usque
2365 928 2432 982 ad
2476 928 2719 983 terminos
2763 928 2901 983 orbis
2926 935 3094 982 terra.
3127 924 3509 996 Dominabitur,

1915 1019 2068 1090 dixit,
2102 1020 2249 1077 cultu
2290 1018 2564 1091 religionis
2591 1019 2752 1075 latius
2781 1019 3064 1077 inualescit
3095 1018 3281 1091 utique
3320 1019 3511 1077 Domit-

1917 1126 2019 1167 nus
2048 1112 2329 1179 Christus,
2360 1111 2428 1168 de
2455 1128 2561 1184 quo
2590 1111 2869 1184 superiora
2898 1120 3126 1179 canunt,
3159 1118 3214 1167 et
3252 1110 3508 1170 inferiora

1917 1204 2121 1260 dictura
2144 1215 2290 1262 sunt.
2316 1204 2464 1261 Istud
2486 1213 2664 1262 autem
2687 1204 2754 1260 ad
2778 1204 3122 1261 Salomonem
3147 1202 3314 1260 lilium
3341 1204 3515 1261 David

1918 1224 2121 1260 αιοιυηι
2144 1224 2170 1261 S
2192 1224 2290 1261 tnt.
2317 1224 2464 1261 ιδιιια
2486 1224 2664 1262 antem
2687 1224 2754 1260 an
2778 1224 3122 1261 aatomonem
3147 1224 3314 1260 ιιιιιιω
3341 1224 3515 1261 navus

1918 1224 2239 1352 omnimodis
2267 1311 2372 1353 non
2398 1304 2574 1366 potest
2595 1297 2893 1367 pertinere,
2912 1296 3002 1367 qui
3035 1304 3241 1352 tantum
3271 1297 3325 1353 in
3350 1306 3515 1369 gente

1918 1387 2103 1444 Judtea
2135 1403 2230 1443 rex
2262 1387 2428 1445 fuisse
2457 1390 2818 1460 cognoscitur.
2854 1388 3002 1445 Mare
3044 1389 3188 1447 enim
3232 1390 3513 1448 Oceanum

1918 1480 2175 1536 debemus
2202 1479 2518 1546 advertere,
2559 1482 2648 1548 qui
2696 1496 2878 1537 aream
2912 1483 3075 1538 totius
3125 1491 3286 1539 terra:
3325 1484 3345 1557 (
3367 1485 3519 1542 sicuti

1920 1574 2135 1646 quidam
2161 1574 2369 1645 dicunt)
2394 1574 2558 1631 limbo
2581 1589 2681 1630 suo
2709 1574 3069 1632 circumactus
3099 1576 3346 1635 includit.
3375 1577 3513 1635 Nam

1919 1665 1964 1723 si
1997 1668 2163 1721 maria
2189 1667 2289 1722 ista
2321 1667 2578 1722 nostratia
2610 1667 2744 1724 velis
2765 1667 3086 1738 intelligere,
3116 1669 3286 1724 totius
3315 1668 3503 1730 mundi

1921 1757 2202 1826 ambitum,
2224 1773 2381 1829 quem
2406 1773 2595 1814 versus
2618 1758 2721 1816 iste
2746 1758 3036 1830 signiﬁcat,
3060 1774 3167 1816 non
3189 1760 3515 1831 prtevalebis

1919 1850 2222 1907 advertere.
2256 1851 2526 1923 Sequitur,
2560 1862 2608 1907 et
2643 1870 2676 1907 α
2714 1854 2926 1925 ﬂumine
2966 1870 3126 1925 usque
3168 1854 3237 1910 ad
3268 1856 3515 1910 terminos

1922 1941 2060 1995 orbis
2092 1950 2263 1996 terrae.
2296 1941 2521 1997 Pulchra
2564 1942 2781 2013 quidem
2829 1944 3062 1999 brevitas
3083 1984 3099 2012 ,
3145 1944 3239 2000 sed
3268 1944 3509 2017 ingentia

231 2026 513 2096 esinanioit
533 2043 754 2113 formam
773 2043 905 2098 serui
917 2044 1193 2113 accipiens,
1212 2044 1265 2111 in
1288 2043 1626 2098 similitudine
1647 2043 1816 2099 homi-
1845 2045 1895 2107 B
1923 2032 2080 2089 Ποδῖε
2109 2043 2445 2090 εδθτδηιεηυ
2480 2034 2736 2105 Ρτοίυάίίσ
2768 2035 2814 2090 Α
2838 2037 3071 2108 ﬂumine:
3102 2051 3134 2092 ³
3163 2037 3401 2095 Iordane
3426 2038 3508 2094 di‘

228 2147 355 2185 num
383 2132 572 2202 factus,
616 2144 663 2189 et
685 2134 858 2188 habitu
883 2135 1114 2189 inventus
1140 2143 1196 2189 ut
1225 2137 1377 2190 homo
1407 2134 1633 2207 (Philip.
1661 2151 1720 2200 tt,
1754 2136 1810 2204 6,

228 2223 314 2294 7).
349 2223 457 2281 Sed
483 2224 886 2282 consideremus
926 2233 1089 2282 tanta:
1120 2226 1198 2283 rei
1224 2228 1399 2297 qualis
1427 2226 1723 2283 similitudo
1749 2228 1821 2283 sit

227 2319 425 2389 posita.
465 2318 671 2376 Vellera
694 2320 833 2376 laute
858 2329 984 2377 sunt
1007 2323 1216 2389 ovium,
1245 2337 1365 2393 qua:
1405 2321 1483 2377 sic
1511 2337 1702 2393 aquam
1732 2337 1827 2379 re-

229 2410 465 2480 cipiunt,
497 2419 556 2468 ut
582 2411 725 2468 nulla
757 2412 1020 2469 divisione
1061 2423 1408 2483 rumpantur,
1440 2422 1494 2468 et
1523 2414 1716 2470 iterum
1742 2416 1823 2471 sic

226 2501 487 2567 eeddunt,
511 2513 568 2558 ut
588 2504 645 2559 in
665 2505 777 2560 suis
798 2504 1197 2575 integritatibus
1215 2515 1580 2575 perseverent.
1600 2505 1819 2577 Audite,

221 2594 273 2649 si
295 2595 391 2663 qui
421 2594 596 2652 adhuc
626 2596 759 2651 estis
780 2596 1061 2662 increduli,
1090 2608 1143 2652 et
1165 2597 1363 2665 pudeat
1390 2594 1495 2652 hoc
1521 2596 1590 2652 de
1613 2610 1823 2652 summa

223 2684 519 2741 Divinitate
541 2700 646 2740 non
662 2686 907 2753 credere,
923 2687 1065 2757 quod
1079 2688 1269 2744 videtis
1285 2687 1535 2744 minimas
1549 2697 1825 2745 creaturas

222 2777 496 2833 indicare.
518 2779 790 2848 Sequitur,
803 2788 852 2835 et
867 2781 1000 2834 sicut
1018 2781 1286 2835 stillicidia
1305 2781 1557 2835 stillantia
1570 2791 1827 2851 supertero

221 2886 376 2936 ram,-
403 2870 608 2925 scilicet
628 2885 746 2940 qua)
767 2872 819 2927 in
844 2873 1224 2927 modumeroris
1254 2886 1463 2928 summa
1484 2872 1707 2929 lenitate
1730 2872 1825 2928 de-

220 2959 515 3017 scendunt.
531 2962 657 3017 Haec
672 2964 717 3016 si
736 2978 865 3032 pura
884 2972 1064 3019 mente
1081 2964 1415 3032 consideres,
1434 2964 1829 3021 haesitationem-

222 3052 300 3107 de
330 3062 485 3123 partu
506 3052 740 3124 Virginis
770 3070 877 3111 non
907 3056 1149 3113 habebis.
1175 3057 1310 3113 Illud
1337 3059 1481 3115 enim
1513 3060 1701 3130 ingens
1724 3059 1819 3115 mi-

222 3148 517 3217 nculum,
558 3156 617 3205 ut
650 3151 768 3207 sine
812 3153 991 3223 aliqua
1036 3153 1367 3210 dubitatione
1413 3154 1565 3211 credi
1610 3156 1818 3225 possit,

219 3242 479 3310 exemplo
523 3242 720 3313 duplici
772 3246 1165 3315 comprobavit.
1222 3246 1320 3302 Hic
1364 3246 1680 3304 Ambrosius
1726 3247 1823 3304 ille

219 3333 475 3405 quaedam
503 3335 754 3392 Ecclesia:
784 3336 1005 3393 candela
1036 3338 1270 3395 mirabili
1295 3338 1501 3412 fulgore
1535 3341 1814 3412 lampavit,

220 3427 415 3485 dicens
438 3428 613 3498 (Tom.
636 3428 704 3494 V,
726 3430 866 3498 Itym.
896 3430 991 3497 94)
1019 3446 1037 3485 :

480 3561 629 3630 Veni,
647 3563 959 3630 Redemptor
974 3567 1215 3630 gentium,

470 3624 691 3691 Qstende
716 3624 904 3689 partum
924 3624 1158 3691 Virginis,

471 3686 679 3751 giretur
709 3686 855 3739 otuue
880 3686 1131 3751 saeculum,

469 3747 604 3799 Talis
624 3749 772 3801 decet
795 3759 964 3812 partus
987 3747 1168 3802 Deum.

222 3867 382 3927 Unde
422 3870 583 3927 etiam
611 3873 906 3931 beatissimi
954 3891 1102 3947 papae
1130 3878 1326 3934 Leonis
1365 3892 1591 3935 corusco
1617 3878 1809 3939 similis

216 3978 403 4020 sermo
430 3966 781 4037 resplenduit.
812 3969 901 4025 Ait
924 3971 1067 4026 enim
1099 3971 1292 4043 (Epist.
1329 3974 1414 4040 lO,
1446 3975 1515 4028 ad
1540 3973 1808 4044 Flauiam,

222 4070 342 4121 cap.
365 4055 422 4125 2)
448 4073 463 4111 :
491 4054 791 4128 Conceptus
814 4068 898 4116 est
918 4061 1113 4132 quippe
1140 4064 1206 4119 de
1228 4065 1429 4134 Spiritu
1458 4076 1644 4122 sancto
1670 4068 1809 4125 intra

220 4154 439 4202 uterum
468 4149 699 4221 Virginis
729 4153 939 4219 matris,
973 4170 1091 4223 qua:
1118 4156 1270 4210 illum
1309 4156 1380 4211 ita
1418 4158 1563 4212 salva
1593 4160 1811 4229 virgini-

220 4246 333 4293 tate
363 4239 544 4308 edidit,
586 4244 1041 4313 quemadmodum
1084 4247 1231 4303 salva
1268 4248 1575 4320 virginitate
1604 4266 1805 4308 conce-

218 4330 318 4398 pit.
349 4330 505 4402 Digni
528 4334 738 4406 Patres,
761 4347 814 4393 et
838 4339 1181 4407 pontilicatus
1208 4356 1332 4398 arce
1359 4343 1643 4412 pollentes,
1670 4362 1803 4415 qun-

216 4434 337 4476 rum
376 4424 688 4481 suavissima
726 4427 972 4485 doctrina
1020 4444 1331 4488 sermonum
1380 4445 1582 4491 tantum
1637 4440 1809 4495 valuit

214 4512 493 4572 declarare
517 4516 834 4575 miraculum
864 4519 980 4594 [nts.
1006 4521 1098 4589 Α..
1124 4526 1482 4599 mysterium].

285 4605 440 4662 Vers.
475 4607 528 4662 7.
565 4608 771 4664 Orietur
792 4612 845 4666 in
865 4613 1041 4667 diebus
1060 4616 1174 4684 eius
1187 4617 1398 4687 justitia
1418 4627 1466 4672 et
1486 4620 1807 4677 abundantia

207 4701 391 4765 pacis,
432 4702 593 4758 donec
635 4707 912 4761 extollatur
947 4709 1091 4763 luna.
1126 4708 1276 4765 Nunc
1317 4710 1465 4766 venit
1491 4714 1557 4767 ad
1592 4717 1802 4771 tertiam

1922 2126 2015 2193 cit,
2041 2127 2184 2183 unde
2212 2142 2309 2198 per
2338 2137 2507 2184 totum
2529 2130 2714 2185 orbem
2749 2139 3010 2187 terrarum
3040 2131 3393 2188 saluberrima
3423 2147 3517 2190 rce

1922 2219 2040 2291 gula
2071 2220 2210 2276 sacri
2236 2221 2573 2290 baptismatis
2592 2224 2879 2280 emanavit.
2908 2223 3022 2280 Hoc
3050 2233 3231 2281 autem
3256 2240 3354 2296 per
3380 2226 3519 2296 liguc

1922 2326 2039 2367 ram
2081 2313 2405 2384 periphrasis
2452 2314 2654 2370 dictum
2696 2326 2800 2383 est,
2848 2316 2900 2372 id
2939 2326 3026 2373 est
3066 2334 3162 2387 per
3204 2320 3511 2388 circuitum,

1923 2404 2089 2459 tutius
2130 2405 2313 2460 mundi
2364 2406 2625 2463 ambitum
2672 2423 2769 2479 per
2804 2410 2972 2466 maria
3001 2409 3329 2483 ﬂuviumque
3357 2412 3511 2484 signi.

1925 2494 2112 2552 litans.

1994 2573 2152 2644 'Vers.
2184 2589 2239 2646 9.
2270 2588 2461 2646 Coram
2485 2590 2580 2646 ille
2609 2590 2874 2663 procith
2894 2591 3206 2667 zEthiopes;
3232 2603 3282 2651 et
3308 2595 3511 2651 inimici

1924 2682 2036 2752 ejus
2061 2689 2251 2735 terram
2280 2682 2496 2753 lingent.
2524 2682 2801 2756 Ethiopes
2830 2695 3138 2755 peccatores
3155 2688 3383 2759 populos
3409 2688 3513 2744 tle-

1925 2769 2115 2826 bemus
2150 2771 2468 2840 advertere;
2498 2788 2623 2829 nam
2653 2776 2794 2831 sicut
2815 2777 2905 2848 ‘illi
2935 2778 3217 2834 teterrimo
3243 2779 3396 2835 corio
3420 2794 3511 2835 ve-

1930 2865 2185 2932 stiuntur,
2208 2865 2280 2920 ita
2307 2865 2503 2922 animai
2518 2866 2945 2938 delinquentium
2972 2869 3241 2926 scelerum
3270 2871 3519 2926 misceri-7

1924 2963 2036 3011 tate
2099 2957 2468 3014 tenebrantur.
2530 2959 2672 3030 Ergo
2726 2959 2817 3016 isti
2873 2957 3195 3032 λΕιΙιὶορθε,
3243 2963 3335 3034 qui
3384 2970 3513 3023 sunt

1924 3058 2267 3118 peccatores,
2299 3058 2425 3106 ante
2475 3050 2624 3107 illum
2655 3052 2965 3123 procidunt,
2996 3055 3212 3126 quando
3240 3071 3303 3113 se
3342 3057 3515 3127 peni-

1924 3141 2107 3195 tentite
2155 3140 2457 3198 humilitate
2509 3151 2884 3215 prosternunt.
2939 3146 3177 3218 Adjecit,
3226 3158 3275 3204 et
3316 3149 3523 3204 inimici

1922 3238 2032 3308 ejus
2060 3243 2249 3290 (errant
2287 3237 2500 3309 lingent.
2540 3240 2666 3297 Illos
2699 3244 2894 3313 quibus
2922 3253 3006 3301 est
3035 3246 3240 3302 Domini
3282 3246 3510 3305 misera-

1923 3328 2067 3384 tione
2095 3330 2444 3401 parcendum,
2477 3349 2649 3388 coram
2678 3336 2790 3406 ipso
2817 3336 2947 3392 dixit
2978 3340 3262 3409 procidere.
3295 3340 3386 3397 Isti
3414 3355 3510 3398 au-

1842 3416 1891 3482 C
1925 3428 2027 3474 tem
2056 3419 2227 3476 Judaei
2255 3423 2553 3492 pertinaces
2579 3426 2776 3481 inimici
2802 3431 3179 3499 nominantur,
3206 3434 3296 3503 qui
3328 3432 3381 3489 in
3410 3448 3523 3494 sua

1915 3514 2278 3573 obstinatione
2305 3521 2542 3575 mansuri
2572 3530 2718 3577 sunt.
2747 3522 2877 3591 Quae
2901 3538 3030 3595 ergo
3060 3526 3170 3581 illis
3193 3535 3276 3584 est
3305 3540 3463 3598 plena
3484 3528 3523 3582 !‘

1916 3609 2129 3668 Terram
2148 3615 2369 3688 lingunt,
2393 3617 2447 3674 id
2468 3627 2549 3674 est
2572 3627 2770 3678 terram
2795 3623 3040 3693 sapiunt;
3073 3625 3174 3680 hoc
3192 3626 3503 3698 eninuapit

1912 3708 2199 3779 unicuique
2241 3713 2381 3783 quod
2421 3714 2569 3786 lingit
2595 3733 2616 3772 :
2658 3716 2848 3788 quibus
2883 3718 2934 3773 in
2977 3719 3194 3775 modum
3241 3723 3507 3792 serpentis

1913 3801 2075 3874 242
2114 3802 2309 3859 humus
2338 3815 2419 3862 est
2448 3821 2569 3863 esca
2607 3810 2856 3879 poenalis.
2890 3808 3005 3867 Hoc
3039 3811 3106 3867 ad
3147 3812 3504 3871 humilitatem

1912 3892 2080 3963 ipsius
2108 3896 2253 3967 juste
2280 3898 2509 3954 dicimus
2530 3915 2653 3957 esse
2676 3900 3017 3959 referendum
3051 3946 3067 3972 ,
3117 3908 3369 3975 quoniam
3411 3906 3503 3975 qui

1916 3987 2187 4045 Christum
2217 3991 2382 4047 Deum
2410 3992 2633 4048 credere
2661 3994 2966 4062 noluerunt,
2999 3994 3092 4049 tali
3123 3995 3325 4053 ultione
3351 3995 3503 4051 dam-

1915 4081 2076 4136 nandi
2102 4092 2246 4138 sunt.

1987 4172 2139 4229 Vers.
2165 4173 2249 4229 10.
2276 4174 2437 4246 Reges
2468 4175 2680 4234 Tliarsis
2705 4186 2753 4234 et
2780 4180 2967 4233 insulis
2994 4196 3207 4236 munera
3242 4181 3454 4251 oﬂ'erent
3478 4200 3498 4248 ,-

1911 4280 2053 4335 rcgcs
2097 4266 2318 4321 Arabum
2347 4276 2396 4323 et
2427 4268 2566 4325 Saba
2601 4271 2740 4325 dona
2767 4272 3044 4328 adducent.
3075 4272 3325 4343 Titanis,
3351 4275 3492 4333 refc-

1914 4367 2065 4413 rente
2088 4359 2246 4415 Patre
2262 4360 2585 4434 Hieronymo
2606 4364 2967 4437 (lnlsai.cap.
2986 4384 3150 4438 xxrx,
3167 4386 3296 4427 vers.
3322 4369 3398 4442 l),
3420 4371 3499 4427 in-

1912 4458 2234 4520 terpretatur
2252 4450 2661 4525 contemplatio;
2686 4457 2829 4529 quod
2854 4460 2919 4514 ad
2940 4459 3127 4517 ﬁdeles
3148 4461 3495 4519 referendum

1910 4556 2028 4597 esse
2068 4559 2172 4598 non
2219 4545 2435 4602 dubium
2465 4557 2577 4618 est,
2623 4551 2712 4621 qui
2752 4552 2803 4608 in
2835 4551 3016 4609 divina
3044 4557 3496 4625 contemplatione

1907 4635 2069 4692 deﬁxi
2094 4648 2237 4694 sunt.
2268 4641 2431 4713 Reges
2456 4658 2584 4715 ergo
2610 4644 2851 4713 Tharsis,
2898 4647 2951 4702 id
3006 4657 3088 4704 est
3131 4649 3496 4705 dominatores

1908 4729 2179 4796 vitiorum,
2206 4731 2345 4787 dona
2371 4733 2599 4791 oderunt
2622 4737 2871 4806 Domino,
2896 4739 3109 4809 quando
3130 4740 3179 4795 ei
3200 4740 3497 4809 probantur

208 4799 440 4901 limbi“.
464 4792 517 4847 ίη
540 4810 641 4901 ηυξ
667 4810 763 4864 Per
790 4796 1032 4853 Ordinem
1062 4798 1461 4871 describuntur.
1490 4805 1539 4859 in
1564 4815 1683 4861 Ol‘lu
1706 4821 1804 4863 SUO
1832 4810 1885 4870 D
1909 4821 2090 4876 animo
2117 4824 2320 4879 servire
2348 4823 2565 4885 devoto.
2597 4827 2795 4884 Insula:
2979 4838 3122 4898 sunt,
3147 4792 3236 4901 alii
3263 4831 3493 4887 circum-

205 4884 468 4941 Dominus
499 4888 673 4956 qualia
707 4900 1013 4963 quantaque
1065 4895 1395 4963 prtestiterit.
1431 4897 1799 4969 lntelligamus

204 4991 338 5048 ergo
366 4980 506 5050 quod
528 4981 663 5036 dixit
693 5000 706 5035 :
740 4982 946 5038 Orietur
961 4987 1191 5055 justitia,
1215 4988 1367 5056 quasi
1396 4999 1520 5044 ante
1551 5007 1654 5047 non
1686 4993 1800 5049 lue-

206 5068 297 5134 rit,
320 5086 439 5141 quae
468 5087 680 5143 semper
706 5076 979 5131 adoranda
1009 5078 1129 5151 [τηε.
1161 5081 1248 5145 Λ.,
1286 5080 1337 5136 in
1362 5084 1655 5158 adoranda]
1685 5102 1799 5142 mai

203 5161 400 5232 jestate
427 5165 690 5234 regnavit.
723 5166 829 5223 Sed
857 5171 1050 5223 orietur
1071 5170 1201 5225 dicit
1224 5187 1288 5227 ex
1334 5185 1571 5245 tempore
1600 5190 1800 5239 saneta:

203 5251 609 5324 incarnationis,
639 5260 852 5328 quando
895 5270 1014 5316 erat
1055 5272 1208 5331 partu
1243 5265 1475 5336 Virginis
1506 5273 1800 5330 nascitura.

202 5348 423 5405 Iustitia
453 5351 597 5407 enim
622 5351 860 5410 Verbum
891 5354 1065 5411 Patris
1096 5365 1199 5422 est,
1224 5359 1365 5427 quod
1396 5376 1608 5419 omnem
1638 5381 1793 5422 crea-

201 5448 380 5495 turam
424 5450 481 5497 et
520 5451 763 5514 tempora
808 5447 937 5503 fecit
978 5448 1255 5517 universa;
1297 5451 1364 5507 de
1409 5470 1516 5522 quo
1560 5458 1794 5529 legitur:

206 5529 411 5587 Veritas
439 5533 505 5588 de
533 5545 668 5591 terra
695 5547 810 5593 orta
835 5549 943 5605 est,
984 5552 1029 5596 et
1056 5543 1255 5609 iustitia
1281 5544 1344 5598 de
1368 5547 1494 5601 creto
1535 5554 1796 5627 provxit

200 5622 375 5691 (Psal.
407 5641 629 5689 tum.
664 5628 777 5699 is).
808 5631 1049 5701 Addidit,
1085 5644 1132 5688 et
1160 5635 1475 5691 abundantia
1500 5622 1786 5710 pacis,de-

199 5730 291 5767 nec
312 5719 593 5773 extollatur
613 5720 769 5788 luna;
796 5731 850 5779 et
867 5724 956 5780 hic
990 5741 1204 5797 quoque
1229 5729 1653 5787 subaudiendum
1683 5744 1785 5802 est,

199 5813 415 5867 orietur.
442 5815 772 5874 Abundantia
800 5836 929 5890 ergo
979 5826 1118 5890 pacis
1147 5834 1250 5891 est,
1276 5826 1401 5883 dum
1426 5832 1616 5901 religio
1634 5830 1788 5889 Chri-

197 5907 501 5967 stianorum
530 5920 645 5968 toto
666 5915 796 5971 orbe
830 5917 1103 5973 dilatatur.
1140 5918 1311 5977 Donec
1338 5926 1611 5982 extollatur
1635 5930 1781 5999 luna,

196 5999 359 6069 dixit,
388 6000 440 6057 id
470 6011 553 6061 est
580 6007 812 6076 quandiu
843 6011 1191 6080 protendatur
1220 6026 1273 6071 et
1311 6028 1569 6088 augeatur
1603 6020 1783 6079 Eccle-

1905 4912 2121 4969 liuentia
2166 4917 2350 4973 mundi
2387 4920 2510 4975 vitia
2543 4938 2571 4977 a
2603 4922 2714 4977 suis
2760 4925 3083 4993 corporibus
3122 4925 3488 4989 excluserunt.

1906 5021 2005 5061 nec
2034 5006 2341 5064 dominatur
2360 5011 2412 5066 in
2437 5012 2516 5068 eis
2540 5028 2684 5070 mare
2716 5016 3062 5083 mundanum,
3088 5016 3228 5088 quod
3256 5018 3490 5089 perﬁde-

1902 5115 2021 5155 rum
2049 5102 2298 5158 cordibus
2326 5116 2533 5161 constat
2564 5107 2817 5162 infusum.
2842 5105 3026 5163 Insula
3047 5110 3187 5164 enim
3211 5111 3356 5167 dicta
3382 5121 3483 5177 cst,

1910 5204 1975 5245 eo
1997 5193 2134 5260 quod
2166 5191 2216 5247 in
2243 5194 2354 5249 salo
2376 5198 2447 5249 sit
2469 5197 2657 5265 posita.
2684 5199 2786 5266 Ipsi
2812 5209 2934 5254 sunt
2953 5214 3083 5271 ergo
3106 5203 3225 5272 puri
3254 5205 3489 5274 pectoris

1904 5298 2146 5348 munera,
2178 5300 2299 5356 qua:
2330 5285 2524 5341 divinis
2550 5289 2806 5344 altaribus
2842 5290 3129 5359 offeruntur
3150 5334 3166 5359 ,
3196 5293 3368 5365 ipsum
3400 5309 3488 5349 sa-

1901 5375 2160 5430 crillcium
2208 5376 2349 5446 quod
2391 5377 2648 5434 Dominus
2684 5381 2922 5437 suaviter
2958 5385 3188 5441 assumit
3226 5386 3484 5444 oblatum.

1903 5468 2173 5541 Sequitur,
2202 5489 2344 5543 reges
2372 5473 2597 5527 Arabum
2620 5485 2669 5530 ct
2698 5476 2839 5533 Saba
2865 5478 3003 5533 dona
3034 5481 3311 5536 adducent.
3340 5481 3481 5538 Ara-

1895 5558 1981 5614 bia
2013 5563 2226 5630 ponitur
2253 5576 2350 5632 pro
2396 5563 2696 5621 hominibus
2726 5570 2875 5623 suavi
2906 5579 2963 5624 et
3005 5579 3221 5626 terrena
3255 5586 3316 5627 se
3342 5571 3463 5628 dele

1894 5656 2130 5710 ctatione
2174 5657 2546 5714 tractantibus.
2580 5659 2713 5715 Nam
2747 5663 2886 5719 sicut
2927 5664 3019 5719 illa
3060 5668 3229 5735 patria
3260 5665 3493 5727 diversi;

1892 5746 2223 5802 aromatibus
2239 5761 2454 5805 sensum
2478 5752 2687 5808 narium
2715 5755 2930 5822 mulcet,
2954 5757 3024 5811 ita
3046 5758 3134 5811 isti
3156 5757 3221 5813 ad
3248 5757 3484 5813 delecta-

1893 5835 2065 5892 tiones
2092 5839 2437 5896 mollissimae
2480 5843 2752 5902 illecebris
2789 5848 3135 5906 saecularibus
3167 5850 3481 5906 invitantur.

1892 5927 2057 6000 Reges
2088 5947 2215 6002 ergo
2248 5935 2457 5991 Arabia
2486 5947 2643 6005 sunt,
2674 5941 2762 6009 qui
2796 5941 3163 5997 blandimenta
3194 5956 3483 6013 corporum

1891 6027 2073 6103 rigida:
2118 6029 2406 6102 subjiciunt
2453 6034 2768 6105 disciplinae.
2826 6036 3088 6095 Similiter
3127 6036 3270 6095 Saba
3439 6114 3511 6183 σε

3268 6151 3327 6183 ..ι
3364 6128 3436 6177 ιω

3268 6151 3327 6201 ῖ⁶ῑ
