4036 6342
517 416 615 474 511

1729 431 1796 487 Μ.
1839 429 2115 489 AURELII
2153 427 2553 489 CASSIODORI

3682 435 3785 499 512

514 530 687 590 Sabini
708 532 836 591 dicti
859 540 1003 607 sunt,
1032 539 1276 610 quamvis
1298 542 1563 614 corporali
1586 542 1940 599 delectatione
1969 560 2100 614 prie-
2130 548 2177 605 Α
2203 547 2610 601 conversatione
2638 546 2978 619 delinquunt,
3002 547 3055 603 in
3083 553 3282 604 aeterna
3313 547 3620 605 calamitate
3644 544 3785 607 reci-

514 624 703 693 valeat,
737 634 792 682 et
814 626 1067 699 iucundis
1094 630 1350 688 odoribus
1381 634 1452 691 sit
1478 635 1675 691 referta
1707 676 1724 699 ,
1757 634 2002 689 suaviora
2030 648 2102 690 ta-

514 731 635 773 mcn
680 721 924 776 conversi
971 720 1091 791 ejus
1137 725 1318 793 populi
1364 725 1594 782 offerunt
1643 726 1781 781 dona
1814 727 2100 783 virtutum.

514 810 663 878 Quod
694 820 870 869 autem
909 812 1059 882 dicit,
1098 817 1390 890 adducent,
1434 820 1501 875 ad
1550 819 1694 889 ipsos
1721 819 1941 889 respicit
1968 820 2101 875 offe-

513 901 711 958 rendos
739 918 754 967 ;
788 904 912 974 quia
940 914 1061 975 post
1087 907 1378 966 adventum
1403 907 1615 966 Domini
1645 910 1907 980 pecudum
1934 909 2096 966 sacri~

513 994 628 1051 ﬁcia
656 1006 1025 1055 cesuverunt.

530 1114 533 1119 -
588 1085 740 1143 Vcrs.
773 1089 862 1146 11.
903 1088 973 1144 Et
1014 1092 1303 1149 adorabunt
1347 1111 1463 1150 eum
1509 1113 1683 1152 omnes
1721 1114 1868 1171 reges
1915 1107 2099 1173 terrm;

506 1189 685 1230 omnes
701 1187 871 1247 gentes
889 1182 1107 1237 servient
1129 1185 1194 1239 ei.
1213 1184 1374 1242 Venit
1396 1187 1462 1242 ad
1487 1197 1733 1258 quartum
1760 1190 2057 1261 membrum
2078 1233 2095 1259 ,

510 1265 602 1322 ubi
628 1267 957 1327 adorandum
986 1273 1275 1333 Dominum
1302 1294 1333 1335 a
1359 1281 1571 1336 cunctis
1596 1284 1842 1352 gentibus
1866 1282 2014 1349 dicit,
2043 1290 2098 1338 et

440 1424 445 1431 κη
511 1354 769 1415 beneﬁcia
820 1360 988 1432 ipsius
1032 1368 1218 1426 subter
1258 1372 1497 1441 exponit.
1547 1373 1649 1429 Per
1693 1391 1865 1430 omnes
1907 1390 2049 1445 reges
2078 1416 2094 1440 ,

510 1461 732 1509 cunctas
772 1470 871 1514 nos
899 1459 1068 1515 voluit
1101 1461 1403 1536 intelligere
1445 1468 1735 1535 nationes;
1793 1469 1913 1538 quia
1954 1468 2097 1523 nulla

509 1557 637 1614 gens
661 1555 744 1602 est
767 1563 890 1617 qua:
910 1551 962 1606 in
986 1562 1139 1622 parte
1159 1557 1341 1627 populi
1371 1559 1455 1614 sui
1480 1561 1755 1631 proprium
1777 1575 1885 1615 non
1908 1558 2097 1615 adoret

508 1648 802 1697 auctorem.
835 1644 900 1698 Et
928 1646 1050 1702 ideo
1093 1664 1161 1705 ne
1189 1658 1395 1708 tantum
1434 1654 1501 1709 de
1540 1653 1757 1724 regibus
1787 1654 2100 1709 adverteres

509 1729 730 1801 dictum,
755 1736 974 1808 addidit,
1002 1756 1170 1796 omnes
1195 1754 1367 1814 gentes
1396 1745 1611 1801 servient
1633 1748 1681 1800 ei
1692 1762 1713 1814 ;
1742 1746 1949 1802 scilicet
1976 1759 2097 1816 quae

509 1835 607 1896 per
635 1828 942 1886 universum
971 1836 1227 1892 mundum
1257 1848 1312 1894 ct
1340 1838 1533 1910 linguis
1558 1839 1870 1896 dividuntur
1900 1849 1956 1897 et
1988 1858 2093 1915 pa-

2206 635 2375 707 piunt.
2418 639 2500 693 Ab
2536 638 2649 694 istis
2687 655 2815 711 ergo
2858 642 3057 704 usuris,
3085 641 3170 696 vel
3200 640 3268 697 ab
3296 641 3408 711 ipsa
3455 640 3786 712 obligatione

2203 728 2405 799 peccati
2436 728 2716 785 liberantur
2761 731 2944 787 ﬁdeles
2985 734 3207 799 animm,
3239 731 3453 803 quando
3484 747 3583 803 per
3611 732 3785 803 pani-

2203 821 2422 878 tentiam
2463 822 2760 878 redduntur
2788 824 2983 880 divinis
3020 824 3333 881 muneribus
3377 823 3659 881 absolutae.
3687 824 3783 883 Se-

2201 912 2397 984 quitur,
2419 924 2464 968 et
2490 915 2796 983 prteclarum
2820 931 3005 970 nomen
3027 931 3202 971 eorum
3224 932 3398 971 coram
3423 917 3561 987 ipso.
3576 915 3785 975 Revera

2199 1004 2508 1076 praclarum
2537 1022 2747 1071 nomen,
2776 1014 2835 1061 ut
2860 1006 3152 1062 Christiani
3178 1008 3458 1074 dicantur,
3488 1018 3549 1065 ut
3577 1009 3650 1066 de
3692 1025 3788 1067 suo

2198 1094 2347 1165 Rege
2394 1094 2810 1165 resplendeant,
2860 1106 2912 1151 et
2958 1104 3176 1168 accepta
3222 1096 3470 1153 vocabuli
3521 1098 3789 1168 dignitate

2200 1186 2513 1259 glorientur.
2538 1187 2688 1253 Quod
2717 1195 2892 1243 tamen
2918 1187 3080 1244 Isaias
3110 1188 3395 1259 increpans
3410 1188 3630 1245 Iudaeos
3659 1204 3791 1259 prae-

2200 1277 2433 1334 cinuisse
2455 1278 2808 1348 dignoscitur,
2842 1277 3069 1334 dicetis:
3102 1276 3383 1349 lnterﬁciet
3418 1294 3505 1334 vos
3533 1276 3789 1335 Dominus

2197 1367 2339 1424 Deus
2358 1411 2373 1437 ,
2414 1378 2461 1423 et
2490 1385 2660 1424 servos
2705 1386 2826 1425 suos
2852 1370 3050 1424 vocabit
3082 1370 3285 1425 nomine
3317 1368 3423 1424 alio
3445 1368 3613 1441 (Isai.
3660 1385 3787 1438 va,

2201 1457 2331 1528 15),
2370 1460 2553 1530 utique
2575 1460 2931 1516 Christianos.
2964 1460 3182 1516 Addidit
3219 1460 3415 1528 etiam,
3448 1475 3622 1515 coram
3650 1461 3789 1529 ipso,

2198 1555 2454 1623 quoniam
2485 1564 2610 1610 ante
2640 1554 2814 1624 ipsum
2844 1562 2899 1611 et
2927 1556 2980 1609 in
3029 1554 3199 1625 ipsius
3227 1567 3394 1624 regno
3412 1553 3604 1609 victuri
3644 1563 3790 1608 sunt.

2200 1645 2347 1702 Felix
2377 1648 2663 1717 praesentia
2708 1655 2833 1703 ante
2863 1647 3033 1703 Deum
3080 1661 3295 1718 semper
3323 1659 3464 1714 esse,
3494 1660 3660 1717 quem
3680 1646 3789 1716 iam

2198 1753 2308 1793 non
2337 1738 2594 1796 formides
2642 1738 2937 1796 offendere.
2988 1738 3141 1795 Adde
3180 1736 3320 1809 quod
3350 1738 3458 1793 tale
3503 1739 3790 1807 praemium

2196 1841 2282 1888 est
2318 1832 2468 1888 illum
2495 1831 2709 1899 v'dere,
2740 1831 2808 1887 ad
2848 1846 3005 1902 quem
3058 1830 3207 1886 nullo
3234 1829 3396 1885 modo
3434 1830 3609 1900 possit
3650 1844 3791 1885 nunc

509 1918 645 1972 triis.
687 1918 776 1975 Sic
802 1921 991 1979 Donati
1020 1927 1245 1995 perﬁdia
1275 1931 1514 1985 noscitur
1541 1944 1663 1987 esse
1692 1933 1972 2001 convicta,
2001 1934 2092 2005 qui
2123 1926 2172 1989 B
2198 1923 2281 1979 vel
2318 1924 2434 1994 ipsa
2463 1924 2717 1995 cogitatio
2747 1924 3047 1991 pervenire-
3081 1922 3173 1980 Sic
3217 1922 3272 1977 in
3302 1921 3421 1977 istis
3451 1920 3792 2009 paucissimis

508 2006 733 2065 localem
781 2023 933 2081 putat
974 2016 1293 2089 Ecclesiam,
1335 2036 1498 2091 quam
1548 2037 1643 2092 per
1690 2032 1858 2080 totum
1909 2027 2095 2083 orbem

509 2113 724 2160 constat
758 2120 879 2164 esse
907 2106 1176 2167 diffusam.
1225 2114 1291 2169 Et
1336 2114 1545 2173 intuere
1588 2117 1712 2188 quia
1750 2117 1909 2185 dixit,
1955 2136 2097 2192 reges

508 2196 818 2264 adorabunt,
848 2199 940 2269 qui
966 2210 1218 2272 putantur
1256 2204 1544 2275 adorandi;
1577 2219 1749 2280 gentes
1774 2221 1952 2269 autem
1990 2229 2096 2269 ser.

509 2287 634 2356 vire,
664 2304 785 2359 qua:
815 2299 1060 2350 terrenos
1083 2294 1329 2355 dominos
1354 2299 1554 2357 habere
1579 2314 1897 2361 noscuntur.

580 2379 735 2437 Vers.
767 2382 857 2440 12.
888 2384 1019 2452 Quia
1048 2387 1279 2444 liberavit
1303 2407 1583 2464 pauperem
1609 2410 1639 2448 a
1662 2404 1890 2464 potente,
1911 2405 1961 2453 et
1984 2398 2096 2455 ino-

509 2486 626 2543 pem
653 2473 865 2529 cuinon
893 2486 1002 2532 erat
1029 2480 1259 2551 adjutor.
1305 2480 1535 2540 Causam
1564 2485 1743 2560 reddit
1785 2503 1951 2558 quare
1994 2490 2098 2547 Do-

509 2563 658 2621 mino
700 2564 915 2625 Christo
957 2570 1026 2626 ab
1062 2572 1324 2630 universis
1355 2578 1603 2648 gentibus
1630 2581 1943 2639 serviatur:
1973 2586 2097 2655 quia

508 2672 822 2727 pauperem,
859 2659 913 2716 id
947 2670 1032 2718 est
1068 2663 1281 2721 ﬁdelem
1313 2668 1565 2738 populum
1593 2686 1625 2723 a
1652 2681 1857 2740 potente
1884 2673 2097 2730 diabolo

509 2748 762 2817 liberauit,
789 2767 949 2824 quem
979 2770 1140 2827 supra
1168 2759 1588 2818 calumniatorem
1618 2763 1788 2831 dixit;
1820 2766 1962 2824 hunc
1992 2769 2099 2826 alio

507 2842 630 2901 loco
654 2844 849 2903 fortem
866 2850 1131 2921 nominat,
1155 2854 1294 2910 sicut
1312 2862 1397 2912 est
1422 2855 1564 2912 istud
1591 2857 1863 2930 Evangelii
1887 2879 1901 2916 :
1929 2862 2100 2919 Nemo

508 2934 667 2991 intrat
693 2939 748 2992 in
772 2938 983 2995 domum
1008 2942 1179 3013 fortis,
1208 2952 1263 2999 ut
1285 2961 1405 3002 vasa
1432 2950 1543 3019 ejus
1568 2949 1799 3021 diripiat,
1831 2953 1932 3007 nisi
1957 2953 2099 3023 prius

507 3027 798 3099 alligaverit
823 3037 1010 3103 fortem
1032 3035 1248 3109 (Matth.
1273 3054 1369 3109 xit,
1392 3040 1510 3113 29).
1536 3042 1668 3109 Quae
1697 3046 1957 3101 vocabula
1984 3062 2099 3103 ma-

509 3114 682 3174 litiam
709 3121 828 3191 ejus
849 3124 1179 3195 signiﬁcant,
1204 3143 1311 3187 non
1338 3130 1621 3199 honorem,
1640 3136 1926 3193 uelandam
1953 3149 2096 3196 astu-

511 3206 671 3279 tiam,
704 3225 811 3267 non
835 3212 1158 3275 laudabilem
1187 3222 1571 3294 principatum.
1602 3227 1876 3298 Sequitur,
1907 3240 1954 3287 et
1980 3233 2101 3288 inoa

2198 2016 2375 2072 verbis
2415 2016 2681 2073 felicitatis
2717 2016 2878 2086 illius,
2924 2018 3168 2089 quamvis
3208 2025 3430 2085 tectum,
3460 2016 3686 2089 aliquod
3718 2028 3791 2074 ta-

2197 2122 2322 2165 men
2353 2108 2508 2165 nobis
2535 2107 2852 2180 designatur
2883 2108 3160 2165 indicium.

2268 2198 2421 2254 Vers.
2452 2199 2540 2255 15.
2575 2199 2639 2253 Et
2664 2202 2813 2269 vivet,
2840 2209 2887 2255 et
2911 2201 3117 2256 dabitur
3159 2202 3206 2257 ei
3236 2202 3298 2257 de
3323 2217 3451 2257 auro
3480 2201 3715 2269 Arabiae,
3748 2210 3792 2257 et

2199 2290 2485 2345 adorabunt
2527 2293 2591 2346 de
2635 2292 2749 2361 ipso
2794 2309 3032 2365 semp?“
3064 2302 3170 2349 tota
3201 2294 3285 2349 die
3312 2293 3608 2349 benedicent
3645 2309 3786 2348 eum.

2198 2382 2340 2440 Ecce
2371 2383 2480 2453 iam
2524 2383 2795 2453 praedicta:
2823 2384 3042 2441 visionis
3070 2384 3289 2456 quintus
3316 2392 3401 2441 est
3425 2384 3623 2440 modus
3648 2424 3667 2451 ,
3701 2385 3791 2440 ubi

2199 2475 2535 2546 praesentiam
2582 2475 2793 2531 Domini
2832 2477 3125 2534 contulisse
3172 2477 3305 2533 dicit
3332 2477 3456 2534 ﬁdei
3486 2481 3708 2542 votum,
3740 2484 3791 2532 et

2200 2566 2538 2625 ﬁrmamenta
2569 2577 2854 2625 terrarum.
2883 2570 3016 2626 Nam
3041 2585 3164 2628 cum
3190 2572 3342 2638 dicit,
3372 2583 3418 2627 et
3447 2573 3598 2639 vivet,
3632 2580 3790 2627 aeter-

2201 2659 2426 2716 nitatem
2450 2659 2567 2729 eius
2594 2659 2891 2730 maiestatis
2912 2664 3179 2729 ostendit;
3208 2663 3349 2719 sicut
3391 2664 3443 2718 in
3479 2664 3659 2720 Veteri
3684 2662 3785 2718 Te-

2200 2759 2470 2808 stamento
2497 2754 2689 2808 crebro
2732 2752 2924 2823 legitur
2957 2771 2969 2807 :
3008 2750 3145 2809 Vivit
3184 2753 3457 2810 Dominus.
3488 2754 3633 2810 Vivit
3658 2769 3789 2825 ergo

2201 2862 2307 2904 non
2331 2855 2592 2904 creaturae
2621 2847 2934 2920 cuiusquam
2956 2849 3089 2917 vita,
3119 2863 3222 2921 qua
3251 2850 3333 2906 vel
3366 2848 3543 2921 angeli
3572 2850 3790 2919 potiun-

2202 2949 2308 3008 tur,
2329 2941 2424 2997 sed
2441 2941 2772 2998 beatitudine
2793 2942 3070 3013 singulari,
3084 2958 3186 3015 qua
3210 2944 3323 2999 sola
3346 2943 3585 2999 Trinitas
3598 2954 3788 2999 sancta

2201 3033 2513 3105 perfruitur.
2547 3035 2837 3105 Sequitur,
2880 3044 2928 3089 et
2964 3035 3174 3090 dabitur
3220 3036 3266 3090 ei
3311 3036 3375 3091 de
3402 3052 3531 3089 auro
3564 3036 3787 3113 Arabitz.

2203 3126 2402 3181 Aurum
2423 3124 2625 3180 Arabia:
2650 3138 2761 3195 pra:
2784 3125 2998 3181 caeteris
3021 3126 3181 3182 terris
3211 3126 3383 3182 fertur
3408 3140 3534 3181 esse
3561 3124 3789 3197 purissi-

2203 3232 2369 3284 mum,
2404 3225 2461 3272 et
2480 3230 2693 3272 summo
2718 3215 3008 3286 splendore
3038 3216 3351 3286 pretiosum.
3377 3216 3529 3285 Quod
3560 3217 3700 3273 bene
3728 3216 3790 3271 ad

513 3314 630 3369 pem
655 3300 739 3356 cui
763 3317 869 3357 non
890 3315 1000 3360 erat
1026 3309 1261 3379 adiutor.
1289 3312 1357 3369 Et
1385 3314 1471 3371 hic
1496 3317 1924 3377 subaudiendum
1955 3333 2039 3380 est
2066 3340 2095 3380 τι
2126 3310 2175 3376 c
2202 3310 2520 3381 sapientiam
2550 3310 2804 3378 refertur.
2830 3310 3083 3380 quoniam
3111 3311 3341 3380 legimus
3366 3328 3379 3363 =
3414 3310 3644 3382 Accipite
3667 3327 3791 3380 νη-

511 3393 785 3449 eommuni
831 3396 1078 3455 liberavit.
1127 3400 1346 3472 Inopem
1391 3421 1523 3464 vero
1552 3409 1784 3467 diximus
1818 3413 1936 3483 plus
1977 3429 2096 3473 esse

512 3497 674 3555 quam
719 3502 1032 3560 pauperem,
1061 3494 1149 3564 qui
1179 3510 1337 3566 opem
1368 3514 1475 3554 non
1507 3501 1666 3559 habet
1693 3503 1836 3570 vitae,
1870 3520 1971 3563 nec
1998 3522 2098 3566 sua

508 3579 769 3648 prinvalet
792 3581 1048 3642 facultate
1073 3586 1389 3647 subsistere.
1423 3591 1533 3649 Hos
1571 3609 1699 3666 ergo
1728 3596 1958 3653 liberavit
1988 3599 2098 3656 Do-

513 3670 695 3728 minus
721 3672 998 3744 Christus,
1031 3678 1155 3734 dum
1196 3682 1416 3739 veniens
1444 3683 1499 3738 in
1530 3683 1671 3741 hunc
1699 3688 1954 3745 mundum
1985 3691 2100 3746 dia-

516 3759 624 3819 boli
642 3763 937 3834 iustissime
960 3771 1157 3840 pressit
1180 3774 1452 3844 astutiam,
1476 3785 1530 3833 et
1549 3777 1742 3850 inopia:
1768 3782 1984 3838 humani
2006 3799 2099 3855 ge-

513 3856 662 3911 neris
706 3860 1004 3929 spiritua'is
1060 3862 1349 3921 afﬂuentius
1404 3868 1571 3938 gratis
1616 3870 1757 3927 dona
1807 3875 2096 3932 concessit.

513 3943 707 4004 Merito
722 3964 860 4031 ergo
884 3952 1179 4025 subiunxit,
1210 3956 1294 4010 cui
1320 3972 1427 4013 non
1453 3969 1563 4015 erat
1591 3962 1823 4032 adjutor,
1854 3966 1979 4037 quia
2003 3964 2102 4021 hu-

513 4050 730 4098 manum
758 4057 927 4114 genus
964 4046 1031 4102 ad
1069 4046 1341 4105 idolorum
1386 4050 1654 4109 culturam
1684 4056 2012 4113 exsecranda
2042 4071 2103 4115 se

514 4136 895 4204 superstitione
925 4142 1242 4198 contulerat.
1275 4143 1345 4199 Et
1372 4145 1501 4217 quid
1530 4147 1599 4202 ab
1626 4148 1706 4206 eis
1738 4149 1978 4221 adiuvari
2004 4165 2102 4221 po-

514 4231 679 4293 terat,
704 4243 823 4299 quae
852 4229 936 4285 vel
962 4246 1179 4289 sensum
1202 4235 1466 4305 pecudum
1491 4253 1601 4294 non
1632 4238 1934 4297 habebant?

591 4317 743 4374 Vers.
772 4322 858 4376 15.
889 4320 1078 4379 Parcet
1099 4328 1315 4396 pauperi
1338 4336 1382 4382 et
1404 4328 1573 4399 inopi,
1604 4339 1654 4385 et
1676 4333 1876 4387 animas
1906 4349 2098 4404 paupe-

514 4424 633 4465 rum
654 4413 820 4467 salvas
851 4415 1023 4485 faciet.
1055 4416 1190 4473 Cum
1215 4418 1377 4486 dicit,
1409 4430 1617 4493 parcet,
1647 4424 1974 4493 generaliter
1995 4439 2105 4481 oni-

514 4514 616 4559 nes
654 4512 964 4573 peccatores
1003 4509 1260 4563 ostendit.
1310 4508 1421 4566 Illis
1470 4526 1600 4583 ergo
1644 4516 1884 4583 parcitur
1924 4516 2015 4585 qui
2047 4517 2099 4571 in

516 4592 697 4663 aliquo
725 4606 875 4653 reatu
912 4596 1243 4654 detinentur.
1275 4599 1461 4657 Parcet
1489 4617 1620 4673 ergo
1656 4613 1711 4659 et
1740 4604 1930 4661 electis
1968 4607 2101 4674 suis,

2199 3402 2422 3456 dentiam
2444 3401 2576 3455 sicut
2602 3409 2893 3471 argentum,
2911 3410 2959 3456 et
2982 3401 3289 3473 sapientiam
3308 3402 3439 3455 sicut
3460 3417 3653 3454 aurum
3676 3418 3793 3470 pro-

2199 3493 2375 3548 batum
2403 3490 2582 3562 (Prov.
2607 3507 2723 3561 vni,
2749 3491 2865 3561 10).
2896 3491 2970 3547 De
2994 3492 3094 3547 ista
3117 3506 3247 3563 ergo
3266 3491 3530 3561 sapientia
3555 3507 3680 3561 qua:
3700 3507 3793 3562 per

2200 3602 2383 3640 aurum
2412 3587 2616 3641 Arabia:
2655 3584 3006 3657 signiﬁcatur,
3046 3587 3254 3640 dabitur
3292 3586 3524 3643 Domino
3566 3602 3791 3653 munus,

2202 3693 2324 3735 cuin
2352 3679 2418 3733 ad
2452 3694 2574 3736 eum
2603 3679 2780 3735 devoti
2824 3680 3202 3751 purgatissimo
3227 3679 3393 3737 corde
3421 3682 3791 3749 pervenerint.

2201 3771 2325 3829 Sive
2345 3786 2620 3842 magorum
2643 3786 2864 3827 munera
2888 3772 3115 3829 fortasse
3139 3772 3426 3842 significat,
3451 3786 3575 3842 qua:
3602 3772 3795 3827 merito

2203 3878 2330 3917 auro
2358 3861 2562 3918 Arabia:
2587 3873 2966 3933 comparantur
2990 3906 3003 3932 ,
3057 3865 3309 3935 quoniam
3343 3864 3579 3935 puritate
3617 3864 3794 3919 cordis

2202 3954 2382 4011 oblata
2410 3962 2552 4009 sunt.
2583 3954 2803 4025 Antiqui
2839 3971 3061 4011 aureum
3091 3956 3330 4011 colorem
3369 3954 3792 4025 pulcherrimum

2203 4056 2557 4113 vocaverunt;
2578 4056 2631 4103 et
2654 4047 2774 4104 ideo
2796 4064 2987 4104 aurum
3009 4050 3076 4105 ab
3100 4064 3231 4104 aura
3253 4049 3455 4105 dictum
3484 4063 3611 4104 esse
3639 4048 3796 4120 243

2202 4140 2514 4209 voluerunt,
2539 4140 2683 4211 quod
2707 4141 2871 4198 nimis
2894 4143 3201 4211 gratissimo
3222 4143 3403 4197 colore
3424 4141 3792 4213 resplendeat.

2201 4234 2334 4291 Nam
2365 4234 2633 4307 hodieque
2663 4249 2883 4290 aureum
2915 4234 3163 4303 dicimus,
3199 4236 3343 4306 quod
3380 4234 3675 4305 pulchrum
3707 4249 3795 4288 vo-

2202 4327 2377 4383 lumus
2409 4328 2694 4383 aestimare.
2719 4326 2991 4396 Sequitur,
3022 4334 3067 4379 et
3094 4325 3387 4379 adorabunt
3417 4326 3479 4380 de
3508 4324 3627 4393 ipso
3655 4341 3786 4379 sem-

2205 4439 2317 4491 per.
2365 4422 2477 4479 Hoc
2520 4420 2587 4475 ad
2632 4420 3024 4476 humanitatem
3074 4419 3245 4491 ipsius
3298 4428 3512 4476 constat
3558 4418 3796 4485 referri,

2204 4515 2417 4586 quando
2459 4529 2553 4571 ore
2596 4515 2815 4586 proprio
2856 4514 3308 4585 quemadmodum
3354 4525 3607 4571 oraretur
3639 4514 3796 4570 insti-

2206 4606 2325 4662 tuit.
2357 4606 2551 4663 Notum
2573 4615 2656 4663 est
2680 4607 2824 4662 enim
2848 4605 3133 4661 dominicae
3158 4607 3420 4661 orationis
3445 4605 3795 4669 beneﬁcium,

516 4688 608 4758 qui
646 4690 770 4747 licet
811 4701 999 4747 sancta
1027 4695 1440 4751 conversatione
1482 4695 1891 4766 resplendeant,
1924 4698 2101 4770 aliqua
2130 4703 2184 4764 1)
2204 4714 2313 4771 quo
2345 4699 2510 4755 utitur
2536 4712 2753 4769 semper
2784 4697 3024 4753 Ecclesia
3044 4738 3060 4764 ,
3094 4712 3256 4767 quam
3286 4696 3666 4752 sanctissimus
3698 4695 3797 4749 Pa-

516 4777 620 4835 sihi
648 4788 829 4837 tamen
866 4789 1027 4850 egent
1054 4781 1268 4838 dimitti.
1301 4783 1408 4840 Sed
1438 4800 1506 4841 ne
1533 4794 1809 4855 putaretur
1843 4802 2009 4857 usque
2034 4790 2103 4845 ad

516 4869 622 4927 hoc
652 4880 857 4929 tantum
887 4873 1173 4931 Dominum
1195 4886 1436 4947 parcere,
1462 4887 1522 4932 ut
1546 4892 1576 4933 a
1599 4880 1879 4935 tormentis
1908 4880 2103 4938 debitis

517 4971 782 5035 pauperes
821 4965 1100 5035 liberaret,
1131 4967 1366 5036 addidit,
1397 4970 1600 5024 animas
1631 4986 1909 5043 pauperum
1939 4974 2105 5029 salvas

520 5055 676 5127 faciet
692 5073 712 5122 ;
742 5065 803 5112 ut
841 5060 1035 5129 quibus
1064 5060 1287 5117 dimittit
1315 5071 1552 5131 peccata,
1586 5063 1668 5118 eis
1692 5071 1746 5118 et
1774 5065 1991 5133 praemia
2024 5064 2105 5120 fuI

519 5156 639 5205 tura
671 5150 950 5207 concedat.
993 5154 1096 5224 Ipsi
1125 5156 1270 5211 enim
1298 5156 1427 5210 salvi
1457 5157 1601 5226 ﬁent,
1627 5156 1719 5226 qui
1760 5172 1979 5227 regnum
2009 5156 2106 5212 Dei

523 5240 895 5309 possidebunt.
929 5241 1083 5301 Unde
1110 5259 1209 5303 nec
1244 5246 1388 5303 istud
1417 5255 1599 5319 potest
1624 5261 1922 5318 congruere
1947 5246 2105 5304 Salo-

527 5336 698 5402 moni,
725 5345 782 5391 ut
828 5336 1028 5392 animas
1066 5341 1235 5395 salvas
1283 5343 1492 5412 faceret,
1519 5341 1662 5411 quod
1689 5342 1795 5397 soli
1830 5340 2106 5398 Divinitati

520 5436 728 5482 certum
760 5436 844 5484 est
872 5429 1182 5486 convenire.

592 5517 747 5575 Vera.
778 5518 867 5575 14.
901 5519 983 5574 Ex
1028 5522 1192 5576 usuris
1239 5530 1287 5575 et
1320 5523 1587 5591 iniquitate
1634 5523 1868 5578 liberavit
1904 5524 2103 5580 animas

521 5627 719 5681 eorum,
745 5622 791 5668 et
821 5614 1126 5683 pra’clarum
1158 5631 1339 5667 nomen
1369 5620 1540 5669 eorum
1567 5631 1741 5669 coram
1763 5615 1893 5684 ipso.
1925 5614 2106 5670 Usum:

521 5707 592 5765 ab
621 5723 716 5764 usu
750 5709 1032 5779 appellati}:
1059 5717 1204 5773 sunt,
1237 5724 1354 5777 qum
1381 5710 1595 5763 crcditm
1620 5710 1858 5778 pecuniae
1891 5724 2105 5778 semper

520 5810 813 5873 pmcuraut
856 5808 1219 5872 augmentum.
1272 5801 1357 5857 Sic
1399 5802 1451 5856 in
1501 5800 2102 5869 peccato'versantibus

521 5908 680 5973 usura
710 5895 901 5953 crescit
930 5894 1191 5951 malorum
1216 5935 1229 5962 ,
1281 5894 1492 5964 quando
1530 5893 1673 5965 quod
1720 5895 1774 5952 iu
1822 5897 2105 5965 temporali

460 6140 568 6212 b.’

2205 4802 2288 4847 ter
2307 4791 2605 4862 Cyprianus
2621 4788 3077 4860 Carthaginiensis
3099 4790 3322 4845 antistes
3345 4798 3400 4844 et
3421 4798 3654 4859 martyr,
3686 4788 3796 4857 pri-

2204 4898 2323 4938 mus
2350 4896 2646 4952 exponens,
2672 4881 2988 4938 brevitatem
3014 4878 3161 4935 illam
3191 4880 3669 4952 profundissimam
3702 4880 3797 4933 iiii-

2207 4974 2365 5033 rabili
2391 4951 2713 5044 eloquentia:
2756 4974 2954 5031 decore
2999 4951 3267 5029 dilatavit.
3296 4973 3532 5044 Adiecit,
3576 4983 3687 5027 tota
3718 4974 3799 5025 die

2210 5066 2499 5121 benedicent
2530 5082 2663 5120 eum.
2696 5064 2827 5121 Tota
2855 5066 2970 5133 die,
2994 5065 3159 5121 totius
3187 5064 3315 5121 vitae
3354 5075 3553 5119 nostra:
3587 5075 3797 5133 tempus

2209 5157 2476 5223 ostendit,
2532 5172 2652 5228 qua:
2696 5155 2890 5212 merito
2929 5157 3045 5211 dies
3101 5156 3339 5223 dicitur,
3387 5155 3512 5225 quia
3559 5154 3795 5211 ﬁdelium

2209 5249 2372 5305 corda
2399 5247 2559 5304 nullis
2591 5247 2827 5304 tenebris
2852 5244 3213 5303 obcaecan'tur.

2286 5339 2436 5397 Vers.
2471 5340 2557 5396 16.
2593 5340 2659 5394 Et
2687 5340 2781 5394 erit
2818 5339 3200 5408 ﬁrmamentum
3239 5337 3292 5391 in
3328 5345 3462 5391 terra
3504 5337 3560 5391 in
3588 5336 3801 5391 summis

2210 5433 2488 5499 montium;
2516 5431 2944 5502 superextollelur
2972 5447 3129 5502 super
3153 5430 3410 5485 Libanum
3431 5433 3635 5497 fructus
3658 5432 3797 5499 ejus.

2212 5528 2427 5595 Sunin
2471 5529 2721 5582 montium
2764 5527 3138 5583 excellentiam
3172 5526 3476 5598 signiﬁcant
3507 5526 3799 5596 prepheta-

2210 5636 2364 5686 rum,
2414 5635 2549 5691 quos
2601 5620 2912 5690 frequenter
2962 5620 3190 5675 dicimus
3239 5619 3407 5687 accipi
3455 5619 3652 5674 debere
3703 5633 3799 5687 pro

2212 5711 2485 5766 montibus.
2522 5712 2925 5767 Firmamentum
2953 5722 3130 5767 autem
3164 5713 3387 5767 istorum
3433 5713 3681 5765 montium
3714 5719 3800 5763 est

2214 5808 2396 5875 utique
2426 5806 2683 5860 Dominus
2705 5805 2974 5874 Christus,
3026 5807 3277 5877 quoniam
3303 5805 3444 5877 quod
3470 5821 3565 5877 per
3586 5807 3703 5861 illos
3732 5804 3797 5859 de

2212 5899 2333 5967 ipso
2365 5896 2677 5967 praedictum
2709 5908 2823 5968 est,
2866 5898 3052 5957 eodem
3086 5903 3331 5959 veniente
3357 5908 3565 5957 constat
3604 5895 3799 5968 impie—
