4036 6342
239 397 350 462 513

1176 390 1539 454 EX‘PUSITIO
1579 384 1643 448 ΙΝ
1683 386 2142 449 PSALTERIUM.
2183 391 2388 451 PSAL.
2430 389 2622 450 LXXI.

3414 388 3531 448 δη

241 504 383 574 min;
414 507 693 584 Sequitur,
717 509 1144 585 superextolletur
1173 525 1328 579 super
1356 513 1608 563 Libanum
1633 508 1831 578 [ructus
1858 511 1914 570 Α
1937 520 2070 574 xxn,
2105 506 2218 578 l8).
2252 508 2323 563 Et
2346 509 2472 578 quia
2502 508 2664 562 tribus
2692 505 3011 572 nominavit,
3039 519 3106 561 ne
3128 503 3232 562 hoc
3250 504 3321 563 de
3339 507 3533 578 paucis

241 609 378 682 ejus.
407 605 542 675 Quia
562 605 814 677 superius
834 614 1054 662 sanctos
1077 605 1171 661 Dei
1201 604 1456 659 montibus
1479 601 1840 672 comparavit,

244 710 302 756 et
325 702 440 770 ipse
481 707 567 755 est
611 712 769 754 mons
815 701 1110 764 montium;
1159 698 1247 754 hic
1287 698 1495 753 electus
1522 704 1608 752 est
1651 708 1841 762 mons,

245 794 402 864 cujus
430 791 638 849 fructus
661 799 1007 861 comparetur
1038 791 1270 846 Domino
1291 789 1534 844 Christo.
1560 788 1619 842 ln
1642 785 1845 840 Libano

246 885 516 955 siquidem
558 885 734 956 (sicut
761 899 906 955 saepe
932 885 1202 955 diximus)
1233 882 1381 938 cedri
1411 889 1705 937 nascuntur
1733 878 1844 935 exi-

246 981 394 1047 miae,
425 993 745 1049 summaque
771 979 1099 1050 proceritate
1128 977 1411 1048 pollentes.
1443 976 1551 1032 Sed
1583 974 1714 1046 quid
1747 987 1844 1044 po-

250 1082 357 1129 test
400 1073 660 1129 fructibus
709 1073 921 1128 Domini
969 1073 1145 1128 simile
1173 1071 1436 1142 reperiri,
1467 1085 1498 1124 a
1537 1083 1644 1140 quo
1674 1066 1846 1123 sancti

251 1166 622 1237 producuntur
665 1165 902 1222 excelsi?
932 1164 1116 1238 Neque
1147 1165 1293 1222 enim
1325 1163 1432 1220 tale
1461 1171 1565 1228 est,
1597 1160 1845 1232 quamvis

252 1273 509 1330 proceras
537 1258 760 1315 arbores
792 1258 844 1314 in
876 1259 1170 1330 quamlibet
1195 1256 1534 1313 altitudinem
1574 1268 1842 1319 crescere,

251 1352 336 1406 vel
363 1351 544 1406 nubila
573 1360 828 1421 tangere,
864 1351 1022 1423 quale
1072 1350 1258 1407 beatos
1288 1348 1376 1421 :ad
1433 1346 1667 1405 caelestis
1696 1345 1846 1416 regni

250 1444 445 1515 gaudia
474 1444 780 1514 pervenire.

329 1534 486 1591 Vers.
514 1536 598 1590 17.
623 1534 694 1590 Et
714 1534 969 1606 [lorebunt
990 1536 1054 1590 de
1079 1532 1278 1589 civitate
1298 1533 1429 1588 sicut
1451 1532 1625 1603 fenum
1654 1540 1802 1585 terra:
1827 1545 1845 1583 :

249 1628 318 1683 sit
346 1643 537 1682 nomen
561 1629 677 1699 ejus
719 1627 1044 1683 benedictum
1081 1628 1138 1681 in
1165 1625 1376 1681 stecula.
1415 1622 1738 1679 Nonnullam
1769 1621 1880 1702 ἐἰ--¹

249 1720 412 1777 detur
463 1720 641 1777 facere
679 1720 1032 1790 quaestionem
1058 1758 1076 1786 ,
1132 1718 1258 1790 quia
1301 1717 1476 1788 fenum
1518 1724 1666 1772 terra:
1705 1727 1848 1770 nunc

250 1822 478 1867 :eternse
502 1811 629 1866 vita:
659 1810 836 1867 simile
868 1810 1014 1875 facit,
1048 1810 1189 1880 quod
1222 1809 1531 1878 frequenter
1557 1806 1737 1876 impiis
1768 1805 1848 1861 lc-

1947 598 2197 668 gentibus
2238 600 2538 670 intelligere
2567 598 2863 670 potuisses,
2895 612 3013 669 quae
3039 597 3140 654 sub
3170 599 3272 655 hoc
3312 599 3533 656 neruine

1947 689 2202 759 populum
2230 689 2540 746 habuerunt
2572 690 2833 756 divisum,
2867 689 3100 758 addidit,
3138 708 3311 747 omnes
3359 699 3535 765 gentes

1948 782 2512 853 magniﬁcabunteum.
2547 781 2957 854 Magni/icabunt
2995 799 3112 838 eum
3155 784 3307 854 dicit,
3351 785 3538 841 lauda-

1947 874 2082 931 bunt
2114 875 2300 947 utique
2331 876 2619 947 signiﬁcat.
2643 876 2776 932 Nam
2810 877 2961 933 illum
2991 876 3110 948 quis
3141 886 3319 947 potest
3358 879 3540 936 facere

1946 970 2322 1040 grandiorem,
2355 970 2441 1026 cui
2471 985 2658 1026 omnes
2699 970 2930 1028 virtutes
2964 970 3410 1042 summitatesque
3437 971 3535 1027 de-

1946 1063 2225 1119 serviunt?
2254 1064 2362 1121 Sed
2402 1063 2552 1120 illum
2597 1062 2942 1134 praedicando
2989 1077 3088 1119 nos
3118 1065 3535 1137 magniﬁcamur,

1949 1154 2075 1224 quia
2112 1155 2282 1224 ipsius
2327 1155 2487 1211 laude
2523 1155 2857 1226 proﬁcimus.
2889 1154 3004 1212 Hoc
3049 1157 3195 1214 enim
3233 1158 3298 1212 ad
3330 1172 3538 1228 precen-

1947 1246 2100 1303 nium
2147 1246 2372 1305 Deitatis
2411 1248 2530 1320 ejus
2565 1249 2672 1306 dici
2703 1249 2849 1306 nulla
2881 1256 3060 1321 potest
3085 1250 3409 1321 perversitas
3435 1251 3540 1310 dif-

1950 1338 2110 1395 ﬁtcri.

2020 1430 2179 1487 Vers.
2199 1431 2287 1488 19.
2311 1431 2623 1488 Benedictus
2645 1433 2898 1491 Dominus
2923 1436 3064 1492 Deus
3085 1434 3276 1510 Israel,
3307 1443 3394 1512 qui
3419 1441 3542 1514 facit

1951 1525 2208 1580 mirabilia
2235 1541 2424 1599 magna
2451 1527 2614 1582 solus.
2646 1527 2887 1597 Septima
2930 1545 3060 1585 vero
3099 1545 3254 1602 pars,
3302 1551 3423 1603 quae
3449 1553 3541 1592 su-

1949 1626 2176 1686 perest,
2224 1618 2508 1687 introitur,
2563 1619 2657 1676 ubi
2694 1618 2939 1677 decursis
2988 1623 3237 1680 omnibus
3283 1624 3543 1685 Dominus

1949 1709 2198 1767 Christus
2238 1726 2431 1783 magna
2468 1713 2830 1770 exsultatione
2868 1714 3139 1772 laudatur.
3168 1717 3398 1784 Quando
3437 1720 3543 1776 Do-

1951 1804 2158 1860 minum
2188 1805 2576 1874 praedicamus,
2623 1806 2949 1864 benedicere
2979 1809 3195 1880 quidem
3227 1811 3375 1867 illum
3405 1813 3543 1870 dici-

251 1903 399 1972 gitur
428 1912 824 1972 comparatum;
852 1900 993 1973 quod
1029 1901 1251 1957 omnino
1281 1915 1388 1956 non
1430 1899 1591 1955 debet
1632 1911 1848 1969 permo—
1876 1894 1926 1956 B
1953 1912 2100 1966 mur,
2129 1911 2237 1952 non
2282 1897 2427 1968 quod
2468 1913 2564 1968 per
2593 1912 2692 1954 nos
2737 1907 2832 1955 aut
2860 1900 3249 1972 sanctiﬁcetur,
3293 1911 3386 1959 aut
3425 1917 3544 1964 cre-

252 2010 405 2051 vere.
450 1991 601 2050 Shut
628 1995 772 2052 enim
812 1995 1009 2051 dicitur
1059 1993 1306 2050 Christus
1340 1993 1450 2059 leo,
1481 1992 1604 2064 quia
1657 2001 1848 2062 potens

253 2101 350 2143 rex
379 2086 615 2142 ferarum
651 2096 766 2153 est;
801 2101 869 2142 ex
896 2087 1000 2143 alia
1026 2100 1158 2143 vero
1190 2093 1343 2157 parte
1372 2084 1620 2141 diabolus
1650 2084 1850 2141 intelli-

253 2179 398 2250 gitur
429 2180 534 2249 leo,
563 2179 688 2251 quia
711 2179 865 2236 ferox
888 2189 943 2236 et
973 2181 1305 2235 truculentus
1330 2193 1451 2234 esse
1478 2177 1847 2248 dignoscitur;

255 2274 329 2330 ita
357 2284 410 2329 et
439 2277 636 2345 ferrum,
661 2276 786 2344 quia
810 2273 1112 2346 primitivus
1131 2281 1291 2329 terrae
1316 2271 1521 2328 fructus
1539 2280 1641 2336 est,
1669 2270 1850 2327 virens

256 2375 417 2437 atque
457 2366 830 2438 gratissimus,
877 2366 1077 2423 sanctis
1124 2366 1340 2421 Domini
1393 2380 1501 2420 non
1552 2365 1851 2434 incongrue

257 2469 640 2531 comparatur:
684 2475 751 2517 ex
781 2460 872 2516 illa
906 2475 1038 2517 vero
1080 2469 1234 2530 parte
1282 2473 1386 2529 qua
1416 2458 1526 2514 cito
1556 2456 1752 2514 arescit
1797 2465 1855 2513 et

257 2551 586 2619 succiditur,
618 2553 992 2622 peccatoribus
1018 2551 1142 2622 jure
1170 2550 1459 2608 similatur.
1491 2550 1569 2605 lta
1598 2550 1658 2604 ﬁt
1683 2560 1741 2605 ut
1771 2549 1852 2604 (li-

256 2643 432 2699 versis
458 2643 808 2714 qualitatibus
839 2643 1130 2714 inspectis,
1173 2658 1276 2699 una
1316 2643 1614 2712 eademque
1644 2656 1732 2697 res
1759 2656 1856 2710 ap-

256 2736 470 2792 tissime
519 2736 669 2809 [ed.,
699 2736 1096 2807 diversimode]
1144 2746 1511 2808 comparetur.
1568 2735 1854 2790 Florebant

255 2843 387 2900 ergo
419 2830 483 2883 de
507 2830 708 2885 civitate
731 2831 884 2900 justi,
916 2829 968 2885 id
998 2839 1081 2886 est
1109 2829 1176 2886 de
1199 2829 1440 2886 Ecclesia
1466 2829 1589 2897 Dei,
1622 2829 1757 2882 sicut
1780 2830 1854 2898 fe-

259 2939 384 2977 num
413 2930 581 2993 terrte,
612 2922 766 2993 cujus
796 2938 905 2979 non
935 2931 1064 2978 tetas
1095 2921 1299 2978 sanctis
1319 2962 1336 2989 ,
1381 2921 1476 2978 sed
1503 2921 1699 2977 decora
1730 2919 1857 2974 viri-

261 3001 402 3072 ditas
446 3027 817 3087 comparatur.
855 3018 922 3072 Et
967 3016 1365 3086 inSpiciendum
1407 3014 1550 3085 quod
1597 3013 1749 3077 dicit,
1793 3011 1856 3066 de

260 3109 464 3165 ciuitate
493 3109 768 3179 ﬂorebunt,
797 3108 988 3165 nonin
1033 3107 1272 3174 civitate,
1329 3106 1448 3176 quia
1496 3107 1557 3158 de
1596 3104 1695 3159 ista
1735 3102 1857 3156 ciui-

262 3212 370 3258 tate
407 3203 567 3274 hujus
595 3203 800 3270 sasculi,
829 3204 885 3258 in
925 3201 1012 3256 illa
1056 3202 1312 3272 ﬂorebunt
1342 3198 1676 3254 beatitudine
1713 3211 1855 3252 sem-

1949 2000 2098 2058 scat;
2127 1990 2224 2047 sed
2252 2005 2375 2047 cum
2418 2006 2518 2048 nos
2547 1991 2638 2048 ille
2667 2006 2767 2049 sua
2811 1993 3184 2053 benedictione
3226 1995 3544 2066 sanctiﬁcat,

1954 2093 2080 2142 tunc
2105 2097 2159 2142 et
2187 2086 2344 2142 tuitio
2374 2086 2652 2158 provenit,
2695 2097 2750 2144 et
2775 2098 3063 2158 augmenta
3108 2091 3429 2158 procedunt.
3477 2091 3545 2147 Et

1950 2179 2043 2248 qui
2089 2178 2162 2236 sit
2205 2179 2310 2236 iste
2350 2179 2599 2236 dominus
2631 2194 2729 2250 per
2779 2183 3021 2247 quintam
3071 2180 3306 2252 Speciem
3354 2182 3547 2240 deﬁni-

1951 2271 2114 2328 tionis
2142 2272 2420 2330 evidenter
2461 2272 2702 2330 insinuat
2733 2291 2746 2329 :
2779 2272 2922 2329 Deus
2954 2273 3148 2342 Israel,
3180 2275 3234 2331 id
3280 2286 3366 2332 est
3401 2275 3546 2332 Deus

1953 2363 2220 2419 universa:
2245 2375 2436 2431 terrm;
2468 2367 2610 2422 sicut
2636 2366 2775 2422 alius
2805 2367 3070 2438 propheta
3091 2367 3257 2424 dicit:
3292 2369 3394 2436 Qui
3412 2371 3546 2424 eruit

1955 2466 2030 2524 te,
2067 2456 2206 2512 Deus
2247 2455 2447 2524 Israel,
2487 2459 2596 2528 ipse
2637 2457 2774 2512 Deus
2819 2459 3068 2513 universa:
3111 2466 3259 2514 terra:
3289 2460 3548 2516 vocabitur

1954 2548 2112 2617 (Isai.
2139 2565 2245 2616 LIV,
2271 2549 2348 2620 5).
2365 2549 2606 2617 Addidit,
2635 2551 2723 2619 qui
2747 2550 2870 2621 facit
2891 2550 3148 2605 mirabilia
3175 2567 3362 2623 magna
3386 2553 3549 2622 solus,

1955 2642 2079 2712 quia
2114 2643 2262 2696 nullo
2305 2641 2512 2712 indiget
2546 2641 2816 2711 adjutore.
2859 2641 2992 2697 Nam
3035 2643 3160 2699 licet
3196 2652 3252 2699 et
3289 2643 3466 2714 angeli
3490 2652 3548 2700 et

1955 2734 2108 2790 multi
2137 2733 2266 2803 jusd
2299 2734 2560 2789 miracula
2588 2733 2823 2802 faciant,
2858 2750 2964 2790 non
2995 2735 3132 2803 soli,
3177 2736 3274 2792 sed
3321 2737 3551 2794 Domino

1953 2829 2174 2900 juvantc
2194 2870 2208 2895 ,
2243 2828 2546 2899 perﬁciunt.
2758 2812 2766 2820 Χ

2030 2924 2163 2979 Vers
2206 2924 2295 2979 20.
2344 2923 2411 2977 Et
2451 2922 2768 2977 benedictum
2801 2939 2983 2978 nomen
3027 2922 3312 2992 majestatis
3357 2923 3467 2994 ejus
3493 2923 3550 2978 in

1958 3025 2225 3081 wternum,
2259 3025 2304 3070 et
2333 3016 2384 3069 in
2406 3016 2654 3070 saxulum
2682 3017 2893 3082 surculi;
2916 3026 2964 3071 et
2985 3017 3265 3089 replebitur
3292 3017 3556 3088 majestate

1958 3111 2074 3178 ejus
2098 3111 2262 3163 omnis
2285 3117 2452 3163 terra:
2467 3109 2582 3177 ﬁat,
2608 3109 2721 3177 fiat.
2748 3109 3042 3178 Superiore
3062 3123 3223 3167 versu
3237 3108 3402 3164 Deum
3426 3109 3554 3166 dicit

1961 3215 2082 3257 esse
2114 3201 2468 3268 benedictum;
2498 3199 2737 3257 secundo
2761 3218 2944 3256 nomen
2969 3203 3252 3274 majestatis
3280 3207 3392 3275 ejus
3412 3247 3426 3272 ,
3451 3203 3554 3259 sci-

262 3296 495 3366 piterna.
528 3297 625 3352 llic
654 3297 797 3352 enim
841 3295 1276 3352 tribulationibus
1308 3292 1644 3356 afﬁciuntur,
1690 3300 1746 3346 ut
1775 3291 1849 3347 ibi
1878 3285 1926 3350 C
1956 3280 2084 3350 licet
2113 3295 2236 3364 quia
2271 3294 2339 3348 de
2370 3293 2587 3348 Christo
2621 3293 2752 3348 dicti
2781 3302 2907 3348 sunt
2937 3293 3258 3361 Christiani,
3289 3296 3432 3365 quod
3461 3311 3554 3350 vo-

264 3397 524 3460 perpetua
544 3389 902 3459 gratulatione
919 3396 1268 3444 coronentur.
1287 3387 1560 3456 Sequitur,
1581 3386 1646 3439 sit
1668 3400 1855 3439 nomen

266 3484 380 3553 ejus
413 3480 735 3536 benedictum
761 3481 814 3535 in
843 3481 1053 3534 strcula.
1087 3479 1377 3549 Postquam
1413 3476 1702 3547 descripsit
1731 3478 1858 3533 bea-

266 3570 551 3628 titudinem
577 3581 914 3638 sanctorum,
945 3570 1238 3626 revertitur
1277 3569 1344 3624 ad
1375 3568 1588 3624 laudem
1621 3568 1854 3634 Domini,

267 3677 378 3730 quo
407 3663 483 3718 illi
510 3664 652 3718 beati
684 3671 843 3729 sunt;
873 3677 936 3718 ac
964 3662 1011 3717 si
1039 3660 1245 3718 diceret
1270 3679 1282 3714 :
1314 3660 1372 3716 lu
1403 3668 1666 3716 aeternum
1698 3659 1859 3732 glori-

269 3756 461 3812 licetur
494 3755 658 3824 Deus,
697 3758 788 3827 qui
827 3764 1085 3811 teternam
1115 3753 1342 3825 gloriam
1383 3761 1734 3824 prastaturus
1770 3767 1862 3824 ag-

270 3850 534 3905 noscitur.

345 3940 502 3996 Vers.
529 3942 618 3996 18.
644 3941 775 3995 Ante
799 3941 957 3995 solem
985 3951 1250 4012 permanet
1275 3957 1458 3995 nomen
1480 3943 1625 4012 ejus;
1647 3948 1694 3995 et
1720 3940 1863 3995 bene-

275 4030 513 4084 dicentur
553 4031 608 4084 in
653 4031 765 4103 ipso
810 4047 983 4086 omnes
1025 4031 1184 4085 tribus
1233 4040 1381 4084 terra:
1410 4047 1430 4084 :
1478 4047 1650 4084 omnes
1693 4039 1863 4101 gentes

277 4125 676 4194 magniﬁcabunt
705 4141 844 4179 eum.
873 4125 1044 4180 Janua
1072 4132 1238 4178 sextze
1267 4123 1432 4193 partis
1461 4123 1698 4191 aperitur
1723 4165 1738 4192 ,
1772 4121 1864 4176 ubi

277 4225 338 4273 et
378 4218 651 4274 :eternitas
698 4219 911 4274 Domini
947 4215 1301 4287 significatur,
1351 4225 1404 4271 et
1445 4225 1709 4270 terrarum
1751 4229 1866 4270 om-

276 4309 428 4365 nium
453 4309 706 4381 generale
730 4309 1032 4365 servitium.
1063 4308 1130 4362 Et
1156 4324 1226 4362 ne
1253 4315 1497 4362 sanctum
1530 4307 1624 4361 Dei
1668 4306 1866 4361 Filium

277 4403 634 4471 temporalem
673 4402 864 4473 aliquis
899 4401 1212 4472 blasphema
1252 4401 1574 4472 cogitatione
1609 4399 1867 4468 sentiret,

277 4504 403 4550 ante
415 4510 630 4551 omnem
646 4503 946 4551 creaturam
963 4510 1142 4549 nomen
1156 4495 1266 4565 ejus
1280 4510 1573 4564 permanere
1597 4493 1871 4563 professus

279 4596 393 4654 est,
411 4587 548 4643 sicut
569 4588 920 4659 Evangelium
941 4587 1103 4644 dicit:
1125 4585 1191 4641 In
1209 4586 1464 4658 principio
1495 4596 1600 4640 erat
1621 4585 1867 4653 Verbum,

278 4689 330 4735 et
349 4678 569 4734 Verbum
589 4691 693 4735 erat
713 4681 854 4748 apud
874 4678 1040 4734 Deum
1062 4720 1078 4746 ,
1111 4689 1158 4734 et
1186 4679 1324 4734 Deus
1349 4689 1458 4733 erat
1490 4679 1727 4734 Verbum.
1754 4680 1868 4735 [Ioc
1896 4681 1952 4744 D

282 4779 462 4834 eratin
477 4780 729 4851 principio
749 4779 888 4851 apud
910 4779 1077 4833 Deum
1099 4777 1280 4848 (Joan.
1304 4793 1344 4844 ι,
1366 4777 1513 4847 1,2).
1533 4775 1674 4833 Ecce
1691 4793 1874 4832 nomen

282 4873 399 4944 ejus
419 4872 559 4942 quod
583 4883 843 4944 permanet
864 4872 918 4927 in
942 4884 1224 4927 aeternum.
1248 4870 1382 4926 Nam
1408 4869 1612 4925 utillud
1639 4869 1871 4925 Verbum

283 4963 580 5033 intelligas,
618 4964 761 5034 quod
798 4972 880 5020 est
919 4964 1151 5034 positum
1190 4971 1308 5018 ante
1355 4963 1547 5028 solem,
1595 4963 1867 5032 sequitur,

281 5058 457 5113 omnia
484 5074 574 5128 per
613 5059 784 5126 ipsum
828 5062 964 5128 facta
991 5066 1141 5124 sunt,
1186 5064 1236 5111 et
1281 5057 1391 5111 sine
1421 5056 1532 5128 ipso
1561 5057 1756 5127 factum
1799 5065 1875 5110 est

283 5152 416 5206 nihil
437 5151 681 5224 (Ibidem,
703 5153 779 5224 3).
800 5151 963 5209 Vides
977 5167 1104 5222 ergo
1125 5166 1309 5205 nomen
1329 5153 1444 5223 ejus
1459 5151 1730 5206 exstitisse
1748 5159 1876 5206 ante

281 5254 562 5302 creaturas
583 5245 896 5312 universas;
921 5244 1126 5316 quippe
1148 5243 1239 5313 qui
1265 5251 1479 5298 creator
1501 5252 1583 5298 est
1608 5244 1876 5299 omnium.

287 5336 498 5394 Nomen
525 5339 669 5395 enim
697 5339 897 5396 dictum
917 5345 1022 5407 est,
1049 5336 1194 5409 quod
1220 5343 1402 5390 notam
1432 5349 1546 5390 rem
1571 5335 1751 5390 faciat.
1781 5335 1879 5390 llic

284 5430 450 5485 solem
472 5445 570 5501 pro
595 5431 849 5486 omnibus
867 5428 1134 5485 creaturis
1156 5425 1328 5496 ponit,
1351 5425 1474 5495 quia
1497 5425 1878 5495 conspectibus

287 5525 492 5580 nostris
521 5525 722 5596 gratior
749 5523 1024 5580 elucescit.
1055 5521 1183 5578 Haec
1203 5526 1286 5575 est
1305 5519 1449 5575 enim
1475 5517 1684 5588 species
1712 5517 1875 5573 sche-

287 5618 452 5674 matis
481 5616 848 5689 synecdoche,
873 5631 994 5687 quae
1025 5611 1293 5686 signiﬁcat
1319 5628 1350 5667 a
1374 5619 1528 5682 parte
1553 5617 1745 5666 totum.
1780 5609 1878 5666 Se-

288 5711 492 5782 quitur,
513 5712 869 5768 benedicentur
888 5712 943 5765 in
962 5711 1073 5781 ipso
1097 5723 1266 5763 omnes
1288 5705 1450 5761 tribus
1465 5713 1632 5760 terrm.
1653 5703 1720 5757 In
1742 5704 1877 5775 ipso,

291 5805 522 5862 Domino
549 5805 766 5861 Christo
797 5804 955 5870 dicit;
989 5803 1128 5858 sicut
1166 5809 1222 5857 et
1265 5799 1492 5857 Abrahze
1519 5798 1722 5854 dictum
1752 5806 1876 5856 est:

293 5896 364 5964 In
389 5901 579 5958 semine
609 5908 696 5958 tuo
723 5899 1078 5956 benedicentur
1113 5910 1289 5956 omnes
1335 5895 1496 5954 tribus
1541 5903 1689 5953 teme
1713 5890 1872 5970 (Gen.

1960 3386 2209 3442 cabulum
2259 3387 2423 3441 totius
2476 3385 2625 3440 orbis
2676 3385 2966 3440 terminum
3012 3400 3164 3443 sacra
3214 3388 3557 3443 veneratione

1959 3477 2268 3547 complevit.
2304 3477 2437 3532 Nam
2469 3477 2608 3532 sicut
2638 3476 2754 3547 ipse
2785 3485 3022 3534 aeternus
3052 3486 3166 3549 est,
3201 3478 3271 3533 ita
3299 3487 3354 3535 et
3383 3480 3556 3536 nomi-

1963 3571 2046 3626 nis
2087 3571 2205 3639 ejus
2233 3569 2497 3639 praeconia
2526 3576 2904 3640 perseverant.
2942 3571 3078 3627 Nam
3118 3572 3261 3642 quod
3288 3573 3552 3643 sequitur,

1963 3671 2010 3718 et
2041 3663 2323 3734 replebitur
2349 3664 2616 3734 majestate
2644 3667 2758 3732 ejus
2789 3665 2954 3719 omnis
2979 3674 3137 3732 terra,
3163 3673 3377 3721 sanctos
3405 3666 3556 3735 dicit,

1963 3754 2052 3823 qui
2099 3754 2270 3822 ipsius
2313 3754 2698 3810 clariﬁcationc
2741 3755 2934 3826 repleti
2963 3765 3110 3811 sunt.
3154 3756 3370 3812 Terram
3408 3757 3555 3812 enim

1964 3846 2051 3900 hic
2073 3862 2286 3903 omnem
2310 3848 2523 3902 fidelem
2547 3847 2806 3904 debemus
2831 3847 3098 3918 accipere,
3126 3850 3342 3919 qualem
3366 3865 3554 3906 revera

1968 3942 2226 3998 Dominus
2252 3944 2448 4012 replere
2474 3943 2743 4014 dignatur.
2775 3942 3006 4012 Adjecit,
3033 3944 3148 4012 ﬁat,
3178 3945 3293 4013 fiat.
3311 3944 3558 4013 Optantis

1967 4042 2051 4090 est
2078 4033 2294 4104 quidem
2328 4033 2512 4088 dicere
2547 4034 2671 4100 ﬁat,
2702 4032 2801 4088 sed
2829 4032 3053 4087 nimium
3085 4032 3444 4089 desiderantis
3473 4035 3556 4105 ip-

1968 4140 2086 4181 sum
2117 4133 2384 4194 repetere.
2427 4123 2581 4190 Quod
2613 4124 2782 4192 magis
2810 4122 2877 4177 ad
2907 4123 3222 4194 mysterium
3252 4124 3556 4194 aliquorum

1971 4215 2298 4284 psalmorum
2340 4214 2574 4284 positum
2613 4213 2871 4268 debemus
2903 4213 3216 4283 advertere,
3250 4230 3355 4271 non
3390 4217 3560 4286 (sicut

1971 4307 2233 4376 aliquibus
2256 4307 2428 4362 visum
2451 4305 2554 4376 εει.)
2588 4305 2708 4360 libri
2738 4305 2993 4361 unitatem
3025 4307 3090 4361 ad
3126 4307 3323 4362 multas
3353 4308 3549 4376 perdu—

1972 4413 2096 4454 cere
2125 4399 2415 4454 sectioncs.
2459 4396 2766 4468 Maguiﬁcus
2807 4399 3071 4468 psalmus,
3102 4416 3262 4470 quem
3289 4401 3559 4471 geminata

1971 4505 2095 4548 vota
2121 4502 2302 4549 secuta
2325 4501 2482 4560 sunt;
2508 4492 2770 4549 adventus
2797 4494 2940 4549 enim
2970 4494 3187 4550 Domini
3219 4494 3440 4550 omnino
3465 4496 3562 4550 de-

1974 4588 2094 4644 buit
2119 4587 2496 4645 desideranter
2523 4589 2721 4658 optari.

2417 4731 2578 4803 244.
2614 4729 2886 4786 Conclusio
2914 4730 3122 4800 psalmi.

2049 4865 2479 4944 Perpendamus',
2508 4876 2781 4931 auditores
2819 4889 3004 4930 exrmu
3024 4915 3040 4941 ,
3067 4878 3258 4929 contra
3304 4872 3563 4944 Eutychis

1976 4975 2032 5024 et
2056 4967 2285 5023 Nestorii
2318 4967 2454 5023 bella
2486 4968 2688 5024 nefaria
2717 4967 2846 5023 olim
2877 4965 3034 5020 nobis
3068 4979 3215 5019 arma
3244 4974 3410 5022 rectae
3439 4964 3564 5024 ﬁdei

1977 5059 2146 5115 fuisse
2168 5060 2412 5129 provisa;
2445 5068 2506 5114 ut
2535 5060 2590 5114 in
2621 5059 2826 5114 duabus
2862 5057 3066 5113 naturis
3086 5057 3384 5113 verissimis
3407 5066 3570 5128 atque

1981 5151 2236 5222 perfectis
2258 5151 2314 5206 in
2337 5167 2440 5206 una
2472 5165 2700 5221 persona
2723 5150 2955 5204 existere
2975 5157 3030 5206 et
3054 5164 3370 5220 permanere
3390 5149 3570 5204 creda-

1980 5252 2069 5300 tur
2097 5245 2259 5311 Dcus,
2289 5245 2380 5301 Dei
2413 5244 2599 5311 Filius,
2625 5244 2882 5299 Dominus
2910 5242 3067 5300 Iesus
3095 5243 3343 5301 Christus
3369 5262 3381 5298 :
3412 5259 3482 5299 ne
3501 5244 3570 5300 ad

1983 5352 2084 5394 eos
2117 5338 2548 5408 comprimendos
2576 5337 2818 5394 laborare
2847 5338 3133 5408 possimus,
3164 5340 3256 5411 qui
3295 5348 3456 5396 tanta:
3475 5353 3575 5395 au-

1984 5431 2250 5486 ctoritatis
2287 5429 2484 5485 robore
2512 5443 2936 5487 commonemur.
2966 5430 3103 5486 Nam
3131 5445 3252 5487 cum
3297 5439 3578 5503 utramque

1983 5531 2230 5580 naturam
2253 5521 2308 5576 in
2335 5520 2437 5576 hoc
2458 5521 2666 5591 psalmo
2685 5523 3017 5590 reperiamus
3046 5536 3380 5593 expressam,
3411 5522 3577 5593 Eutya

1983 5614 2102 5670 chis
2147 5627 2369 5683 pravum
2399 5611 2589 5683 dogma
2631 5628 2791 5669 unam
2835 5624 3080 5670 naturam
3110 5613 3448 5671 defendentis
3475 5628 3578 5669 exa

1984 5705 2222 5778 pellitur.
2253 5703 2387 5760 Cum
2419 5721 2546 5762 vero
2575 5721 2677 5762 una
2705 5722 2933 5776 persona
2963 5706 3162 5762 Christi
3196 5705 3406 5761 Domini
3438 5718 3577 5774 pras-

1978 5801 2216 5864 dicatur,
2246 5798 2481 5855 Nestorii
2515 5814 2722 5855 venena
2759 5799 3104 5869 damnantur,
3163 5797 3286 5867 quia
3326 5809 3449 5856 cum
3485 5794 3576 5851 hic

1978 5892 2218 5967 psalmus
2241 5890 2376 5952 duas
2403 5892 2742 5964 operationes
2761 5892 2926 5967 dicat,
2959 5905 3120 5950 unam
3146 5896 3327 5947 tamen
3354 5885 3576 5956 Domini
