  <div class='ocr_page' id='page_1' title='image "/cluster/home/n/w/nwhite01/storage/ocr_20150623/70/hvd.32044015469356/263.png"; bbox 0 0 4036 6342; ppageno 0'>
   <div class='ocr_carea' id='block_1_1' title="bbox 529 349 639 418">
    <p class='ocr_par' dir='ltr' id='par_1_1' title="bbox 529 349 639 418">
     <span class='ocr_line' id='line_1_1' title="bbox 529 349 639 418; baseline 0 -2"><span class='ocrx_word' id='word_1_1' title='bbox 529 349 639 418; x_wconf 61' lang='grc' dir='ltr'>ω</span> 
     </span>
    </p>
   </div>
   <div class='ocr_carea' id='block_1_2' title="bbox 1743 349 2572 418">
    <p class='ocr_par' dir='ltr' id='par_1_2' title="bbox 1743 349 2572 418">
     <span class='ocr_line' id='line_1_2' title="bbox 1743 349 2572 418; baseline -0.002 -2"><span class='ocrx_word' id='word_1_2' title='bbox 1743 359 1814 416; x_wconf 73' lang='grc' dir='ltr'><strong>Ι.</strong></span> <span class='ocrx_word' id='word_1_3' title='bbox 1857 356 2134 418; x_wconf 75' lang='lat' dir='ltr'><strong>AUBELll</strong></span> <span class='ocrx_word' id='word_1_4' title='bbox 2172 349 2572 417; x_wconf 71' lang='lat' dir='ltr'><strong>CASSIODORI</strong></span> 
     </span>
    </p>
   </div>
   <div class='ocr_carea' id='block_1_3' title="bbox 3697 365 3797 425">
    <p class='ocr_par' dir='ltr' id='par_1_3' title="bbox 3697 365 3797 425">
     <span class='ocr_line' id='line_1_3' title="bbox 3697 365 3797 425; baseline 0 -1"><span class='ocrx_word' id='word_1_5' title='bbox 3697 365 3797 425; x_wconf 72' lang='grc' dir='ltr'><strong>5ὶῦ</strong></span> 
     </span>
    </p>
   </div>
   <div class='ocr_carea' id='block_1_4' title="bbox 523 474 3803 548">
    <p class='ocr_par' dir='ltr' id='par_1_4' title="bbox 523 474 3803 548">
     <span class='ocr_line' id='line_1_4' title="bbox 523 474 3803 548; baseline 0.003 -18"><span class='ocrx_word' id='word_1_6' title='bbox 523 475 732 538; x_wconf 67' lang='lat' dir='ltr'><strong>nit-issi</strong></span> <span class='ocrx_word' id='word_1_7' title='bbox 765 475 1118 548; x_wconf 71' lang='lat' dir='ltr'><strong>cognoscitur</strong></span> <span class='ocrx_word' id='word_1_8' title='bbox 1135 475 1439 546; x_wconf 64' lang='lat' dir='ltr'><strong>pradicsre</strong></span> <span class='ocrx_word' id='word_1_9' title='bbox 1477 487 1784 545; x_wconf 79' lang='lat' dir='ltr'><strong>personam.</strong></span> <span class='ocrx_word' id='word_1_10' title='bbox 1826 474 1944 532; x_wconf 82' lang='lat' dir='ltr'><strong>Non</strong></span> <span class='ocrx_word' id='word_1_11' title='bbox 1971 477 2116 533; x_wconf 85' lang='lat' dir='ltr'><strong>enim</strong></span> <span class='ocrx_word' id='word_1_12' title='bbox 2150 479 2200 542; x_wconf 71' lang='grc' dir='ltr'><strong>Α</strong></span> <span class='ocrx_word' id='word_1_13' title='bbox 2221 474 2454 546; x_wconf 90' lang='lat' dir='ltr'><strong>loquitur</strong></span> <span class='ocrx_word' id='word_1_14' title='bbox 2497 474 2783 546; x_wconf 78' lang='lat' dir='ltr'><strong>psalmum.</strong></span> <span class='ocrx_word' id='word_1_15' title='bbox 2831 474 2886 531; x_wconf 87' lang='lat' dir='ltr'><strong>in</strong></span> <span class='ocrx_word' id='word_1_16' title='bbox 2929 475 3101 547; x_wconf 82' lang='lat' dir='ltr'><strong>prima</strong></span> <span class='ocrx_word' id='word_1_17' title='bbox 3129 475 3292 548; x_wconf 72' lang='lat' dir='ltr'><strong>lparte</strong></span> <span class='ocrx_word' id='word_1_18' title='bbox 3327 477 3537 536; x_wconf 79' lang='lat' dir='ltr'><strong>zelasse</strong></span> <span class='ocrx_word' id='word_1_19' title='bbox 3574 494 3636 539; x_wconf 76' lang='lat' dir='ltr'><strong>se</strong></span> <span class='ocrx_word' id='word_1_20' title='bbox 3675 484 3803 546; x_wconf 79' lang='lat' dir='ltr'><strong>dicit</strong></span> 
     </span>
    </p>
   </div>
   <div class='ocr_carea' id='block_1_5' title="bbox 527 565 2119 640">
    <p class='ocr_par' dir='ltr' id='par_1_5' title="bbox 527 565 2119 640">
     <span class='ocr_line' id='line_1_5' title="bbox 527 565 2119 640; baseline 0 -18"><span class='ocrx_word' id='word_1_21' title='bbox 527 568 828 640; x_wconf 66' lang='lat' dir='ltr'><strong>quidquam</strong></span> <span class='ocrx_word' id='word_1_22' title='bbox 859 567 1049 636; x_wconf 87' lang='lat' dir='ltr'><strong>plurali</strong></span> <span class='ocrx_word' id='word_1_23' title='bbox 1095 581 1318 622; x_wconf 90' lang='lat' dir='ltr'><strong>numero</strong></span> <span class='ocrx_word' id='word_1_24' title='bbox 1363 565 1528 631; x_wconf 80' lang='lat' dir='ltr'><strong>dixit,</strong></span> <span class='ocrx_word' id='word_1_25' title='bbox 1557 567 1678 636; x_wconf 86' lang='lat' dir='ltr'><strong>quia</strong></span> <span class='ocrx_word' id='word_1_26' title='bbox 1727 581 1890 622; x_wconf 89' lang='lat' dir='ltr'><strong>unum</strong></span> <span class='ocrx_word' id='word_1_27' title='bbox 1923 565 2119 622; x_wconf 91' lang='lat' dir='ltr'><strong>Filium</strong></span> 
     </span>
    </p>
   </div>
   <div class='ocr_carea' id='block_1_6' title="bbox 526 661 2120 734">
    <p class='ocr_par' dir='ltr' id='par_1_6' title="bbox 526 661 2120 734">
     <span class='ocr_line' id='line_1_6' title="bbox 526 661 2120 734; baseline -0.004 -12"><span class='ocrx_word' id='word_1_28' title='bbox 526 664 680 722; x_wconf 79' lang='lat' dir='ltr'><strong>cretii</strong></span> <span class='ocrx_word' id='word_1_29' title='bbox 711 662 893 718; x_wconf 87' lang='lat' dir='ltr'><strong>voluit.</strong></span> <span class='ocrx_word' id='word_1_30' title='bbox 927 663 1044 734; x_wconf 89' lang='lat' dir='ltr'><strong>Ipse</strong></span> <span class='ocrx_word' id='word_1_31' title='bbox 1071 661 1324 718; x_wconf 85' lang='lat' dir='ltr'><strong>cstenim</strong></span> <span class='ocrx_word' id='word_1_32' title='bbox 1353 663 1446 732; x_wconf 92' lang='lat' dir='ltr'><strong>qui</strong></span> <span class='ocrx_word' id='word_1_33' title='bbox 1475 679 1539 718; x_wconf 81' lang='lat' dir='ltr'><strong>ex</strong></span> <span class='ocrx_word' id='word_1_34' title='bbox 1573 662 1730 718; x_wconf 71' lang='lat' dir='ltr'><strong>Patre</strong></span> <span class='ocrx_word' id='word_1_35' title='bbox 1759 671 1888 718; x_wconf 87' lang='lat' dir='ltr'><strong>ante</strong></span> <span class='ocrx_word' id='word_1_36' title='bbox 1921 662 2120 717; x_wconf 64' lang='lat' dir='ltr'><strong>saecula</strong></span> 
     </span>
    </p>
   </div>
   <div class='ocr_carea' id='block_1_7' title="bbox 527 753 2122 826">
    <p class='ocr_par' dir='ltr' id='par_1_7' title="bbox 527 753 2122 826">
     <span class='ocr_line' id='line_1_7' title="bbox 527 753 2122 826; baseline -0.002 -13"><span class='ocrx_word' id='word_1_37' title='bbox 527 767 694 813; x_wconf 74' lang='lat' dir='ltr'><strong>status</strong></span> <span class='ocrx_word' id='word_1_38' title='bbox 718 764 820 822; x_wconf 71' lang='grc' dir='ltr'><strong>εει,</strong></span> <span class='ocrx_word' id='word_1_39' title='bbox 846 755 1013 826; x_wconf 84' lang='lat' dir='ltr'><strong>quiin</strong></span> <span class='ocrx_word' id='word_1_40' title='bbox 1040 763 1194 812; x_wconf 88' lang='lat' dir='ltr'><strong>utero</strong></span> <span class='ocrx_word' id='word_1_41' title='bbox 1217 753 1448 824; x_wconf 73' lang='lat' dir='ltr'><strong>Virginis</strong></span> <span class='ocrx_word' id='word_1_42' title='bbox 1467 769 1682 810; x_wconf 87' lang='lat' dir='ltr'><strong>carnem</strong></span> <span class='ocrx_word' id='word_1_43' title='bbox 1707 763 1905 811; x_wconf 71' lang='lat' dir='ltr'><strong>nostrae</strong></span> <span class='ocrx_word' id='word_1_44' title='bbox 1925 764 2122 810; x_wconf 86' lang='lat' dir='ltr'><strong>morta-</strong></span> 
     </span>
    </p>
   </div>
   <div class='ocr_carea' id='block_1_8' title="bbox 527 847 2124 915">
    <p class='ocr_par' dir='ltr' id='par_1_8' title="bbox 527 847 2124 915">
     <span class='ocr_line' id='line_1_8' title="bbox 527 847 2124 915; baseline -0.003 -7"><span class='ocrx_word' id='word_1_45' title='bbox 527 849 706 908; x_wconf 64' lang='lat' dir='ltr'><strong>dhatis</strong></span> <span class='ocrx_word' id='word_1_46' title='bbox 733 847 1391 915; x_wconf 40' lang='lat' dir='ltr'><strong>assumpsityhoarousion</strong></span> <span class='ocrx_word' id='word_1_47' title='bbox 1421 848 1568 904; x_wconf 82' lang='lat' dir='ltr'><strong>Patri</strong></span> <span class='ocrx_word' id='word_1_48' title='bbox 1599 849 1896 904; x_wconf 88' lang='lat' dir='ltr'><strong>secundum</strong></span> <span class='ocrx_word' id='word_1_49' title='bbox 1927 847 2124 904; x_wconf 83' lang='lat' dir='ltr'><strong>divini-</strong></span> 
     </span>
    </p>
   </div>
   <div class='ocr_carea' id='block_1_9' title="bbox 529 940 2120 1012">
    <p class='ocr_par' dir='ltr' id='par_1_9' title="bbox 529 940 2120 1012">
     <span class='ocr_line' id='line_1_9' title="bbox 529 940 2120 1012; baseline -0.001 -14"><span class='ocrx_word' id='word_1_50' title='bbox 529 948 740 1008; x_wconf 72' lang='lat' dir='ltr'><strong>tatem,</strong></span> <span class='ocrx_word' id='word_1_51' title='bbox 786 941 1102 997; x_wconf 83' lang='lat' dir='ltr'><strong>homousion</strong></span> <span class='ocrx_word' id='word_1_52' title='bbox 1135 955 1356 1012; x_wconf 81' lang='lat' dir='ltr'><strong>quoque</strong></span> <span class='ocrx_word' id='word_1_53' title='bbox 1391 941 1546 998; x_wconf 90' lang='lat' dir='ltr'><strong>nobis</strong></span> <span class='ocrx_word' id='word_1_54' title='bbox 1589 940 1881 998; x_wconf 85' lang='lat' dir='ltr'><strong>secundum</strong></span> <span class='ocrx_word' id='word_1_55' title='bbox 1927 941 2120 996; x_wconf 83' lang='lat' dir='ltr'><strong>huma-</strong></span> 
     </span>
    </p>
   </div>
   <div class='ocr_carea' id='block_1_10' title="bbox 527 1033 2123 1103">
    <p class='ocr_par' dir='ltr' id='par_1_10' title="bbox 527 1033 2123 1103">
     <span class='ocr_line' id='line_1_10' title="bbox 527 1033 2123 1103; baseline 0 -11"><span class='ocrx_word' id='word_1_56' title='bbox 527 1039 792 1103; x_wconf 58' lang='lat' dir='ltr'><strong>nitatem,</strong></span> <span class='ocrx_word' id='word_1_57' title='bbox 841 1033 1124 1090; x_wconf 87' lang='lat' dir='ltr'><strong>invisibilis</strong></span> <span class='ocrx_word' id='word_1_58' title='bbox 1179 1035 1408 1103; x_wconf 87' lang='lat' dir='ltr'><strong>deitate,</strong></span> <span class='ocrx_word' id='word_1_59' title='bbox 1449 1035 1623 1092; x_wconf 85' lang='lat' dir='ltr'><strong>factus</strong></span> <span class='ocrx_word' id='word_1_60' title='bbox 1667 1045 1750 1091; x_wconf 84' lang='lat' dir='ltr'><strong>est</strong></span> <span class='ocrx_word' id='word_1_61' title='bbox 1793 1036 2123 1092; x_wconf 79' lang='lat' dir='ltr'><strong>humanitate</strong></span> 
     </span>
    </p>
   </div>
   <div class='ocr_carea' id='block_1_11' title="bbox 541 1125 2123 1197">
    <p class='ocr_par' dir='ltr' id='par_1_11' title="bbox 541 1125 2123 1197">
     <span class='ocr_line' id='line_1_11' title="bbox 541 1125 2123 1197; baseline 0.003 -19"><span class='ocrx_word' id='word_1_62' title='bbox 541 1125 791 1181; x_wconf 74' lang='lat' dir='ltr'><strong>visibilis.</strong></span> <span class='ocrx_word' id='word_1_63' title='bbox 823 1125 938 1181; x_wconf 82' lang='lat' dir='ltr'><strong>Pati</strong></span> <span class='ocrx_word' id='word_1_64' title='bbox 965 1126 1127 1180; x_wconf 78' lang='lat' dir='ltr'><strong>homo</strong></span> <span class='ocrx_word' id='word_1_65' title='bbox 1153 1135 1374 1197; x_wconf 81' lang='lat' dir='ltr'><strong>propter</strong></span> <span class='ocrx_word' id='word_1_66' title='bbox 1402 1140 1502 1182; x_wconf 87' lang='lat' dir='ltr'><strong>nos</strong></span> <span class='ocrx_word' id='word_1_67' title='bbox 1529 1125 1778 1196; x_wconf 88' lang='lat' dir='ltr'><strong>dignatus</strong></span> <span class='ocrx_word' id='word_1_68' title='bbox 1809 1135 1912 1194; x_wconf 88' lang='lat' dir='ltr'><strong>est,</strong></span> <span class='ocrx_word' id='word_1_69' title='bbox 1946 1141 2040 1196; x_wconf 90' lang='lat' dir='ltr'><strong>per</strong></span> <span class='ocrx_word' id='word_1_70' title='bbox 2063 1141 2123 1183; x_wconf 86' lang='lat' dir='ltr'><strong>se</strong></span> 
     </span>
    </p>
   </div>
   <div class='ocr_carea' id='block_1_12' title="bbox 539 1219 2120 1290">
    <p class='ocr_par' dir='ltr' id='par_1_12' title="bbox 539 1219 2120 1290">
     <span class='ocr_line' id='line_1_12' title="bbox 539 1219 2120 1290; baseline -0.001 -13"><span class='ocrx_word' id='word_1_71' title='bbox 539 1219 888 1290; x_wconf 83' lang='lat' dir='ltr'><strong>intpassibilis</strong></span> <span class='ocrx_word' id='word_1_72' title='bbox 909 1220 1074 1288; x_wconf 83' lang='lat' dir='ltr'><strong>Deus,</strong></span> <span class='ocrx_word' id='word_1_73' title='bbox 1093 1235 1208 1275; x_wconf 88' lang='lat' dir='ltr'><strong>non</strong></span> <span class='ocrx_word' id='word_1_74' title='bbox 1235 1219 1599 1276; x_wconf 82' lang='lat' dir='ltr'><strong>summitatem</strong></span> <span class='ocrx_word' id='word_1_75' title='bbox 1622 1220 1915 1277; x_wconf 79' lang='lat' dir='ltr'><strong>divinitatis</strong></span> <span class='ocrx_word' id='word_1_76' title='bbox 1942 1219 2120 1276; x_wconf 87' lang='lat' dir='ltr'><strong>immi-</strong></span> 
     </span>
    </p>
   </div>
   <div class='ocr_carea' id='block_1_13' title="bbox 541 1312 2122 1378">
    <p class='ocr_par' dir='ltr' id='par_1_13' title="bbox 541 1312 2122 1378">
     <span class='ocr_line' id='line_1_13' title="bbox 541 1312 2122 1378; baseline 0.001 -9"><span class='ocrx_word' id='word_1_77' title='bbox 541 1329 742 1378; x_wconf 89' lang='lat' dir='ltr'><strong>nuens,</strong></span> <span class='ocrx_word' id='word_1_78' title='bbox 779 1312 870 1369; x_wconf 89' lang='lat' dir='ltr'><strong>sed</strong></span> <span class='ocrx_word' id='word_1_79' title='bbox 899 1312 1250 1370; x_wconf 80' lang='lat' dir='ltr'><strong>humilitatem</strong></span> <span class='ocrx_word' id='word_1_80' title='bbox 1289 1312 1462 1369; x_wconf 89' lang='lat' dir='ltr'><strong>carnis</strong></span> <span class='ocrx_word' id='word_1_81' title='bbox 1490 1315 1750 1370; x_wconf 85' lang='lat' dir='ltr'><strong>exaltans.</strong></span> <span class='ocrx_word' id='word_1_82' title='bbox 1789 1315 1898 1370; x_wconf 91' lang='lat' dir='ltr'><strong>lloc</strong></span> <span class='ocrx_word' id='word_1_83' title='bbox 1938 1322 2122 1370; x_wconf 89' lang='lat' dir='ltr'><strong>sancta</strong></span> 
     </span>
    </p>
   </div>
   <div class='ocr_carea' id='block_1_14' title="bbox 527 1405 2123 1478">
    <p class='ocr_par' dir='ltr' id='par_1_14' title="bbox 527 1405 2123 1478">
     <span class='ocr_line' id='line_1_14' title="bbox 527 1405 2123 1478; baseline 0 -16"><span class='ocrx_word' id='word_1_84' title='bbox 527 1407 824 1478; x_wconf 71' lang='lat' dir='ltr'><strong>prophetia</strong></span> <span class='ocrx_word' id='word_1_85' title='bbox 845 1406 1008 1477; x_wconf 83' lang='lat' dir='ltr'><strong>dicit,</strong></span> <span class='ocrx_word' id='word_1_86' title='bbox 1025 1405 1137 1462; x_wconf 71' lang='lat' dir='ltr'><strong>hoc</strong></span> <span class='ocrx_word' id='word_1_87' title='bbox 1161 1406 1579 1474; x_wconf 76' lang='lat' dir='ltr'><strong>Evangeliornm</strong></span> <span class='ocrx_word' id='word_1_88' title='bbox 1605 1405 1916 1477; x_wconf 87' lang='lat' dir='ltr'><strong>frequenter</strong></span> <span class='ocrx_word' id='word_1_89' title='bbox 1941 1414 2123 1462; x_wconf 76' lang='lat' dir='ltr'><strong>textus</strong></span> 
     </span>
    </p>
   </div>
   <div class='ocr_carea' id='block_1_15' title="bbox 541 1496 2119 1569">
    <p class='ocr_par' dir='ltr' id='par_1_15' title="bbox 541 1496 2119 1569">
     <span class='ocr_line' id='line_1_15' title="bbox 541 1496 2119 1569; baseline -0.001 -13"><span class='ocrx_word' id='word_1_90' title='bbox 541 1499 798 1565; x_wconf 87' lang='lat' dir='ltr'><strong>insinuat,</strong></span> <span class='ocrx_word' id='word_1_91' title='bbox 819 1497 922 1554; x_wconf 83' lang='lat' dir='ltr'><strong>hoc</strong></span> <span class='ocrx_word' id='word_1_92' title='bbox 941 1512 1038 1569; x_wconf 88' lang='lat' dir='ltr'><strong>per</strong></span> <span class='ocrx_word' id='word_1_93' title='bbox 1059 1505 1227 1554; x_wconf 87' lang='lat' dir='ltr'><strong>totum</strong></span> <span class='ocrx_word' id='word_1_94' title='bbox 1247 1496 1504 1553; x_wconf 87' lang='lat' dir='ltr'><strong>mundum</strong></span> <span class='ocrx_word' id='word_1_95' title='bbox 1527 1497 1679 1554; x_wconf 87' lang='lat' dir='ltr'><strong>beata</strong></span> <span class='ocrx_word' id='word_1_96' title='bbox 1700 1498 1844 1554; x_wconf 81' lang='lat' dir='ltr'><strong>canit</strong></span> <span class='ocrx_word' id='word_1_97' title='bbox 1861 1499 2119 1566; x_wconf 82' lang='lat' dir='ltr'><strong>Ecclesia,</strong></span> 
     </span>
    </p>
   </div>
   <div class='ocr_carea' id='block_1_16' title="bbox 531 1589 2124 1662">
    <p class='ocr_par' dir='ltr' id='par_1_16' title="bbox 531 1589 2124 1662">
     <span class='ocr_line' id='line_1_16' title="bbox 531 1589 2124 1662; baseline -0.002 -13"><span class='ocrx_word' id='word_1_98' title='bbox 531 1600 603 1649; x_wconf 58' lang='lat' dir='ltr'><strong>int</strong></span> <span class='ocrx_word' id='word_1_99' title='bbox 629 1607 662 1648; x_wconf 88' lang='lat' dir='ltr'><strong>a</strong></span> <span class='ocrx_word' id='word_1_100' title='bbox 687 1591 950 1647; x_wconf 83' lang='lat' dir='ltr'><strong>catholica</strong></span> <span class='ocrx_word' id='word_1_101' title='bbox 983 1589 1090 1646; x_wconf 92' lang='lat' dir='ltr'><strong>ﬁde</strong></span> <span class='ocrx_word' id='word_1_102' title='bbox 1129 1589 1219 1646; x_wconf 92' lang='lat' dir='ltr'><strong>ille</strong></span> <span class='ocrx_word' id='word_1_103' title='bbox 1265 1598 1620 1661; x_wconf 78' lang='lat' dir='ltr'><strong>cognoscatur</strong></span> <span class='ocrx_word' id='word_1_104' title='bbox 1657 1598 1946 1648; x_wconf 78' lang='lat' dir='ltr'><strong>extraneas</strong></span> <span class='ocrx_word' id='word_1_105' title='bbox 1973 1632 1988 1658; x_wconf 92' lang='lat'><strong>,</strong></span> <span class='ocrx_word' id='word_1_106' title='bbox 2031 1590 2124 1662; x_wconf 87' lang='lat' dir='ltr'><strong>qui</strong></span> 
     </span>
    </p>
   </div>
   <div class='ocr_carea' id='block_1_17' title="bbox 539 1681 2124 1754">
    <p class='ocr_par' dir='ltr' id='par_1_17' title="bbox 539 1681 2124 1754">
     <span class='ocr_line' id='line_1_17' title="bbox 539 1681 2124 1754; baseline 0.001 -15"><span class='ocrx_word' id='word_1_107' title='bbox 539 1683 637 1740; x_wconf 84' lang='lat' dir='ltr'><strong>tali</strong></span> <span class='ocrx_word' id='word_1_108' title='bbox 658 1698 766 1738; x_wconf 90' lang='lat' dir='ltr'><strong>non</strong></span> <span class='ocrx_word' id='word_1_109' title='bbox 789 1681 950 1738; x_wconf 83' lang='lat' dir='ltr'><strong>fuerit</strong></span> <span class='ocrx_word' id='word_1_110' title='bbox 970 1681 1262 1738; x_wconf 79' lang='lat' dir='ltr'><strong>stabili-tate</strong></span> <span class='ocrx_word' id='word_1_111' title='bbox 1284 1682 1551 1738; x_wconf 88' lang='lat' dir='ltr'><strong>fundatus.</strong></span> <span class='ocrx_word' id='word_1_112' title='bbox 1571 1683 1835 1740; x_wconf 79' lang='lat' dir='ltr'><strong>Memento</strong></span> <span class='ocrx_word' id='word_1_113' title='bbox 1863 1691 2124 1754; x_wconf 81' lang='lat' dir='ltr'><strong>praeterea</strong></span> 
     </span>
    </p>
   </div>
   <div class='ocr_carea' id='block_1_18' title="bbox 541 1774 2123 1849">
    <p class='ocr_par' dir='ltr' id='par_1_18' title="bbox 541 1774 2123 1849">
     <span class='ocr_line' id='line_1_18' title="bbox 541 1774 2123 1849; baseline 0.003 -19"><span class='ocrx_word' id='word_1_114' title='bbox 541 1774 687 1846; x_wconf 84' lang='lat' dir='ltr'><strong>quod</strong></span> <span class='ocrx_word' id='word_1_115' title='bbox 709 1774 797 1832; x_wconf 87' lang='lat' dir='ltr'><strong>hic</strong></span> <span class='ocrx_word' id='word_1_116' title='bbox 823 1785 1044 1846; x_wconf 83' lang='lat' dir='ltr'><strong>quartus</strong></span> <span class='ocrx_word' id='word_1_117' title='bbox 1071 1786 1158 1832; x_wconf 88' lang='lat' dir='ltr'><strong>est</strong></span> <span class='ocrx_word' id='word_1_118' title='bbox 1177 1777 1430 1847; x_wconf 82' lang='lat' dir='ltr'><strong>psalmus</strong></span> <span class='ocrx_word' id='word_1_119' title='bbox 1458 1792 1522 1833; x_wconf 79' lang='lat' dir='ltr'><strong>ex</strong></span> <span class='ocrx_word' id='word_1_120' title='bbox 1543 1777 1636 1833; x_wconf 85' lang='lat' dir='ltr'><strong>his</strong></span> <span class='ocrx_word' id='word_1_121' title='bbox 1661 1792 1798 1849; x_wconf 90' lang='lat' dir='ltr'><strong>quos</strong></span> <span class='ocrx_word' id='word_1_122' title='bbox 1825 1779 1891 1835; x_wconf 90' lang='lat' dir='ltr'><strong>de</strong></span> <span class='ocrx_word' id='word_1_123' title='bbox 1915 1779 2123 1836; x_wconf 84' lang='lat' dir='ltr'><strong>duabus</strong></span> 
     </span>
    </p>
   </div>
   <div class='ocr_carea' id='block_1_19' title="bbox 541 1869 1592 1947">
    <p class='ocr_par' dir='ltr' id='par_1_19' title="bbox 541 1869 1592 1947">
     <span class='ocr_line' id='line_1_19' title="bbox 541 1869 1592 1947; baseline -0.005 -17"><span class='ocrx_word' id='word_1_124' title='bbox 541 1870 752 1930; x_wconf 74' lang='lat' dir='ltr'><strong>naturis</strong></span> <span class='ocrx_word' id='word_1_125' title='bbox 787 1871 1198 1947; x_wconf 78' lang='lat' dir='ltr'><strong>locuturosesse</strong></span> <span class='ocrx_word' id='word_1_126' title='bbox 1226 1869 1592 1940; x_wconf 77' lang='lat' dir='ltr'><strong>prtediximus.</strong></span> 
     </span>
    </p>
   </div>
   <div class='ocr_carea' id='block_1_20' title="bbox 787 1985 1879 2046">
    <p class='ocr_par' dir='ltr' id='par_1_20' title="bbox 787 1985 1879 2046">
     <span class='ocr_line' id='line_1_20' title="bbox 787 1985 1879 2046; baseline 0.003 -5"><span class='ocrx_word' id='word_1_127' title='bbox 787 1985 1158 2043; x_wconf 26' lang='lat' dir='ltr'><strong>JEXPOSITIO</strong></span> <span class='ocrx_word' id='word_1_128' title='bbox 1197 1986 1263 2042; x_wconf 77' lang='grc' dir='ltr'><strong>ΙΝ</strong></span> <span class='ocrx_word' id='word_1_129' title='bbox 1303 1985 1632 2046; x_wconf 68' lang='grc' dir='ltr'><strong>ΡεΑωίυη</strong></span> <span class='ocrx_word' id='word_1_130' title='bbox 1669 1987 1879 2044; x_wconf 79' lang='lat' dir='ltr'><strong>LXXII.</strong></span> 
     </span>
    </p>
   </div>
   <div class='ocr_carea' id='block_1_21' title="bbox 535 2073 2122 2154">
    <p class='ocr_par' dir='ltr' id='par_1_21' title="bbox 535 2073 2122 2154">
     <span class='ocr_line' id='line_1_21' title="bbox 535 2073 2122 2154; baseline 0.002 -20"><span class='ocrx_word' id='word_1_131' title='bbox 535 2073 852 2149; x_wconf 40' lang='lat' dir='ltr'><strong>‘Defecemnt</strong></span> <span class='ocrx_word' id='word_1_132' title='bbox 889 2079 1066 2134; x_wconf 83' lang='lat' dir='ltr'><strong>laudes</strong></span> <span class='ocrx_word' id='word_1_133' title='bbox 1105 2078 1276 2134; x_wconf 80' lang='lat' dir='ltr'><strong>David</strong></span> <span class='ocrx_word' id='word_1_134' title='bbox 1314 2081 1412 2149; x_wconf 81' lang='lat' dir='ltr'><strong>ﬁlii</strong></span> <span class='ocrx_word' id='word_1_135' title='bbox 1447 2079 1589 2136; x_wconf 81' lang='lat' dir='ltr'><strong>Jcsse</strong></span> <span class='ocrx_word' id='word_1_136' title='bbox 1615 2123 1628 2148; x_wconf 94' lang='lat'><strong>,</strong></span> <span class='ocrx_word' id='word_1_137' title='bbox 1667 2081 1895 2154; x_wconf 80' lang='lat' dir='ltr'><strong>psalmus</strong></span> <span class='ocrx_word' id='word_1_138' title='bbox 1925 2083 2122 2153; x_wconf 80' lang='lat' dir='ltr'><strong>Asaplt.</strong></span> 
     </span>
    </p>
   </div>
   <div class='ocr_carea' id='block_1_22' title="bbox 615 2193 2124 2265">
    <p class='ocr_par' dir='ltr' id='par_1_22' title="bbox 615 2193 2124 2265">
     <span class='ocr_line' id='line_1_22' title="bbox 615 2193 2124 2265; baseline 0.001 -15"><span class='ocrx_word' id='word_1_139' title='bbox 615 2194 752 2250; x_wconf 88' lang='lat' dir='ltr'><strong>Dum</strong></span> <span class='ocrx_word' id='word_1_140' title='bbox 780 2193 832 2250; x_wconf 92' lang='lat' dir='ltr'><strong>in</strong></span> <span class='ocrx_word' id='word_1_141' title='bbox 867 2195 1033 2250; x_wconf 88' lang='lat' dir='ltr'><strong>titulis</strong></span> <span class='ocrx_word' id='word_1_142' title='bbox 1059 2195 1424 2265; x_wconf 87' lang='lat' dir='ltr'><strong>superioribus</strong></span> <span class='ocrx_word' id='word_1_143' title='bbox 1456 2195 1624 2251; x_wconf 82' lang='lat' dir='ltr'><strong>David</strong></span> <span class='ocrx_word' id='word_1_144' title='bbox 1652 2206 1859 2253; x_wconf 89' lang='lat' dir='ltr'><strong>tantum</strong></span> <span class='ocrx_word' id='word_1_145' title='bbox 1881 2197 2124 2253; x_wconf 89' lang='lat' dir='ltr'><strong>videatur</strong></span> 
     </span>
    </p>
   </div>
   <div class='ocr_carea' id='block_1_23' title="bbox 539 2286 2122 2358">
    <p class='ocr_par' dir='ltr' id='par_1_23' title="bbox 539 2286 2122 2358">
     <span class='ocr_line' id='line_1_23' title="bbox 539 2286 2122 2358; baseline 0.001 -15"><span class='ocrx_word' id='word_1_146' title='bbox 539 2289 836 2358; x_wconf 85' lang='lat' dir='ltr'><strong>ascriptus,</strong></span> <span class='ocrx_word' id='word_1_147' title='bbox 879 2286 963 2343; x_wconf 90' lang='lat' dir='ltr'><strong>hic</strong></span> <span class='ocrx_word' id='word_1_148' title='bbox 998 2287 1233 2352; x_wconf 87' lang='lat' dir='ltr'><strong>addidit,</strong></span> <span class='ocrx_word' id='word_1_149' title='bbox 1276 2287 1374 2358; x_wconf 79' lang='lat' dir='ltr'><strong>filii</strong></span> <span class='ocrx_word' id='word_1_150' title='bbox 1413 2287 1590 2356; x_wconf 77' lang='lat' dir='ltr'><strong>Jerse;</strong></span> <span class='ocrx_word' id='word_1_151' title='bbox 1635 2289 1840 2345; x_wconf 85' lang='lat' dir='ltr'><strong>scilicet</strong></span> <span class='ocrx_word' id='word_1_152' title='bbox 1876 2299 1935 2346; x_wconf 89' lang='lat' dir='ltr'><strong>ut</strong></span> <span class='ocrx_word' id='word_1_153' title='bbox 1973 2290 2122 2346; x_wconf 89' lang='lat' dir='ltr'><strong>illum</strong></span> 
     </span>
    </p>
   </div>
   <div class='ocr_carea' id='block_1_24' title="bbox 540 2377 2122 2455">
    <p class='ocr_par' dir='ltr' id='par_1_24' title="bbox 540 2377 2122 2455">
     <span class='ocr_line' id='line_1_24' title="bbox 540 2377 2122 2455; baseline 0.002 -19"><span class='ocrx_word' id='word_1_154' title='bbox 540 2377 715 2437; x_wconf 82' lang='lat' dir='ltr'><strong>David</strong></span> <span class='ocrx_word' id='word_1_155' title='bbox 738 2391 944 2452; x_wconf 84' lang='lat' dir='ltr'><strong>patrem</strong></span> <span class='ocrx_word' id='word_1_156' title='bbox 973 2378 1277 2438; x_wconf 87' lang='lat' dir='ltr'><strong>Salomonis</strong></span> <span class='ocrx_word' id='word_1_157' title='bbox 1303 2381 1601 2453; x_wconf 78' lang='lat' dir='ltr'><strong>intelligere</strong></span> <span class='ocrx_word' id='word_1_158' title='bbox 1630 2382 1948 2452; x_wconf 87' lang='lat' dir='ltr'><strong>debeamus;</strong></span> <span class='ocrx_word' id='word_1_159' title='bbox 1978 2384 2122 2455; x_wconf 91' lang='lat' dir='ltr'><strong>quod</strong></span> 
     </span>
    </p>
   </div>
   <div class='ocr_carea' id='block_1_25' title="bbox 540 2471 2123 2545">
    <p class='ocr_par' dir='ltr' id='par_1_25' title="bbox 540 2471 2123 2545">
     <span class='ocr_line' id='line_1_25' title="bbox 540 2471 2123 2545; baseline 0.002 -18"><span class='ocrx_word' id='word_1_160' title='bbox 540 2471 607 2528; x_wconf 90' lang='lat' dir='ltr'><strong>ad</strong></span> <span class='ocrx_word' id='word_1_161' title='bbox 653 2487 938 2544; x_wconf 85' lang='lat' dir='ltr'><strong>personam</strong></span> <span class='ocrx_word' id='word_1_162' title='bbox 983 2473 1383 2541; x_wconf 82' lang='lat' dir='ltr'><strong>exprimendam</strong></span> <span class='ocrx_word' id='word_1_163' title='bbox 1435 2474 1708 2545; x_wconf 67' lang='lat' dir='ltr'><strong>prophetae</strong></span> <span class='ocrx_word' id='word_1_164' title='bbox 1755 2484 2123 2545; x_wconf 81' lang='lat' dir='ltr'><strong>competenter</strong></span> 
     </span>
    </p>
   </div>
   <div class='ocr_carea' id='block_1_26' title="bbox 541 2563 2119 2640">
    <p class='ocr_par' dir='ltr' id='par_1_26' title="bbox 541 2563 2119 2640">
     <span class='ocr_line' id='line_1_26' title="bbox 541 2563 2119 2640; baseline 0.003 -21"><span class='ocrx_word' id='word_1_165' title='bbox 541 2564 807 2636; x_wconf 84' lang='lat' dir='ltr'><strong>adjectum</strong></span> <span class='ocrx_word' id='word_1_166' title='bbox 830 2573 930 2620; x_wconf 91' lang='lat' dir='ltr'><strong>cst.</strong></span> <span class='ocrx_word' id='word_1_167' title='bbox 952 2563 1076 2620; x_wconf 73' lang='lat' dir='ltr'><strong>llaec</strong></span> <span class='ocrx_word' id='word_1_168' title='bbox 1099 2581 1237 2622; x_wconf 89' lang='lat' dir='ltr'><strong>nona</strong></span> <span class='ocrx_word' id='word_1_169' title='bbox 1258 2574 1340 2622; x_wconf 88' lang='lat' dir='ltr'><strong>est</strong></span> <span class='ocrx_word' id='word_1_170' title='bbox 1363 2571 1571 2637; x_wconf 82' lang='lat' dir='ltr'><strong>species</strong></span> <span class='ocrx_word' id='word_1_171' title='bbox 1591 2566 1938 2637; x_wconf 86' lang='lat' dir='ltr'><strong>deﬁnitionis,</strong></span> <span class='ocrx_word' id='word_1_172' title='bbox 1962 2583 2119 2640; x_wconf 90' lang='lat' dir='ltr'><strong>quam</strong></span> 
     </span>
    </p>
   </div>
   <div class='ocr_carea' id='block_1_27' title="bbox 535 2655 2122 2731">
    <p class='ocr_par' dir='ltr' id='par_1_27' title="bbox 535 2655 2122 2731">
     <span class='ocr_line' id='line_1_27' title="bbox 535 2655 2122 2731; baseline 0.003 -19"><span class='ocrx_word' id='word_1_173' title='bbox 535 2655 712 2712; x_wconf 75' lang='lat' dir='ltr'><strong>&#39;Grrcci</strong></span> <span class='ocrx_word' id='word_1_174' title='bbox 739 2657 846 2712; x_wconf 79' lang='grc' dir='ltr'>καθ’</span> <span class='ocrx_word' id='word_1_175' title='bbox 868 2656 1226 2722; x_wconf 77' lang='grc' dir='ltr'><strong>ὑποτύπωσιν,</strong></span> <span class='ocrx_word' id='word_1_176' title='bbox 1249 2657 1418 2714; x_wconf 88' lang='lat' dir='ltr'><strong>Latini</strong></span> <span class='ocrx_word' id='word_1_177' title='bbox 1442 2674 1539 2730; x_wconf 88' lang='lat' dir='ltr'><strong>per</strong></span> <span class='ocrx_word' id='word_1_178' title='bbox 1559 2661 1840 2731; x_wconf 85' lang='lat' dir='ltr'><strong>quamdam</strong></span> <span class='ocrx_word' id='word_1_179' title='bbox 1865 2659 2122 2729; x_wconf 79' lang='lat' dir='ltr'><strong>imagina-</strong></span> 
     </span>
    </p>
   </div>
   <div class='ocr_carea' id='block_1_28' title="bbox 539 2746 2122 2823">
    <p class='ocr_par' dir='ltr' id='par_1_28' title="bbox 539 2746 2122 2823">
     <span class='ocr_line' id='line_1_28' title="bbox 539 2746 2122 2823; baseline 0 -18"><span class='ocrx_word' id='word_1_180' title='bbox 539 2748 742 2805; x_wconf 87' lang='lat' dir='ltr'><strong>tionem</strong></span> <span class='ocrx_word' id='word_1_181' title='bbox 768 2746 896 2823; x_wconf 86' lang='lat' dir='ltr'><strong>[ed.,</strong></span> <span class='ocrx_word' id='word_1_182' title='bbox 915 2747 1223 2821; x_wconf 82' lang='lat' dir='ltr'><strong>imaginem]</strong></span> <span class='ocrx_word' id='word_1_183' title='bbox 1250 2747 1461 2813; x_wconf 87' lang='lat' dir='ltr'><strong>dicunt,</strong></span> <span class='ocrx_word' id='word_1_184' title='bbox 1492 2751 1704 2821; x_wconf 81' lang='lat' dir='ltr'><strong>quando</strong></span> <span class='ocrx_word' id='word_1_185' title='bbox 1725 2749 1993 2807; x_wconf 88' lang='lat' dir='ltr'><strong>nominata</strong></span> <span class='ocrx_word' id='word_1_186' title='bbox 2010 2767 2122 2806; x_wconf 87' lang='lat' dir='ltr'><strong>ma-</strong></span> 
     </span>
    </p>
   </div>
   <div class='ocr_carea' id='block_1_29' title="bbox 536 2837 2119 2914">
    <p class='ocr_par' dir='ltr' id='par_1_29' title="bbox 536 2837 2119 2914">
     <span class='ocr_line' id='line_1_29' title="bbox 536 2837 2119 2914; baseline 0.002 -20"><span class='ocrx_word' id='word_1_187' title='bbox 536 2846 621 2894; x_wconf 88' lang='lat' dir='ltr'><strong>tre</strong></span> <span class='ocrx_word' id='word_1_188' title='bbox 655 2837 736 2894; x_wconf 84' lang='lat' dir='ltr'><strong>vel</strong></span> <span class='ocrx_word' id='word_1_189' title='bbox 781 2847 962 2910; x_wconf 88' lang='lat' dir='ltr'><strong>patre,</strong></span> <span class='ocrx_word' id='word_1_190' title='bbox 1007 2838 1073 2894; x_wconf 85' lang='lat' dir='ltr'><strong>ad</strong></span> <span class='ocrx_word' id='word_1_191' title='bbox 1101 2837 1502 2909; x_wconf 80' lang='lat' dir='ltr'><strong>intelligentiam</strong></span> <span class='ocrx_word' id='word_1_192' title='bbox 1543 2840 1828 2896; x_wconf 67' lang='lat' dir='ltr'><strong>individua:</strong></span> <span class='ocrx_word' id='word_1_193' title='bbox 1871 2855 2119 2914; x_wconf 70' lang='lat' dir='ltr'><strong>persona:</strong></span> 
     </span>
    </p>
   </div>
   <div class='ocr_carea' id='block_1_30' title="bbox 536 2932 2118 3004">
    <p class='ocr_par' dir='ltr' id='par_1_30' title="bbox 536 2932 2118 3004">
     <span class='ocr_line' id='line_1_30' title="bbox 536 2932 2118 3004; baseline 0.001 -15"><span class='ocrx_word' id='word_1_194' title='bbox 536 2947 730 2989; x_wconf 85' lang='lat' dir='ltr'><strong>sensus</strong></span> <span class='ocrx_word' id='word_1_195' title='bbox 758 2943 938 2988; x_wconf 84' lang='lat' dir='ltr'><strong>noster</strong></span> <span class='ocrx_word' id='word_1_196' title='bbox 963 2932 1264 2989; x_wconf 82' lang='lat' dir='ltr'><strong>adducitur.</strong></span> <span class='ocrx_word' id='word_1_197' title='bbox 1307 2932 1710 3004; x_wconf 84' lang='lat' dir='ltr'><strong>Congregantur</strong></span> <span class='ocrx_word' id='word_1_198' title='bbox 1749 2936 1910 2991; x_wconf 83' lang='lat' dir='ltr'><strong>etiam</strong></span> <span class='ocrx_word' id='word_1_199' title='bbox 1938 2936 2118 2992; x_wconf 69' lang='lat' dir='ltr'><strong>multa:</strong></span> 
     </span>
    </p>
   </div>
   <div class='ocr_carea' id='block_1_31' title="bbox 534 3023 2115 3098">
    <p class='ocr_par' dir='ltr' id='par_1_31' title="bbox 534 3023 2115 3098">
     <span class='ocr_line' id='line_1_31' title="bbox 534 3023 2115 3098; baseline 0.002 -18"><span class='ocrx_word' id='word_1_200' title='bbox 534 3037 624 3080; x_wconf 86' lang='lat' dir='ltr'><strong>res</strong></span> <span class='ocrx_word' id='word_1_201' title='bbox 649 3024 714 3079; x_wconf 90' lang='lat' dir='ltr'><strong>ad</strong></span> <span class='ocrx_word' id='word_1_202' title='bbox 739 3039 996 3094; x_wconf 76' lang='lat' dir='ltr'><strong>personas</strong></span> <span class='ocrx_word' id='word_1_203' title='bbox 1007 3024 1364 3081; x_wconf 89' lang='lat' dir='ltr'><strong>communiter</strong></span> <span class='ocrx_word' id='word_1_204' title='bbox 1391 3023 1520 3097; x_wconf 87' lang='lat' dir='ltr'><strong>[ed.,</strong></span> <span class='ocrx_word' id='word_1_205' title='bbox 1540 3023 1786 3096; x_wconf 87' lang='lat' dir='ltr'><strong>comiter]</strong></span> <span class='ocrx_word' id='word_1_206' title='bbox 1809 3026 2115 3098; x_wconf 84' lang='lat' dir='ltr'><strong>exprimen-</strong></span> 
     </span>
    </p>
   </div>
   <div class='ocr_carea' id='block_1_32' title="bbox 533 3113 2116 3187">
    <p class='ocr_par' dir='ltr' id='par_1_32' title="bbox 533 3113 2116 3187">
     <span class='ocr_line' id='line_1_32' title="bbox 533 3113 2116 3187; baseline 0.003 -17"><span class='ocrx_word' id='word_1_207' title='bbox 533 3113 663 3180; x_wconf 88' lang='lat' dir='ltr'><strong>das;</strong></span> <span class='ocrx_word' id='word_1_208' title='bbox 691 3125 752 3169; x_wconf 86' lang='lat' dir='ltr'><strong>nt</strong></span> <span class='ocrx_word' id='word_1_209' title='bbox 791 3125 874 3170; x_wconf 90' lang='lat' dir='ltr'><strong>est</strong></span> <span class='ocrx_word' id='word_1_210' title='bbox 897 3115 1065 3171; x_wconf 89' lang='lat' dir='ltr'><strong>illud:</strong></span> <span class='ocrx_word' id='word_1_211' title='bbox 1097 3115 1350 3172; x_wconf 83' lang='lat' dir='ltr'><strong>Socrates</strong></span> <span class='ocrx_word' id='word_1_212' title='bbox 1391 3115 1530 3172; x_wconf 87' lang='lat' dir='ltr'><strong>ﬁlius</strong></span> <span class='ocrx_word' id='word_1_213' title='bbox 1555 3115 1932 3187; x_wconf 86' lang='lat' dir='ltr'><strong>Sephronisci,</strong></span> <span class='ocrx_word' id='word_1_214' title='bbox 1965 3117 2116 3187; x_wconf 85' lang='lat' dir='ltr'><strong>cujus</strong></span> 
     </span>
    </p>
   </div>
   <div class='ocr_carea' id='block_1_33' title="bbox 527 3204 2114 3274">
    <p class='ocr_par' dir='ltr' id='par_1_33' title="bbox 527 3204 2114 3274">
     <span class='ocr_line' id='line_1_33' title="bbox 527 3204 2114 3274; baseline 0 -12"><span class='ocrx_word' id='word_1_215' title='bbox 527 3213 708 3262; x_wconf 82' lang='lat' dir='ltr'><strong>mater</strong></span> <span class='ocrx_word' id='word_1_216' title='bbox 736 3213 818 3260; x_wconf 86' lang='lat' dir='ltr'><strong>est</strong></span> <span class='ocrx_word' id='word_1_217' title='bbox 846 3204 1178 3274; x_wconf 76' lang='lat' dir='ltr'><strong>Phrenarete,</strong></span> <span class='ocrx_word' id='word_1_218' title='bbox 1210 3206 1420 3274; x_wconf 83' lang='lat' dir='ltr'><strong>calvus,</strong></span> <span class='ocrx_word' id='word_1_219' title='bbox 1444 3214 1749 3274; x_wconf 88' lang='lat' dir='ltr'><strong>ventrosus,</strong></span> <span class='ocrx_word' id='word_1_220' title='bbox 1778 3205 1964 3260; x_wconf 90' lang='lat' dir='ltr'><strong>simus.</strong></span> <span class='ocrx_word' id='word_1_221' title='bbox 1990 3206 2114 3264; x_wconf 55' lang='lat' dir='ltr'><strong>Haec</strong></span> 
     </span>
    </p>
   </div>
   <div class='ocr_carea' id='block_1_34' title="bbox 531 3296 2113 3358">
    <p class='ocr_par' dir='ltr' id='par_1_34' title="bbox 531 3296 2113 3358">
     <span class='ocr_line' id='line_1_34' title="bbox 531 3296 2113 3358; baseline 0.003 -5"><span class='ocrx_word' id='word_1_222' title='bbox 531 3296 681 3354; x_wconf 86' lang='lat' dir='ltr'><strong>enim</strong></span> <span class='ocrx_word' id='word_1_223' title='bbox 723 3298 902 3352; x_wconf 87' lang='lat' dir='ltr'><strong>omnia</strong></span> <span class='ocrx_word' id='word_1_224' title='bbox 951 3297 1122 3353; x_wconf 88' lang='lat' dir='ltr'><strong>solum</strong></span> <span class='ocrx_word' id='word_1_225' title='bbox 1169 3299 1444 3355; x_wconf 83' lang='lat' dir='ltr'><strong>Socratem</strong></span> <span class='ocrx_word' id='word_1_226' title='bbox 1494 3298 1730 3354; x_wconf 86' lang='lat' dir='ltr'><strong>indicare</strong></span> <span class='ocrx_word' id='word_1_227' title='bbox 1782 3314 1845 3356; x_wconf 90' lang='lat' dir='ltr'><strong>ac</strong></span> <span class='ocrx_word' id='word_1_228' title='bbox 1889 3299 2113 3358; x_wconf 85' lang='lat' dir='ltr'><strong>delinire</strong></span> 
     </span>
    </p>
   </div>
   <div class='ocr_carea' id='block_1_35' title="bbox 531 3387 2112 3464">
    <p class='ocr_par' dir='ltr' id='par_1_35' title="bbox 531 3387 2112 3464">
     <span class='ocr_line' id='line_1_35' title="bbox 531 3387 2112 3464; baseline 0.001 -17"><span class='ocrx_word' id='word_1_229' title='bbox 531 3398 848 3448; x_wconf 85' lang='lat' dir='ltr'><strong>noscuntur.</strong></span> <span class='ocrx_word' id='word_1_230' title='bbox 876 3387 981 3444; x_wconf 89' lang='lat' dir='ltr'><strong>Sed</strong></span> <span class='ocrx_word' id='word_1_231' title='bbox 1007 3389 1060 3444; x_wconf 93' lang='lat' dir='ltr'><strong>in</strong></span> <span class='ocrx_word' id='word_1_232' title='bbox 1089 3389 1190 3444; x_wconf 89' lang='lat' dir='ltr'><strong>hac</strong></span> <span class='ocrx_word' id='word_1_233' title='bbox 1209 3405 1268 3446; x_wconf 90' lang='lat' dir='ltr'><strong>re</strong></span> <span class='ocrx_word' id='word_1_234' title='bbox 1291 3399 1433 3445; x_wconf 86' lang='lat' dir='ltr'><strong>tanta</strong></span> <span class='ocrx_word' id='word_1_235' title='bbox 1462 3391 1706 3460; x_wconf 87' lang='lat' dir='ltr'><strong>ponenda</strong></span> <span class='ocrx_word' id='word_1_236' title='bbox 1736 3399 1880 3462; x_wconf 87' lang='lat' dir='ltr'><strong>sunt,</strong></span> <span class='ocrx_word' id='word_1_237' title='bbox 1913 3403 2112 3464; x_wconf 87' lang='lat' dir='ltr'><strong>quanta</strong></span> 
     </span>
    </p>
   </div>
   <div class='ocr_carea' id='block_1_36' title="bbox 521 3477 2114 3554">
    <p class='ocr_par' dir='ltr' id='par_1_36' title="bbox 521 3477 2114 3554">
     <span class='ocr_line' id='line_1_36' title="bbox 521 3477 2114 3554; baseline 0.004 -18"><span class='ocrx_word' id='word_1_238' title='bbox 521 3489 762 3554; x_wconf 78' lang='lat' dir='ltr'><strong>possunt</strong></span> <span class='ocrx_word' id='word_1_239' title='bbox 791 3477 1044 3535; x_wconf 90' lang='lat' dir='ltr'><strong>individui</strong></span> <span class='ocrx_word' id='word_1_240' title='bbox 1067 3479 1134 3535; x_wconf 91' lang='lat' dir='ltr'><strong>de</strong></span> <span class='ocrx_word' id='word_1_241' title='bbox 1159 3495 1264 3550; x_wconf 93' lang='lat' dir='ltr'><strong>quo</strong></span> <span class='ocrx_word' id='word_1_242' title='bbox 1294 3481 1570 3552; x_wconf 64' lang='lat' dir='ltr'><strong>quaeritur,</strong></span> <span class='ocrx_word' id='word_1_243' title='bbox 1596 3483 1664 3538; x_wconf 89' lang='lat' dir='ltr'><strong>ab</strong></span> <span class='ocrx_word' id='word_1_244' title='bbox 1682 3485 1930 3541; x_wconf 89' lang='lat' dir='ltr'><strong>omnibus</strong></span> <span class='ocrx_word' id='word_1_245' title='bbox 1957 3496 2114 3543; x_wconf 63' lang='lat' dir='ltr'><strong>caete-</strong></span> 
     </span>
    </p>
   </div>
   <div class='ocr_carea' id='block_1_37' title="bbox 531 3570 2112 3643">
    <p class='ocr_par' dir='ltr' id='par_1_37' title="bbox 531 3570 2112 3643">
     <span class='ocr_line' id='line_1_37' title="bbox 531 3570 2112 3643; baseline 0.001 -15"><span class='ocrx_word' id='word_1_246' title='bbox 531 3572 608 3628; x_wconf 89' lang='lat' dir='ltr'><strong>ris</strong></span> <span class='ocrx_word' id='word_1_247' title='bbox 634 3581 976 3641; x_wconf 87' lang='lat' dir='ltr'><strong>sequestrarc</strong></span> <span class='ocrx_word' id='word_1_248' title='bbox 1005 3585 1309 3642; x_wconf 88' lang='lat' dir='ltr'><strong>personam.</strong></span> <span class='ocrx_word' id='word_1_249' title='bbox 1343 3570 1548 3627; x_wconf 81' lang='lat' dir='ltr'><strong>Laudes</strong></span> <span class='ocrx_word' id='word_1_250' title='bbox 1593 3588 1720 3643; x_wconf 86' lang='lat' dir='ltr'><strong>ergo</strong></span> <span class='ocrx_word' id='word_1_251' title='bbox 1758 3574 1912 3630; x_wconf 81' lang='lat' dir='ltr'><strong>istius</strong></span> <span class='ocrx_word' id='word_1_252' title='bbox 1949 3575 2112 3630; x_wconf 83' lang='lat' dir='ltr'><strong>David</strong></span> 
     </span>
    </p>
   </div>
   <div class='ocr_carea' id='block_1_38' title="bbox 529 3658 2112 3734">
    <p class='ocr_par' dir='ltr' id='par_1_38' title="bbox 529 3658 2112 3734">
     <span class='ocr_line' id='line_1_38' title="bbox 529 3658 2112 3734; baseline 0.006 -19"><span class='ocrx_word' id='word_1_253' title='bbox 529 3658 779 3732; x_wconf 81' lang='lat' dir='ltr'><strong>defecisse</strong></span> <span class='ocrx_word' id='word_1_254' title='bbox 833 3659 994 3728; x_wconf 86' lang='lat' dir='ltr'><strong>dicit;</strong></span> <span class='ocrx_word' id='word_1_255' title='bbox 1050 3661 1190 3732; x_wconf 86' lang='lat' dir='ltr'><strong>quod</strong></span> <span class='ocrx_word' id='word_1_256' title='bbox 1236 3661 1339 3718; x_wconf 89' lang='lat' dir='ltr'><strong>nisi</strong></span> <span class='ocrx_word' id='word_1_257' title='bbox 1395 3673 1835 3734; x_wconf 89' lang='lat' dir='ltr'><strong>perscrutcmnr,</strong></span> <span class='ocrx_word' id='word_1_258' title='bbox 1893 3667 2112 3724; x_wconf 89' lang='lat' dir='ltr'><strong>omnino</strong></span> 
     </span>
    </p>
   </div>
   <div class='ocr_carea' id='block_1_39' title="bbox 529 3752 2110 3828">
    <p class='ocr_par' dir='ltr' id='par_1_39' title="bbox 529 3752 2110 3828">
     <span class='ocr_line' id='line_1_39' title="bbox 529 3752 2110 3828; baseline 0.004 -19"><span class='ocrx_word' id='word_1_259' title='bbox 529 3753 860 3810; x_wconf 85' lang='lat' dir='ltr'><strong>contrarium</strong></span> <span class='ocrx_word' id='word_1_260' title='bbox 885 3766 985 3823; x_wconf 86' lang='lat' dir='ltr'><strong>est,</strong></span> <span class='ocrx_word' id='word_1_261' title='bbox 1018 3763 1078 3810; x_wconf 89' lang='lat' dir='ltr'><strong>ut</strong></span> <span class='ocrx_word' id='word_1_262' title='bbox 1097 3755 1150 3810; x_wconf 90' lang='lat' dir='ltr'><strong>in</strong></span> <span class='ocrx_word' id='word_1_263' title='bbox 1171 3752 1346 3811; x_wconf 90' lang='lat' dir='ltr'><strong>medio</strong></span> <span class='ocrx_word' id='word_1_264' title='bbox 1377 3770 1512 3826; x_wconf 89' lang='lat' dir='ltr'><strong>pene</strong></span> <span class='ocrx_word' id='word_1_265' title='bbox 1540 3770 1701 3828; x_wconf 91' lang='lat' dir='ltr'><strong>opere</strong></span> <span class='ocrx_word' id='word_1_266' title='bbox 1725 3756 2000 3828; x_wconf 75' lang='lat' dir='ltr'><strong>pr0plieta:</strong></span> <span class='ocrx_word' id='word_1_267' title='bbox 2030 3759 2110 3815; x_wconf 86' lang='lat' dir='ltr'><strong>di-</strong></span> 
     </span>
    </p>
   </div>
   <div class='ocr_carea' id='block_1_40' title="bbox 528 3847 2110 3920">
    <p class='ocr_par' dir='ltr' id='par_1_40' title="bbox 528 3847 2110 3920">
     <span class='ocr_line' id='line_1_40' title="bbox 528 3847 2110 3920; baseline 0.003 -16"><span class='ocrx_word' id='word_1_268' title='bbox 528 3857 616 3904; x_wconf 85' lang='lat' dir='ltr'><strong>cat</strong></span> <span class='ocrx_word' id='word_1_269' title='bbox 651 3848 914 3914; x_wconf 83' lang='lat' dir='ltr'><strong>praeconia</strong></span> <span class='ocrx_word' id='word_1_270' title='bbox 942 3847 1224 3904; x_wconf 83' lang='lat' dir='ltr'><strong>defecisse.</strong></span> <span class='ocrx_word' id='word_1_271' title='bbox 1271 3847 1376 3906; x_wconf 89' lang='lat' dir='ltr'><strong>Sed</strong></span> <span class='ocrx_word' id='word_1_272' title='bbox 1420 3862 1634 3906; x_wconf 86' lang='lat' dir='ltr'><strong>causam</strong></span> <span class='ocrx_word' id='word_1_273' title='bbox 1681 3849 1837 3920; x_wconf 83' lang='lat' dir='ltr'><strong>hujus</strong></span> <span class='ocrx_word' id='word_1_274' title='bbox 1874 3849 2001 3907; x_wconf 87' lang='lat' dir='ltr'><strong>dicti</strong></span> <span class='ocrx_word' id='word_1_275' title='bbox 2042 3853 2110 3908; x_wconf 90' lang='lat' dir='ltr'><strong>ab</strong></span> 
     </span>
    </p>
   </div>
   <div class='ocr_carea' id='block_1_41' title="bbox 519 3939 2110 4022">
    <p class='ocr_par' dir='ltr' id='par_1_41' title="bbox 519 3939 2110 4022">
     <span class='ocr_line' id='line_1_41' title="bbox 519 3939 2110 4022; baseline 0.003 -25"><span class='ocrx_word' id='word_1_276' title='bbox 519 3941 738 4012; x_wconf 84' lang='lat' dir='ltr'><strong>origine</strong></span> <span class='ocrx_word' id='word_1_277' title='bbox 783 3941 1170 4022; x_wconf 85' lang='lat' dir='ltr'><strong>perquiramus.</strong></span> <span class='ocrx_word' id='word_1_278' title='bbox 1216 3939 1347 3997; x_wconf 88' lang='lat' dir='ltr'><strong>Cum</strong></span> <span class='ocrx_word' id='word_1_279' title='bbox 1396 3941 1719 3998; x_wconf 88' lang='lat' dir='ltr'><strong>lsraeliticus</strong></span> <span class='ocrx_word' id='word_1_280' title='bbox 1765 3945 1992 4016; x_wconf 89' lang='lat' dir='ltr'><strong>populus</strong></span> <span class='ocrx_word' id='word_1_281' title='bbox 2042 3944 2110 4001; x_wconf 91' lang='lat' dir='ltr'><strong>de</strong></span> 
     </span>
    </p>
   </div>
   <div class='ocr_carea' id='block_1_42' title="bbox 529 4031 2110 4107">
    <p class='ocr_par' dir='ltr' id='par_1_42' title="bbox 529 4031 2110 4107">
     <span class='ocr_line' id='line_1_42' title="bbox 529 4031 2110 4107; baseline 0.004 -21"><span class='ocrx_word' id='word_1_282' title='bbox 529 4038 672 4087; x_wconf 88' lang='lat' dir='ltr'><strong>terra</strong></span> <span class='ocrx_word' id='word_1_283' title='bbox 700 4031 915 4104; x_wconf 67' lang='lat' dir='ltr'><strong>Egypti</strong></span> <span class='ocrx_word' id='word_1_284' title='bbox 945 4047 1043 4103; x_wconf 88' lang='lat' dir='ltr'><strong>per</strong></span> <span class='ocrx_word' id='word_1_285' title='bbox 1071 4032 1324 4088; x_wconf 89' lang='lat' dir='ltr'><strong>miracula</strong></span> <span class='ocrx_word' id='word_1_286' title='bbox 1356 4032 1604 4089; x_wconf 86' lang='lat' dir='ltr'><strong>humanis</strong></span> <span class='ocrx_word' id='word_1_287' title='bbox 1643 4034 1810 4090; x_wconf 87' lang='lat' dir='ltr'><strong>oculis</strong></span> <span class='ocrx_word' id='word_1_288' title='bbox 1852 4050 2110 4107; x_wconf 76' lang='lat' dir='ltr'><strong>apparen—</strong></span> 
     </span>
    </p>
   </div>
   <div class='ocr_carea' id='block_1_43' title="bbox 525 4124 2108 4199">
    <p class='ocr_par' dir='ltr' id='par_1_43' title="bbox 525 4124 2108 4199">
     <span class='ocr_line' id='line_1_43' title="bbox 525 4124 2108 4199; baseline 0.003 -18"><span class='ocrx_word' id='word_1_289' title='bbox 525 4124 602 4181; x_wconf 88' lang='lat' dir='ltr'><strong>tia</strong></span> <span class='ocrx_word' id='word_1_290' title='bbox 633 4124 969 4192; x_wconf 86' lang='lat' dir='ltr'><strong>liberaretur,</strong></span> <span class='ocrx_word' id='word_1_291' title='bbox 998 4139 1096 4196; x_wconf 92' lang='lat' dir='ltr'><strong>pro</strong></span> <span class='ocrx_word' id='word_1_292' title='bbox 1125 4125 1336 4182; x_wconf 85' lang='lat' dir='ltr'><strong>collatis</strong></span> <span class='ocrx_word' id='word_1_293' title='bbox 1358 4125 1635 4183; x_wconf 85' lang='lat' dir='ltr'><strong>beneﬁciis</strong></span> <span class='ocrx_word' id='word_1_294' title='bbox 1655 4127 1768 4184; x_wconf 90' lang='lat' dir='ltr'><strong>Deo</strong></span> <span class='ocrx_word' id='word_1_295' title='bbox 1796 4129 1983 4184; x_wconf 90' lang='lat' dir='ltr'><strong>laudes</strong></span> <span class='ocrx_word' id='word_1_296' title='bbox 2013 4143 2108 4199; x_wconf 89' lang='lat' dir='ltr'><strong>per</strong></span> 
     </span>
    </p>
   </div>
   <div class='ocr_carea' id='block_1_44' title="bbox 527 4215 2103 4288">
    <p class='ocr_par' dir='ltr' id='par_1_44' title="bbox 527 4215 2103 4288">
     <span class='ocr_line' id='line_1_44' title="bbox 527 4215 2103 4288; baseline 0.003 -15"><span class='ocrx_word' id='word_1_297' title='bbox 527 4218 790 4274; x_wconf 83' lang='lat' dir='ltr'><strong>sacrificia</strong></span> <span class='ocrx_word' id='word_1_298' title='bbox 831 4218 1124 4288; x_wconf 89' lang='lat' dir='ltr'><strong>pecudum,</strong></span> <span class='ocrx_word' id='word_1_299' title='bbox 1170 4229 1224 4276; x_wconf 89' lang='lat' dir='ltr'><strong>et</strong></span> <span class='ocrx_word' id='word_1_300' title='bbox 1264 4215 1736 4277; x_wconf 86' lang='lat' dir='ltr'><strong>instrumentorum</strong></span> <span class='ocrx_word' id='word_1_301' title='bbox 1780 4221 2103 4278; x_wconf 87' lang='lat' dir='ltr'><strong>musicorum</strong></span> 
     </span>
    </p>
   </div>
   <div class='ocr_carea' id='block_1_45' title="bbox 527 4308 2104 4382">
    <p class='ocr_par' dir='ltr' id='par_1_45' title="bbox 527 4308 2104 4382">
     <span class='ocr_line' id='line_1_45' title="bbox 527 4308 2104 4382; baseline 0.003 -18"><span class='ocrx_word' id='word_1_302' title='bbox 527 4308 912 4364; x_wconf 85' lang='lat' dir='ltr'><strong>consonatione</strong></span> <span class='ocrx_word' id='word_1_303' title='bbox 959 4309 1246 4376; x_wconf 88' lang='lat' dir='ltr'><strong>reddebat;</strong></span> <span class='ocrx_word' id='word_1_304' title='bbox 1288 4325 1407 4380; x_wconf 77' lang='lat' dir='ltr'><strong>qua:</strong></span> <span class='ocrx_word' id='word_1_305' title='bbox 1447 4311 1500 4366; x_wconf 92' lang='lat' dir='ltr'><strong>in</strong></span> <span class='ocrx_word' id='word_1_306' title='bbox 1543 4312 1764 4382; x_wconf 88' lang='lat' dir='ltr'><strong>ﬁguram</strong></span> <span class='ocrx_word' id='word_1_307' title='bbox 1803 4314 1940 4367; x_wconf 86' lang='lat' dir='ltr'><strong>facta</strong></span> <span class='ocrx_word' id='word_1_308' title='bbox 1981 4322 2104 4369; x_wconf 89' lang='lat' dir='ltr'><strong>sunt</strong></span> 
     </span>
    </p>
   </div>
   <div class='ocr_carea' id='block_1_46' title="bbox 526 4400 2107 4476">
    <p class='ocr_par' dir='ltr' id='par_1_46' title="bbox 526 4400 2107 4476">
     <span class='ocr_line' id='line_1_46' title="bbox 526 4400 2107 4476; baseline 0.003 -18"><span class='ocrx_word' id='word_1_309' title='bbox 526 4414 698 4472; x_wconf 89' lang='lat' dir='ltr'><strong>usque</strong></span> <span class='ocrx_word' id='word_1_310' title='bbox 719 4400 784 4456; x_wconf 91' lang='lat' dir='ltr'><strong>ad</strong></span> <span class='ocrx_word' id='word_1_311' title='bbox 819 4401 1200 4469; x_wconf 88' lang='lat' dir='ltr'><strong>plenitudinem</strong></span> <span class='ocrx_word' id='word_1_312' title='bbox 1232 4405 1490 4472; x_wconf 89' lang='lat' dir='ltr'><strong>temporis</strong></span> <span class='ocrx_word' id='word_1_313' title='bbox 1515 4421 1622 4476; x_wconf 86' lang='lat' dir='ltr'><strong>quo</strong></span> <span class='ocrx_word' id='word_1_314' title='bbox 1648 4404 1895 4462; x_wconf 76' lang='lat' dir='ltr'><strong>Christus</strong></span> <span class='ocrx_word' id='word_1_315' title='bbox 1923 4406 2107 4463; x_wconf 90' lang='lat' dir='ltr'><strong>Domi-</strong></span> 
     </span>
    </p>
   </div>
   <div class='ocr_carea' id='block_1_47' title="bbox 525 4495 2103 4572">
    <p class='ocr_par' dir='ltr' id='par_1_47' title="bbox 525 4495 2103 4572">
     <span class='ocr_line' id='line_1_47' title="bbox 525 4495 2103 4572; baseline 0.003 -20"><span class='ocrx_word' id='word_1_316' title='bbox 525 4510 626 4552; x_wconf 87' lang='lat' dir='ltr'><strong>nus</strong></span> <span class='ocrx_word' id='word_1_317' title='bbox 655 4495 951 4551; x_wconf 88' lang='lat' dir='ltr'><strong>adveniret.</strong></span> <span class='ocrx_word' id='word_1_318' title='bbox 978 4495 1095 4550; x_wconf 77' lang='lat' dir='ltr'><strong>lstre</strong></span> <span class='ocrx_word' id='word_1_319' title='bbox 1117 4509 1245 4566; x_wconf 87' lang='lat' dir='ltr'><strong>ergo</strong></span> <span class='ocrx_word' id='word_1_320' title='bbox 1275 4496 1458 4552; x_wconf 86' lang='lat' dir='ltr'><strong>laudes</strong></span> <span class='ocrx_word' id='word_1_321' title='bbox 1487 4499 1826 4569; x_wconf 89' lang='lat' dir='ltr'><strong>temporales,</strong></span> <span class='ocrx_word' id='word_1_322' title='bbox 1857 4515 1975 4572; x_wconf 71' lang='lat' dir='ltr'><strong>quae</strong></span> <span class='ocrx_word' id='word_1_323' title='bbox 2007 4516 2103 4572; x_wconf 90' lang='lat' dir='ltr'><strong>pro</strong></span> 
     </span>
    </p>
   </div>
   <div class='ocr_carea' id='block_1_48' title="bbox 524 4588 2097 4665">
    <p class='ocr_par' dir='ltr' id='par_1_48' title="bbox 524 4588 2097 4665">
     <span class='ocr_line' id='line_1_48' title="bbox 524 4588 2097 4665; baseline 0.004 -19"><span class='ocrx_word' id='word_1_324' title='bbox 524 4588 716 4646; x_wconf 89' lang='lat' dir='ltr'><strong>divinis</strong></span> <span class='ocrx_word' id='word_1_325' title='bbox 744 4588 1018 4646; x_wconf 82' lang='lat' dir='ltr'><strong>beneficiis</strong></span> <span class='ocrx_word' id='word_1_326' title='bbox 1047 4589 1438 4660; x_wconf 85' lang='lat' dir='ltr'><strong>reddebantur,</strong></span> <span class='ocrx_word' id='word_1_327' title='bbox 1465 4593 1756 4665; x_wconf 79' lang='lat' dir='ltr'><strong>defecerunt</strong></span> <span class='ocrx_word' id='word_1_328' title='bbox 1782 4601 1940 4665; x_wconf 86' lang='lat' dir='ltr'><strong>atque</strong></span> <span class='ocrx_word' id='word_1_329' title='bbox 1977 4610 2097 4651; x_wconf 88' lang='lat' dir='ltr'><strong>mu-</strong></span> 
     </span>
    </p>
   </div>
   <div class='ocr_carea' id='block_1_49' title="bbox 523 4681 2100 4754">
    <p class='ocr_par' dir='ltr' id='par_1_49' title="bbox 523 4681 2100 4754">
     <span class='ocr_line' id='line_1_49' title="bbox 523 4681 2100 4754; baseline 0.003 -14"><span class='ocrx_word' id='word_1_330' title='bbox 523 4691 650 4740; x_wconf 62' lang='lat' dir='ltr'><strong>tatae</strong></span> <span class='ocrx_word' id='word_1_331' title='bbox 677 4692 835 4749; x_wconf 88' lang='lat' dir='ltr'><strong>sunt,</strong></span> <span class='ocrx_word' id='word_1_332' title='bbox 882 4681 1008 4754; x_wconf 85' lang='lat' dir='ltr'><strong>quia</strong></span> <span class='ocrx_word' id='word_1_333' title='bbox 1036 4697 1177 4738; x_wconf 92' lang='lat' dir='ltr'><strong>nunc</strong></span> <span class='ocrx_word' id='word_1_334' title='bbox 1209 4682 1445 4738; x_wconf 74' lang='lat' dir='ltr'><strong>Ecclesia</strong></span> <span class='ocrx_word' id='word_1_335' title='bbox 1481 4683 1735 4742; x_wconf 85' lang='lat' dir='ltr'><strong>catholica</strong></span> <span class='ocrx_word' id='word_1_336' title='bbox 1777 4687 2100 4744; x_wconf 86' lang='lat' dir='ltr'><strong>immolatio-</strong></span> 
     </span>
    </p>
   </div>
   <div class='ocr_carea' id='block_1_50' title="bbox 522 4774 2102 4850">
    <p class='ocr_par' dir='ltr' id='par_1_50' title="bbox 522 4774 2102 4850">
     <span class='ocr_line' id='line_1_50' title="bbox 522 4774 2102 4850; baseline 0 -16"><span class='ocrx_word' id='word_1_337' title='bbox 522 4791 645 4834; x_wconf 89' lang='lat' dir='ltr'><strong>nem</strong></span> <span class='ocrx_word' id='word_1_338' title='bbox 670 4775 916 4846; x_wconf 89' lang='lat' dir='ltr'><strong>corporis</strong></span> <span class='ocrx_word' id='word_1_339' title='bbox 941 4783 998 4830; x_wconf 90' lang='lat' dir='ltr'><strong>et</strong></span> <span class='ocrx_word' id='word_1_340' title='bbox 1025 4775 1299 4845; x_wconf 74' lang='lat' dir='ltr'><strong>sanguinis</strong></span> <span class='ocrx_word' id='word_1_341' title='bbox 1319 4774 1540 4840; x_wconf 85' lang='lat' dir='ltr'><strong>Christi,</strong></span> <span class='ocrx_word' id='word_1_342' title='bbox 1561 4783 1615 4831; x_wconf 91' lang='lat' dir='ltr'><strong>et</strong></span> <span class='ocrx_word' id='word_1_343' title='bbox 1634 4784 1873 4833; x_wconf 90' lang='lat' dir='ltr'><strong>sanctam</strong></span> <span class='ocrx_word' id='word_1_344' title='bbox 1894 4779 2102 4850; x_wconf 83' lang='lat' dir='ltr'><strong>peragit</strong></span> 
     </span>
    </p>
   </div>
   <div class='ocr_carea' id='block_1_51' title="bbox 505 4867 2099 4944">
    <p class='ocr_par' dir='ltr' id='par_1_51' title="bbox 505 4867 2099 4944">
     <span class='ocr_line' id='line_1_51' title="bbox 505 4867 2099 4944; baseline 0.003 -19"><span class='ocrx_word' id='word_1_345' title='bbox 505 4869 892 4942; x_wconf 72' lang='lat' dir='ltr'><strong>psalmodiam.</strong></span> <span class='ocrx_word' id='word_1_346' title='bbox 924 4867 1197 4940; x_wconf 86' lang='lat' dir='ltr'><strong>Sequitur,</strong></span> <span class='ocrx_word' id='word_1_347' title='bbox 1227 4868 1456 4938; x_wconf 77' lang='lat' dir='ltr'><strong>psalmus</strong></span> <span class='ocrx_word' id='word_1_348' title='bbox 1486 4869 1682 4939; x_wconf 78' lang='lat' dir='ltr'><strong>Asaplt.</strong></span> <span class='ocrx_word' id='word_1_349' title='bbox 1726 4869 1901 4942; x_wconf 70' lang='grc' dir='ltr'><strong>Λεαρή</strong></span> <span class='ocrx_word' id='word_1_350' title='bbox 1927 4873 2099 4944; x_wconf 86' lang='lat' dir='ltr'><strong>signi-</strong></span> 
     </span>
    </p>
   </div>
   <div class='ocr_carea' id='block_1_52' title="bbox 509 4957 2098 5032">
    <p class='ocr_par' dir='ltr' id='par_1_52' title="bbox 509 4957 2098 5032">
     <span class='ocr_line' id='line_1_52' title="bbox 509 4957 2098 5032; baseline 0.004 -18"><span class='ocrx_word' id='word_1_351' title='bbox 509 4959 686 5014; x_wconf 58' lang='lat' dir='ltr'><strong>‘tlcare</strong></span> <span class='ocrx_word' id='word_1_352' title='bbox 721 4959 1057 5031; x_wconf 83' lang='lat' dir='ltr'><strong>Synagogam</strong></span> <span class='ocrx_word' id='word_1_353' title='bbox 1091 4957 1316 5015; x_wconf 63' lang='lat' dir='ltr'><strong>Hebraea</strong></span> <span class='ocrx_word' id='word_1_354' title='bbox 1361 4958 1540 5030; x_wconf 88' lang='lat' dir='ltr'><strong>lingua</strong></span> <span class='ocrx_word' id='word_1_355' title='bbox 1572 4969 1815 5026; x_wconf 88' lang='lat' dir='ltr'><strong>testatur,</strong></span> <span class='ocrx_word' id='word_1_356' title='bbox 1839 4977 1961 5032; x_wconf 65' lang='lat' dir='ltr'><strong>quae</strong></span> <span class='ocrx_word' id='word_1_357' title='bbox 1989 4964 2098 5020; x_wconf 77' lang='lat' dir='ltr'><strong>Do-</strong></span> 
     </span>
    </p>
   </div>
   <div class='ocr_carea' id='block_1_53' title="bbox 467 5051 2096 5126">
    <p class='ocr_par' dir='ltr' id='par_1_53' title="bbox 467 5051 2096 5126">
     <span class='ocr_line' id='line_1_53' title="bbox 467 5051 2096 5126; baseline 0.004 -18"><span class='ocrx_word' id='word_1_358' title='bbox 467 5055 470 5058; x_wconf 81' lang='grc'><strong>’</strong></span> <span class='ocrx_word' id='word_1_359' title='bbox 519 5051 725 5108; x_wconf 89' lang='lat' dir='ltr'><strong>minum</strong></span> <span class='ocrx_word' id='word_1_360' title='bbox 751 5051 964 5122; x_wconf 85' lang='lat' dir='ltr'><strong>quidem</strong></span> <span class='ocrx_word' id='word_1_361' title='bbox 1003 5052 1248 5120; x_wconf 89' lang='lat' dir='ltr'><strong>colebat;</strong></span> <span class='ocrx_word' id='word_1_362' title='bbox 1275 5052 1375 5109; x_wconf 86' lang='lat' dir='ltr'><strong>sed</strong></span> <span class='ocrx_word' id='word_1_363' title='bbox 1417 5053 1644 5110; x_wconf 81' lang='lat' dir='ltr'><strong>videndo</strong></span> <span class='ocrx_word' id='word_1_364' title='bbox 1679 5054 1873 5112; x_wconf 81' lang='lat' dir='ltr'><strong>florere</strong></span> <span class='ocrx_word' id='word_1_365' title='bbox 1903 5057 2096 5126; x_wconf 88' lang='lat' dir='ltr'><strong>malos,</strong></span> 
     </span>
    </p>
   </div>
   <div class='ocr_carea' id='block_1_54' title="bbox 509 5139 2097 5218">
    <p class='ocr_par' dir='ltr' id='par_1_54' title="bbox 509 5139 2097 5218">
     <span class='ocr_line' id='line_1_54' title="bbox 509 5139 2097 5218; baseline 0.006 -21"><span class='ocrx_word' id='word_1_366' title='bbox 509 5139 573 5198; x_wconf 85' lang='lat' dir='ltr'><strong>in</strong></span> <span class='ocrx_word' id='word_1_367' title='bbox 597 5141 864 5211; x_wconf 77' lang='lat' dir='ltr'><strong>pessimae</strong></span> <span class='ocrx_word' id='word_1_368' title='bbox 887 5143 1236 5212; x_wconf 72' lang='lat' dir='ltr'><strong>cogitationes</strong></span> <span class='ocrx_word' id='word_1_369' title='bbox 1267 5144 1563 5214; x_wconf 86' lang='lat' dir='ltr'><strong>inciderat;</strong></span> <span class='ocrx_word' id='word_1_370' title='bbox 1589 5161 1656 5203; x_wconf 84' lang='lat' dir='ltr'><strong>ex</strong></span> <span class='ocrx_word' id='word_1_371' title='bbox 1681 5147 1838 5218; x_wconf 88' lang='lat' dir='ltr'><strong>cujus</strong></span> <span class='ocrx_word' id='word_1_372' title='bbox 1869 5161 2097 5218; x_wconf 83' lang='lat' dir='ltr'><strong>persona</strong></span> 
     </span>
    </p>
   </div>
   <div class='ocr_carea' id='block_1_55' title="bbox 505 5233 2098 5311">
    <p class='ocr_par' dir='ltr' id='par_1_55' title="bbox 505 5233 2098 5311">
     <span class='ocr_line' id='line_1_55' title="bbox 505 5233 2098 5311; baseline 0.004 -18"><span class='ocrx_word' id='word_1_373' title='bbox 505 5233 701 5293; x_wconf 73' lang='lat' dir='ltr'><strong>‘in&#39;boc</strong></span> <span class='ocrx_word' id='word_1_374' title='bbox 719 5234 929 5304; x_wconf 81' lang='lat' dir='ltr'><strong>psalmo</strong></span> <span class='ocrx_word' id='word_1_375' title='bbox 955 5235 1067 5305; x_wconf 85' lang='lat' dir='ltr'><strong>ipse</strong></span> <span class='ocrx_word' id='word_1_376' title='bbox 1093 5235 1269 5306; x_wconf 72' lang='grc' dir='ltr'><strong>Λεαρή</strong></span> <span class='ocrx_word' id='word_1_377' title='bbox 1295 5236 1552 5309; x_wconf 85' lang='lat' dir='ltr'><strong>loquitur,</strong></span> <span class='ocrx_word' id='word_1_378' title='bbox 1575 5241 1666 5311; x_wconf 86' lang='lat' dir='ltr'><strong>qui</strong></span> <span class='ocrx_word' id='word_1_379' title='bbox 1688 5241 1741 5297; x_wconf 93' lang='lat' dir='ltr'><strong>in</strong></span> <span class='ocrx_word' id='word_1_380' title='bbox 1761 5255 1861 5298; x_wconf 87' lang='lat' dir='ltr'><strong>suo</strong></span> <span class='ocrx_word' id='word_1_381' title='bbox 1878 5243 2098 5300; x_wconf 90' lang='lat' dir='ltr'><strong>nomine</strong></span> 
     </span>
    </p>
   </div>
   <div class='ocr_carea' id='block_1_56' title="bbox 507 5322 2096 5403">
    <p class='ocr_par' dir='ltr' id='par_1_56' title="bbox 507 5322 2096 5403">
     <span class='ocr_line' id='line_1_56' title="bbox 507 5322 2096 5403; baseline 0.004 -21"><span class='ocrx_word' id='word_1_382' title='bbox 507 5322 1064 5396; x_wconf 67' lang='lat' dir='ltr'><strong>‘Synagogmcontinet</strong></span> <span class='ocrx_word' id='word_1_383' title='bbox 1083 5325 1550 5397; x_wconf 85' lang='lat' dir='ltr'><strong>signiﬁcationem.</strong></span> <span class='ocrx_word' id='word_1_384' title='bbox 1567 5331 1642 5386; x_wconf 90' lang='lat' dir='ltr'><strong>De</strong></span> <span class='ocrx_word' id='word_1_385' title='bbox 1652 5332 1939 5403; x_wconf 73' lang='lat' dir='ltr'><strong>gentilibus</strong></span> <span class='ocrx_word' id='word_1_386' title='bbox 1949 5332 2096 5390; x_wconf 88' lang='lat' dir='ltr'><strong>enim</strong></span> 
     </span>
    </p>
   </div>
   <div class='ocr_carea' id='block_1_57' title="bbox 505 5415 2093 5496">
    <p class='ocr_par' dir='ltr' id='par_1_57' title="bbox 505 5415 2093 5496">
     <span class='ocr_line' id='line_1_57' title="bbox 505 5415 2093 5496; baseline 0.008 -26"><span class='ocrx_word' id='word_1_387' title='bbox 505 5415 752 5488; x_wconf 69' lang='lat' dir='ltr'><strong>populis,</strong></span> <span class='ocrx_word' id='word_1_388' title='bbox 800 5415 948 5472; x_wconf 87' lang='lat' dir='ltr'><strong>etde</strong></span> <span class='ocrx_word' id='word_1_389' title='bbox 991 5415 1076 5473; x_wconf 86' lang='lat' dir='ltr'><strong>his</strong></span> <span class='ocrx_word' id='word_1_390' title='bbox 1120 5419 1210 5488; x_wconf 90' lang='lat' dir='ltr'><strong>qui</strong></span> <span class='ocrx_word' id='word_1_391' title='bbox 1256 5419 1426 5491; x_wconf 88' lang='lat' dir='ltr'><strong>legem</strong></span> <span class='ocrx_word' id='word_1_392' title='bbox 1455 5423 1676 5480; x_wconf 76' lang='lat' dir='ltr'><strong>Domini</strong></span> <span class='ocrx_word' id='word_1_393' title='bbox 1717 5435 2093 5496; x_wconf 85' lang='lat' dir='ltr'><strong>susceperunt,</strong></span> 
     </span>
    </p>
   </div>
   <div class='ocr_carea' id='block_1_58' title="bbox 497 5507 2094 5580">
    <p class='ocr_par' dir='ltr' id='par_1_58' title="bbox 497 5507 2094 5580">
     <span class='ocr_line' id='line_1_58' title="bbox 497 5507 2094 5580; baseline 0.01 -20"><span class='ocrx_word' id='word_1_394' title='bbox 497 5509 678 5565; x_wconf 69' lang='lat' dir='ltr'><strong>imulta</strong></span> <span class='ocrx_word' id='word_1_395' title='bbox 708 5507 947 5565; x_wconf 87' lang='lat' dir='ltr'><strong>dicturus</strong></span> <span class='ocrx_word' id='word_1_396' title='bbox 973 5514 1088 5575; x_wconf 85' lang='lat' dir='ltr'><strong>est,</strong></span> <span class='ocrx_word' id='word_1_397' title='bbox 1118 5523 1240 5580; x_wconf 68' lang='lat' dir='ltr'><strong>qum</strong></span> <span class='ocrx_word' id='word_1_398' title='bbox 1273 5512 1346 5567; x_wconf 88' lang='lat' dir='ltr'><strong>ad</strong></span> <span class='ocrx_word' id='word_1_399' title='bbox 1383 5516 1812 5575; x_wconf 85' lang='lat' dir='ltr'><strong>emendationem</strong></span> <span class='ocrx_word' id='word_1_400' title='bbox 1853 5527 2094 5575; x_wconf 86' lang='lat' dir='ltr'><strong>nostram</strong></span> 
     </span>
    </p>
   </div>
   <div class='ocr_carea' id='block_1_59' title="bbox 495 5599 2091 5682">
    <p class='ocr_par' dir='ltr' id='par_1_59' title="bbox 495 5599 2091 5682">
     <span class='ocr_line' id='line_1_59' title="bbox 495 5599 2091 5682; baseline 0.008 -24"><span class='ocrx_word' id='word_1_401' title='bbox 495 5599 718 5659; x_wconf 59' lang='lat' dir='ltr'><strong>iutiliter</strong></span> <span class='ocrx_word' id='word_1_402' title='bbox 729 5601 1002 5670; x_wconf 80' lang='lat' dir='ltr'><strong>dicuntur,</strong></span> <span class='ocrx_word' id='word_1_403' title='bbox 1019 5616 1094 5659; x_wconf 88' lang='lat' dir='ltr'><strong>ne</strong></span> <span class='ocrx_word' id='word_1_404' title='bbox 1106 5601 1302 5660; x_wconf 87' lang='lat' dir='ltr'><strong>talibus</strong></span> <span class='ocrx_word' id='word_1_405' title='bbox 1323 5605 1737 5678; x_wconf 83' lang='lat' dir='ltr'><strong>cogitationibus</strong></span> <span class='ocrx_word' id='word_1_406' title='bbox 1765 5610 2091 5682; x_wconf 89' lang='lat' dir='ltr'><strong>poiluamur.</strong></span> 
     </span>
    </p>
   </div>
   <div class='ocr_carea' id='block_1_60' title="bbox 1097 5715 1711 5799">
    <p class='ocr_par' dir='ltr' id='par_1_60' title="bbox 1097 5715 1711 5799">
     <span class='ocr_line' id='line_1_60' title="bbox 1097 5715 1711 5799; baseline 0.013 -29"><span class='ocrx_word' id='word_1_407' title='bbox 1097 5715 1290 5774; x_wconf 79' lang='lat' dir='ltr'><strong>Divisio</strong></span> <span class='ocrx_word' id='word_1_408' title='bbox 1317 5720 1528 5789; x_wconf 77' lang='lat' dir='ltr'><strong>psalmi.</strong></span> <span class='ocrx_word' id='word_1_409' title='bbox 1706 5794 1711 5799; x_wconf 23' lang='grc' dir='ltr'><em>τ</em></span> 
     </span>
    </p>
   </div>
   <div class='ocr_carea' id='block_1_61' title="bbox 581 5825 2087 5912">
    <p class='ocr_par' dir='ltr' id='par_1_61' title="bbox 581 5825 2087 5912">
     <span class='ocr_line' id='line_1_61' title="bbox 581 5825 2087 5912; baseline 0.01 -26"><span class='ocrx_word' id='word_1_410' title='bbox 581 5825 1002 5900; x_wconf 74' lang='lat' dir='ltr'><strong>Sicutilisitnus,</strong></span> <span class='ocrx_word' id='word_1_411' title='bbox 1030 5825 1202 5901; x_wconf 72' lang='lat' dir='ltr'><strong>Amph</strong></span> <span class='ocrx_word' id='word_1_412' title='bbox 1231 5845 1298 5889; x_wconf 78' lang='lat' dir='ltr'><strong>ex</strong></span> <span class='ocrx_word' id='word_1_413' title='bbox 1324 5841 1448 5905; x_wconf 83' lang='lat' dir='ltr'><strong>typo</strong></span> <span class='ocrx_word' id='word_1_414' title='bbox 1475 5834 1767 5910; x_wconf 72' lang='lat' dir='ltr'><strong>Synagogat</strong></span> <span class='ocrx_word' id='word_1_415' title='bbox 1789 5853 1888 5912; x_wconf 87' lang='lat' dir='ltr'><strong>per</strong></span> <span class='ocrx_word' id='word_1_416' title='bbox 1921 5848 2087 5904; x_wconf 84' lang='lat' dir='ltr'><strong>totum</strong></span> 
     </span>
    </p>
   </div>
   <div class='ocr_carea' id='block_1_62' title="bbox 2227 567 3801 640">
    <p class='ocr_par' dir='ltr' id='par_1_62' title="bbox 2227 567 3801 640">
     <span class='ocr_line' id='line_1_62' title="bbox 2227 567 3801 640; baseline 0.006 -18"><span class='ocrx_word' id='word_1_417' title='bbox 2227 568 2534 625; x_wconf 87' lang='lat' dir='ltr'><strong>felicitatem</strong></span> <span class='ocrx_word' id='word_1_418' title='bbox 2564 567 2983 640; x_wconf 68' lang='lat' dir='ltr'><strong>mundi,~pacem</strong></span> <span class='ocrx_word' id='word_1_419' title='bbox 3015 577 3276 626; x_wconf 87' lang='lat' dir='ltr'><strong>contuens</strong></span> <span class='ocrx_word' id='word_1_420' title='bbox 3301 582 3651 640; x_wconf 70' lang='lat' dir='ltr'><strong>peccauit-uin</strong></span> <span class='ocrx_word' id='word_1_421' title='bbox 3673 591 3689 630; x_wconf 87' lang='lat'><strong>:</strong></span> <span class='ocrx_word' id='word_1_422' title='bbox 3711 577 3801 632; x_wconf 57' lang='grc' dir='ltr'><strong>θαι</strong></span> 
     </span>
    </p>
   </div>
   <div class='ocr_carea' id='block_1_63' title="bbox 2225 660 3802 734">
    <p class='ocr_par' dir='ltr' id='par_1_63' title="bbox 2225 660 3802 734">
     <span class='ocr_line' id='line_1_63' title="bbox 2225 660 3802 734; baseline 0.006 -19"><span class='ocrx_word' id='word_1_423' title='bbox 2225 660 2427 716; x_wconf 89' lang='lat' dir='ltr'><strong>mirans</strong></span> <span class='ocrx_word' id='word_1_424' title='bbox 2454 677 2550 718; x_wconf 90' lang='lat' dir='ltr'><strong>cur</strong></span> <span class='ocrx_word' id='word_1_425' title='bbox 2581 661 2813 716; x_wconf 90' lang='lat' dir='ltr'><strong>inimicis</strong></span> <span class='ocrx_word' id='word_1_426' title='bbox 2843 661 2934 718; x_wconf 86' lang='lat' dir='ltr'><strong>Dei</strong></span> <span class='ocrx_word' id='word_1_427' title='bbox 2961 670 3018 718; x_wconf 90' lang='lat' dir='ltr'><strong>et</strong></span> <span class='ocrx_word' id='word_1_428' title='bbox 3043 661 3264 734; x_wconf 84' lang='lat' dir='ltr'><strong>paganis</strong></span> <span class='ocrx_word' id='word_1_429' title='bbox 3303 665 3632 734; x_wconf 86' lang='lat' dir='ltr'><strong>prosperitas</strong></span> <span class='ocrx_word' id='word_1_430' title='bbox 3661 675 3802 726; x_wconf 81' lang='lat' dir='ltr'><strong>tanta</strong></span> 
     </span>
    </p>
   </div>
   <div class='ocr_carea' id='block_1_64' title="bbox 2223 754 3804 826">
    <p class='ocr_par' dir='ltr' id='par_1_64' title="bbox 2223 754 3804 826">
     <span class='ocr_line' id='line_1_64' title="bbox 2223 754 3804 826; baseline 0.006 -19"><span class='ocrx_word' id='word_1_431' title='bbox 2223 754 2565 824; x_wconf 87' lang='lat' dir='ltr'><strong>provenerit,</strong></span> <span class='ocrx_word' id='word_1_432' title='bbox 2599 762 2658 809; x_wconf 87' lang='lat' dir='ltr'><strong>ut</strong></span> <span class='ocrx_word' id='word_1_433' title='bbox 2696 768 2759 810; x_wconf 89' lang='lat' dir='ltr'><strong>os</strong></span> <span class='ocrx_word' id='word_1_434' title='bbox 2803 769 2958 810; x_wconf 90' lang='lat' dir='ltr'><strong>suum</strong></span> <span class='ocrx_word' id='word_1_435' title='bbox 2998 769 3166 826; x_wconf 90' lang='lat' dir='ltr'><strong>usque</strong></span> <span class='ocrx_word' id='word_1_436' title='bbox 3201 755 3270 811; x_wconf 85' lang='lat' dir='ltr'><strong>ad</strong></span> <span class='ocrx_word' id='word_1_437' title='bbox 3314 757 3510 812; x_wconf 60' lang='lat' dir='ltr'><strong>coelum</strong></span> <span class='ocrx_word' id='word_1_438' title='bbox 3550 759 3804 819; x_wconf 72' lang='lat' dir='ltr'><strong>extollere</strong></span> 
     </span>
    </p>
   </div>
   <div class='ocr_carea' id='block_1_65' title="bbox 2223 843 3800 921">
    <p class='ocr_par' dir='ltr' id='par_1_65' title="bbox 2223 843 3800 921">
     <span class='ocr_line' id='line_1_65' title="bbox 2223 843 3800 921; baseline 0.006 -23"><span class='ocrx_word' id='word_1_439' title='bbox 2223 843 2551 901; x_wconf 85' lang='lat' dir='ltr'><strong>viderentur.</strong></span> <span class='ocrx_word' id='word_1_440' title='bbox 2583 843 2829 900; x_wconf 82' lang='lat' dir='ltr'><strong>Secunda</strong></span> <span class='ocrx_word' id='word_1_441' title='bbox 2859 855 3008 916; x_wconf 86' lang='lat' dir='ltr'><strong>parte</strong></span> <span class='ocrx_word' id='word_1_442' title='bbox 3034 861 3371 903; x_wconf 88' lang='lat' dir='ltr'><strong>reversurum</strong></span> <span class='ocrx_word' id='word_1_443' title='bbox 3396 847 3527 904; x_wconf 92' lang='lat' dir='ltr'><strong>dicit</strong></span> <span class='ocrx_word' id='word_1_444' title='bbox 3549 851 3800 921; x_wconf 88' lang='lat' dir='ltr'><strong>populum</strong></span> 
     </span>
    </p>
   </div>
   <div class='ocr_carea' id='block_1_66' title="bbox 2219 935 3804 1012">
    <p class='ocr_par' dir='ltr' id='par_1_66' title="bbox 2219 935 3804 1012">
     <span class='ocr_line' id='line_1_66' title="bbox 2219 935 3804 1012; baseline 0.007 -22"><span class='ocrx_word' id='word_1_445' title='bbox 2219 947 2379 991; x_wconf 87' lang='lat' dir='ltr'><strong>suum</strong></span> <span class='ocrx_word' id='word_1_446' title='bbox 2425 937 2491 992; x_wconf 90' lang='lat' dir='ltr'><strong>ad</strong></span> <span class='ocrx_word' id='word_1_447' title='bbox 2530 935 2746 992; x_wconf 82' lang='lat' dir='ltr'><strong>salubre</strong></span> <span class='ocrx_word' id='word_1_448' title='bbox 2779 937 3092 1002; x_wconf 88' lang='lat' dir='ltr'><strong>consilium,</strong></span> <span class='ocrx_word' id='word_1_449' title='bbox 3121 946 3176 993; x_wconf 92' lang='lat' dir='ltr'><strong>et</strong></span> <span class='ocrx_word' id='word_1_450' title='bbox 3203 939 3442 1009; x_wconf 61' lang='lat' dir='ltr'><strong>pristinae</strong></span> <span class='ocrx_word' id='word_1_451' title='bbox 3471 942 3804 1012; x_wconf 83' lang='lat' dir='ltr'><strong>cogitationis</strong></span> 
     </span>
    </p>
   </div>
   <div class='ocr_carea' id='block_1_67' title="bbox 2223 1025 3805 1100">
    <p class='ocr_par' dir='ltr' id='par_1_67' title="bbox 2223 1025 3805 1100">
     <span class='ocr_line' id='line_1_67' title="bbox 2223 1025 3805 1100; baseline 0.004 -19"><span class='ocrx_word' id='word_1_452' title='bbox 2223 1025 2547 1082; x_wconf 87' lang='lat' dir='ltr'><strong>erubescere</strong></span> <span class='ocrx_word' id='word_1_453' title='bbox 2577 1025 2890 1097; x_wconf 84' lang='lat' dir='ltr'><strong>pravitatem</strong></span> <span class='ocrx_word' id='word_1_454' title='bbox 2910 1069 2925 1096; x_wconf 93' lang='lat'><strong>,</strong></span> <span class='ocrx_word' id='word_1_455' title='bbox 2970 1026 3149 1084; x_wconf 91' lang='lat' dir='ltr'><strong>donec</strong></span> <span class='ocrx_word' id='word_1_456' title='bbox 3177 1027 3362 1082; x_wconf 90' lang='lat' dir='ltr'><strong>ultima</strong></span> <span class='ocrx_word' id='word_1_457' title='bbox 3395 1029 3682 1100; x_wconf 87' lang='lat' dir='ltr'><strong>impiorum</strong></span> <span class='ocrx_word' id='word_1_458' title='bbox 3727 1033 3805 1088; x_wconf 81' lang='lat' dir='ltr'><strong>in-</strong></span> 
     </span>
    </p>
   </div>
   <div class='ocr_carea' id='block_1_68' title="bbox 2225 1117 3803 1192">
    <p class='ocr_par' dir='ltr' id='par_1_68' title="bbox 2225 1117 3803 1192">
     <span class='ocr_line' id='line_1_68' title="bbox 2225 1117 3803 1192; baseline 0.004 -20"><span class='ocrx_word' id='word_1_459' title='bbox 2225 1117 2467 1188; x_wconf 83' lang='lat' dir='ltr'><strong>telligere</strong></span> <span class='ocrx_word' id='word_1_460' title='bbox 2505 1125 2664 1188; x_wconf 89' lang='lat' dir='ltr'><strong>atque</strong></span> <span class='ocrx_word' id='word_1_461' title='bbox 2699 1118 3013 1188; x_wconf 87' lang='lat' dir='ltr'><strong>conspicere</strong></span> <span class='ocrx_word' id='word_1_462' title='bbox 3063 1129 3352 1175; x_wconf 87' lang='lat' dir='ltr'><strong>mereatur.</strong></span> <span class='ocrx_word' id='word_1_463' title='bbox 3399 1119 3578 1176; x_wconf 89' lang='lat' dir='ltr'><strong>Tertia</strong></span> <span class='ocrx_word' id='word_1_464' title='bbox 3623 1133 3803 1192; x_wconf 86' lang='lat' dir='ltr'><strong>parte,</strong></span> 
     </span>
    </p>
   </div>
   <div class='ocr_carea' id='block_1_69' title="bbox 2223 1212 3804 1288">
    <p class='ocr_par' dir='ltr' id='par_1_69' title="bbox 2223 1212 3804 1288">
     <span class='ocr_line' id='line_1_69' title="bbox 2223 1212 3804 1288; baseline 0.004 -21"><span class='ocrx_word' id='word_1_465' title='bbox 2223 1221 2451 1284; x_wconf 88' lang='lat' dir='ltr'><strong>propter</strong></span> <span class='ocrx_word' id='word_1_466' title='bbox 2473 1212 2624 1268; x_wconf 90' lang='lat' dir='ltr'><strong>dolos</strong></span> <span class='ocrx_word' id='word_1_467' title='bbox 2655 1226 2782 1268; x_wconf 89' lang='lat' dir='ltr'><strong>suos</strong></span> <span class='ocrx_word' id='word_1_468' title='bbox 2819 1213 2963 1268; x_wconf 87' lang='lat' dir='ltr'><strong>mala</strong></span> <span class='ocrx_word' id='word_1_469' title='bbox 3003 1212 3180 1283; x_wconf 89' lang='lat' dir='ltr'><strong>impiis</strong></span> <span class='ocrx_word' id='word_1_470' title='bbox 3209 1217 3498 1283; x_wconf 85' lang='lat' dir='ltr'><strong>provenire</strong></span> <span class='ocrx_word' id='word_1_471' title='bbox 3543 1223 3804 1288; x_wconf 84' lang='lat' dir='ltr'><strong>testatur,</strong></span> 
     </span>
    </p>
   </div>
   <div class='ocr_carea' id='block_1_70' title="bbox 2221 1303 3807 1375">
    <p class='ocr_par' dir='ltr' id='par_1_70' title="bbox 2221 1303 3807 1375">
     <span class='ocr_line' id='line_1_70' title="bbox 2221 1303 3807 1375; baseline 0.005 -16"><span class='ocrx_word' id='word_1_472' title='bbox 2221 1305 2351 1375; x_wconf 83' lang='lat' dir='ltr'><strong>quia</strong></span> <span class='ocrx_word' id='word_1_473' title='bbox 2382 1315 2595 1362; x_wconf 89' lang='lat' dir='ltr'><strong>sanctos</strong></span> <span class='ocrx_word' id='word_1_474' title='bbox 2639 1306 2784 1361; x_wconf 90' lang='lat' dir='ltr'><strong>viros</strong></span> <span class='ocrx_word' id='word_1_475' title='bbox 2825 1303 3082 1360; x_wconf 88' lang='lat' dir='ltr'><strong>felicitate</strong></span> <span class='ocrx_word' id='word_1_476' title='bbox 3129 1320 3227 1361; x_wconf 88' lang='lat' dir='ltr'><strong>sua</strong></span> <span class='ocrx_word' id='word_1_477' title='bbox 3270 1308 3637 1365; x_wconf 79' lang='lat' dir='ltr'><strong>scandalizare</strong></span> <span class='ocrx_word' id='word_1_478' title='bbox 3664 1311 3807 1368; x_wconf 84' lang='lat' dir='ltr'><strong>vide-</strong></span> 
     </span>
    </p>
   </div>
   <div class='ocr_carea' id='block_1_71' title="bbox 2225 1393 3807 1461">
    <p class='ocr_par' dir='ltr' id='par_1_71' title="bbox 2225 1393 3807 1461">
     <span class='ocr_line' id='line_1_71' title="bbox 2225 1393 3807 1461; baseline 0.005 -11"><span class='ocrx_word' id='word_1_479' title='bbox 2225 1393 2438 1461; x_wconf 87' lang='lat' dir='ltr'><strong>bantur,</strong></span> <span class='ocrx_word' id='word_1_480' title='bbox 2459 1411 2517 1452; x_wconf 88' lang='lat' dir='ltr'><strong>se</strong></span> <span class='ocrx_word' id='word_1_481' title='bbox 2541 1404 2718 1453; x_wconf 88' lang='lat' dir='ltr'><strong>tamen</strong></span> <span class='ocrx_word' id='word_1_482' title='bbox 2743 1395 3002 1452; x_wconf 85' lang='lat' dir='ltr'><strong>beneficio</strong></span> <span class='ocrx_word' id='word_1_483' title='bbox 3021 1395 3230 1451; x_wconf 90' lang='lat' dir='ltr'><strong>Domini</strong></span> <span class='ocrx_word' id='word_1_484' title='bbox 3249 1397 3317 1452; x_wconf 90' lang='lat' dir='ltr'><strong>de</strong></span> <span class='ocrx_word' id='word_1_485' title='bbox 3341 1397 3423 1454; x_wconf 85' lang='lat' dir='ltr'><strong>his</strong></span> <span class='ocrx_word' id='word_1_486' title='bbox 3439 1399 3599 1455; x_wconf 87' lang='lat' dir='ltr'><strong>malis</strong></span> <span class='ocrx_word' id='word_1_487' title='bbox 3617 1403 3807 1458; x_wconf 83' lang='lat' dir='ltr'><strong>asserit</strong></span> 
     </span>
    </p>
   </div>
   <div class='ocr_carea' id='block_1_72' title="bbox 2225 1486 3805 1560">
    <p class='ocr_par' dir='ltr' id='par_1_72' title="bbox 2225 1486 3805 1560">
     <span class='ocr_line' id='line_1_72' title="bbox 2225 1486 3805 1560; baseline 0.004 -18"><span class='ocrx_word' id='word_1_488' title='bbox 2225 1502 2349 1542; x_wconf 88' lang='lat' dir='ltr'><strong>esse</strong></span> <span class='ocrx_word' id='word_1_489' title='bbox 2373 1487 2676 1544; x_wconf 83' lang='lat' dir='ltr'><strong>liberatum.</strong></span> <span class='ocrx_word' id='word_1_490' title='bbox 2706 1487 2904 1554; x_wconf 85' lang='lat' dir='ltr'><strong>Quarta</strong></span> <span class='ocrx_word' id='word_1_491' title='bbox 2928 1486 3076 1555; x_wconf 91' lang='lat' dir='ltr'><strong>dicit,</strong></span> <span class='ocrx_word' id='word_1_492' title='bbox 3115 1487 3386 1557; x_wconf 90' lang='lat' dir='ltr'><strong>quomodo</strong></span> <span class='ocrx_word' id='word_1_493' title='bbox 3421 1489 3486 1544; x_wconf 90' lang='lat' dir='ltr'><strong>ad</strong></span> <span class='ocrx_word' id='word_1_494' title='bbox 3517 1491 3805 1560; x_wconf 76' lang='lat' dir='ltr'><strong>perfectum</strong></span> 
     </span>
    </p>
   </div>
   <div class='ocr_carea' id='block_1_73' title="bbox 2227 1578 3523 1652">
    <p class='ocr_par' dir='ltr' id='par_1_73' title="bbox 2227 1578 3523 1652">
     <span class='ocr_line' id='line_1_73' title="bbox 2227 1578 3523 1652; baseline 0.004 -16"><span class='ocrx_word' id='word_1_495' title='bbox 2227 1578 2585 1652; x_wconf 85' lang='lat' dir='ltr'><strong>intellectum,</strong></span> <span class='ocrx_word' id='word_1_496' title='bbox 2609 1580 2835 1638; x_wconf 89' lang='lat' dir='ltr'><strong>Domino</strong></span> <span class='ocrx_word' id='word_1_497' title='bbox 2861 1580 3172 1650; x_wconf 88' lang='lat' dir='ltr'><strong>miserante,</strong></span> <span class='ocrx_word' id='word_1_498' title='bbox 3199 1584 3523 1652; x_wconf 86' lang='lat' dir='ltr'><strong>pervenerit.</strong></span> 
     </span>
    </p>
   </div>
   <div class='ocr_carea' id='block_1_74' title="bbox 2765 1673 3271 1745">
    <p class='ocr_par' dir='ltr' id='par_1_74' title="bbox 2765 1673 3271 1745">
     <span class='ocr_line' id='line_1_74' title="bbox 2765 1673 3271 1745; baseline 0.01 -19"><span class='ocrx_word' id='word_1_499' title='bbox 2765 1673 3031 1743; x_wconf 68' lang='lat' dir='ltr'><strong>Expositio</strong></span> <span class='ocrx_word' id='word_1_500' title='bbox 3061 1677 3271 1745; x_wconf 79' lang='lat' dir='ltr'><strong>psalmi.</strong></span> 
     </span>
    </p>
   </div>
   <div class='ocr_carea' id='block_1_75' title="bbox 2303 1761 3808 1842">
    <p class='ocr_par' dir='ltr' id='par_1_75' title="bbox 2303 1761 3808 1842">
     <span class='ocr_line' id='line_1_75' title="bbox 2303 1761 3808 1842; baseline 0.011 -26"><span class='ocrx_word' id='word_1_501' title='bbox 2303 1761 2458 1821; x_wconf 81' lang='lat' dir='ltr'><strong>Vers.</strong></span> <span class='ocrx_word' id='word_1_502' title='bbox 2489 1765 2544 1820; x_wconf 76' lang='lat' dir='ltr'><strong>l.</strong></span> <span class='ocrx_word' id='word_1_503' title='bbox 2579 1763 2745 1832; x_wconf 83' lang='lat' dir='ltr'><strong>Quam</strong></span> <span class='ocrx_word' id='word_1_504' title='bbox 2773 1766 2934 1820; x_wconf 83' lang='lat' dir='ltr'><strong>bonus</strong></span> <span class='ocrx_word' id='word_1_505' title='bbox 2963 1765 3131 1824; x_wconf 77' lang='lat' dir='ltr'><strong>Israel</strong></span> <span class='ocrx_word' id='word_1_506' title='bbox 3157 1767 3296 1824; x_wconf 87' lang='lat' dir='ltr'><strong>Deus</strong></span> <span class='ocrx_word' id='word_1_507' title='bbox 3321 1770 3399 1826; x_wconf 82' lang='lat' dir='ltr'><strong>his</strong></span> <span class='ocrx_word' id='word_1_508' title='bbox 3426 1773 3514 1842; x_wconf 82' lang='lat' dir='ltr'><strong>qui</strong></span> <span class='ocrx_word' id='word_1_509' title='bbox 3540 1782 3675 1830; x_wconf 83' lang='lat' dir='ltr'><strong>recte</strong></span> <span class='ocrx_word' id='word_1_510' title='bbox 3695 1787 3808 1832; x_wconf 77' lang='lat' dir='ltr'><strong>sunt</strong></span> 
     </span>
    </p>
   </div>
   <div class='ocr_carea' id='block_1_76' title="bbox 2153 1850 3806 1937">
    <p class='ocr_par' dir='ltr' id='par_1_76' title="bbox 2153 1850 3806 1937">
     <span class='ocr_line' id='line_1_76' title="bbox 2153 1850 3806 1937; baseline 0.008 -26"><span class='ocrx_word' id='word_1_511' title='bbox 2153 1874 2204 1936; x_wconf 75' lang='grc' dir='ltr'><strong>Β</strong></span> <span class='ocrx_word' id='word_1_512' title='bbox 2231 1859 2384 1912; x_wconf 80' lang='lat' dir='ltr'><strong>corde</strong></span> <span class='ocrx_word' id='word_1_513' title='bbox 2406 1857 2540 1932; x_wconf 74' lang='lat' dir='ltr'><strong>[cd.,</strong></span> <span class='ocrx_word' id='word_1_514' title='bbox 2562 1859 2709 1912; x_wconf 80' lang='lat' dir='ltr'><strong>rectis</strong></span> <span class='ocrx_word' id='word_1_515' title='bbox 2739 1858 2931 1931; x_wconf 72' lang='lat' dir='ltr'><strong>corde]!</strong></span> <span class='ocrx_word' id='word_1_516' title='bbox 2957 1850 3285 1919; x_wconf 74' lang='lat' dir='ltr'><strong>llccordatus</strong></span> <span class='ocrx_word' id='word_1_517' title='bbox 3315 1863 3486 1935; x_wconf 68' lang='grc' dir='ltr'><strong>Δαιρή</strong></span> <span class='ocrx_word' id='word_1_518' title='bbox 3507 1907 3521 1932; x_wconf 86' lang='grc'><em>,</em></span> <span class='ocrx_word' id='word_1_519' title='bbox 3559 1871 3806 1937; x_wconf 81' lang='lat' dir='ltr'><strong>quoniam</strong></span> 
     </span>
    </p>
   </div>
   <div class='ocr_carea' id='block_1_77' title="bbox 2225 1950 3804 2030">
    <p class='ocr_par' dir='ltr' id='par_1_77' title="bbox 2225 1950 3804 2030">
     <span class='ocr_line' id='line_1_77' title="bbox 2225 1950 3804 2030; baseline 0.008 -22"><span class='ocrx_word' id='word_1_520' title='bbox 2225 1950 2382 2008; x_wconf 85' lang='lat' dir='ltr'><strong>istius</strong></span> <span class='ocrx_word' id='word_1_521' title='bbox 2405 1954 2585 2009; x_wconf 68' lang='lat' dir='ltr'><strong>saeculi</strong></span> <span class='ocrx_word' id='word_1_522' title='bbox 2607 1953 2853 2010; x_wconf 85' lang='lat' dir='ltr'><strong>felicibus</strong></span> <span class='ocrx_word' id='word_1_523' title='bbox 2882 1956 3180 2025; x_wconf 84' lang='lat' dir='ltr'><strong>invidisset,</strong></span> <span class='ocrx_word' id='word_1_524' title='bbox 3210 1968 3266 2015; x_wconf 92' lang='lat' dir='ltr'><strong>et</strong></span> <span class='ocrx_word' id='word_1_525' title='bbox 3293 1974 3461 2030; x_wconf 84' lang='lat' dir='ltr'><strong>usque</strong></span> <span class='ocrx_word' id='word_1_526' title='bbox 3487 1962 3566 2022; x_wconf 64' lang='lat' dir='ltr'><strong>ad</strong></span> <span class='ocrx_word' id='word_1_527' title='bbox 3588 1963 3804 2020; x_wconf 85' lang='lat' dir='ltr'><strong>nimiam</strong></span> 
     </span>
    </p>
   </div>
   <div class='ocr_carea' id='block_1_78' title="bbox 2229 2043 3808 2124">
    <p class='ocr_par' dir='ltr' id='par_1_78' title="bbox 2229 2043 3808 2124">
     <span class='ocr_line' id='line_1_78' title="bbox 2229 2043 3808 2124; baseline 0.009 -24"><span class='ocrx_word' id='word_1_528' title='bbox 2229 2043 2497 2100; x_wconf 87' lang='lat' dir='ltr'><strong>tristitiam</strong></span> <span class='ocrx_word' id='word_1_529' title='bbox 2525 2043 2651 2102; x_wconf 88' lang='lat' dir='ltr'><strong>inde</strong></span> <span class='ocrx_word' id='word_1_530' title='bbox 2680 2047 2990 2116; x_wconf 78' lang='lat' dir='ltr'><strong>pervenerit</strong></span> <span class='ocrx_word' id='word_1_531' title='bbox 3015 2093 3030 2118; x_wconf 98' lang='lat'><strong>,</strong></span> <span class='ocrx_word' id='word_1_532' title='bbox 3061 2049 3184 2119; x_wconf 89' lang='lat' dir='ltr'><strong>quia</strong></span> <span class='ocrx_word' id='word_1_533' title='bbox 3211 2049 3473 2108; x_wconf 85' lang='lat' dir='ltr'><strong>Dominus</strong></span> <span class='ocrx_word' id='word_1_534' title='bbox 3497 2067 3808 2124; x_wconf 81' lang='lat' dir='ltr'><strong>peccatores</strong></span> 
     </span>
    </p>
   </div>
   <div class='ocr_carea' id='block_1_79' title="bbox 2226 2137 3808 2217">
    <p class='ocr_par' dir='ltr' id='par_1_79' title="bbox 2226 2137 3808 2217">
     <span class='ocr_line' id='line_1_79' title="bbox 2226 2137 3808 2217; baseline 0.006 -21"><span class='ocrx_word' id='word_1_535' title='bbox 2226 2139 2281 2196; x_wconf 89' lang='lat' dir='ltr'><strong>in</strong></span> <span class='ocrx_word' id='word_1_536' title='bbox 2307 2137 2409 2194; x_wconf 87' lang='lat' dir='ltr'><strong>hoc</strong></span> <span class='ocrx_word' id='word_1_537' title='bbox 2435 2140 2637 2198; x_wconf 65' lang='lat' dir='ltr'><strong>saeculo</strong></span> <span class='ocrx_word' id='word_1_538' title='bbox 2660 2141 2858 2198; x_wconf 88' lang='lat' dir='ltr'><strong>ﬂorere</strong></span> <span class='ocrx_word' id='word_1_539' title='bbox 2881 2151 3175 2213; x_wconf 84' lang='lat' dir='ltr'><strong>pateretur,</strong></span> <span class='ocrx_word' id='word_1_540' title='bbox 3207 2161 3268 2202; x_wconf 88' lang='lat' dir='ltr'><strong>se</strong></span> <span class='ocrx_word' id='word_1_541' title='bbox 3294 2146 3409 2217; x_wconf 83' lang='lat' dir='ltr'><strong>ipse</strong></span> <span class='ocrx_word' id='word_1_542' title='bbox 3443 2149 3808 2206; x_wconf 78' lang='lat' dir='ltr'><strong>condemnatis</strong></span> 
     </span>
    </p>
   </div>
   <div class='ocr_carea' id='block_1_80' title="bbox 2225 2232 3805 2308">
    <p class='ocr_par' dir='ltr' id='par_1_80' title="bbox 2225 2232 3805 2308">
     <span class='ocr_line' id='line_1_80' title="bbox 2225 2232 3805 2308; baseline 0.008 -20"><span class='ocrx_word' id='word_1_543' title='bbox 2225 2232 2486 2288; x_wconf 85' lang='lat' dir='ltr'><strong>eructavit</strong></span> <span class='ocrx_word' id='word_1_544' title='bbox 2546 2248 2726 2290; x_wconf 86' lang='lat' dir='ltr'><strong>veram</strong></span> <span class='ocrx_word' id='word_1_545' title='bbox 2789 2249 3120 2307; x_wconf 87' lang='lat' dir='ltr'><strong>suavemque</strong></span> <span class='ocrx_word' id='word_1_546' title='bbox 3167 2239 3522 2308; x_wconf 87' lang='lat' dir='ltr'><strong>sententiam,</strong></span> <span class='ocrx_word' id='word_1_547' title='bbox 3572 2241 3805 2300; x_wconf 88' lang='lat' dir='ltr'><strong>dicens:</strong></span> 
     </span>
    </p>
   </div>
   <div class='ocr_carea' id='block_1_81' title="bbox 2223 2326 3807 2405">
    <p class='ocr_par' dir='ltr' id='par_1_81' title="bbox 2223 2326 3807 2405">
     <span class='ocr_line' id='line_1_81' title="bbox 2223 2326 3807 2405; baseline 0.009 -23"><span class='ocrx_word' id='word_1_548' title='bbox 2223 2326 2426 2384; x_wconf 85' lang='lat' dir='ltr'><strong>Bonum</strong></span> <span class='ocrx_word' id='word_1_549' title='bbox 2457 2343 2577 2385; x_wconf 89' lang='lat' dir='ltr'><strong>esse</strong></span> <span class='ocrx_word' id='word_1_550' title='bbox 2603 2327 2792 2399; x_wconf 82' lang='lat' dir='ltr'><strong>Deum,</strong></span> <span class='ocrx_word' id='word_1_551' title='bbox 2815 2331 2907 2388; x_wconf 86' lang='lat' dir='ltr'><strong>sed</strong></span> <span class='ocrx_word' id='word_1_552' title='bbox 2929 2331 3010 2387; x_wconf 82' lang='lat' dir='ltr'><strong>his</strong></span> <span class='ocrx_word' id='word_1_553' title='bbox 3029 2333 3116 2404; x_wconf 85' lang='lat' dir='ltr'><strong>qui</strong></span> <span class='ocrx_word' id='word_1_554' title='bbox 3140 2345 3276 2390; x_wconf 86' lang='lat' dir='ltr'><strong>recto</strong></span> <span class='ocrx_word' id='word_1_555' title='bbox 3303 2344 3423 2390; x_wconf 85' lang='lat' dir='ltr'><strong>sunt</strong></span> <span class='ocrx_word' id='word_1_556' title='bbox 3449 2337 3626 2405; x_wconf 67' lang='lat' dir='ltr'><strong>corde,</strong></span> <span class='ocrx_word' id='word_1_557' title='bbox 3653 2338 3708 2394; x_wconf 85' lang='lat' dir='ltr'><strong>id</strong></span> <span class='ocrx_word' id='word_1_558' title='bbox 3733 2348 3807 2396; x_wconf 84' lang='lat' dir='ltr'><strong>est</strong></span> 
     </span>
    </p>
   </div>
   <div class='ocr_carea' id='block_1_82' title="bbox 2223 2426 3876 2504">
    <p class='ocr_par' dir='ltr' id='par_1_82' title="bbox 2223 2426 3876 2504">
     <span class='ocr_line' id='line_1_82' title="bbox 2223 2426 3876 2504; baseline 0.01 -25"><span class='ocrx_word' id='word_1_559' title='bbox 2223 2426 2313 2496; x_wconf 90' lang='lat' dir='ltr'><strong>qui</strong></span> <span class='ocrx_word' id='word_1_560' title='bbox 2341 2441 2504 2498; x_wconf 88' lang='lat' dir='ltr'><strong>epera</strong></span> <span class='ocrx_word' id='word_1_561' title='bbox 2549 2427 2668 2497; x_wconf 87' lang='lat' dir='ltr'><strong>ejus</strong></span> <span class='ocrx_word' id='word_1_562' title='bbox 2694 2428 2872 2484; x_wconf 85' lang='lat' dir='ltr'><strong>studio</strong></span> <span class='ocrx_word' id='word_1_563' title='bbox 2912 2430 3128 2498; x_wconf 86' lang='lat' dir='ltr'><strong>pietatis</strong></span> <span class='ocrx_word' id='word_1_564' title='bbox 3156 2429 3482 2504; x_wconf 83' lang='lat' dir='ltr'><strong>intelligunt.</strong></span> <span class='ocrx_word' id='word_1_565' title='bbox 3525 2433 3682 2492; x_wconf 88' lang='lat' dir='ltr'><strong>Unde</strong></span> <span class='ocrx_word' id='word_1_566' title='bbox 3717 2436 3807 2496; x_wconf 83' lang='lat' dir='ltr'><strong>ad-</strong></span> <span class='ocrx_word' id='word_1_567' title='bbox 3867 2442 3876 2448; x_wconf 82' lang='grc'><em>’</em></span> 
     </span>
    </p>
   </div>
   <div class='ocr_carea' id='block_1_83' title="bbox 2224 2518 3802 2596">
    <p class='ocr_par' dir='ltr' id='par_1_83' title="bbox 2224 2518 3802 2596">
     <span class='ocr_line' id='line_1_83' title="bbox 2224 2518 3802 2596; baseline 0.006 -23"><span class='ocrx_word' id='word_1_568' title='bbox 2224 2518 2451 2574; x_wconf 85' lang='lat' dir='ltr'><strong>vertitur</strong></span> <span class='ocrx_word' id='word_1_569' title='bbox 2479 2521 2655 2589; x_wconf 87' lang='lat' dir='ltr'><strong>pravis</strong></span> <span class='ocrx_word' id='word_1_570' title='bbox 2678 2519 3029 2592; x_wconf 88' lang='lat' dir='ltr'><strong>distortisque</strong></span> <span class='ocrx_word' id='word_1_571' title='bbox 3056 2523 3370 2580; x_wconf 82' lang='lat' dir='ltr'><strong>mortalibus</strong></span> <span class='ocrx_word' id='word_1_572' title='bbox 3390 2523 3802 2596; x_wconf 80' lang='lat' dir='ltr'><strong>dispositionem</strong></span> 
     </span>
    </p>
   </div>
   <div class='ocr_carea' id='block_1_84' title="bbox 2227 2608 3804 2686">
    <p class='ocr_par' dir='ltr' id='par_1_84' title="bbox 2227 2608 3804 2686">
     <span class='ocr_line' id='line_1_84' title="bbox 2227 2608 3804 2686; baseline 0.008 -22"><span class='ocrx_word' id='word_1_573' title='bbox 2227 2608 2347 2680; x_wconf 85' lang='lat' dir='ltr'><strong>ejus</strong></span> <span class='ocrx_word' id='word_1_574' title='bbox 2393 2612 2670 2682; x_wconf 86' lang='lat' dir='ltr'><strong>sacrilegis</strong></span> <span class='ocrx_word' id='word_1_575' title='bbox 2716 2613 3130 2683; x_wconf 84' lang='lat' dir='ltr'><strong>cogitationibus</strong></span> <span class='ocrx_word' id='word_1_576' title='bbox 3177 2615 3478 2686; x_wconf 86' lang='lat' dir='ltr'><strong>displicere.</strong></span> <span class='ocrx_word' id='word_1_577' title='bbox 3531 2619 3625 2675; x_wconf 84' lang='lat' dir='ltr'><strong>Sic</strong></span> <span class='ocrx_word' id='word_1_578' title='bbox 3665 2621 3804 2676; x_wconf 80' lang='lat' dir='ltr'><strong>sanis</strong></span> 
     </span>
    </p>
   </div>
   <div class='ocr_carea' id='block_1_85' title="bbox 2222 2701 3804 2778">
    <p class='ocr_par' dir='ltr' id='par_1_85' title="bbox 2222 2701 3804 2778">
     <span class='ocr_line' id='line_1_85' title="bbox 2222 2701 3804 2778; baseline 0.009 -22"><span class='ocrx_word' id='word_1_579' title='bbox 2222 2701 2395 2757; x_wconf 91' lang='lat' dir='ltr'><strong>oculis</strong></span> <span class='ocrx_word' id='word_1_580' title='bbox 2441 2704 2818 2761; x_wconf 86' lang='lat' dir='ltr'><strong>screnissimus</strong></span> <span class='ocrx_word' id='word_1_581' title='bbox 2863 2707 2944 2761; x_wconf 88' lang='lat' dir='ltr'><strong>sol</strong></span> <span class='ocrx_word' id='word_1_582' title='bbox 2977 2706 3230 2778; x_wconf 89' lang='lat' dir='ltr'><strong>refulget,</strong></span> <span class='ocrx_word' id='word_1_583' title='bbox 3281 2718 3501 2766; x_wconf 80' lang='lat' dir='ltr'><strong>econtra</strong></span> <span class='ocrx_word' id='word_1_584' title='bbox 3545 2710 3804 2770; x_wconf 83' lang='lat' dir='ltr'><strong>obscurus</strong></span> 
     </span>
    </p>
   </div>
   <div class='ocr_carea' id='block_1_86' title="bbox 2225 2789 3802 2864">
    <p class='ocr_par' dir='ltr' id='par_1_86' title="bbox 2225 2789 3802 2864">
     <span class='ocr_line' id='line_1_86' title="bbox 2225 2789 3802 2864; baseline 0.007 -19"><span class='ocrx_word' id='word_1_585' title='bbox 2225 2789 2441 2847; x_wconf 86' lang='lat' dir='ltr'><strong>videtur</strong></span> <span class='ocrx_word' id='word_1_586' title='bbox 2471 2793 2576 2847; x_wconf 91' lang='lat' dir='ltr'><strong>illis</strong></span> <span class='ocrx_word' id='word_1_587' title='bbox 2608 2810 2838 2864; x_wconf 87' lang='lat' dir='ltr'><strong>quorum</strong></span> <span class='ocrx_word' id='word_1_588' title='bbox 2869 2795 3070 2854; x_wconf 88' lang='lat' dir='ltr'><strong>lumina</strong></span> <span class='ocrx_word' id='word_1_589' title='bbox 3109 2797 3424 2856; x_wconf 87' lang='lat' dir='ltr'><strong>inﬁrmitate</strong></span> <span class='ocrx_word' id='word_1_590' title='bbox 3467 2799 3802 2860; x_wconf 83' lang='lat' dir='ltr'><strong>detinentur.</strong></span> 
     </span>
    </p>
   </div>
   <div class='ocr_carea' id='block_1_87' title="bbox 2298 2883 3802 2969">
    <p class='ocr_par' dir='ltr' id='par_1_87' title="bbox 2298 2883 3802 2969">
     <span class='ocr_line' id='line_1_87' title="bbox 2298 2883 3802 2969; baseline 0.009 -32"><span class='ocrx_word' id='word_1_591' title='bbox 2298 2883 2449 2939; x_wconf 66' lang='grc' dir='ltr'><strong>νει-ε.</strong></span> <span class='ocrx_word' id='word_1_592' title='bbox 2481 2883 2535 2938; x_wconf 74' lang='grc'><strong>2.</strong></span> <span class='ocrx_word' id='word_1_593' title='bbox 2566 2884 2672 2969; x_wconf 72' lang='grc' dir='ltr'><strong>Μρὶ</strong></span> <span class='ocrx_word' id='word_1_594' title='bbox 2696 2896 2868 2940; x_wconf 82' lang='lat' dir='ltr'><strong>autem</strong></span> <span class='ocrx_word' id='word_1_595' title='bbox 2911 2903 3036 2956; x_wconf 80' lang='lat' dir='ltr'><strong>pene</strong></span> <span class='ocrx_word' id='word_1_596' title='bbox 3062 2890 3188 2943; x_wconf 83' lang='lat' dir='ltr'><strong>moti</strong></span> <span class='ocrx_word' id='word_1_597' title='bbox 3215 2899 3335 2946; x_wconf 82' lang='lat' dir='ltr'><strong>sunt</strong></span> <span class='ocrx_word' id='word_1_598' title='bbox 3362 2892 3538 2962; x_wconf 77' lang='lat' dir='ltr'><strong>pedes,</strong></span> <span class='ocrx_word' id='word_1_599' title='bbox 3568 2909 3701 2963; x_wconf 79' lang='lat' dir='ltr'><strong>pene</strong></span> <span class='ocrx_word' id='word_1_600' title='bbox 3729 2899 3802 2966; x_wconf 72' lang='lat' dir='ltr'><strong>ef-</strong></span> 
     </span>
    </p>
   </div>
   <div class='ocr_carea' id='block_1_88' title="bbox 2217 2969 3800 3050">
    <p class='ocr_par' dir='ltr' id='par_1_88' title="bbox 2217 2969 3800 3050">
     <span class='ocr_line' id='line_1_88' title="bbox 2217 2969 3800 3050; baseline 0.011 -26"><span class='ocrx_word' id='word_1_601' title='bbox 2217 2969 2320 3042; x_wconf 75' lang='lat' dir='ltr'><strong>fusi</strong></span> <span class='ocrx_word' id='word_1_602' title='bbox 2349 2983 2468 3028; x_wconf 85' lang='lat' dir='ltr'><strong>sunt</strong></span> <span class='ocrx_word' id='word_1_603' title='bbox 2495 2990 2693 3045; x_wconf 82' lang='lat' dir='ltr'><strong>gmsus</strong></span> <span class='ocrx_word' id='word_1_604' title='bbox 2729 2976 2844 3031; x_wconf 83' lang='lat' dir='ltr'><strong>mei.</strong></span> <span class='ocrx_word' id='word_1_605' title='bbox 2883 2976 2948 3032; x_wconf 91' lang='lat' dir='ltr'><strong>Ut</strong></span> <span class='ocrx_word' id='word_1_606' title='bbox 2974 2977 3304 3050; x_wconf 79' lang='lat' dir='ltr'><strong>intelligeres</strong></span> <span class='ocrx_word' id='word_1_607' title='bbox 3335 2990 3586 3042; x_wconf 87' lang='lat' dir='ltr'><strong>sanctum</strong></span> <span class='ocrx_word' id='word_1_608' title='bbox 3630 2983 3800 3042; x_wconf 86' lang='lat' dir='ltr'><strong>virum</strong></span> 
     </span>
    </p>
   </div>
   <div class='ocr_carea' id='block_1_89' title="bbox 2215 3068 3802 3149">
    <p class='ocr_par' dir='ltr' id='par_1_89' title="bbox 2215 3068 3802 3149">
     <span class='ocr_line' id='line_1_89' title="bbox 2215 3068 3802 3149; baseline 0.009 -29"><span class='ocrx_word' id='word_1_609' title='bbox 2215 3072 2402 3122; x_wconf 85' lang='lat' dir='ltr'><strong>contra</strong></span> <span class='ocrx_word' id='word_1_610' title='bbox 2425 3080 2485 3120; x_wconf 86' lang='lat' dir='ltr'><strong>se</strong></span> <span class='ocrx_word' id='word_1_611' title='bbox 2503 3068 2840 3136; x_wconf 88' lang='lat' dir='ltr'><strong>superiorem</strong></span> <span class='ocrx_word' id='word_1_612' title='bbox 2868 3071 3155 3141; x_wconf 87' lang='lat' dir='ltr'><strong>protulisse</strong></span> <span class='ocrx_word' id='word_1_613' title='bbox 3181 3075 3528 3144; x_wconf 86' lang='lat' dir='ltr'><strong>sententiam,</strong></span> <span class='ocrx_word' id='word_1_614' title='bbox 3560 3077 3712 3149; x_wconf 87' lang='lat' dir='ltr'><strong>quod</strong></span> <span class='ocrx_word' id='word_1_615' title='bbox 3732 3078 3802 3134; x_wconf 77' lang='lat' dir='ltr'><strong>fa-</strong></span> 
     </span>
    </p>
   </div>
   <div class='ocr_carea' id='block_1_90' title="bbox 2217 3160 3796 3242">
    <p class='ocr_par' dir='ltr' id='par_1_90' title="bbox 2217 3160 3796 3242">
     <span class='ocr_line' id='line_1_90' title="bbox 2217 3160 3796 3242; baseline 0.006 -24"><span class='ocrx_word' id='word_1_616' title='bbox 2217 3160 2426 3218; x_wconf 89' lang='lat' dir='ltr'><strong>miliare</strong></span> <span class='ocrx_word' id='word_1_617' title='bbox 2453 3176 2668 3233; x_wconf 85' lang='lat' dir='ltr'><strong>semper</strong></span> <span class='ocrx_word' id='word_1_618' title='bbox 2685 3173 2771 3220; x_wconf 89' lang='lat' dir='ltr'><strong>est</strong></span> <span class='ocrx_word' id='word_1_619' title='bbox 2790 3163 2972 3234; x_wconf 85' lang='lat' dir='ltr'><strong>justis,</strong></span> <span class='ocrx_word' id='word_1_620' title='bbox 3013 3181 3167 3224; x_wconf 88' lang='lat' dir='ltr'><strong>suum</strong></span> <span class='ocrx_word' id='word_1_621' title='bbox 3207 3168 3491 3240; x_wconf 87' lang='lat' dir='ltr'><strong>proﬁtetur</strong></span> <span class='ocrx_word' id='word_1_622' title='bbox 3515 3186 3796 3242; x_wconf 85' lang='lat' dir='ltr'><strong>errorem;</strong></span> 
     </span>
    </p>
   </div>
   <div class='ocr_carea' id='block_1_91' title="bbox 2142 3253 3797 3328">
    <p class='ocr_par' dir='ltr' id='par_1_91' title="bbox 2142 3253 3797 3328">
     <span class='ocr_line' id='line_1_91' title="bbox 2142 3253 3797 3328; baseline 0.01 -23"><span class='ocrx_word' id='word_1_623' title='bbox 2142 3259 2187 3324; x_wconf 74' lang='grc' dir='ltr'><strong>ρ</strong></span> <span class='ocrx_word' id='word_1_624' title='bbox 2218 3259 2277 3306; x_wconf 84' lang='lat' dir='ltr'><strong>ut</strong></span> <span class='ocrx_word' id='word_1_625' title='bbox 2304 3266 2440 3323; x_wconf 91' lang='lat' dir='ltr'><strong>pene</strong></span> <span class='ocrx_word' id='word_1_626' title='bbox 2465 3253 2672 3325; x_wconf 89' lang='lat' dir='ltr'><strong>lapsum</strong></span> <span class='ocrx_word' id='word_1_627' title='bbox 2702 3272 2762 3312; x_wconf 90' lang='lat' dir='ltr'><strong>se</strong></span> <span class='ocrx_word' id='word_1_628' title='bbox 2789 3256 3018 3328; x_wconf 89' lang='lat' dir='ltr'><strong>diceret,</strong></span> <span class='ocrx_word' id='word_1_629' title='bbox 3046 3263 3129 3316; x_wconf 89' lang='lat' dir='ltr'><strong>cui</strong></span> <span class='ocrx_word' id='word_1_630' title='bbox 3161 3261 3554 3321; x_wconf 86' lang='lat' dir='ltr'><strong>administratio</strong></span> <span class='ocrx_word' id='word_1_631' title='bbox 3581 3265 3797 3324; x_wconf 85' lang='lat' dir='ltr'><strong>Domini</strong></span> 
     </span>
    </p>
   </div>
   <div class='ocr_carea' id='block_1_92' title="bbox 2211 3343 3797 3430">
    <p class='ocr_par' dir='ltr' id='par_1_92' title="bbox 2211 3343 3797 3430">
     <span class='ocr_line' id='line_1_92' title="bbox 2211 3343 3797 3430; baseline 0.01 -30"><span class='ocrx_word' id='word_1_632' title='bbox 2211 3343 2655 3402; x_wconf 86' lang='lat' dir='ltr'><strong>irrationabiliter</strong></span> <span class='ocrx_word' id='word_1_633' title='bbox 2679 3346 3017 3418; x_wconf 87' lang='lat' dir='ltr'><strong>displicebat.</strong></span> <span class='ocrx_word' id='word_1_634' title='bbox 3059 3350 3331 3423; x_wconf 88' lang='lat' dir='ltr'><strong>Scriptura</strong></span> <span class='ocrx_word' id='word_1_635' title='bbox 3362 3356 3674 3429; x_wconf 82' lang='lat' dir='ltr'><strong>frequenter</strong></span> <span class='ocrx_word' id='word_1_636' title='bbox 3705 3375 3797 3430; x_wconf 82' lang='lat' dir='ltr'><strong>per</strong></span> 
     </span>
    </p>
   </div>
   <div class='ocr_carea' id='block_1_93' title="bbox 2216 3437 3798 3522">
    <p class='ocr_par' dir='ltr' id='par_1_93' title="bbox 2216 3437 3798 3522">
     <span class='ocr_line' id='line_1_93' title="bbox 2216 3437 3798 3522; baseline 0.008 -28"><span class='ocrx_word' id='word_1_637' title='bbox 2216 3437 2568 3510; x_wconf 82' lang='lat' dir='ltr'><strong>tropologiam</strong></span> <span class='ocrx_word' id='word_1_638' title='bbox 2607 3440 2843 3511; x_wconf 85' lang='lat' dir='ltr'><strong>appellat</strong></span> <span class='ocrx_word' id='word_1_639' title='bbox 2873 3442 3062 3512; x_wconf 90' lang='lat' dir='ltr'><strong>pedem</strong></span> <span class='ocrx_word' id='word_1_640' title='bbox 3094 3445 3380 3502; x_wconf 87' lang='lat' dir='ltr'><strong>arbitrium</strong></span> <span class='ocrx_word' id='word_1_641' title='bbox 3411 3451 3610 3505; x_wconf 87' lang='lat' dir='ltr'><strong>mentis</strong></span> <span class='ocrx_word' id='word_1_642' title='bbox 3633 3489 3654 3518; x_wconf 89' lang='lat'><strong>,</strong></span> <span class='ocrx_word' id='word_1_643' title='bbox 3695 3465 3798 3522; x_wconf 89' lang='lat' dir='ltr'><strong>quo</strong></span> 
     </span>
    </p>
   </div>
   <div class='ocr_carea' id='block_1_94' title="bbox 2214 3529 3798 3610">
    <p class='ocr_par' dir='ltr' id='par_1_94' title="bbox 2214 3529 3798 3610">
     <span class='ocr_line' id='line_1_94' title="bbox 2214 3529 3798 3610; baseline 0.007 -24"><span class='ocrx_word' id='word_1_644' title='bbox 2214 3529 2316 3586; x_wconf 84' lang='lat' dir='ltr'><strong>lixa</strong></span> <span class='ocrx_word' id='word_1_645' title='bbox 2349 3531 2619 3588; x_wconf 89' lang='lat' dir='ltr'><strong>voluntate</strong></span> <span class='ocrx_word' id='word_1_646' title='bbox 2647 3534 2912 3590; x_wconf 87' lang='lat' dir='ltr'><strong>consistit.</strong></span> <span class='ocrx_word' id='word_1_647' title='bbox 2941 3533 3097 3592; x_wconf 81' lang='lat' dir='ltr'><strong>Hunc</strong></span> <span class='ocrx_word' id='word_1_648' title='bbox 3132 3537 3264 3594; x_wconf 90' lang='lat' dir='ltr'><strong>dicit</strong></span> <span class='ocrx_word' id='word_1_649' title='bbox 3284 3553 3422 3610; x_wconf 88' lang='lat' dir='ltr'><strong>pene</strong></span> <span class='ocrx_word' id='word_1_650' title='bbox 3451 3539 3616 3597; x_wconf 83' lang='lat' dir='ltr'><strong>fuisse</strong></span> <span class='ocrx_word' id='word_1_651' title='bbox 3651 3555 3798 3598; x_wconf 83' lang='lat' dir='ltr'><strong>com-</strong></span> 
     </span>
    </p>
   </div>
   <div class='ocr_carea' id='block_1_95' title="bbox 2211 3623 3795 3700">
    <p class='ocr_par' dir='ltr' id='par_1_95' title="bbox 2211 3623 3795 3700">
     <span class='ocr_line' id='line_1_95' title="bbox 2211 3623 3795 3700; baseline 0.008 -24"><span class='ocrx_word' id='word_1_652' title='bbox 2211 3632 2440 3689; x_wconf 88' lang='lat' dir='ltr'><strong>motum,</strong></span> <span class='ocrx_word' id='word_1_653' title='bbox 2466 3623 2680 3694; x_wconf 87' lang='lat' dir='ltr'><strong>quando</strong></span> <span class='ocrx_word' id='word_1_654' title='bbox 2705 3638 2734 3678; x_wconf 88' lang='lat' dir='ltr'><strong>a</strong></span> <span class='ocrx_word' id='word_1_655' title='bbox 2763 3639 2892 3681; x_wconf 90' lang='lat' dir='ltr'><strong>vero</strong></span> <span class='ocrx_word' id='word_1_656' title='bbox 2917 3624 3190 3683; x_wconf 88' lang='lat' dir='ltr'><strong>intellectu</strong></span> <span class='ocrx_word' id='word_1_657' title='bbox 3211 3628 3330 3700; x_wconf 88' lang='lat' dir='ltr'><strong>ejus</strong></span> <span class='ocrx_word' id='word_1_658' title='bbox 3353 3629 3567 3687; x_wconf 87' lang='lat' dir='ltr'><strong>animus</strong></span> <span class='ocrx_word' id='word_1_659' title='bbox 3584 3631 3795 3689; x_wconf 86' lang='lat' dir='ltr'><strong>discre-</strong></span> 
     </span>
    </p>
   </div>
   <div class='ocr_carea' id='block_1_96' title="bbox 2199 3715 3795 3792">
    <p class='ocr_par' dir='ltr' id='par_1_96' title="bbox 2199 3715 3795 3792">
     <span class='ocr_line' id='line_1_96' title="bbox 2199 3715 3795 3792; baseline 0.009 -24"><span class='ocrx_word' id='word_1_660' title='bbox 2199 3716 2390 3783; x_wconf 79' lang='lat' dir='ltr'><strong>pabat.</strong></span> <span class='ocrx_word' id='word_1_661' title='bbox 2413 3715 2548 3773; x_wconf 84' lang='lat' dir='ltr'><strong>Nam</strong></span> <span class='ocrx_word' id='word_1_662' title='bbox 2577 3731 2700 3773; x_wconf 88' lang='lat' dir='ltr'><strong>cum</strong></span> <span class='ocrx_word' id='word_1_663' title='bbox 2727 3717 2875 3786; x_wconf 88' lang='lat' dir='ltr'><strong>dicit,</strong></span> <span class='ocrx_word' id='word_1_664' title='bbox 2905 3735 3051 3792; x_wconf 81' lang='lat' dir='ltr'><strong>pene,</strong></span> <span class='ocrx_word' id='word_1_665' title='bbox 3071 3719 3180 3778; x_wconf 85' lang='lat' dir='ltr'><strong>cito</strong></span> <span class='ocrx_word' id='word_1_666' title='bbox 3209 3735 3271 3778; x_wconf 87' lang='lat' dir='ltr'><strong>se</strong></span> <span class='ocrx_word' id='word_1_667' title='bbox 3294 3722 3361 3779; x_wconf 87' lang='lat' dir='ltr'><strong>ad</strong></span> <span class='ocrx_word' id='word_1_668' title='bbox 3387 3723 3526 3780; x_wconf 87' lang='lat' dir='ltr'><strong>viam</strong></span> <span class='ocrx_word' id='word_1_669' title='bbox 3548 3725 3795 3782; x_wconf 61' lang='lat' dir='ltr'><strong>veritati</strong></span> 
     </span>
    </p>
   </div>
   <div class='ocr_carea' id='block_1_97' title="bbox 2210 3807 3795 3890">
    <p class='ocr_par' dir='ltr' id='par_1_97' title="bbox 2210 3807 3795 3890">
     <span class='ocr_line' id='line_1_97' title="bbox 2210 3807 3795 3890; baseline 0.009 -27"><span class='ocrx_word' id='word_1_670' title='bbox 2210 3807 2438 3865; x_wconf 87' lang='lat' dir='ltr'><strong>rediisse</strong></span> <span class='ocrx_word' id='word_1_671' title='bbox 2458 3821 2871 3882; x_wconf 87' lang='lat' dir='ltr'><strong>commemorat;</strong></span> <span class='ocrx_word' id='word_1_672' title='bbox 2901 3821 2958 3869; x_wconf 92' lang='lat' dir='ltr'><strong>ut</strong></span> <span class='ocrx_word' id='word_1_673' title='bbox 2976 3814 3257 3872; x_wconf 86' lang='lat' dir='ltr'><strong>damnaret</strong></span> <span class='ocrx_word' id='word_1_674' title='bbox 3289 3832 3528 3874; x_wconf 89' lang='lat' dir='ltr'><strong>errorem</strong></span> <span class='ocrx_word' id='word_1_675' title='bbox 3551 3819 3648 3890; x_wconf 84' lang='lat' dir='ltr'><strong>qui</strong></span> <span class='ocrx_word' id='word_1_676' title='bbox 3673 3835 3795 3878; x_wconf 82' lang='lat' dir='ltr'><strong>sur-</strong></span> 
     </span>
    </p>
   </div>
   <div class='ocr_carea' id='block_1_98' title="bbox 2201 3902 3796 3984">
    <p class='ocr_par' dir='ltr' id='par_1_98' title="bbox 2201 3902 3796 3984">
     <span class='ocr_line' id='line_1_98' title="bbox 2201 3902 3796 3984; baseline 0.007 -27"><span class='ocrx_word' id='word_1_677' title='bbox 2201 3902 2388 3970; x_wconf 78' lang='lat' dir='ltr'><strong>ripere</strong></span> <span class='ocrx_word' id='word_1_678' title='bbox 2419 3903 2728 3962; x_wconf 86' lang='lat' dir='ltr'><strong>festinabat.</strong></span> <span class='ocrx_word' id='word_1_679' title='bbox 2759 3907 3036 3978; x_wconf 86' lang='lat' dir='ltr'><strong>Sequitur,</strong></span> <span class='ocrx_word' id='word_1_680' title='bbox 3078 3925 3204 3978; x_wconf 80' lang='lat' dir='ltr'><strong>pene</strong></span> <span class='ocrx_word' id='word_1_681' title='bbox 3233 3909 3392 3979; x_wconf 70' lang='lat' dir='ltr'><strong>effusi</strong></span> <span class='ocrx_word' id='word_1_682' title='bbox 3429 3921 3547 3970; x_wconf 81' lang='lat' dir='ltr'><strong>sunt</strong></span> <span class='ocrx_word' id='word_1_683' title='bbox 3586 3930 3796 3984; x_wconf 76' lang='lat' dir='ltr'><strong>gressus</strong></span> 
     </span>
    </p>
   </div>
   <div class='ocr_carea' id='block_1_99' title="bbox 2210 3997 3796 4078">
    <p class='ocr_par' dir='ltr' id='par_1_99' title="bbox 2210 3997 3796 4078">
     <span class='ocr_line' id='line_1_99' title="bbox 2210 3997 3796 4078; baseline 0.008 -26"><span class='ocrx_word' id='word_1_684' title='bbox 2210 3997 2330 4053; x_wconf 82' lang='lat' dir='ltr'><strong>mei.</strong></span> <span class='ocrx_word' id='word_1_685' title='bbox 2357 3997 2576 4055; x_wconf 78' lang='lat' dir='ltr'><strong>Crassus</strong></span> <span class='ocrx_word' id='word_1_686' title='bbox 2604 3999 2907 4071; x_wconf 85' lang='lat' dir='ltr'><strong>signiﬁcare</strong></span> <span class='ocrx_word' id='word_1_687' title='bbox 2935 4003 3171 4058; x_wconf 84' lang='lat' dir='ltr'><strong>diximus</strong></span> <span class='ocrx_word' id='word_1_688' title='bbox 3189 4012 3343 4062; x_wconf 87' lang='lat' dir='ltr'><strong>actus</strong></span> <span class='ocrx_word' id='word_1_689' title='bbox 3367 4004 3651 4074; x_wconf 81' lang='lat' dir='ltr'><strong>humanos,</strong></span> <span class='ocrx_word' id='word_1_690' title='bbox 3675 4006 3796 4078; x_wconf 66' lang='lat' dir='ltr'><strong>qui«</strong></span> 
     </span>
    </p>
   </div>
   <div class='ocr_carea' id='block_1_100' title="bbox 2209 4087 3794 4171">
    <p class='ocr_par' dir='ltr' id='par_1_100' title="bbox 2209 4087 3794 4171">
     <span class='ocr_line' id='line_1_100' title="bbox 2209 4087 3794 4171; baseline 0.008 -27"><span class='ocrx_word' id='word_1_691' title='bbox 2209 4087 2312 4145; x_wconf 89' lang='lat' dir='ltr'><strong>bus</strong></span> <span class='ocrx_word' id='word_1_692' title='bbox 2329 4104 2422 4159; x_wconf 88' lang='lat' dir='ltr'><strong>per</strong></span> <span class='ocrx_word' id='word_1_693' title='bbox 2437 4093 2560 4146; x_wconf 66' lang='lat' dir='ltr'><strong>vitae</strong></span> <span class='ocrx_word' id='word_1_694' title='bbox 2584 4100 2780 4148; x_wconf 66' lang='lat' dir='ltr'><strong>nostra:</strong></span> <span class='ocrx_word' id='word_1_695' title='bbox 2807 4095 3032 4152; x_wconf 84' lang='lat' dir='ltr'><strong>semitas</strong></span> <span class='ocrx_word' id='word_1_696' title='bbox 3051 4095 3569 4169; x_wconf 82' lang='lat' dir='ltr'><strong>ambulamus.Ergo</strong></span> <span class='ocrx_word' id='word_1_697' title='bbox 3591 4117 3794 4171; x_wconf 75' lang='lat' dir='ltr'><strong>gressus</strong></span> 
     </span>
    </p>
   </div>
   <div class='ocr_carea' id='block_1_101' title="bbox 2207 4179 3794 4258">
    <p class='ocr_par' dir='ltr' id='par_1_101' title="bbox 2207 4179 3794 4258">
     <span class='ocr_line' id='line_1_101' title="bbox 2207 4179 3794 4258; baseline 0.006 -20"><span class='ocrx_word' id='word_1_698' title='bbox 2207 4179 2298 4238; x_wconf 89' lang='lat' dir='ltr'><strong>isti</strong></span> <span class='ocrx_word' id='word_1_699' title='bbox 2322 4182 2473 4237; x_wconf 81' lang='lat' dir='ltr'><strong>bonae</strong></span> <span class='ocrx_word' id='word_1_700' title='bbox 2493 4183 2920 4241; x_wconf 88' lang='lat' dir='ltr'><strong>conversationis</strong></span> <span class='ocrx_word' id='word_1_701' title='bbox 2940 4202 3078 4257; x_wconf 90' lang='lat' dir='ltr'><strong>pene</strong></span> <span class='ocrx_word' id='word_1_702' title='bbox 3097 4189 3148 4242; x_wconf 91' lang='lat' dir='ltr'><strong>in</strong></span> <span class='ocrx_word' id='word_1_703' title='bbox 3168 4188 3328 4244; x_wconf 85' lang='lat' dir='ltr'><strong>aliam</strong></span> <span class='ocrx_word' id='word_1_704' title='bbox 3349 4198 3554 4258; x_wconf 86' lang='lat' dir='ltr'><strong>partem</strong></span> <span class='ocrx_word' id='word_1_705' title='bbox 3575 4191 3794 4248; x_wconf 85' lang='lat' dir='ltr'><strong>fuerunt</strong></span> 
     </span>
    </p>
   </div>
   <div class='ocr_carea' id='block_1_102' title="bbox 2207 4269 3793 4347">
    <p class='ocr_par' dir='ltr' id='par_1_102' title="bbox 2207 4269 3793 4347">
     <span class='ocr_line' id='line_1_102' title="bbox 2207 4269 3793 4347; baseline 0.006 -19"><span class='ocrx_word' id='word_1_706' title='bbox 2207 4269 2429 4341; x_wconf 83' lang='lat' dir='ltr'><strong>dilapsi,</strong></span> <span class='ocrx_word' id='word_1_707' title='bbox 2461 4277 2676 4344; x_wconf 89' lang='lat' dir='ltr'><strong>quando</strong></span> <span class='ocrx_word' id='word_1_708' title='bbox 2712 4275 2815 4331; x_wconf 88' lang='lat' dir='ltr'><strong>sub</strong></span> <span class='ocrx_word' id='word_1_709' title='bbox 2849 4276 3233 4347; x_wconf 82' lang='lat' dir='ltr'><strong>ingratitudioe</strong></span> <span class='ocrx_word' id='word_1_710' title='bbox 3265 4280 3429 4335; x_wconf 90' lang='lat' dir='ltr'><strong>animi</strong></span> <span class='ocrx_word' id='word_1_711' title='bbox 3470 4280 3793 4338; x_wconf 87' lang='lat' dir='ltr'><strong>videbantur</strong></span> 
     </span>
    </p>
   </div>
   <div class='ocr_carea' id='block_1_103' title="bbox 2205 4363 3794 4448">
    <p class='ocr_par' dir='ltr' id='par_1_103' title="bbox 2205 4363 3794 4448">
     <span class='ocr_line' id='line_1_103' title="bbox 2205 4363 3794 4448; baseline 0.006 -28"><span class='ocrx_word' id='word_1_712' title='bbox 2205 4363 2367 4436; x_wconf 70' lang='grc'><strong>245</strong></span> <span class='ocrx_word' id='word_1_713' title='bbox 2400 4365 2575 4435; x_wconf 87' lang='lat' dir='ltr'><strong>impiis</strong></span> <span class='ocrx_word' id='word_1_714' title='bbox 2608 4375 2755 4423; x_wconf 90' lang='lat' dir='ltr'><strong>tanta</strong></span> <span class='ocrx_word' id='word_1_715' title='bbox 2785 4369 3026 4426; x_wconf 89' lang='lat' dir='ltr'><strong>concedi.</strong></span> <span class='ocrx_word' id='word_1_716' title='bbox 3063 4371 3128 4428; x_wconf 83' lang='lat' dir='ltr'><strong>Et</strong></span> <span class='ocrx_word' id='word_1_717' title='bbox 3155 4371 3368 4442; x_wconf 83' lang='lat' dir='ltr'><strong>respice</strong></span> <span class='ocrx_word' id='word_1_718' title='bbox 3397 4374 3523 4444; x_wconf 84' lang='lat' dir='ltr'><strong>quia</strong></span> <span class='ocrx_word' id='word_1_719' title='bbox 3563 4391 3698 4446; x_wconf 74' lang='lat' dir='ltr'><strong>pene</strong></span> <span class='ocrx_word' id='word_1_720' title='bbox 3713 4379 3794 4448; x_wconf 69' lang='lat' dir='ltr'><strong>cf-</strong></span> 
     </span>
    </p>
   </div>
   <div class='ocr_carea' id='block_1_104' title="bbox 2207 4456 3792 4539">
    <p class='ocr_par' dir='ltr' id='par_1_104' title="bbox 2207 4456 3792 4539">
     <span class='ocr_line' id='line_1_104' title="bbox 2207 4456 3792 4539; baseline 0.008 -27"><span class='ocrx_word' id='word_1_721' title='bbox 2207 4457 2348 4520; x_wconf 76' lang='lat' dir='ltr'><strong>fusos</strong></span> <span class='ocrx_word' id='word_1_722' title='bbox 2385 4456 2518 4512; x_wconf 83' lang='lat' dir='ltr'><strong>dicit</strong></span> <span class='ocrx_word' id='word_1_723' title='bbox 2561 4474 2764 4529; x_wconf 77' lang='lat' dir='ltr'><strong>gressus</strong></span> <span class='ocrx_word' id='word_1_724' title='bbox 2803 4475 2967 4531; x_wconf 86' lang='lat' dir='ltr'><strong>suos,</strong></span> <span class='ocrx_word' id='word_1_725' title='bbox 3014 4476 3121 4520; x_wconf 88' lang='lat' dir='ltr'><strong>non</strong></span> <span class='ocrx_word' id='word_1_726' title='bbox 3161 4463 3375 4534; x_wconf 85' lang='lat' dir='ltr'><strong>lapsos;</strong></span> <span class='ocrx_word' id='word_1_727' title='bbox 3417 4474 3477 4521; x_wconf 90' lang='lat' dir='ltr'><strong>nt</strong></span> <span class='ocrx_word' id='word_1_728' title='bbox 3517 4466 3792 4539; x_wconf 81' lang='lat' dir='ltr'><strong>intelligas</strong></span> 
     </span>
    </p>
   </div>
   <div class='ocr_carea' id='block_1_105' title="bbox 2206 4547 3792 4629">
    <p class='ocr_par' dir='ltr' id='par_1_105' title="bbox 2206 4547 3792 4629">
     <span class='ocr_line' id='line_1_105' title="bbox 2206 4547 3792 4629; baseline 0.011 -27"><span class='ocrx_word' id='word_1_729' title='bbox 2206 4547 2444 4618; x_wconf 88' lang='lat' dir='ltr'><strong>vigorem</strong></span> <span class='ocrx_word' id='word_1_730' title='bbox 2479 4551 2675 4606; x_wconf 88' lang='lat' dir='ltr'><strong>mentis</strong></span> <span class='ocrx_word' id='word_1_731' title='bbox 2715 4563 2914 4609; x_wconf 75' lang='lat' dir='ltr'><strong>nostra:</strong></span> <span class='ocrx_word' id='word_1_732' title='bbox 2955 4565 3207 4626; x_wconf 86' lang='lat' dir='ltr'><strong>tanquam</strong></span> <span class='ocrx_word' id='word_1_733' title='bbox 3254 4557 3510 4629; x_wconf 86' lang='lat' dir='ltr'><strong>liquidum</strong></span> <span class='ocrx_word' id='word_1_734' title='bbox 3542 4559 3792 4618; x_wconf 86' lang='lat' dir='ltr'><strong>elemen-</strong></span> 
     </span>
    </p>
   </div>
   <div class='ocr_carea' id='block_1_106' title="bbox 2125 4641 3792 4727">
    <p class='ocr_par' dir='ltr' id='par_1_106' title="bbox 2125 4641 3792 4727">
     <span class='ocr_line' id='line_1_106' title="bbox 2125 4641 3792 4727; baseline 0.01 -32"><span class='ocrx_word' id='word_1_735' title='bbox 2125 4644 2180 4706; x_wconf 87' lang='lat' dir='ltr'><strong>D</strong></span> <span class='ocrx_word' id='word_1_736' title='bbox 2206 4648 2322 4698; x_wconf 88' lang='lat' dir='ltr'><strong>tum</strong></span> <span class='ocrx_word' id='word_1_737' title='bbox 2344 4641 2578 4716; x_wconf 85' lang='lat' dir='ltr'><strong>dispergi</strong></span> <span class='ocrx_word' id='word_1_738' title='bbox 2614 4659 2801 4717; x_wconf 83' lang='lat' dir='ltr'><strong>posse,</strong></span> <span class='ocrx_word' id='word_1_739' title='bbox 2833 4662 2956 4704; x_wconf 87' lang='lat' dir='ltr'><strong>cum</strong></span> <span class='ocrx_word' id='word_1_740' title='bbox 2987 4664 3018 4706; x_wconf 90' lang='lat' dir='ltr'><strong>a</strong></span> <span class='ocrx_word' id='word_1_741' title='bbox 3048 4665 3173 4708; x_wconf 85' lang='lat' dir='ltr'><strong>vera</strong></span> <span class='ocrx_word' id='word_1_742' title='bbox 3203 4654 3527 4724; x_wconf 80' lang='lat' dir='ltr'><strong>cogitatione</strong></span> <span class='ocrx_word' id='word_1_743' title='bbox 3561 4657 3792 4727; x_wconf 64' lang='lat' dir='ltr'><strong>ceperit</strong></span> 
     </span>
    </p>
   </div>
   <div class='ocr_carea' id='block_1_107' title="bbox 2207 4735 3792 4819">
    <p class='ocr_par' dir='ltr' id='par_1_107' title="bbox 2207 4735 3792 4819">
     <span class='ocr_line' id='line_1_107' title="bbox 2207 4735 3792 4819; baseline 0.008 -27"><span class='ocrx_word' id='word_1_744' title='bbox 2207 4735 2538 4808; x_wconf 87' lang='lat' dir='ltr'><strong>discrepare.</strong></span> <span class='ocrx_word' id='word_1_745' title='bbox 2564 4738 2714 4795; x_wconf 84' lang='lat' dir='ltr'><strong>Unde</strong></span> <span class='ocrx_word' id='word_1_746' title='bbox 2743 4739 3094 4814; x_wconf 88' lang='lat' dir='ltr'><strong>intelligimus</strong></span> <span class='ocrx_word' id='word_1_747' title='bbox 3123 4754 3176 4800; x_wconf 92' lang='lat' dir='ltr'><strong>et</strong></span> <span class='ocrx_word' id='word_1_748' title='bbox 3197 4745 3399 4802; x_wconf 86' lang='lat' dir='ltr'><strong>sanctis</strong></span> <span class='ocrx_word' id='word_1_749' title='bbox 3427 4748 3561 4803; x_wconf 82' lang='lat' dir='ltr'><strong>viris</strong></span> <span class='ocrx_word' id='word_1_750' title='bbox 3587 4749 3792 4819; x_wconf 75' lang='lat' dir='ltr'><strong>cogita-</strong></span> 
     </span>
    </p>
   </div>
   <div class='ocr_carea' id='block_1_108' title="bbox 2207 4827 3791 4904">
    <p class='ocr_par' dir='ltr' id='par_1_108' title="bbox 2207 4827 3791 4904">
     <span class='ocr_line' id='line_1_108' title="bbox 2207 4827 3791 4904; baseline 0.008 -22"><span class='ocrx_word' id='word_1_751' title='bbox 2207 4827 2378 4883; x_wconf 88' lang='lat' dir='ltr'><strong>tiones</strong></span> <span class='ocrx_word' id='word_1_752' title='bbox 2399 4842 2594 4899; x_wconf 89' lang='lat' dir='ltr'><strong>pravas</strong></span> <span class='ocrx_word' id='word_1_753' title='bbox 2622 4828 2928 4902; x_wconf 90' lang='lat' dir='ltr'><strong>frequenter</strong></span> <span class='ocrx_word' id='word_1_754' title='bbox 2951 4833 3257 4904; x_wconf 88' lang='lat' dir='ltr'><strong>surripere;</strong></span> <span class='ocrx_word' id='word_1_755' title='bbox 3281 4835 3377 4894; x_wconf 89' lang='lat' dir='ltr'><strong>sed</strong></span> <span class='ocrx_word' id='word_1_756' title='bbox 3403 4837 3598 4900; x_wconf 85' lang='lat' dir='ltr'><strong>iterum</strong></span> <span class='ocrx_word' id='word_1_757' title='bbox 3628 4839 3684 4894; x_wconf 91' lang='lat' dir='ltr'><strong>in</strong></span> <span class='ocrx_word' id='word_1_758' title='bbox 3707 4854 3791 4894; x_wconf 52' lang='lat' dir='ltr'><strong>ssc</strong></span> 
     </span>
    </p>
   </div>
   <div class='ocr_carea' id='block_1_109' title="bbox 2203 4920 3792 5002">
    <p class='ocr_par' dir='ltr' id='par_1_109' title="bbox 2203 4920 3792 5002">
     <span class='ocr_line' id='line_1_109' title="bbox 2203 4920 3792 5002; baseline 0.007 -26"><span class='ocrx_word' id='word_1_759' title='bbox 2203 4920 2428 4980; x_wconf 87' lang='lat' dir='ltr'><strong>nitatem</strong></span> <span class='ocrx_word' id='word_1_760' title='bbox 2471 4923 2750 4992; x_wconf 85' lang='lat' dir='ltr'><strong>pristinam</strong></span> <span class='ocrx_word' id='word_1_761' title='bbox 2791 4939 2886 4980; x_wconf 91' lang='lat' dir='ltr'><strong>eos</strong></span> <span class='ocrx_word' id='word_1_762' title='bbox 2915 4927 3113 5002; x_wconf 86' lang='lat' dir='ltr'><strong>reverti</strong></span> <span class='ocrx_word' id='word_1_763' title='bbox 3131 4971 3149 4998; x_wconf 93' lang='lat'><strong>,</strong></span> <span class='ocrx_word' id='word_1_764' title='bbox 3179 4928 3391 5000; x_wconf 89' lang='lat' dir='ltr'><strong>quando</strong></span> <span class='ocrx_word' id='word_1_765' title='bbox 3420 4944 3451 4985; x_wconf 89' lang='lat' dir='ltr'><strong>a</strong></span> <span class='ocrx_word' id='word_1_766' title='bbox 3480 4929 3792 5002; x_wconf 85' lang='lat' dir='ltr'><strong>semetipsis</strong></span> 
     </span>
    </p>
   </div>
   <div class='ocr_carea' id='block_1_110' title="bbox 2202 5013 3577 5094">
    <p class='ocr_par' dir='ltr' id='par_1_110' title="bbox 2202 5013 3577 5094">
     <span class='ocr_line' id='line_1_110' title="bbox 2202 5013 3577 5094; baseline 0.008 -24"><span class='ocrx_word' id='word_1_767' title='bbox 2202 5013 2403 5072; x_wconf 82' lang='lat' dir='ltr'><strong>fuerint</strong></span> <span class='ocrx_word' id='word_1_768' title='bbox 2427 5016 2694 5086; x_wconf 88' lang='lat' dir='ltr'><strong>celeriter,</strong></span> <span class='ocrx_word' id='word_1_769' title='bbox 2725 5017 2958 5076; x_wconf 89' lang='lat' dir='ltr'><strong>Domino</strong></span> <span class='ocrx_word' id='word_1_770' title='bbox 2987 5032 3296 5094; x_wconf 67' lang='lat' dir='ltr'><strong>prmstante,</strong></span> <span class='ocrx_word' id='word_1_771' title='bbox 3323 5025 3577 5082; x_wconf 85' lang='lat' dir='ltr'><strong>correcti.</strong></span> 
     </span>
    </p>
   </div>
   <div class='ocr_carea' id='block_1_111' title="bbox 2275 5105 3789 5190">
    <p class='ocr_par' dir='ltr' id='par_1_111' title="bbox 2275 5105 3789 5190">
     <span class='ocr_line' id='line_1_111' title="bbox 2275 5105 3789 5190; baseline 0.009 -28"><span class='ocrx_word' id='word_1_772' title='bbox 2275 5105 2428 5163; x_wconf 86' lang='lat' dir='ltr'><strong>Vers.</strong></span> <span class='ocrx_word' id='word_1_773' title='bbox 2458 5111 2514 5166; x_wconf 78' lang='grc'><strong>5.</strong></span> <span class='ocrx_word' id='word_1_774' title='bbox 2563 5109 2696 5176; x_wconf 79' lang='lat' dir='ltr'><strong>Quia</strong></span> <span class='ocrx_word' id='word_1_775' title='bbox 2721 5112 2966 5168; x_wconf 74' lang='lat' dir='ltr'><strong>zelaviin</strong></span> <span class='ocrx_word' id='word_1_776' title='bbox 2993 5116 3361 5186; x_wconf 80' lang='lat' dir='ltr'><strong>peccatoribus,</strong></span> <span class='ocrx_word' id='word_1_777' title='bbox 3402 5135 3581 5188; x_wconf 82' lang='lat' dir='ltr'><strong>pacem</strong></span> <span class='ocrx_word' id='word_1_778' title='bbox 3608 5135 3789 5190; x_wconf 81' lang='lat' dir='ltr'><strong>pecca-</strong></span> 
     </span>
    </p>
   </div>
   <div class='ocr_carea' id='block_1_112' title="bbox 2199 5199 3788 5282">
    <p class='ocr_par' dir='ltr' id='par_1_112' title="bbox 2199 5199 3788 5282">
     <span class='ocr_line' id='line_1_112' title="bbox 2199 5199 3788 5282; baseline 0.009 -29"><span class='ocrx_word' id='word_1_779' title='bbox 2199 5205 2372 5254; x_wconf 84' lang='lat' dir='ltr'><strong>torum</strong></span> <span class='ocrx_word' id='word_1_780' title='bbox 2395 5199 2588 5257; x_wconf 82' lang='lat' dir='ltr'><strong>videns.</strong></span> <span class='ocrx_word' id='word_1_781' title='bbox 2619 5201 2812 5259; x_wconf 88' lang='lat' dir='ltr'><strong>Secuta</strong></span> <span class='ocrx_word' id='word_1_782' title='bbox 2839 5213 2924 5262; x_wconf 85' lang='lat' dir='ltr'><strong>est</strong></span> <span class='ocrx_word' id='word_1_783' title='bbox 2951 5220 3112 5264; x_wconf 88' lang='lat' dir='ltr'><strong>causa</strong></span> <span class='ocrx_word' id='word_1_784' title='bbox 3138 5223 3235 5264; x_wconf 92' lang='lat' dir='ltr'><strong>cur</strong></span> <span class='ocrx_word' id='word_1_785' title='bbox 3253 5223 3467 5281; x_wconf 86' lang='lat' dir='ltr'><strong>gressus</strong></span> <span class='ocrx_word' id='word_1_786' title='bbox 3491 5209 3610 5282; x_wconf 88' lang='lat' dir='ltr'><strong>ejus</strong></span> <span class='ocrx_word' id='word_1_787' title='bbox 3635 5211 3788 5268; x_wconf 85' lang='lat' dir='ltr'><strong>vide-</strong></span> 
     </span>
    </p>
   </div>
   <div class='ocr_carea' id='block_1_113' title="bbox 2199 5292 3785 5376">
    <p class='ocr_par' dir='ltr' id='par_1_113' title="bbox 2199 5292 3785 5376">
     <span class='ocr_line' id='line_1_113' title="bbox 2199 5292 3785 5376; baseline 0.007 -26"><span class='ocrx_word' id='word_1_788' title='bbox 2199 5302 2388 5350; x_wconf 88' lang='lat' dir='ltr'><strong>rentur</strong></span> <span class='ocrx_word' id='word_1_789' title='bbox 2415 5292 2656 5364; x_wconf 76' lang='lat' dir='ltr'><strong>effundi,</strong></span> <span class='ocrx_word' id='word_1_790' title='bbox 2688 5298 2810 5368; x_wconf 90' lang='lat' dir='ltr'><strong>quia</strong></span> <span class='ocrx_word' id='word_1_791' title='bbox 2859 5301 3231 5370; x_wconf 88' lang='lat' dir='ltr'><strong>peccatoribus</strong></span> <span class='ocrx_word' id='word_1_792' title='bbox 3273 5304 3352 5360; x_wconf 86' lang='lat' dir='ltr'><strong>sic</strong></span> <span class='ocrx_word' id='word_1_793' title='bbox 3398 5303 3500 5361; x_wconf 86' lang='lat' dir='ltr'><strong>fuit</strong></span> <span class='ocrx_word' id='word_1_794' title='bbox 3543 5304 3785 5376; x_wconf 76' lang='lat' dir='ltr'><strong>invidus,</strong></span> 
     </span>
    </p>
   </div>
   <div class='ocr_carea' id='block_1_114' title="bbox 2187 5388 3784 5470">
    <p class='ocr_par' dir='ltr' id='par_1_114' title="bbox 2187 5388 3784 5470">
     <span class='ocr_line' id='line_1_114' title="bbox 2187 5388 3784 5470; baseline 0.008 -30"><span class='ocrx_word' id='word_1_795' title='bbox 2187 5393 2261 5442; x_wconf 82' lang='lat' dir='ltr'><strong>.ut</strong></span> <span class='ocrx_word' id='word_1_796' title='bbox 2284 5399 2378 5442; x_wconf 90' lang='lat' dir='ltr'><strong>eos</strong></span> <span class='ocrx_word' id='word_1_797' title='bbox 2403 5388 2641 5458; x_wconf 85' lang='lat' dir='ltr'><strong>graviter</strong></span> <span class='ocrx_word' id='word_1_798' title='bbox 2668 5388 2834 5446; x_wconf 88' lang='lat' dir='ltr'><strong>ferret</strong></span> <span class='ocrx_word' id='word_1_799' title='bbox 2871 5393 3107 5464; x_wconf 83' lang='lat' dir='ltr'><strong>quietos.</strong></span> <span class='ocrx_word' id='word_1_800' title='bbox 3155 5396 3200 5454; x_wconf 94' lang='grc' dir='ltr'>Ο</span> <span class='ocrx_word' id='word_1_801' title='bbox 3225 5395 3784 5470; x_wconf 72' lang='grc' dir='ltr'><strong>ἱηοοηκινυιιω-ιοιιιω</strong></span> 
     </span>
    </p>
   </div>
   <div class='ocr_carea' id='block_1_115' title="bbox 2199 5475 3785 5563">
    <p class='ocr_par' dir='ltr' id='par_1_115' title="bbox 2199 5475 3785 5563">
     <span class='ocr_line' id='line_1_115' title="bbox 2199 5475 3785 5563; baseline 0.009 -31"><span class='ocrx_word' id='word_1_802' title='bbox 2199 5475 2439 5534; x_wconf 85' lang='lat' dir='ltr'><strong>invidere</strong></span> <span class='ocrx_word' id='word_1_803' title='bbox 2469 5480 2737 5549; x_wconf 88' lang='lat' dir='ltr'><strong>perituris,</strong></span> <span class='ocrx_word' id='word_1_804' title='bbox 2765 5491 2819 5539; x_wconf 92' lang='lat' dir='ltr'><strong>et</strong></span> <span class='ocrx_word' id='word_1_805' title='bbox 2847 5497 2940 5542; x_wconf 89' lang='lat' dir='ltr'><strong>eos</strong></span> <span class='ocrx_word' id='word_1_806' title='bbox 2953 5495 3154 5558; x_wconf 78' lang='lat' dir='ltr'><strong>.putare</strong></span> <span class='ocrx_word' id='word_1_807' title='bbox 3184 5489 3389 5560; x_wconf 83' lang='lat' dir='ltr'><strong>felices,</strong></span> <span class='ocrx_word' id='word_1_808' title='bbox 3412 5507 3548 5563; x_wconf 85' lang='lat' dir='ltr'><strong>quos</strong></span> <span class='ocrx_word' id='word_1_809' title='bbox 3575 5500 3785 5548; x_wconf 65' lang='lat' dir='ltr'><strong>aeterna</strong></span> 
     </span>
    </p>
   </div>
   <div class='ocr_carea' id='block_1_116' title="bbox 2199 5571 3782 5656">
    <p class='ocr_par' dir='ltr' id='par_1_116' title="bbox 2199 5571 3782 5656">
     <span class='ocr_line' id='line_1_116' title="bbox 2199 5571 3782 5656; baseline 0.009 -32"><span class='ocrx_word' id='word_1_810' title='bbox 2199 5578 2399 5624; x_wconf 89' lang='lat' dir='ltr'><strong>certum</strong></span> <span class='ocrx_word' id='word_1_811' title='bbox 2454 5579 2538 5628; x_wconf 86' lang='lat' dir='ltr'><strong>est</strong></span> <span class='ocrx_word' id='word_1_812' title='bbox 2585 5571 2926 5632; x_wconf 88' lang='lat' dir='ltr'><strong>damnatione</strong></span> <span class='ocrx_word' id='word_1_813' title='bbox 2973 5580 3216 5649; x_wconf 89' lang='lat' dir='ltr'><strong>percelli.</strong></span> <span class='ocrx_word' id='word_1_814' title='bbox 3275 5581 3548 5654; x_wconf 84' lang='lat' dir='ltr'><strong>Sequitur,</strong></span> <span class='ocrx_word' id='word_1_815' title='bbox 3583 5599 3782 5656; x_wconf 65' lang='lat' dir='ltr'><strong>pacem</strong></span> 
     </span>
    </p>
   </div>
   <div class='ocr_carea' id='block_1_117' title="bbox 2197 5663 3773 5744">
    <p class='ocr_par' dir='ltr' id='par_1_117' title="bbox 2197 5663 3773 5744">
     <span class='ocr_line' id='line_1_117' title="bbox 2197 5663 3773 5744; baseline 0.009 -30"><span class='ocrx_word' id='word_1_816' title='bbox 2197 5670 2520 5730; x_wconf 82' lang='lat' dir='ltr'><strong>peccatorum</strong></span> <span class='ocrx_word' id='word_1_817' title='bbox 2547 5663 2740 5719; x_wconf 83' lang='lat' dir='ltr'><strong>videns.</strong></span> <span class='ocrx_word' id='word_1_818' title='bbox 2791 5664 2996 5724; x_wconf 77' lang='lat' dir='ltr'><strong>Revera</strong></span> <span class='ocrx_word' id='word_1_819' title='bbox 3023 5671 3146 5740; x_wconf 89' lang='lat' dir='ltr'><strong>quia</strong></span> <span class='ocrx_word' id='word_1_820' title='bbox 3179 5688 3286 5744; x_wconf 73' lang='lat' dir='ltr'><strong>pax</strong></span> <span class='ocrx_word' id='word_1_821' title='bbox 3314 5673 3412 5729; x_wconf 90' lang='lat' dir='ltr'><strong>ista</strong></span> <span class='ocrx_word' id='word_1_822' title='bbox 3445 5689 3552 5734; x_wconf 88' lang='lat' dir='ltr'><strong>non</strong></span> <span class='ocrx_word' id='word_1_823' title='bbox 3577 5673 3773 5736; x_wconf 82' lang='lat' dir='ltr'><strong>intelli-</strong></span> 
     </span>
    </p>
   </div>
   <div class='ocr_carea' id='block_1_118' title="bbox 2193 5751 3776 5836">
    <p class='ocr_par' dir='ltr' id='par_1_118' title="bbox 2193 5751 3776 5836">
     <span class='ocr_line' id='line_1_118' title="bbox 2193 5751 3776 5836; baseline 0.01 -30"><span class='ocrx_word' id='word_1_824' title='bbox 2193 5751 2354 5824; x_wconf 89' lang='lat' dir='ltr'><strong>gitur,</strong></span> <span class='ocrx_word' id='word_1_825' title='bbox 2387 5754 2483 5810; x_wconf 89' lang='lat' dir='ltr'><strong>sed</strong></span> <span class='ocrx_word' id='word_1_826' title='bbox 2513 5755 2738 5825; x_wconf 85' lang='lat' dir='ltr'><strong>videtur,</strong></span> <span class='ocrx_word' id='word_1_827' title='bbox 2768 5769 3018 5830; x_wconf 85' lang='lat' dir='ltr'><strong>aspectus</strong></span> <span class='ocrx_word' id='word_1_828' title='bbox 3056 5775 3270 5820; x_wconf 88' lang='lat' dir='ltr'><strong>nostros</strong></span> <span class='ocrx_word' id='word_1_829' title='bbox 3297 5766 3538 5836; x_wconf 77' lang='lat' dir='ltr'><strong>eludens,</strong></span> <span class='ocrx_word' id='word_1_830' title='bbox 3583 5768 3672 5824; x_wconf 90' lang='lat' dir='ltr'><strong>sed</strong></span> <span class='ocrx_word' id='word_1_831' title='bbox 3718 5768 3776 5824; x_wconf 87' lang='lat' dir='ltr'><strong>in</strong></span> 
     </span>
    </p>
   </div>
   <div class='ocr_carea' id='block_1_119' title="bbox 2181 5850 3775 5934">
    <p class='ocr_par' dir='ltr' id='par_1_119' title="bbox 2181 5850 3775 5934">
     <span class='ocr_line' id='line_1_119' title="bbox 2181 5850 3775 5934; baseline 0.009 -32"><span class='ocrx_word' id='word_1_832' title='bbox 2181 5858 2288 5910; x_wconf 60' lang='lat' dir='ltr'><strong>sua</strong></span> <span class='ocrx_word' id='word_1_833' title='bbox 2316 5861 2445 5908; x_wconf 86' lang='lat' dir='ltr'><strong>nece</strong></span> <span class='ocrx_word' id='word_1_834' title='bbox 2471 5850 2848 5916; x_wconf 75' lang='lat' dir='ltr'><strong>graudcscens.</strong></span> <span class='ocrx_word' id='word_1_835' title='bbox 2887 5853 3020 5916; x_wconf 83' lang='lat' dir='ltr'><strong>Nam</strong></span> <span class='ocrx_word' id='word_1_836' title='bbox 3044 5868 3500 5934; x_wconf 54' lang='lat' dir='ltr'><strong>cumpeccatores</strong></span> <span class='ocrx_word' id='word_1_837' title='bbox 3525 5860 3775 5928; x_wconf 73' lang='lat' dir='ltr'><strong>videntur</strong></span> 
     </span>
    </p>
   </div>
  </div>
