4020 6348
264 416 372 473 £317

1190 394 1550 464 EXPOSlTlO
1586 402 1653 462 IN
1688 400 2145 463 PSALTERIUM.
2186 400 2382 461 PSAL.
2420 392 2630 460 LXXII.

3450 392 3557 457 $18

267 532 584 601 locupletes,
621 523 908 597 multisque
938 522 1198 582 dominari
1228 525 1463 596 populis,
1492 533 1548 580 et
1582 523 1638 579 in
1662 522 1862 579 mundo
1889 528 2068 593 Ague
2105 530 2189 579 est
2229 521 2375 579 enim
2404 520 2754 590 validumque
2782 526 3099 590 peccatum,
3136 516 3290 590 quod
3318 517 3557 577 arbitrio

264 641 383 681 non
423 636 543 679 esse
585 620 727 690 quod
772 620 1029 686 timeant,
1088 626 1343 688 putantur
1386 616 1588 672 habere
1634 630 1859 686 pacem;

265 716 371 774 sed
403 729 505 786 pax
534 712 639 769 ista
665 727 786 768 cum
817 711 1142 767 conscientia
1171 725 1386 781 semper
1414 710 1614 781 litigat,
1661 708 1866 764 rixatur

264 809 629 873 intrinsecus;
673 814 877 863 etcum
910 807 1116 861 hostem
1144 820 1252 860 non
1281 803 1505 871 habeat,
1541 817 1723 871 secum
1751 802 1866 872 ipsa

264 904 535 960 decertat.

351 993 507 1050 Vers.
534 993 591 1048 4.
633 992 770 1061 Quia
810 1007 917 1047 non
958 1000 1033 1048 est
1073 990 1352 1046 declinatio
1390 990 1541 1046 morti
1579 1005 1784 1055 eorum,
1823 998 1871 1044 et

271 1088 659 1158 ﬁrmamentum
686 1085 740 1139 in
770 1087 924 1156 plaga
953 1100 1149 1139 eorum.
1181 1084 1369 1139 Adhuc
1395 1083 1528 1140 dicit
1553 1082 1622 1139 de
1652 1097 1872 1153 prospe-

269 1176 530 1233 ritatibus
579 1176 889 1245 impiorum.
939 1176 1030 1231 Ait
1069 1175 1252 1230 enim:
1290 1175 1425 1243 Quia
1463 1190 1566 1230 non
1607 1183 1675 1229 est
1715 1174 1875 1229 decli-

268 1270 422 1322 natio
449 1269 601 1322 morti
625 1283 823 1332 eorum,
855 1266 906 1322 id
937 1276 1050 1335 est,
1083 1268 1203 1339 quia
1238 1269 1292 1322 in
1324 1276 1549 1323 mortem
1576 1266 1735 1322 citius
1765 1280 1874 1321 non

271 1360 577 1431 declinant,
613 1375 712 1416 nec
749 1360 835 1416 die
873 1361 1117 1430 protinus
1149 1369 1406 1430 urgentur
1439 1369 1681 1415 extremo
1711 1377 1723 1411 :
1773 1358 1872 1414 sed

271 1462 408 1511 tum
458 1456 537 1511 eis
583 1452 650 1509 ad
700 1453 1067 1524 pcenitendum
1115 1454 1273 1509 detur
1323 1454 1555 1524 spatium
1606 1454 1749 1521 vitae,
1800 1452 1876 1507 illi

272 1547 459 1617 magis
501 1547 706 1603 scelera
750 1547 1045 1618 probantur
1080 1563 1297 1619 augere.
1358 1547 1632 1619 Sequitur,
1682 1557 1734 1602 et
1780 1548 1877 1618 ﬁre

275 1647 600 1695 momentum
624 1640 679 1693 in
709 1638 865 1710 plaga
893 1654 1105 1709 eorum,
1148 1639 1578 1696 subaudiendum
1619 1656 1725 1696 non
1760 1647 1833 1693 est
1858 1656 1878 1695 :

279 1734 541 1804 quoniam
567 1732 654 1788 vel
697 1732 743 1786 si
783 1747 876 1788 cos
916 1731 1003 1788 hic
1043 1733 1316 1803 contingat
1343 1732 1518 1804 aliqua
1556 1733 1879 1788 adversitate

278 1825 597 1899 perstringi,
626 1825 831 1880 diutina
858 1825 969 1881 illis
1000 1841 1104 1881 non
1134 1825 1344 1883 videtur
1369 1839 1688 1895 permanere
1714 1823 1881 1879 tristi-

1967 612 2139 685 magis
2167 628 2327 684 quam
2359 612 2680 669 necessitate
2714 611 3093 668 committitur.
3145 611 3279 667 Nam
3304 618 3366 667 ut
3388 611 3558 684 θηκὲ

1962 717 2247 781 gereretur
2267 708 2447 779 culpa,
2471 708 2523 763 in
2550 706 2878 764 abundantia
2904 721 3087 763 rerum
3110 722 3206 764 eos
3228 708 3404 781 magis
3427 706 3561 766 dicit
3658 752 3659 761 χ

1969 805 2289 876 deliquisse,
2340 818 2499 874 quam
2536 803 2751 874 aliquod
2782 804 2957 859 scelus
2988 803 3181 874 inopiae
3208 805 3555 861 excusatione

1968 900 2252 970 cogitasse.
2285 898 2525 966 Addidit,
2546 899 2862 953 transierunt
2884 899 2937 952 in
2960 898 3343 970 dispositionem
3362 902 3556 955 cordis.

1974 994 2332 1063 Transierunt,
2363 993 2513 1064 quasi
2545 1008 2576 1047 a
2608 993 2771 1047 rectis
2807 991 3018 1048 semitis
3048 1000 3388 1048 erraverunt.
3427 992 3563 1048 Nam

1974 1087 2248 1159 hodieque
2274 1087 2354 1143 sic
2382 1087 2610 1142 dicimus
2635 1104 2647 1141 :
2680 1086 2951 1142 Transivit
2982 1100 3102 1152 nos,
3136 1086 3352 1157 quando
3379 1086 3448 1142 ab
3469 1086 3566 1142 ali-

1968 1196 2075 1253 qua
2092 1181 2317 1237 veritate
2335 1194 2530 1237 sensus
2550 1189 2739 1237 noster
2756 1181 3039 1237 erraverit.
3059 1180 3378 1238 Peccatores
3398 1181 3564 1249 enim,

1970 1276 2028 1330 in
2056 1276 2441 1344 dispositionem
2470 1274 2640 1329 cordis
2665 1274 3002 1340 transierunt,
3037 1274 3089 1330 id
3122 1284 3205 1330 est
3231 1283 3567 1342 erraverunt,

1966 1367 2190 1439 quando
2218 1377 2375 1433 sorte
2395 1366 2673 1422 teterrima
2709 1366 3062 1424 rationabiles
3093 1367 3340 1424 homines
3385 1367 3569 1423 insen-

1970 1460 2109 1516 satis
2139 1459 2297 1515 idolis
2327 1460 2656 1515 serviebant.

2050 1553 2203 1610 Vers.
2233 1555 2287 1610 8.
2323 1552 2685 1626 Cogitaverunt
2711 1560 2760 1609 et
2787 1552 2946 1609 locuti
2973 1562 3092 1609 sunt
3120 1554 3398 1625 nequitiam
3422 1570 3440 1621 ;
3467 1552 3571 1608 ini-

1977 1646 2223 1716 quitatem
2263 1646 2315 1700 in
2352 1644 2574 1701 Excelsa
2614 1646 2773 1701 locuti
2817 1655 2957 1701 sunt.
3011 1646 3217 1718 Duplex
3258 1647 3457 1702 malum
3486 1656 3573 1703 est

1980 1739 2261 1810 nequitiam
2292 1738 2549 1809 cogitare,
2583 1752 2809 1808 eamque
2836 1746 3090 1808 tanquam
3123 1738 3322 1792 bonum
3356 1737 3575 1808 aliquod

1974 1832 2157 1902 palam
2189 1831 2459 1903 proferre;
2492 1846 2617 1887 nam
2643 1846 2803 1902 quem
2830 1831 3086 1889 decuerat
3119 1842 3341 1903 propter
3370 1832 3577 1899 cogita-

274 1921 399 1986 133;
452 1930 504 1975 εὶ
544 1920 664 1974 ideo
705 1917 771 1974 ad
816 1918 1083 1975 medicum
1128 1933 1233 1975 ηοη
1277 1927 1580 1985 recurrunt.
1623 1917 1746 1987 (Ιυῖίὶ
1786 1931 1883 1972 ne‘
1912 1912 2188 1983 Btionem
2239 1926 2462 1983 sceleris
2512 1926 2815 1996 ptenitere,
2862 1926 3076 1996 culpam
3123 1926 3361 1996 geminat
3387 1966 3403 1993 ,
3450 1925 3578 1981 dum

284 2026 560 2082 quaquam
612 2011 666 2066 in
714 2010 1002 2069 mundanis
1046 2012 1392 2082 languoribus
1438 2012 1598 2082 longo
1642 2019 1882 2082 tempore

287 2103 593 2178 iacuerunt.

372 2197 523 2253 Vers.
550 2197 604 2253 5.
655 2196 723 2263 In
768 2198 1027 2254 laboribus
1054 2197 1320 2253 hominum
1358 2214 1461 2253 non
1498 2203 1639 2263 sunt,
1683 2208 1731 2252 et
1762 2212 1887 2253 cum

297 2291 587 2347 hominibus
628 2310 727 2348 non
765 2293 1187 2366 ﬂagellabantur.
1242 2291 1490 2348 Homines
1541 2293 1627 2347 hic
1674 2301 1888 2348 sanctos

300 2385 452 2441 viros
501 2386 885 2457 intelligamus,
940 2386 1031 2458 qui
1076 2395 1132 2442 et
1179 2385 1392 2442 labores
1440 2385 1495 2441 in
1544 2384 1646 2440 hoc
1694 2383 1890 2441 saeculo

297 2481 607 2550 Sustineat,
657 2490 711 2537 et
754 2480 1088 2537 diversarum
1133 2480 1486 2537 alﬂictionnm
1534 2479 1742 2551 ﬂagella
1799 2494 1891 2547 pa-

302 2573 545 2642 tiuntur,
580 2584 638 2630 ut
665 2576 891 2632 correcti
924 2576 991 2631 ad
1023 2574 1303 2631 Dominum
1344 2574 1523 2631 redire
1557 2582 1890 2629 mereantur.

294 2666 450 2722 Istud
483 2669 849 2737 peccatoribus
876 2668 1159 2724 obstinatis
1188 2684 1293 2724 non
1325 2669 1598 2739 provenit,
1644 2665 1785 2737 quod
1825 2666 1892 2721 ad

299 2763 533 2820 salutem
565 2763 723 2818 datur
750 2762 977 2819 devotis.
1028 2761 1085 2820 Si
1124 2777 1249 2818 vero
1289 2761 1489 2817 dictum
1521 2768 1703 2815 contra
1734 2758 1891 2829 spiri-

302 2855 479 2912 tuales
508 2856 769 2927 nequitias
794 2858 1143 2925 aestimamus,
1188 2864 1366 2927 potest
1408 2855 1477 2912 de
1520 2854 1652 2925 ipsis
1699 2867 1897 2910 conve-

303 2948 519 3007 nienter
545 2949 780 3015 adverti,
828 2949 917 3020 qui
963 2948 1019 3003 in
1065 2948 1167 3004 hoc
1211 2946 1412 3003 mundo
1452 2944 1747 3002 sceleribus
1786 2944 1897 2999 suis

304 3056 575 3113 congruas
605 3057 709 3098 non
736 3042 1005 3113 recipiunt
1035 3040 1282 3097 ultiones.
1324 3040 1435 3097 Nec
1464 3054 1582 3094 cum
1606 3037 1898 3093 hominibus

313 3133 660 3206 ﬂagelluntur,
692 3135 781 3205 qui
808 3149 929 3190 cum
961 3135 1280 3207 sequacibus
1309 3133 1421 3190 suis
1450 3133 1627 3187 divina
1650 3131 1900 3202 jussione

313 3226 601 3282 damnandi
622 3236 766 3282 sunt.
787 3224 1084 3284 Tribulatio
1100 3227 1368 3300 siquidem
1392 3226 1543 3284 istius
1564 3226 1744 3282 saeculi
1772 3225 1902 3280 lide-

1986 2017 2225 2073 lacinora
2260 2018 2489 2088 cogitata
2529 2018 2791 2089 divulgat.
2840 2017 2972 2074 Illud
3006 2022 3249 2075 maxime
3287 2019 3427 2091 quod
3457 2031 3579 2074 sen-

1976 2112 2122 2169 sisse
2166 2111 2432 2168 nefarium
2475 2121 2596 2179 est,
2642 2113 2843 2169 dixisse
2882 2112 3243 2184 sacrilegium.
3300 2112 3577 2184 Sequitur,

1986 2205 2307 2275 iniquitatem
2356 2205 2413 2259 in
2463 2202 2686 2260 Excelsa
2736 2204 2894 2260 locuti
2943 2215 3083 2261 sunt.
3143 2205 3255 2261 Hoc
3304 2213 3390 2260 est
3438 2205 3581 2276 quod

1992 2311 2145 2352 mens
2176 2296 2378 2365 perlida
2414 2298 2776 2368 parturiebat,
2810 2306 2867 2352 ut
2895 2305 3082 2353 contra
3113 2311 3267 2352 suum
3297 2306 3579 2353 auctorem

1990 2388 2304 2459 blaspheme
2344 2389 2511 2445 verba
2563 2390 2903 2460 loqueretur;
2957 2399 3015 2446 ut
3060 2389 3211 2445 illum
3261 2404 3420 2461 quem
3470 2390 3582 2445 lau~

1993 2483 2123 2540 dare
2151 2498 2311 2540 nemo
2340 2483 2502 2555 digne
2528 2484 2751 2552 suflicit,
2778 2484 2844 2540 ad
2875 2485 3010 2542 iram
3038 2496 3295 2557 provocet
3325 2486 3583 2558 injuriosa

1993 2576 2308 2647 loquacitas.

2072 2669 2222 2726 Vers.
2248 2669 2300 2726 9.
2334 2666 2626 2725 Posuerunt
2647 2670 2705 2725 in
2732 2672 2857 2727 ratio
2881 2671 2988 2746 [ed.
3003 2718 3017 2743 ,
3041 2673 3094 2727 in
3114 2674 3317 2746 caelum]
3339 2690 3395 2729 os
3414 2690 3586 2743 suum,

1996 2771 2045 2818 et
2072 2761 2254 2832 lingua
2280 2778 2456 2815 eorum
2490 2763 2721 2817 transivit
2749 2780 2901 2834 super
2925 2772 3138 2820 terram.
3191 2764 3349 2821 Ponit
3377 2767 3434 2821 in
3462 2765 3587 2821 calo

1998 2871 2227 2912 ossuum
2255 2856 2346 2925 qui
2374 2855 2594 2923 Jovem,
2627 2856 2945 2913 Mercurium
2965 2905 2978 2927 ,
3007 2868 3309 2930 caeteraqne
3341 2867 3588 2930 portenta

1998 2965 2119 3021 quae
2165 2950 2383 3004 numina
2432 2949 2543 3005 Deo
2581 2957 2730 3020 putat
2776 2964 2898 3007 esse
2943 2950 3161 3007 similia.
3210 2950 3364 3008 Ponit
3422 2952 3587 3008 etiam

1998 3042 2055 3098 in
2077 3039 2203 3096 cmlo
2230 3057 2285 3096 os
2313 3057 2463 3096 suum
2491 3041 2583 3112 qni
2609 3057 2695 3097 res
2725 3042 2989 3100 humanas
3014 3044 3292 3116 tyrannica
3316 3043 3591 3101 voluntate

2003 3142 2406 3205 transgressus,
2453 3134 2716 3190 malorum
2764 3151 2983 3191 suorum
3031 3136 3239 3193 nullum
3286 3137 3401 3192 lore
3442 3146 3593 3208 putat

2012 3227 2279 3293 ultorem;
2328 3226 2425 3281 sed
2467 3226 2646 3295 potius
2686 3226 2920 3295 superba
2964 3226 3244 3299 iniquitate
3284 3227 3591 3298 subjectus,

310 3316 458 3373 libus
483 3319 658 3373 votiva
682 3320 947 3375 correctio
973 3328 1077 3384 est,
1100 3334 1258 3390 quam
1289 3317 1440 3389 impii
1463 3333 1568 3374 non
1591 3317 1898 3389 accipiunt,
1930 3309 1980 3376 C
2010 3317 2178 3376 Deum
2210 3318 2382 3375 credit
2432 3333 2540 3374 non
2570 3334 2901 3390 cognoscere
2943 3321 3085 3391 quod
3140 3320 3321 3378 dlﬂ’ert
3360 3321 3414 3376 in
3452 3329 3594 3376 tem-

312 3412 568 3482 quoniam
597 3426 627 3466 a
656 3409 844 3467 futuris
871 3410 1184 3469 muneribus
1207 3412 1554 3468 arcebuntur.

392 3503 547 3561 Vers.
571 3506 624 3562 6.
660 3504 785 3561 Ideo
810 3506 973 3561 tenuit
995 3522 1081 3562 eos
1106 3506 1347 3577 superbia
1370 3520 1574 3571 eorum;
1605 3505 1767 3577 operti
1791 3514 1907 3561 sunt

314 3599 590 3669 iniquitate
614 3608 661 3654 et
681 3599 937 3669 impietate
960 3617 1074 3655 sua.
1103 3600 1447 3656 lntendamus
1468 3616 1573 3670 quo
1594 3599 1909 3671 pervenerit

318 3703 665 3763 peccatorum
694 3693 933 3749 resoluta
962 3694 1242 3759 securitas,
1276 3701 1332 3750 et
1355 3692 1666 3749 desinamus
1695 3692 1908 3748 illorum

320 3784 532 3855 gaudiis
560 3784 825 3854 invidere,
872 3802 1007 3857 quos
1056 3788 1108 3843 in
1158 3786 1365 3843 foveam
1414 3776 1791 3856 cognoscimus
1840 3787 1911 3841 ir-

319 3877 519 3931 ruisse.
577 3875 837 3931 Malorum
887 3877 1085 3947 quippe
1134 3876 1356 3934 libertas
1407 3876 1619 3932 confert
1666 3876 1912 3932 absolute

320 3969 651 4040 Superbiam,
678 3968 804 4025 dum
828 3978 1194 4041 contemptum
1221 3985 1436 4041 semper
1459 3968 1622 4025 nutrit
1649 3969 1916 4040 impunita

324 4064 670 4133 protervitas,
704 4070 758 4119 et
787 4062 1090 4134 subjectum
1122 4078 1183 4119 se
1209 4064 1366 4119 malis
1414 4079 1536 4120 esse
1584 4078 1690 4120 non
1721 4063 1914 4129 credit,

330 4158 422 4226 qni
453 4156 579 4211 nihil
605 4157 742 4227 quod
772 4154 989 4213 obviare
1014 4156 1179 4228 possit
1201 4157 1497 4227 expaverit.
1529 4156 1716 4211 Tenuit
1737 4164 1916 4211 autem

328 4247 384 4302 di
396 4248 485 4310 xit,
519 4247 569 4302 id
592 4259 692 4318 est,
720 4233 873 4320 quasi
899 4249 1217 4320 quibusdatn
1243 4248 1491 4304 manibus
1522 4248 1913 4320 apprehendit,

329 4341 552 4397 utclabi
584 4352 874 4414 nequeant,
924 4358 1047 4399 cum
1091 4345 1203 4415 jam
1250 4350 1502 4398 tenentur
1526 4343 1758 4399 astricti.
1814 4342 1920 4399 Su-

329 4437 505 4507 perbia
527 4453 700 4491 eorum
725 4437 877 4503 dixit,
904 4453 1023 4508 qua:
1053 4453 1239 4495 revera
1265 4437 1461 4493 diaboli
1486 4448 1603 4505 est;
1637 4438 1753 4508 ipso
1777 4438 1921 4492 enim

329 4541 552 4587 auctore
580 4530 683 4586 hoc
713 4530 918 4587 facinus
950 4530 1195 4601 exstitit,
1241 4531 1381 4601 quod
1410 4546 1532 4585 cum
1571 4539 1771 4585 aeterna
1799 4545 1923 4585 cru-

329 4624 563 4679 ciatione
593 4622 880 4679 damnavit.
926 4622 1200 4694 Sequitur,
1232 4624 1397 4693 aperti
1424 4630 1542 4677 sunt
1572 4622 1841 4693 iniquitate
1872 4632 1922 4677 et

1917 3461 1923 3466 .
2004 3425 2143 3482 pore
2174 3409 2466 3465 vindicare.
2522 3408 2795 3479 Sequitur,
2837 3421 2888 3465 et
2914 3410 3098 3483 lingua
3136 3427 3318 3467 eorum
3363 3410 3596 3465 transiuit

2009 3519 2161 3577 super
2183 3511 2388 3557 terram.
2423 3502 2593 3573 Super
2615 3512 2800 3558 terram
2828 3501 3014 3574 utique
3038 3510 3324 3571 transeunt,
3345 3501 3436 3572 qui
3459 3500 3595 3557 ultra

2012 3612 2317 3654 mensuram
2348 3596 2698 3652 humanitatis
2725 3597 3054 3668 loquuntur;
3097 3604 3154 3653 et
3177 3596 3304 3652 dum
3343 3595 3452 3651 sint
3486 3595 3596 3666 ipsi

2014 3688 2380 3746 imbecillitate
2407 3687 2646 3760 fragiles,
2677 3696 2863 3746 tenere
2888 3703 2950 3745 se
2975 3689 3309 3746 immortales
3332 3688 3600 3745 mstimant

2014 3780 2319 3852 dignitates.

2088 3874 2243 3931 Vers.
2276 3876 2365 3933 10.
2396 3873 2525 3930 Ideo
2551 3882 2828 3929 revertetur
2854 3875 2955 3929 huc
2983 3874 3205 3945 populus
3228 3888 3392 3942 meus,
3420 3882 3468 3927 et
3493 3873 3600 3927 dies

2018 3970 2156 4039 pleni
2178 3970 2496 4025 invenientur
2518 3971 2573 4022 in
2598 3969 2693 4023 eis.
2723 3968 3012 4039 Postquam
3040 3968 3302 4023 malorum
3332 3967 3602 4023 licentiam

2018 4062 2306 4133 descripsit
2344 4072 2398 4117 et
2434 4061 2854 4118 consuetudines
2897 4062 3279 4132 pessimorum,
3329 4078 3470 4119 nunc
3510 4077 3604 4119 νοι-

2020 4156 2178 4211 nicas
2219 4156 2288 4209 ad
2333 4154 2621 4211 secundam
2654 4164 2883 4226 partem,
2935 4156 3001 4210 ad
3032 4156 3173 4211 viam
3203 4155 3448 4211 veritatis
3479 4156 3603 4212 ideo

2020 4263 2338 4303 reuersurum
2365 4248 2615 4320 populum
2636 4248 2788 4315 dicit,
2810 4248 3064 4319 quoniam
3096 4248 3305 4304 Domini
3338 4248 3606 4304 illumina-

2024 4341 2168 4396 tione
2187 4340 2537 4411 complendus
2556 4349 2659 4397 est.
2689 4341 2801 4398 Sed
2828 4340 2955 4412 quia
2985 4341 3104 4399 illos
3130 4358 3355 4399 reversos
3384 4342 3608 4399 dicimus

2024 4434 2116 4506 qni
2141 4434 2210 4489 de
2238 4433 2367 4490 locis
2395 4433 2693 4504 patrioticis
2732 4434 3012 4502 exierunt,
3055 4450 3349 4505 congruum
3377 4444 3463 4492 est
3488 4435 3608 4490 illos

2027 4528 2255 4599 populos
2284 4528 2372 4584 hic
2399 4528 2703 4600 advertere,
2729 4530 2820 4600 qui
2850 4530 3140 4601 aliquando
3170 4531 3223 4585 in
3256 4538 3471 4599 accepta
3504 4530 3609 4585 Do-

2027 4623 2157 4678 mini
2188 4623 2307 4693 lege
2336 4632 2673 4689 manserunt,
2700 4623 2797 4678 sed
2845 4638 2943 4693 per
2974 4624 3125 4677 varia
3153 4623 3423 4677 desideria
3453 4637 3607 4677 mun-

332 4716 590 4786 impietate
615 4733 729 4770 sua.
782 4714 839 4773 Si
866 4715 1089 4772 dixisset
1118 4714 1334 4783 amicti,
1383 4724 1532 4771 esset
1560 4715 1664 4770 illis
1693 4713 1917 4770 forsitan
1947 4712 2000 4775 ι)
2025 4715 2162 4771 dana
2190 4714 2420 4784 dispersi
2454 4723 2615 4783 sunt,
2662 4724 2718 4769 et
2768 4714 2966 4769 iterum
3013 4713 3245 4770 correcti
3291 4714 3357 4769 ad
3400 4714 3610 4770 Domini

330 4811 417 4863 vel
455 4808 682 4863 liberum
710 4816 908 4879 caput;
941 4808 1035 4864 sed
1067 4823 1188 4865 cum
1217 4807 1350 4864 dicit
1376 4816 1601 4876 opertos,
1646 4816 1785 4863 totos
1825 4821 1920 4863 eos

333 4899 695 4971 intelligamus
738 4914 859 4957 esse
901 4899 1200 4956 demersos.
1254 4897 1514 4970 Iniquitas
1552 4899 1699 4955 enim
1745 4906 1922 4969 potest

335 5011 456 5053 esse
476 4995 764 5052 mediocris
787 5012 802 5063 ;
828 4995 922 5051 sed
946 4995 1149 5051 addidit
1169 4995 1497 5066 impietatem,
1519 5008 1638 5066 quae
1661 4994 1919 5049 malorum

337 5089 579 5144 omnium
603 5088 859 5160 probatur
877 5097 1138 5146 extrema.
1168 5090 1235 5144 Et
1253 5088 1534 5144 considera
1558 5088 1811 5159 quoniam
1838 5086 1925 5143 hic

337 5195 530 5239 versus
558 5190 614 5239 et
660 5183 1049 5255 subsequentes
1096 5182 1359 5240 malorum
1398 5181 1604 5238 scelera
1634 5194 1923 5252 moresque

338 5272 674 5335 describunt.

418 5366 571 5425 Vers.
597 5368 650 5427 7.
698 5366 905 5427 Prodiit
932 5366 1058 5444 [ms.
1086 5368 1178 5436 6.,
1205 5366 1454 5441 provenit]
1482 5369 1634 5440 quasi
1674 5384 1737 5424 ea:
1775 5367 1929 5438 adipe

338 5460 585 5533 iniquitas
612 5477 826 5532 eorum;
868 5463 1181 5519 transierunt
1220 5462 1275 5517 in
1314 5462 1702 5535 dispositionem
1727 5460 1923 5516 cordis.

341 5552 427 5612 Ex
452 5554 624 5612 macie
668 5555 917 5627 provenit
957 5555 1189 5623 malitia,
1227 5555 1438 5627 quando
1485 5554 1663 5613 scelus
1711 5554 1925 5625 aliquod

340 5650 625 5723 quisquam
665 5650 950 5707 mundanis
985 5650 1176 5722 opibus
1203 5649 1478 5705 desolatus
1510 5647 1801 5717 excogitat.
1844 5646 1931 5703 Ea:

342 5742 694 5815 adipeautem
726 5742 964 5811 procedit
983 5743 1246 5811 iniquitas,
1270 5743 1484 5813 quando
1510 5742 1566 5796 hi
1591 5741 1683 5812 qui
1707 5740 1933 5797 afﬂuen-

344 5834 417 5889 tia
440 5833 725 5911 praesentis
746 5833 953 5901 saeculi,
971 5832 1199 5890 Domino
1226 5842 1533 5904 praestante,
1554 5831 1743 5903 repleti
1774 5839 1924 5900 sunt,

346 5911 634 6000 quidquam
665 5928 718 5985 in
745 5928 979 5985 divinam
1007 5927 1392 5985 detractionem
1423 5926 1763 5992 delinquunt.
1799 5925 1927 5984 Pin-

2025 4818 2295 4880 prmeepla
2306 4807 2611 4866 redierunt.
2640 4808 2981 4879 QuaprOptcr
2997 4807 3172 4879 Λεαρή
3197 4808 3338 4862 hunc
3364 4810 3609 4879 populum

2023 4903 2095 4960 ad
2143 4918 2203 4959 se
2247 4902 2473 4959 rediisse
2516 4902 2680 4974 dicit,
2727 4906 2821 4972 qui
2871 4900 2940 4956 ad
2991 4900 3319 4971 agnitionem
3347 4902 3611 4973 veritatis,

2027 4995 2254 5053 Domino
2297 5003 2617 5067 praestante,
2663 5008 2915 5052 reversus
2944 5004 3050 5049 est.
3102 4992 3377 5063 Sequitur,
3424 5003 3473 5049 et
3508 4996 3615 5049 dies

2025 5090 2171 5161 pleni
2193 5091 2513 5148 invenientur
2538 5091 2593 5145 in
2619 5091 2715 5147 eis.
2746 5086 2871 5143 Dies
2892 5086 3055 5160 253
3075 5087 3212 5159 pleni
3234 5096 3381 5158 sunt,
3400 5090 3613 5161 quando

2031 5185 2276 5242 Christus
2326 5186 2585 5241 Dominus
2632 5185 2685 5239 in
2735 5183 3067 5253 plenitudine
3114 5187 3406 5255 temporis,
3444 5202 3609 5260 quam

2022 5278 2315 5349 prepltette
2343 5278 2687 5341 cecinerunt,
2726 5275 2984 5332 advenire
3025 5274 3271 5349 dignatus
3300 5288 3421 5346 est;
3476 5280 3617 5335 sicut

2032 5369 2328 5440 Apostolus
2347 5368 2476 5424 dicit
2501 5384 2516 5422 :
2547 5366 2676 5424 Cum
2703 5374 2875 5422 autem
2896 5369 3034 5424 venit
3050 5367 3328 5441 plenitudo
3353 5371 3614 5439 temporis,

2020 5463 2169 5517 .ntisit
2210 5460 2350 5516 Deus
2392 5458 2589 5515 Filium
2630 5475 2783 5514 suum
2812 5459 3014 5533 (Galat.
3048 5476 3124 5525 tv,
3156 5459 3237 5532 4).
3282 5454 3439 5517 Tune
3490 5475 3621 5533 ergo

2032 5555 2144 5610 dies
2171 5554 2307 5627 pleni
2342 5552 2621 5609 Iudaicum
2664 5553 2921 5624 populum
2961 5553 3306 5624 perfidia-sua
3333 5564 3616 5611 vacuatqu

2032 5656 2386 5718 repererunt,
2434 5646 2649 5717 quando
2692 5647 2832 5703 inter
2860 5661 2954 5703 eos
2981 5647 3147 5717 aliqui
3177 5647 3341 5703 corde
3370 5645 3610 5703 revelato

2032 5739 2303 5797 Christum
2333 5739 2617 5794 Dominum
2648 5740 2965 5810 conspicere
2993 5746 3331 5795 meruerunt.

2105 5831 2262 5887 Vers.
2282 5832 2372 5887 11.
2406 5829 2476 5887 Et
2504 5831 2786 5887 dixerunt:
2820 5831 3089 5899 Quomodo
3117 5830 3260 5885 sciuit
3284 5824 3423 5883 Deus
3444 5842 3466 5883 :
3493 5836 3542 5883 et
3568 5828 3619 5886 si

2024 5935 2107 5986 est
2133 5926 2342 5983 scientia
2368 5926 2424 5983 in
2450 5923 2711 5983 Excelsa?
2760 5925 2883 5982 Illos
2912 5938 3048 5992 quos
3076 5923 3326 5991 superius
3354 5932 3616 5981 reversos
