4020 6348
440 344 545 404 519

1654 334 1729 397 Μ.
1766 332 2049 397 'AURELI!
2084 328 2483 397 CASSIODORI

3627 332 3747 391 5%

442 472 569 518 esse
595 463 946 527 memoravit,
990 466 1132 514 nunc
1156 462 1230 513 ‘ex
1250 463 1363 525 qua
1392 453 1719 526 cogitatione
1748 462 2029 511 transeant
2057 457 2109 518 Α
2135 452 2499 511 succenderit.
2548 448 2826 522 Sequitur,
2874 456 2922 505 et
2964 448 3119 505 index
3163 463 3307 505 meus
3349 448 3407 503 in
3450 450 3741 506 matutino.

440 552 724 623 evidenter
752 551 998 623 exponit;
1031 558 1091 606 ut
1117 548 1332 606 Domini
1376 548 1755 605 misericordia
1781 547 2030 605 declare-

444 656 553 715 tur,
576 647 670 721 qui
694 647 760 703 de
782 644 1112 715 blasphemis
1133 642 1262 699 facit
1277 643 1470 713 iustos,
1487 642 1634 699 etde
1657 642 2034 713 insipientibus

450 742 634 813 populi
684 739 974 812 prudentes
1018 735 1184 794 efficit
1228 748 1294 791 ac
1337 734 1581 791 devotos.
1640 734 2035 791 Dubitaverunt

443 838 590 894 enim
616 834 804 892 sciisse
830 834 999 889 Deum
1031 840 1111 888 tot
1149 831 1294 886 mala
1333 828 1783 886 sceleratissimos
1807 825 2035 884 commi-

446 930 603 995 sisse,
632 927 827 999 quibus
859 925 1117 983 videbant
1154 923 1336 981 omnia
1385 922 1569 979 mundi
1621 921 1859 979 secunda
1905 936 2032 992 pro-

446 1021 675 1077 venire:
710 1018 1017 1076 nescientes
1044 1031 1234 1088 pinnas
1275 1030 1373 1073 eos
1416 1016 1696 1086 graviores
1735 1014 2033 1079 incurrere,

444 1115 538 1186 qui
568 1112 750 1169 tandiu
790 1112 1119 1183 exspecutti,
1166 1112 1221 1166 in
1251 1125 1348 1167 sua
1377 1106 1588 1181 probati
1626 1114 1754 1163 sunt
1794 1107 2033 1164 obstina-

445 1210 593 1275 tione
613 1205 905 1271 mansisse;
939 1204 1081 1260 sicut
1099 1210 1155 1259 et
1174 1201 1561 1273 nonagesimus
1581 1198 1771 1256 tertius
1795 1200 2036 1270 psalmus

445 1300 577 1357 dicit
604 1299 675 1355 de
704 1296 941 1353 talibus:
974 1296 1045 1351 Et
1072 1295 1353 1350 dixerunt:
1387 1292 1514 1348 Non
1544 1292 1729 1347 videbit
1754 1288 2032 1359 Dominus,

447 1409 540 1449 nec
579 1379 829 1462 intelliget
867 1388 1005 1445 Deus
1039 1387 1203 1443 Jacob
1234 1386 1406 1458 (Psal.
1437 1399 1595 1453 xcnt,
1627 1385 1709 1455 7).
1759 1383 2032 1455 Sequitur,

447 1497 494 1544 et
521 1487 566 1542 si
592 1497 666 1543 est
693 1486 909 1541 scientia
934 1484 990 1540 in
1019 1481 1283 1540 Excelsa?
1326 1481 1681 1553 BlaSpbemus
1710 1481 1817 1539 iste
1842 1493 2034 1537 sensus

449 1590 568 1647 est,
607 1587 663 1634 et
706 1579 761 1634 in
792 1576 1062 1648 insipienti
1094 1574 1373 1632 voluntate
1402 1581 1725 1645 conceptus,
1759 1573 2039 1630 dubitasse

448 1677 729 1734 scientiam
759 1689 880 1732 esse
919 1674 975 1731 in
1012 1688 1080 1731 eo
1120 1673 1210 1744 qui
1243 1671 1567 1745 sapientiam
1601 1671 1838 1726 humano
1866 1670 2036 1726 donat

449 1768 685 1839 ingenio,
717 1766 807 1839 qui
835 1775 890 1823 et
917 1764 1140 1837 angelos
1169 1764 1339 1836 ipsos,
1370 1772 1425 1821 et
1451 1770 1747 1835 potestates
1775 1762 2036 1819 cmlorum

2135 546 2277 603 Ecce
2294 544 2408 616 jam
2434 544 2503 599 ad
2531 543 2847 614 temperiem
2875 542 3121 599 sanitatis
3148 540 3345 607 rediit,
3380 540 3474 613 qui
3504 542 3747 597 morbo-

2134 638 2211 695 sis
2233 636 2502 694 caloribus
2526 635 2808 692 aestuabat.
2858 632 3095 689 Indicem
3132 628 3263 688 dicit
3299 630 3405 688 sibi
3435 629 3744 687 Dominum

2134 729 2429 797 Christum,
2459 729 2549 801 qui
2572 728 2728 785 nobis
2752 727 2893 783 viam
2914 726 3158 782 veritatis
3181 721 3507 795 evangelicis
3531 723 3747 793 praedi-

2135 822 2437 879 cationibus
2464 820 2750 889 indicavit;
2781 827 2839 877 et
2868 827 3111 891 tempore
3136 817 3388 873 matutino
3412 830 3752 887 resurgens.

2136 930 2289 988 spem
2316 924 2554 973 nostram
2584 916 2653 972 de
2678 914 2783 972 isto
2808 914 3011 971 mundo
3035 913 3319 981 auferens,
3363 911 3431 968 ad
3460 911 3640 968 coelor
3654 926 3753 965 uin

2138 1025 2304 1083 regna
2332 1009 2622 1081 protendit.

2215 1124 2483 1181 Vers.15.
2538 1123 2600 1181 Si
2645 1126 2926 1181 dicebam:
2965 1122 3209 1181 Narrabo
3255 1122 3331 1179 sic
3360 1137 3380 1176 :
3423 1137 3541 1177 ecce
3589 1120 3744 1177 natio

2138 1217 2363 1286 ﬁliorum
2409 1226 2644 1285 tuorum,
2689 1220 2776 1272 cui
2818 1217 3068 1289 disposui.
3116 1214 3234 1272 Jam
3280 1215 3456 1272 vicina
3500 1215 3744 1273 veritate

2138 1309 2498 1367 commonitus
2527 1323 2711 1368 secum
2740 1309 2856 1382 ipse
2884 1309 3169 1376 deliberat,
3200 1317 3257 1365 et
3284 1308 3353 1365 ad
3383 1316 3589 1365 tantam
3616 1324 3740 1367 rem

2140 1402 2428 1473 perductus
2478 1403 2805 1474 cogitatione
2855 1403 3135 1475 multiplici
3191 1402 3439 1460 ﬂuctuat.
3498 1403 3739 1460 Dicebat

2139 1493 2330 1551 enim:
2375 1495 2433 1554 Si
2472 1496 2860 1553 annuntiavero
2905 1495 3050 1568 plebi
3097 1496 3271 1553 Deum
3319 1496 3573 1554 mortalia
3619 1512 3738 1553 non

2138 1599 2357 1655 curare,
2401 1602 2687 1645 occurrere
2719 1586 2821 1645 sibi
2856 1596 3009 1659 putat
3044 1587 3457 1659 praedicationes
3495 1589 3733 1659 priores,

2140 1693 2272 1751 quas
2299 1678 2554 1737 Israelitis
2598 1688 2723 1736 ante
2765 1680 3127 1752 praedixerat,
3172 1690 3231 1736 ut
3256 1680 3425 1737 Deum
3451 1680 3731 1749 colerent,

2140 1769 2263 1828 caeli
2294 1780 2561 1843 terraeque
2588 1770 2923 1841 Creatorem,
2964 1771 3056 1843 qui
3094 1786 3192 1842 per
3217 1787 3371 1829 suam
3400 1772 3733 1843 sapientiam

450 1860 803 1933 providentia:
832 1860 954 1916 luce
981 1858 1292 1929 locupletat.
1338 1857 1515 1915 Scitus
1545 1856 1689 1913 enim
1726 1856 1903 1913 dictus
1929 1864 2036 1925 est,
2065 1848 2117 1913 B
2141 1864 2393 1921 universa
2416 1864 2673 1936 disponit,
2694 1866 2848 1924 bonis
2871 1865 3130 1938 malisque
3152 1881 3249 1938 pro
3269 1881 3494 1923 suorum
3512 1864 3733 1926 actuum

450 1955 602 2025 quasi
644 1952 787 2010 scire
827 1954 989 2011 citus.
1042 1951 1202 2009 Unde
1243 1965 1403 2023 supra
1438 1958 1765 2008 memoratus
1795 1950 2035 2022 psalmus

451 2048 622 2105 dicit:
669 2046 771 2114 Qui
821 2044 1070 2116 plantavit
1117 2059 1294 2100 aurem
1340 2059 1446 2097 non
1490 2042 1705 2111 audiet,
1755 2041 1842 2112 qui
1887 2041 2037 2109 ﬁnxit

451 2141 654 2197 oculum
681 2156 785 2195 non
811 2139 1125 2207 considerat,
1165 2136 1256 2209 qui
1282 2134 1497 2207 corripit
1525 2142 1697 2207 gentes
1725 2150 1829 2190 non
1856 2141 2038 2205 arguet

450 2234 638 2307 (Ibid.,
670 2233 755 2303 9)?

524 2328 676 2385 Vers.
704 2327 792 2385 12.
826 2326 960 2383 Ecce
988 2326 1086 2399 ipsi
1118 2332 1407 2395 peccatores
1437 2330 1486 2378 et
1512 2322 1833 2378 abundantes
1858 2322 1914 2375 in
1942 2334 2047 2376 ste-7

451 2423 564 2478 cuto
612 2420 939 2477 obtinuerunt
990 2417 1215 2474 divitias.
1266 2415 1544 2473 Proditum
1587 2423 1672 2472 est
1714 2412 1855 2485 quod
1903 2412 2040 2469 insi-

451 2516 711 2587 pientium
731 2513 894 2570 corda
914 2511 1185 2583 fatigabat,
1208 2524 1438 2580 quorum
1458 2506 1797 2564 ratiocinatio
1817 2515 1903 2562 est
1923 2504 2041 2561 sine

452 2606 682 2677 ratione,
727 2614 987 2663 tractatus
1032 2604 1152 2660 sine
1196 2602 1445 2670 consilio,
1489 2600 1744 2672 cogitatio
1786 2598 1903 2655 sine
1950 2611 2040 2653 sa-

452 2714 618 2772 pore;
649 2707 706 2756 ut
734 2698 857 2755 ideo
881 2710 988 2753 non
1017 2703 1229 2768 putaret
1254 2694 1424 2751 Deum
1456 2691 1645 2749 sciisse
1672 2690 1815 2763 quod
1839 2688 2038 2761 agitur,

452 2793 573 2863 quia
601 2799 911 2863 peccatores
929 2788 1147 2845 divitias
1170 2786 1549 2859 possidebant;
1579 2784 1733 2854 quasi
1755 2782 1861 2838 illis
1882 2779 2043 2852 iustis

452 2898 516 2941 ac
556 2882 811 2941 fidelibus
842 2882 970 2939 talia
1016 2881 1088 2938 sit
1126 2880 1421 2951 pollicitus,
1462 2884 1517 2934 et
1558 2891 1668 2932 non
1708 2875 1879 2946 magis
1908 2887 2043 2945 pau-

453 2991 610 3051 pares
637 2977 693 3033 in
727 2974 929 3033 mundo
956 2989 1079 3031 esse
1102 2972 1305 3042 voluit,
1345 2969 1541 3042 quibus
1579 2968 1838 3026 coelorum
1875 2978 2039 3038 regna

455 3070 717 3142 promisit.

2139 1956 2397 2028 qualitate
2434 1960 2744 2015 restituens.
2799 1958 3081 2028 Quomodo
3128 1973 3258 2030 ergo
3307 1967 3523 2029 poterat
3573 1958 3732 2014 aliter

2140 2064 2372 2116 narrare,
2400 2049 2493 2118 qui
2523 2048 2645 2104 talia
2669 2049 2817 2104 visus
2846 2058 2930 2104 est
2955 2057 3079 2106 ante
3102 2048 3396 2104 docuisse?

2198 2142 2367 2201 Wars.
2400 2141 2489 2199 16.
2529 2140 2902 2198 Existimabam
2937 2150 2991 2197 ut
3030 2158 3408 2215 cognoscerem,
3447 2142 3546 2196 Itoc
3589 2140 3733 2195 labor

2141 2246 2216 2293 est
2263 2244 2384 2291 ante
2427 2252 2525 2292 me.
2584 2235 2796 2292 Primus
2838 2234 3036 2307 gradus
3082 2244 3165 2291 est
3206 2234 3470 2304 scientiae,
3517 2234 3736 2305 quando

2141 2329 2465 2399 eruperimus
2492 2328 2793 2399 intelligere
2821 2328 3043 2385 minime
3070 2342 3262 2398 nosse,
3303 2328 3448 2400 quod
3478 2338 3605 2385 ante
3633 2342 3735 2384 nos

2142 2422 2282 2478 scire
2312 2421 2653 2493 putabamus.
2698 2420 2853 2477 Prius
2881 2420 3026 2477 enim
3054 2430 3398 2492 persuaserat
3424 2421 3528 2477 sibi
3556 2420 3731 2477 Deum

2144 2529 2253 2570 non
2299 2529 2493 2571 curare
2537 2515 2819 2583 mortalia,
2870 2514 3123 2586 quoniam
3172 2524 3485 2585 peccatores
3516 2514 3735 2572 videbat

2144 2605 2357 2663 divitias
2386 2605 2698 2677 possidere;
2746 2605 2906 2662 modo
2936 2614 3112 2662 autem
3141 2606 3401 2662 existimat
3440 2620 3565 2663 esse
3590 2620 3733 2677 qua:-

2145 2697 2371 2754 rendum
2390 2738 2406 2767 ,
2444 2706 2506 2753 ut
2528 2699 2811 2754 veritatem
2838 2698 2916 2754 rei
2946 2708 3220 2756 mereatur
3245 2714 3562 2771 agnoscam.
3595 2700 3734 2756 Cou-

2095 2861 2108 2876 .
2145 2798 2251 2848 stat
2279 2805 2409 2862 ergo
2434 2789 2770 2862 repudiatum
2803 2792 3039 2861 priorem
3068 2806 3318 2861 sensum,
3351 2793 3567 2864 quando
3597 2792 3733 2850 alter

2146 2891 2208 2941 ut
2235 2892 2554 2956 agnoscatur
2578 2880 2898 2954 exquiritur.
2927 2883 3202 2955 Sequitur,
3224 2883 3321 2939 hoc
3345 2883 3490 2939 labor
3513 2895 3588 2939 est
3614 2893 3733 2939 ante

2145 2994 2248 3033 me.
2298 2975 2507 3034 Revera
2550 2977 2797 3034 aestuanti
2840 2976 3168 3034 laboriosum
3210 2985 3327 3033 erat
3368 2984 3574 3033 tantam
3618 2993 3736 3033 rem

2148 3069 2325 3128 lucida
2350 3072 2577 3127 veritate
2612 3084 2977 3142 cognoscere;
3018 3079 3079 3128 ut
3106 3082 3159 3128 et
3188 3070 3577 3142 prosperitates
3615 3083 3734 3140 pec.

527 3160 680 3220 Vers.
712 3160 798 3217 1⁵5.
842 3158 913 3213 Et
938 3157 1090 3215 dixi:
1128 3155 1271 3227 Ergo
1300 3155 1408 3210 sine
1445 3167 1606 3209 causa
1633 3150 1922 3222 justificavi
1958 3166 2043 3239 car

2150 3172 2389 3221 calorum
2415 3163 2750 3235 despiceret,
2798 3172 2854 3220 et
2897 3163 3113 3220 Domini
3149 3163 3464 3247 patientiam
3496 3162 3738 3218 veritatis

454 3271 651 3327 meum,
678 3264 726 3311 et
755 3254 860 3310 lavi
885 3256 1017 3309 inter
1039 3255 1334 3308 innocentes
1367 3264 1549 3304 ηιαηιιε
1577 3263 1717 3303 metu
1738 3248 1763 3303 ἵ
1787 3247 1960 3319 Amph
1987 3261 2047 3305 se
2073 3249 2121 3314 C
2151 3258 2321 3329 ipsius
2348 3248 2775 3316 consideratione
2801 3258 3063 3315 laudaret.
3095 3259 3224 3313 Ante
3248 3274 3362 3326 me,
3389 3256 3535 3329 quod
3565 3256 3735 3324 dixit,

453 3362 667 3421 quoque
691 3345 850 3402 fatuis
874 3342 1286 3416 cogitationibus
1312 3341 1597 3413 profitetur
1621 3338 1872 3406 illusum;
1902 3340 2044 3398 sicut

454 3440 702 3512 superius
730 3439 902 3496 dixit:
937 3438 1041 3494 Mei
1070 3447 1239 3494 autem
1265 3452 1392 3508 pene
1419 3436 1545 3491 moti
1569 3444 1690 3493 sunt
1719 3436 1893 3508 pedes,
1919 3452 2045 3506 pene

456 3532 606 3603 sﬂ'usi
633 3540 750 3589 sunt
776 3547 978 3604 gressus
1005 3530 1138 3596 mei;
1176 3537 1237 3586 ut
1260 3544 1383 3586 cum
1411 3542 1472 3585 se
1500 3529 1781 3600 profitetur
1806 3528 1932 3584 talia
1960 3542 2046 3585 re-

456 3626 730 3700 pudiasse,
756 3624 810 3682 in
837 3624 1037 3682 nostris
1063 3623 1312 3680 sensibus
1339 3635 1529 3692 pravas
1556 3620 1910 3694 cegitationes
1937 3635 2047 3678 non

458 3720 601 3775 sinat
628 3719 890 3775 ullatenus
919 3716 1167 3774 introire.
1200 3716 1539 3788 Quapropter
1563 3716 1896 3787 increpative
1921 3730 2046 3787 pro-

458 3812 809 3870 nuntiandum
831 3794 945 3868 est:
970 3810 1113 3884 Ergo
1133 3813 1242 3866 sine
1259 3825 1415 3865 causa
1431 3808 1713 3881 justiﬁcavi
1733 3824 1823 3864 cor
1842 3808 2048 3864 meum?

459 3906 613 3975 quasi
639 3905 783 3961 inani
814 3919 911 3975 spe
936 3904 1132 3977 aliquis
1173 3917 1234 3960 se
1271 3910 1423 3973 putet
1460 3902 1701 3971 elusum,
1749 3903 1796 3958 si
1842 3902 1897 3957 in
1942 3900 2047 3958 hoc

460 3997 559 4053 sibi
581 3997 779 4053 mundo
797 3996 1026 4053 fructum
1045 3995 1266 4068 iustitiae
1286 4010 1396 4052 non
1413 3995 1609 4052 sentiat
1628 4009 1750 4052 esse
1767 3994 2045 4052 collatum.

462 4087 631 4143 Causa
660 4089 802 4145 enim
831 4104 863 4145 a
889 4102 1018 4145 casu
1063 4087 1205 4145 dicta
1251 4097 1367 4159 est,
1417 4088 1560 4159 quod
1606 4102 1752 4159 saepe
1782 4088 1920 4146 bona
1947 4088 2046 4157 sit,

461 4198 607 4255 saepe
650 4186 812 4240 mala.
867 4183 982 4240 Hoc
1023 4197 1192 4254 genus
1214 4198 1392 4240 causa:
1418 4183 1486 4239 ab
1510 4183 1822 4240 oratoribus
1848 4198 2048 4255 anceps

462 4276 679 4342 dicitur,
709 4276 855 4347 quod
883 4276 1116 4332 maxime
1162 4277 1218 4331 in
1265 4276 1749 4334 deliberationibus
1775 4276 2045 4349 provenit,

462 4370 674 4442 quando
699 4370 893 4428 dubius
919 4379 1003 4427 est
1026 4370 1237 4426 animus
1266 4370 1393 4440 quid
1421 4379 1700 4442 sequatur.
1728 4370 1972 4440 Addidit,
1999 4380 2049 4427 et

463 4465 562 4521 lari
592 4465 723 4519 inter
750 4465 1043 4520 innocentes
1073 4478 1257 4518 manus
1286 4479 1443 4518 meas.
1494 4462 1685 4519 Adhuc
1728 4462 1834 4520 hoc
1870 4463 2046 4534 ipsum

461 4558 606 4629 quod
653 4558 818 4630 cmpit
860 4555 1201 4627 exsequitur.
1257 4556 1335 4612 Ac
1378 4556 1425 4611 si
1473 4556 1717 4612 diceret:
1750 4554 1888 4624 Quid
1916 4555 2049 4612 mihi

2149 3348 2517 3407 fortitudinem
2546 3348 2879 3407 difﬁcultatis
2906 3349 3164 3406 ostendit.
3204 3348 3336 3416 Quis
3361 3348 3508 3405 enim
3539 3349 3735 3403 molem

2148 3441 2303 3499 istam
2336 3442 2673 3513 ignorantiae,
2705 3442 2809 3498 nisi
2838 3456 2936 3514 per
2962 3442 3189 3514 gratiam
3234 3442 3406 3512 possit
3435 3441 3737 3497 Divinitatis

2148 3535 2487 3605 irrumpere?
2515 3534 2663 3591 Sicut
2680 3544 2734 3591 et
2756 3535 2813 3591 in
2833 3536 2939 3591 alio
2963 3534 3170 3606 psalmo
3192 3535 3389 3606 legitur
3411 3552 3427 3591 :
3458 3534 3528 3589 Et
3556 3534 3609 3588 in
3630 3534 3739 3590 Deo

2146 3645 2259 3685 meo
2287 3629 2640 3701 transgrediar
2664 3645 2865 3684 murum
2892 3627 3066 3702 (Psat.
3092 3642 3227 3699 xvn,
3254 3624 3373 3698 50).

2222 3721 2378 3778 νοτε.
2410 3721 2498 3777 i7.
2541 3719 2714 3776 Donec
2742 3721 2927 3777 intrent
2952 3722 3006 3776 in
3033 3722 3385 3776 sanctuarium
3414 3718 3544 3787 Dei,
3585 3727 3633 3774 et
3664 3720 3742 3773 in-

2151 3812 2381 3884 telligam
2428 3812 2482 3867 in
2526 3812 2801 3867 novissima
2847 3811 2982 3885 [θύη
3019 3811 3327 3885 novissimis]
3379 3826 3579 3865 eorum.
3636 3809 3742 3865 Ad<

2149 3908 2310 3963 vertit
2336 3906 2640 3978 jaliquando
2670 3908 2873 3979 Asaplt,
2906 3908 3048 3979 quod
3094 3907 3395 3979 intelligere
3424 3905 3734 3964 festinabat.

2148 3997 2363 4069 Repetit
2391 3999 2535 4055 enim
2582 3997 2855 4070 praedictae
2898 4000 3212 4069 quaestionis
3255 3998 3411 4054 aliter
3447 4000 3733 4055 veritatem

2148 4107 2210 4150 se
2231 4107 2336 4150 non
2358 4093 2597 4165 potuisse
2617 4107 2967 4164 cognoscere,
2991 4094 3094 4150 nisi
3117 4094 3287 4164 legem
3311 4092 3577 4162 divinam,
3599 4092 3743 4163 quod

2149 4195 2231 4245 est
2257 4188 2605 4243 sanctuarium
2632 4184 2753 4255 Dei,
2780 4195 3066 4257 contuens,
3094 4187 3419 4257 intelligeret
3446 4186 3744 4242 novissima

2149 4288 2491 4351 peccatorum
2535 4298 2550 4336 :
2605 4280 2860 4352 quoniam
2911 4282 2966 4337 in
3020 4280 3199 4337 futuro
3247 4280 3454 4351 judicio
3507 4279 3741 4336 felicitas

2150 4372 2382 4428 bumana
2405 4372 2766 4439 damnabitur,
2791 4386 2911 4444 qua:
2934 4372 3019 4428 hic
3040 4372 3109 4429 ad
3136 4382 3345 4443 tempus
3367 4371 3566 4428 florere
3590 4388 3744 4427 mon-

2149 4472 2369 4520 stratnr.
2414 4463 2533 4531 Quo
2562 4464 2800 4521 remedio
2836 4464 3102 4521 haesitatio
3140 4475 3330 4520 cuncta
3386 4464 3600 4520 sublata
3639 4472 3743 4531 est,

2150 4555 2274 4627 quia
2302 4571 2406 4611 non
2436 4554 2595 4613 debet
2636 4556 2755 4626 pius
2799 4555 3013 4611 animus
3044 4554 3275 4625 offendi,
3320 4571 3442 4611 cum
3483 4571 3543 4611 se
3575 4556 3745 4626 magis

461 4649 663 4722 profuit
694 4647 957 4721 probabili
1000 4664 1087 4706 me
1130 4648 1539 4705 conversatione
1568 4654 1853 4715 tractasse,
1884 4647 1931 4703 si
1960 4647 2047 4704 di-
2076 4657 2131 4720 Ῑ)
2152 4647 2315 4703 rebus
2344 4647 2540 4704 talibus
2569 4648 2767 4704 sentiat
2792 4648 3033 4703 edoceri.
3079 4648 3233 4716 Quod
3274 4662 3445 4719 genus
3485 4648 3745 4703 orationis

462 4744 619 4800 vitias
645 4744 923 4815 possident
944 4744 1036 4815 qui
1056 4743 1186 4799 vitia
1212 4756 1321 4799 non
1345 4742 1690 4814 relinquunt?
1719 4742 1881 4798 Lavat
1903 4741 2047 4799 enim

461 4835 593 4891 inter
619 4836 907 4893 innocentes
933 4849 1121 4891 manus
1149 4847 1276 4891 suas
1305 4832 1399 4905 qui
1425 4833 1541 4904 pias
1566 4834 1910 4905 operationes
1937 4834 2051 4891 lau-

462 4929 626 4985 dabili
666 4932 869 5002 peragit
903 4930 1175 5007 instituto.
1223 4928 1358 4987 Nam
1386 4928 1595 4986 Pilatus
1622 4945 1729 4986 non
1763 4930 1887 4985 tavit
1919 4930 2054 4984 inter

461 5022 754 5077 innocentes
781 5039 961 5079 manus
990 5037 1118 5080 suas
1151 5021 1368 5094 quando
1395 5021 1723 5094 ﬂagellatam
1766 5022 2052 5079 Dominum

464 5118 611 5174 cruci
639 5116 856 5174 tradidit
879 5117 1225 5188 afligendum.

535 5207 695 5265 Vers.
719 5206 807 5261 M.
838 5204 909 5261 Et
933 5208 1010 5279 fui
1034 5209 1330 5281 ﬂagellatus
1359 5215 1469 5262 tota
1497 5206 1581 5260 die
1605 5220 1625 5260 :
1654 5215 1703 5261 et
1727 5206 1886 5262 index
1912 5221 2054 5265 meus

466 5300 618 5373 [mss.
637 5298 702 5357 G.
718 5306 772 5356 et
797 5298 860 5355 F.
871 5340 887 5368 ,
903 5299 1169 5372 castigatio
1194 5297 1328 5371 mea]
1340 5299 1396 5352 in
1408 5299 1679 5353 matutino.
1692 5296 1853 5365 Quasi
1866 5311 2054 5367 pinnas

464 5407 592 5451 suas
617 5393 793 5452 adhuc
820 5402 1238 5459 commemorat,
1264 5403 1421 5461 quas,
1452 5395 1512 5444 ut
1536 5387 1615 5443 illi
1640 5388 1943 5458 videbatur,
1972 5388 2053 5446 ir-

466 5489 571 5545 rite
597 5488 926 5558 sustinebat;
968 5496 1028 5544 ut
1055 5487 1160 5543 iste
1185 5479 1480 5555 ﬂagellatus
1506 5494 1708 5552 pauper
1732 5488 1897 5551 esset,
1926 5493 2052 5538 cum

466 5579 663 5650 impius
716 5594 943 5638 securus
991 5592 1120 5635 suas
1165 5573 1384 5631 divitias
1434 5572 1757 5644 possideret.
1812 5572 2054 5631 Pessima

466 5674 756 5744 reputatio,
809 5673 906 5730 sed
931 5669 1110 5727 vicine
1148 5664 1439 5723 correctio.
1491 5665 1643 5723 Sicut
1680 5666 1897 5737 acgrmis
1938 5666 2055 5724 ﬁeri

467 5766 630 5834 solet,
670 5766 765 5838 qui
809 5772 940 5821 tunc
967 5760 1176 5818 diutino
1204 5758 1462 5829 languore
1490 5757 1807 5827 liberantur,
1837 5760 2055 5828 quando

466 5856 524 5923 in
568 5857 901 5930 aegritudinis
950 5854 1060 5912 fine
1107 5867 1203 5912 eos
1250 5849 1518 5923 copiosior
1569 5849 1795 5910 febrium
1842 5850 2059 5917 ﬂamma

2154 4739 2352 4796 dicitur
2376 4739 2810 4808 deliberativum,
2842 4738 3061 4811 quando
3108 4748 3163 4796 et
3212 4748 3394 4811 partes
3443 4747 3741 4810 ponuntur,

2157 4848 2277 4905 quae
2306 4846 2405 4890 nos
2432 4833 2625 4889 dubios
2654 4832 2908 4900 reddunt,
2958 4842 3013 4888 et
3056 4832 3270 4903 eligitur
3298 4832 3591 4901 sententia,
3627 4846 3748 4902 qua:

2156 4934 2213 4982 et
2241 4924 2452 4981 utilitati
2481 4925 2767 4981 conveniat
2801 4933 2858 4982 et
2886 4924 3089 4981 decori.
3142 4924 3287 4980 Dixit
3321 4924 3466 4982 enim
3493 4924 3639 4995 quod
3668 4924 3749 4979 eis

2159 5017 2468 5088 scrupulum
2509 5018 2882 5075 commovebat
2914 5033 2930 5072 :
2962 5014 3025 5074 Si
3064 5015 3327 5087 dicebam,
3370 5016 3614 5071 Narrabo
3652 5015 3747 5071 sic.

2158 5109 2485 5168 Occurrebat
2532 5111 2718 5182 utique
2764 5111 2853 5168 illa
2902 5111 3045 5168 foeda
3093 5113 3376 5168 varietas:
3425 5110 3559 5167 Ecce
3607 5113 3750 5165 natio

2160 5204 2387 5275 ﬁliorum
2417 5213 2644 5274 tuorum,
2665 5206 2751 5261 cui
2780 5207 3032 5277 disposui.
3064 5206 3146 5263 Ad
3176 5214 3505 5277 postremum
3534 5206 3751 5278 eligitur

2159 5293 2426 5351 sententia
2471 5309 2591 5366 qua:
2634 5304 2829 5352 cuncta
2869 5295 3103 5351 salvaret
3140 5315 3152 5350 :
3186 5294 3303 5351 Hoc
3342 5296 3485 5350 labor
3519 5305 3593 5349 est
3636 5306 3753 5351 ante

2160 5404 2263 5456 me,
2292 5388 2452 5457 donec
2478 5389 2665 5445 intrent
2688 5389 2744 5445 in
2773 5389 3129 5445 sanctuarium
3161 5388 3277 5456 Dei,
3308 5398 3358 5446 et
3383 5388 3671 5460 intelligam
3698 5388 3752 5443 in

2161 5482 2436 5538 novissima
2474 5500 2670 5539 eorum.
2727 5481 2817 5540 Sic
2846 5483 3255 5541 deliberativum
3299 5500 3470 5557 genus
3510 5485 3751 5557 partibus

2159 5576 2271 5633 suis
2299 5577 2534 5647 regulari
2563 5577 2942 5635 observatione
2969 5580 3299 5651 completum
3324 5589 3426 5637 est.
3458 5579 3749 5636 Sciendum

2150 5676 2245 5727 est
2270 5682 2401 5726 sane
2430 5668 2497 5726 de
2527 5671 2719 5740 topicis
2750 5672 2930 5728 omnia
2961 5673 3181 5744 quidem
3209 5681 3526 5745 argumenta
3560 5688 3749 5743 proce-

2161 5760 2327 5828 dere;
2378 5760 2475 5818 sed
2522 5762 2738 5832 quando
2788 5765 3109 5835 generaliter
3158 5765 3430 5832 dicuntur,
3480 5764 3639 5837 247
3682 5765 3748 5820 ad

2164 5852 2475 5929 dialecticos
2502 5855 2804 5931 pertinent;
2844 5858 3062 5934 quando
3091 5868 3275 5921 autem
3304 5858 3664 5935 particulatim
3695 5866 3748 5931 et
