4036 6342
294 334 395 389 Sil

1201 330 1559 387 EXPOSI'I‘IO
1600 331 1662 386 IN
1699 326 2160 385 PSALTERIUM.
2200 327 2391 417 PSAL.
2439 323 2647 379 LXXII.

3452 319 3555 374 523

296 447 603 517 specialiter
631 448 1025 518 exprimuntur,
1078 446 1384 502 oratoribus
1428 446 1718 501 cOm-enire
1768 458 1870 497 non
1907 443 1957 501 Α
1982 438 2176 492 smculo
2206 439 2478 509 imaginem
2507 438 2562 491 in
2590 453 2651 492 se
2684 435 2891 493 Domini
2925 434 3247 505 pollucrttnt,
3280 433 3352 489 ita
3381 435 3432 489 in
3467 435 3557 515 illa

295 539 519 594 dubium
550 550 652 593 63:.

374 634 532 687 Vers.
562 633 649 687 18.
702 632 1058 687 Verumtamen
1108 638 1312 700 propter
1355 628 1500 682 dolos
1546 626 1761 696 posuisti
1808 627 1879 679 eis

298 727 473 789 mala;
503 726 730 798 dejecisti
758 734 842 779 eos
870 726 991 779 dum
1019 724 1381 778 allevarentur.
1429 719 1606 784 Λειρή
1636 720 1785 775 venit
1813 718 1879 772 ad

299 816 515 870 tertium
564 815 901 877 membrum,
960 814 1049 867 ubi
1101 820 1442 882 peccatorum
1494 815 1882 863 commemorat

302 906 554 970 ultimies,
584 919 717 974 quas
747 905 992 969 superius
1017 904 1097 958 eis
1124 902 1335 957 dixerat
1364 900 1417 953 in
1444 898 1674 953 futurum
1701 897 1883 967 gravi-

303 1007 386 1053 ter
410 997 745 1066 itilligendas.
797 996 864 1049 Et
907 1010 974 1050 ne
1004 997 1225 1048 omnino
1254 994 1304 1046 in
1343 990 1540 1044 mundo
1568 988 1690 1042 mali
1724 1000 1879 1057 puta-

301 1102 490 1148 rentur
517 1090 805 1157 immunes,
837 1095 930 1142 aut
952 1088 1153 1142 scelera
1183 1100 1278 1139 sua
1304 1082 1656 1138 crederentur
1680 1079 1883 1133 habere

302 1183 476 1238 modis
502 1182 749 1236 omnibus
782 1178 1072 1248 impunita,
1115 1175 1277 1230 dicit:
1322 1172 1553 1227 Posuisti
1594 1171 1668 1225 eis
1706 1168 1881 1243 mala;

302 1282 362 1327 ut
384 1270 625 1341 quamvis
649 1270 911 1324 mundana
936 1267 1188 1322 felicitate
1210 1263 1497 1333 potiantur,
1519 1269 1724 1315 reatum
1750 1260 1800 1313 in
1825 1273 1883 1312 se

303 1372 535 1435 gestent,
559 1361 647 1430 qui
679 1376 783 1413 non
814 1367 988 1427 potest
1016 1358 1267 1412 deserere
1292 1353 1513 1409 omnino
1542 1350 1881 1405 criminosas.

304 1453 438 1507 Nam
489 1453 624 1505 tales
670 1450 830 1503 ctiam
882 1449 966 1501 hic
1013 1446 1321 1515 frequenter
1360 1442 1640 1496 incurrunt
1676 1438 1882 1503 ruinas,

304 1556 442 1613 quas
487 1557 673 1597 eorum
722 1539 805 1594 vel
854 1537 1089 1605 Suspicio
1133 1551 1239 1590 non
1288 1532 1540 1587 habebat.
1609 1528 1882 1599 Sequitur,

306 1637 536 1710 dcje‘cisti
564 1648 648 1689 eos
673 1634 794 1686 dum
822 1631 1187 1685 alienarentur.
1223 1626 1465 1698 Dejecisti
1493 1625 1617 1679 dum
1647 1622 1797 1686 dicit,
1820 1636 1883 1676 es

308 1725 420 1779 alto
441 1723 763 1794 significavit
783 1723 962 1776 elisos.
991 1720 1058 1774 Et
1085 1729 1141 1774 ut
1168 1719 1268 1774 hoc
1290 1716 1638 1784 intelligeres,
1661 1713 1882 1780 addidit,

1984 532 2159 583 futura
2206 532 2373 598 patria
2416 544 2599 584 eorum
2642 527 2849 597 efﬁgies
2896 543 2999 581 non
3030 527 3314 605 videbitur.
3365 528 3453 596 qui
3506 528 3556 581 in

1985 621 2246 691 gehennae
2275 622 2702 688 sequestratione
2732 620 2974 674 mittendi
3005 628 3149 673 sunt.
3202 620 3404 673 Peribit
3429 635 3559 691 ergo

1984 712 2175 781 imago,
2206 709 2419 781 quando
2448 724 2507 764 se
2535 710 2613 763 eis
2640 709 2754 777 ipsa
2788 709 2980 762 veritas
3011 710 3241 763 alienata
3274 710 3558 764 subtraxe-

1985 800 2086 864 rit;
2139 808 2237 854 nec
2285 798 2683 867 similitudinem
2726 800 2959 852 retinere
2988 807 3242 866 possunt,
3293 800 3360 853 de
3408 800 3561 868 cujus

1988 891 2318 947 beatitudine
2341 892 2413 945 nil
2437 890 2729 945 habebunt.
2761 888 2943 959 Imago
2963 891 3105 944 enim
3128 898 3211 945 est
3233 890 3457 959 alicujus
3482 892 3559 946 rei

1987 985 2264 1039 cxistentis
2290 983 2581 1038 similitudo
2608 982 2853 1036 formata.

2065 1078 2215 1133 νει-ε.
2234 1079 2324 1132 21.
2349 1078 2481 1144 Quia
2500 1077 2800 1130 delectatum
2822 1082 2895 1127 est
2915 1089 3002 1126 cor
3022 1088 3208 1139 meum,
3232 1084 3278 1147 et
3304 1090 3444 1129 renes
3467 1076 3567 1128 mei

1986 1172 2196 1225 resoluti
2235 1180 2375 1224 sunt.
2422 1168 2679 1237 Superius
2720 1148 3055 1235 propltetavit
3096 1164 3287 1233 impios
3326 1179 3356 1217 a
3397 1180 3564 1236 regno

1992 1261 2196 1315 Domini
2227 1259 2646 1333 submovendus,
2697 1273 2836 1312 nunc
2864 1271 3077 1312 causam
3107 1255 3284 1311 reddit
3314 1257 3433 1326 quia
3466 1272 3565 1326 per

1989 1351 2133 1419 ipsos
2164 1350 2362 1408 factum
2404 1349 2601 1412 fuerat,
2647 1356 2706 1401 ut
2744 1363 2839 1403 cor
2869 1347 2983 1416 ejus
3015 1346 3173 1400 noxia
3208 1346 3565 1401 delectatione

1991 1440 2272 1494 mundanis
2306 1438 2645 1494 felicitatibus
2675 1437 2959 1491 invideret.
3002 1436 3156 1492 Unde
3181 1447 3404 1506 apparet
3442 1452 3566 1507 gra-

1988 1529 2259 1583 vissimum
2293 1542 2411 1583 esse
2437 1536 2737 1597 peccatum,
2765 1513 2976 1594 quando
3002 1524 3194 1595 aliquis
3224 1514 3564 1583 occasionem

1991 1619 2274 1687 prazbuerit
2307 1618 2446 1674 unde
2474 1617 2695 1671 alterius
2725 1614 3050 1670 conscientia
3096 1615 3395 1684 polluatur;
3427 1608 3567 1672 sicut

1989 1724 2089 1764 nec
2120 1710 2210 1763 illa
2256 1723 2345 1762 rcs
2391 1722 2551 1776 parva
2590 1715 2705 1770 est,
2739 1722 2855 1775 quo
2897 1704 3121 1775 juvante
3152 1690 3376 1759 Domino
3409 1706 3565 1760 bonis

309 1818 433 1868 dum
475 1817 831 1879 alienarentur,
887 1812 939 1867 id
992 1820 1110 1877 est,
1163 1812 1288 1864 dum
1336 1814 1389 1864 in
1429 1809 1749 1863 cothurnum
1794 1821 1885 1859 su-
1916 1810 1961 1869 B
1989 1799 2554 1869 prmstatexcmplum.
2586 1797 2822 1861 Addidit,
2845 1805 2891 1850 et
2915 1812 3056 1849 renes
3079 1797 3175 1849 mei
3196 1797 3406 1879 resoluti
3427 1809 3565 1851 sunt.

310 1906 510 1975 p'erbia:
539 1904 888 1973 amplitudine
918 1903 1132 1957 ruinoso
1159 1900 1603 1957 conscenderent.
1657 1898 1720 1952 Et
1761 1912 1888 1966 per-

309 1997 484 2064 pende
513 1997 632 2064 qttia
674 1997 848 2065 ipsum
877 2002 1090 2064 tempus
1116 1993 1430 2048 elevatiOnis
1458 1990 1723 2060 signiﬁcat
1747 1989 1889 2060 quod

312 2088 503 2141 ruinae.
539 2086 656 2140 Non
688 2087 828 2141 enim
861 2085 1020 2150 dixit,
1050 2096 1330 2154 postquam
1363 2083 1554 2138 elevati
1586 2091 1739 2144 sunt;
1769 2079 1885 2143 sed,

311 2181 438 2232 dum
468 2179 828 2242 allevarentur,
862 2191 1086 2245 quorum
1117 2174 1248 2241 erigi
1278 2172 1471 2228 cadere
1500 2181 1601 2237 est,
1630 2182 1679 2225 et
1712 2170 1891 2223 suble-

308 2285 440 2325 vare
470 2269 775 2324 demersio:
807 2267 1056 2336 quoniam
1091 2265 1155 2318 ad
1188 2264 1330 2317 illam
1376 2264 1737 2316 summitatem
1772 2269 1888 2311 teu-

309 2360 466 2421 dunt,
488 2374 605 2429 qua:
628 2358 798 2411 subita
824 2355 1244 2425 przeeipitatione
1264 2352 1595 2417 dissolvitur;
1628 2350 1761 2405 sicut
1778 2350 1888 2419 jam

310 2456 365 2504 et
395 2448 449 2502 in
479 2449 584 2503 alio
610 2448 816 2518 psalmo
842 2446 1041 2501 dictum
1067 2454 1184 2500 est:
1217 2442 1333 2497 Vidi
1358 2443 1569 2509 impium
1594 2439 1891 2511 supererat-

309 2546 473 2591 tatnm
512 2547 559 2591 et
597 2542 843 2592 eleuatum
885 2537 1011 2590 sicut
1043 2536 1222 2589 cedros
1248 2534 1471 2588 Libani:
1506 2542 1550 2587 et
1582 2533 1814 2598 transivi,
1845 2542 1890 2585 et

307 2643 424 2682 ecce
448 2644 546 2681 non
575 2638 682 2680 erat
706 2626 877 2692 (Psal.
903 2640 1086 2688 xxxvi,
1116 2624 1241 2694 55),
1274 2634 1329 2677 ει
1357 2623 1577 2691 reliqua.

384 2718 538 2771 Vers.
570 2717 655 2770 t9.
699 2716 778 2782 Qu
800 2718 963 2769 .modo
994 2716 1114 2785 facti
1149 2722 1265 2769 sunt
1294 2715 1349 2767 in
1376 2712 1739 2767 desolationem
1759 2714 1778 2767 !
1807 2730 1893 2767 su-

307 2810 412 2862 bito
453 2808 782 2876 defecerunt;
827 2808 1083 2876 perierunt
1126 2815 1328 2877 propter
1365 2807 1684 2875 iniquitatem
1724 2824 1887 2861 suam;

310 2897 587 2965 Quomodo
617 2897 931 2952 admirantis
960 2906 1045 2952 est
1066 2937 1084 2964 ,
1128 2906 1185 2951 ut
1215 2896 1392 2952 subito
1420 2896 1691 2952 desolatus
1730 2912 1893 2967 appa-

310 2998 462 3054 reat,
489 2991 577 3056 qui
611 2997 756 3043 tanta
787 2989 1042 3044 felicitate
1076 2990 1328 3059 pollebat.
1382 2990 1681 3057 Des'olatus,
1712 2991 1892 3060 utique

309 3082 555 3135 desertus
584 3080 650 3135 ab
683 3081 786 3135 illis
832 3080 993 3135 rebus
1018 3095 1139 3150 quae
1175 3096 1296 3135 eum
1328 3088 1575 3151 tanquam
1607 3096 1889 3137 numerosa

1992 1894 2158 1959 Renes
2183 1892 2489 1963 frequenter
2508 1891 2737 1945 diximus
2764 1906 2858 1959 pro
2882 1890 3076 1944 utentis
3097 1870 3399 1969 constantia.
3418 1892 3563 1957 puni.

1990 1985 2121 2040 Nam
2152 1987 2290 2038 sicut
2319 1984 2402 2039 isti
2431 1998 2624 2053 corpus
2650 1985 2951 2047 cootinenl,
2985 1983 3051 2036 ita
3084 1982 3273 2037 animm
3303 1974 3567 2037 stabilitas

1993 2085 2097 2141 tem
2129 2086 2180 2130 et
2212 2056 2295 2129 illa
2326 2074 2573 2128 custodit.
2613 2074 2775 2127 Renes
2801 2089 2927 2142 ergo
2954 2087 3081 2126 suos
3106 2073 3240 2126 dixit
3276 2068 3394 2125 e'sse
3428 2066 3569 2126 reso-

1991 2151 2157 2233 latos,
2202 2171 2322 2237 quia
2366 2152 2752 2223 mundanorum
2786 2183 2962 2223 rerum
3005 2154 3311 2223 lelicitatem
3354 2169 3563 2224 incauta

1992 2263 2266 2330 voluntate
2293 2263 2595 2331 quaesierat.
2746 2328 2749 2331 δ

2064 2353 2217 2407 Vers.
2245 2353 2336 2406 Ἡ.
2381 2352 2447 2406 Et
2485 2368 2573 2423 ego
2605 2352 2671 2404 ad
2702 2351 2919 2404 nihilum
2947 2350 3183 2405 redactus
3210 2340 3355 2416 sum,
3397 2340 3443 2406 et
3481 2370 3568 2406 ne-

1990 2444 2151 2507 scivi;
2202 2452 2254 2497 ut
2294 2440 2584 2514 jitntcntum
2626 2443 2792 2511 [actus
2833 2436 2943 2495 sum
2982 2444 3121 2511 apud
3162 2453 3228 2496 te.
3283 2434 3472 2497 Meriio
3502 2448 3571 2498 ad

1993 2534 2208 2588 nihilum
2247 2535 2484 2587 redactus
2514 2537 2715 2602 fuerat,
2747 2533 2833 2601 qui
2869 2519 3059 2588 talibus
3089 2534 3370 2591 desideriis
3399 2536 3571 2591 inhre-

1993 2626 2171 2688 rebat,
2212 2633 2270 2679 ut
2300 2624 2664 2692 peccatoribus
2692 2614 3000 2693 invidendo,
3030 2626 3233 2681 auctori
3264 2641 3361 2680 suo
3392 2627 3568 2683 facere

1992 2716 2262 2770 videretur
2303 2704 2570 2784 injuriam.
2628 2700 2708 2767 Ad
2753 2715 2971 2768 nihilum
3012 2716 3151 2769 enim
3196 2720 3438 2786 pervenit
3476 2712 3565 2787 qui

1997 2807 2165 2861 fructu
2215 2810 2358 2861 verte
2407 2790 2775 2877 intelligentia
2827 2802 3077 2883 vacuatus
3126 2800 3449 2873 aguosCitur.
3505 2811 3570 2863 Iit

1994 2897 2095 2954 hoc
2125 2913 2335 2967 quoque
2363 2885 2595 2952 nescisse
2623 2913 2678 2950 se
2706 2882 2851 2951 dicit.
2888 2888 3002 2967 Ipsa
3029 2893 3111 2953 est
3136 2889 3277 2953 enim
3310 2894 3570 2968 profunda

1993 2989 2290 3063 ignorantia
2318 2989 2510 3042 nescire
2540 2987 2676 3057 quod
2713 3003 2898 3057 pecces
2924 3005 2936 3040 ε
2976 2989 3117 3042 unde
3148 2989 3200 3043 in
3227 2984 3334 3043 alio
3366 2992 3569 3058 psalmo

1994 3082 2194 3135 dictum
2233 3090 2352 3137 est:
2397 3079 2594 3133 Delicta
2622 3082 2732 3148 quis
2768 3071 3004 3151 intelligit
3048 3076 3219 3152 (Psnl.
3247 3100 3403 3152 xvttt,
3440 3064 3571 3157 i3)?

313 3173 513 3227 familia
543 3173 863 3227 circuibant.
895 3172 1008 3227 Hoc
1037 3174 1178 3226 enim
1209 3173 1522 3242 contingere
1551 3173 1707 3227 malis
1738 3188 1892 3242 posse
1919 3178 1964 3240 C
1997 3174 2272 3243 Sequitur,
2318 3182 2369 3226 ut
2397 3164 2690 3244 jumentum
2721 3174 2886 3242 factus
2916 3190 3027 3227 sum
3052 3169 3191 3243 apud
3226 3184 3291 3230 te.
3342 3175 3467 3231 Jure
3510 3170 3570 3233 se

313 3276 419 3316 non
448 3261 665 3315 dubium
695 3271 809 3327 est,
861 3262 1075 3331 quando
1104 3262 1344 3317 debitum
1394 3263 1656 3330 pavenda:
1703 3266 1891 3319 mortis

311 3354 611 3407 incurrunt.
640 3352 908 3420 Sequitur,
939 3354 1105 3407 subito
1130 3356 1441 3423 defecerunt.
1475 3356 1703 3425 Exponit
1728 3358 1888 3410 etiam

310 3443 758 3512 quemadmodum
778 3444 843 3497 ad
868 3445 1230 3498 desolationem
1252 3446 1612 3514 pervenerint,
1633 3447 1721 3514 qui
1747 3447 1891 3515 prius

312 3535 487 3588 felicia
525 3534 682 3589 malis
713 3537 957 3590 evenisse
988 3536 1339 3591 mirabantur.
1391 3537 1521 3591 Nam
1552 3537 1697 3606 quod
1724 3538 1887 3603 dicit,

309 3624 482 3678 subito
506 3625 819 3695 defecerunt,
856 3626 1118 3696 signiﬁcat
1155 3628 1447 3695 repentinae
1478 3628 1664 3682 mortis
1695 3628 1892 3680 adven-

312 3724 447 3768 tum.
482 3714 549 3769 Et
575 3730 642 3769 ne
670 3715 790 3769 illos
816 3700 1068 3770 crederes
1096 3715 1449 3771 communiter
1480 3718 1637 3778 mori,
1663 3717 1885 3783 addidit,

310 3798 570 3871 perierunt
600 3800 806 3877 prapter
830 3804 1151 3875 iniquitatem
1183 3800 1368 3860 suam:
1400 3808 1522 3875 quia
1566 3807 1688 3859 mali
1726 3806 1805 3860 sic
1838 3811 1889 3861 in

310 3882 416 3947 Iioc
443 3895 640 3947 saeculo
666 3891 941 3958 deﬁciunt,
968 3905 1023 3949 ut
1050 3906 1224 3950 tamen
1254 3897 1443 3950 iterum
1474 3898 1524 3949 in
1556 3895 1642 3951 illa
1671 3897 1893 3951 damna-'-

308 3986 458 4039 tione
487 3989 737 4055 perpetua
764 3984 918 4041 clade
947 3988 1263 4041 moriantur.

386 4076 539 4133 ‘v'ers.
566 4077 652 4132 20.
696 4060 842 4133 Velut
888 4076 1145 4132 somnium
1193 4068 1528 4149 eisurgentis,
1560 4076 1797 4142 Domine,
1839 4081 1891 4131 :‘n

309 4159 516 4220 civitate
560 4178 646 4222 tua
689 4171 966 4240 imaginem
1011 4169 1242 4236 ipsorum
1286 4168 1353 4221 ad
1401 4169 1617 4221 nihilum
1670 4171 1887 4239 rediges.

309 4256 539 4311 Pulchra
588 4261 937 4328 comparatio.
994 4258 1175 4313 Talem
1226 4257 1357 4311 dicit
1408 4274 1532 4313 esse
1582 4259 1889 4314 felicitatem

307 4344 606 4416 malorum,
654 4354 809 4423 quale
856 4354 1110 4406 somnium
1160 4353 1543 4421 evigilantium.
1600 4350 1891 4423 Prmstigiis

307 4439 452 4493 enim
481 4441 797 4510 quibusdam
827 4443 982 4506 elusi,
1017 4442 1326 4510 frequenter
1354 4434 1419 4495 ad
1465 4442 1549 4496 illa
1580 4456 1676 4496 nos
1702 4457 1891 4512 pervc-

1988 3267 2279 3337 jumentum
2318 3263 2478 3329 dicit,
2511 3279 2666 3334 quem
2695 3265 2925 3320 carnalis
2956 3266 3221 3321 mmulatio
3252 3258 3401 3337 quasi
3434 3269 3563 3323 irra-

1995 3356 2248 3411 tionabile
2278 3356 2472 3410 animal
2506 3356 2788 3410 insidebat.
2820 3357 2971 3425 Apud
3006 3338 3168 3412 Deum
3200 3352 3340 3413 enim
3373 3360 3423 3412 in
3451 3360 3567 3415 vice

1992 3459 2118 3503 sunt
2145 3449 2429 3531 pecudum,
2462 3449 2551 3519 qui
2579 3448 2695 3517 ejus
2729 3448 3008 3531 praeceptis
3040 3436 3312 3517 resistunt,
3343 3460 3398 3506 et
3422 3428 3567 3525 aliud

1992 3542 2194 3611 sentire
2217 3525 2399 3613 volunt
2420 3530 2577 3609 quam
2626 3521 2825 3594 sauciis
2850 3521 3043 3613 regulis
3069 3530 3399 3609 continetur}
3428 3522 3569 3600 sicut

1993 3610 2045 3686 in
2073 3616 2178 3686 alio
2210 3610 2416 3702 psalmo
2446 3618 2644 3685 dictum
2677 3641 2756 3687 est
2785 3649 2797 3683 :
2834 3610 3010 3685 Nolite
3038 3632 3152 3699 ﬁeri
3181 3636 3310 3687 sicut
3340 3623 3497 3704 equus
3521 3624 3570 3689 et

1994 3727 2188 3792 mulus,
2218 3714 2398 3803 quibus
2425 3742 2526 3803 non
2554 3734 2625 3778 est
2654 3710 2934 3779 intellectus
2959 3714 3129 3795 (Psal.
3155 3715 3411 3803 xxs‘t.p9)‘.

2075 3817 2224 3871 Vers.
2254 3800 2346 3870 95.
2395 3800 2462 3870 Et
2502 3818 2595 3887 ego
2632 3831 2827 3886 semper
2865 3809 3069 3885 terunt;
3118 3800 3324 3870 tenuisti
3363 3808 3569 3872 manum

1993 3909 2027 3962 d
2057 3920 2256 3981 :cteram
2295 3924 2479 3961 meam.
2534 3907 2663 3961 Cum
2701 3906 2860 3977 dicit,
2908 3906 2972 3960 Et
3019 3923 3107 3977 ego
3144 3896 3337 3978 semper
3372 3920 3567 3978 tecum,

1993 4000 2230 4057 ostendit
2265 4014 2324 4053 se
2363 3999 2429 4053 ab
2469 3998 2623 4075 idolis
2662 3998 2895 4051 alienum
2926 3999 3127 4050 auctori
3172 3987 3395 4053 Domino
3437 4004 3568 4067 pura

1991 4106 2172 4151 mente
2197 4095 2508 4161 credidiSse.
2541 4093 2644 4147 Sed
2676 4094 2725 4146 in
2758 4093 2858 4165 hoc
2883 4094 3117 4161 errabat,
3142 4097 3261 4165 quia
3289 4098 3354 4151 de
3381 4113 3571 4166 pecca-

1994 4195 2164 4259 torum
2197 4185 2447 4259 felicitate
2481 4184 2685 4237 Domini
2714 4184 2909 4251 judicia
2938 4184 3241 4239 discernere
3273 4184 3564 4245 nesciebat;

1992 4258 2329 4344 Quapropter
2371 4258 2456 4327 ltic
2498 4262 2774 4327 distinctio
2806 4273 2958 4353 plena
2997 4267 3241 4343 ponenda
3272 4266 3388 4351 ei.
3436 4294 3570 4348 quo-

1992 4370 2133 4423 niam
2164 4376 2247 4420 est
2278 4361 2539 4435 completa
2580 4366 2862 4420 sententia.
2917 4366 3188 4437 Sequitur,
3222 4356 3429 4423 tenuisti
3456 4364 3569 4424 ma-

1992 4474 2108 4511 nunt
2137 4450 2398 4510 dexteram
2435 4472 2641 4529 meam.
2672 4440 2843 4522 Dixit,
2886 4444 3088 4510 tenuisti
3124 4460 3371 4523 manum;
3413 4470 3467 4513 et
3499 4449 3565 4514 ne

308 4529 431 4584 nire
459 4530 810 4597 somniamus,
837 4530 955 4600 qum
992 4532 1154 4587 nimia
1186 4533 1480 4602 cupiditate
1510 4536 1883 4604 percjuiritnu<.

1998 4559 2208 4618 putares
2238 4535 2506 4601 sinistram
2536 4547 2679 4620 (quia
2722 4556 2776 4601 et
2818 4548 2928 4614 ipsa
2971 4562 3103 4623 pars
3136 4548 3292 4603 habet
3322 4535 3567 4617 Corporis

311 4614 523 4691 Pauper
547 4624 687 4677 enim
720 4625 894 4678 subito
919 4625 1065 4679 dives
1094 4625 1348 4688 ellicitur,
1371 4626 1691 4681 criminosus
1722 4627 1891 4681 hono-

308 4714 495 4769 rabilis
535 4716 820 4781 invenitur,
853 4716 1045 4770 fruitur
1075 4716 1210 4770 alter
1237 4724 1420 4785 optato
1447 4717 1716 4789 conjugio‘,
1750 4735 1888 4773 non-

306 4800 487 4859 nullus
524 4806 829 4861 desiderato
873 4804 1070 4874 potitur
1103 4807 1352 4875 imperio.
1406 4806 1473 4860 Et
1518 4806 1599 4862 his
1642 4808 1889 4863 omnibus

305 4894 485 4952 subito
516 4896 820 4963 derelictis,
866 4900 1168 4966 patentibus
1207 4898 1376 4952 oculis
1406 4914 1510 4952 non
1544 4899 1884 4968 respicimus,

305 4996 427 5063 q‘ure
454 4995 639 5048 'clauSo
663 4992 863 5049 lumine
889 4986 1267 5049 cernebamus.
1301 4996 1438 5050 Ecce
1465 4996 1551 5050 illa
1578 4992 1888 5053 admiranda

305 5070 533 5141 felicitas
564 5086 846 5157 impiorum
879 5086 1118 5154 pervenit
1159 5087 1223 5141 ad
1266 5091 1554 5143 somnium.
1611 5084 1698 5146 Sic
1744 5088 1885 5146 enim

303 5180 414 5249 jam
460 5182 655 5235 mortui
703 5180 914 5235 divitias
960 5177 1235 5250 possidere
1286 5196 1391 5235 non
1444 5184 1701 5250 anSunt,
1753 5184 1890 5239 sicUt

303 5270 620 5339 evigilantes
663 5285 762 5326 sua
803 5271 992 5339 gaudia
1039 5271 1409 5339 perdiderunt.
1460 5272 1518 5327 In
1562 5274 1665 5329 hoc
1705 5287 1885 5331 autem

302 5370 570 5415 commate
599 5361 868 5424 distinctio
898 5364 1050 5431 plena
1103 5362 1311 5428 ﬁgenda
1359 5374 1472 5431 est,
1522 5367 1769 5433 quoniam
1816 5369 1897 5429 de.

301 5452 673 5522 superioribus
716 5453 933 5522 pendet.
989 5452 1263 5521 Sequitur,
1295 5449 1429 5505 Dom
1453 5469 1547 5519 ne,
1593 5456 1645 5508 in
1685 5458 1884 5511 civita'e

302 5532 392 5600 lua
417 5547 691 5618 imaginem
716 5562 890 5599 eorum
915 5545 983 5597 ad
1009 5544 1223 5598 nihilum
1249 5546 1466 5614 rediges.
1502 5547 1593 5601 Ilic
1619 5547 1727 5616 jam
1756 5548 1885 5603 dicit

300 5622 754 5706 quemadmodum
779 5637 830 5689 in
857 5636 945 5690 illa
966 5635 1261 5689 Jerusalem
1285 5636 1489 5689 caelesti
1518 5637 1665 5704 impii
1688 5637 1882 5691 divinis

300 5744 407 5813 non
440 5730 651 5811 possint
675 5743 936 5797 apparere
965 5728 1370 5796 conspectiltus;
1404 5730 1497 5785 sed
1528 5731 1665 5786 sicut
1692 5731 1744 5785 in
1777 5733 1880 5786 isto

622 5842 890 5903 Ρλτιιοι..
938 5840 1132 5903 LXX.

1993 4637 2262 4713 manum),
2295 4624 2525 4701 addidit,
2557 4639 2815 4690 dexteram
2856 4624 3041 4690 meam.
3090 4628 3252 4703 Cujus
3280 4638 3419 4691 enim
3453 4624 3566 4693 lucc

1992 4744 2117 4805 pars
2154 4746 2180 4779 a
2223 4729 2445 4782 Domino
2481 4735 2709 4791 tenetur,
2744 4740 2955 4807 semper
2983 4725 3277 4778 absolvitur
3304 4737 3461 4794 atque
3502 4729 3567 4780 li-

1992 4821 2243 4883 beratur;
2272 4816 2409 4872 sicut
2436 4817 2591 4870 Petro
2619 4816 2875 4883 mergenti
2903 4815 3163 4868 dexteram
3193 4815 3349 4867 tenuit
3383 4816 3563 4869 Domi-

1993 4926 2125 4975 nus,
2168 4900 2397 4979 cumque
2429 4907 2552 4963 fecit
2581 4895 2904 4962 elementum
2935 4896 3191 4975 liqnidutn
3222 4894 3329 4960 lixo
3356 4909 3565 4965 calcare

1991 5000 2236 5070 vest'gio.

2064 5096 2219 5149 Vers.
2247 5093 2338 5146 ει.
2389 5094 2455 5147 In
2494 5094 2752 5147 voluntate
2787 5102 2875 5146 tua
2910 5091 3166 5147 deduxisti
3204 5087 3311 5159 me,
3359 5082 3406 5150 et
3450 5112 3565 5152 cum

1990 5186 2154 5258 gloria
2187 5185 2508 5256 assumpsisti
2543 5200 2638 5237 me.
2695 5184 2789 5237 Hic
2818 5199 3028 5252 quoque
3057 5172 3221 5253 gratia
3253 5172 3460 5242 Domitii
3490 5168 3566 5242 si-

1988 5277 2292 5348 gniﬁcatur,
2329 5291 2433 5345 qua
2461 5274 2683 5330 rcdetnit
2712 5284 3041 5343 peccatores.
3088 5276 3200 5331 Non
3232 5279 3370 5333 cnim
3402 5271 3558 5345 dixit,

1990 5358 2194 5422 meritis
2239 5367 2401 5429 meis,
2453 5366 2544 5443 sed
2590 5350 2845 5420 voluntate
2893 5375 2981 5419 tua
3026 5350 3282 5423 deduxisti
3327 5386 3445 5438 me;
3492 5373 3559 5427 ad

1989 5460 2318 5514 intellectum
2369 5457 2575 5511 scilicet
2623 5447 3069 5540 saluberrimum,
3119 5459 3187 5512 ad
3231 5475 3388 5530 quem
3440 5454 3563 5531 posi

1989 5549 2292 5603 mortiferas
2334 5547 2684 5617 cogitationes
2724 5555 2971 5615 tanquam
3018 5547 3084 5602 de
3129 5548 3247 5603 loCo
3289 5554 3560 5620 sepulcri,

1989 5639 2217 5693 Domino
2246 5628 2582 5703 vivificante,
2623 5624 2869 5693 reversus
2908 5647 3011 5692 est.
3061 5622 3334 5709 sequitur,
3366 5652 3412 5695 et
3439 5639 3557 5698 cuni

1983 5732 2147 5801 gloria
2173 5730 2488 5799 assumpsisti
2517 5746 2614 5785 me.
2650 5731 2744 5785 llic
2769 5732 3046 5787 denuntiat
3076 5733 3283 5787 Domini
3312 5735 3557 5789 int-arua!

3121 5838 3196 5906 17
