4020 6348
510 333 615 389 διδ
1434 364 1439 367 '
1731 344 1801 400 Μ.
1840 342 2118 402 AURELII
2155 343 2558 401 CASSIODOIII
3663 347 3787 399 εῖτ

509 453 709 508 tionem
740 450 967 509 futuram
986 499 999 523 ,
1047 453 1099 509 in
1136 469 1238 526 qua
1282 454 1552 511 hominem
1582 470 1841 512 assumere
1881 457 2078 526 pietate
2104 457 2155 517 Α
2188 456 2452 524 paulisper
2478 463 2795 522 recesserat,
2823 464 2879 512 ut
2910 455 3141 523 rediret,
3172 453 3407 526 quando,
3439 453 3578 509 sicut
3607 467 3775 524 saepe

506 558 601 600 sua
629 545 875 617 dignatus
900 555 999 602 est.
1032 546 1168 614 Quid
1197 546 1336 602 enim
1365 546 1663 602 mirabilius
1692 560 1849 617 quam
1877 554 2081 602 morta-
2184 547 2386 601 dictum
2415 559 2526 612 est,
2567 546 2919 617 cogitationes
2948 561 3141 618 pravas
3169 546 3238 602 de
3267 555 3612 615 peccatorum
3641 544 3787 601 teli-

506 636 610 691 Iem
644 646 885 691 naturam
916 637 1276 691 incarnatione
1304 637 1465 693 Verbi
1504 639 1569 692 ad
1599 637 1773 693 Patris
1801 640 2077 694 dexteram
2183 637 2346 691 citate
2393 647 2755 694 contraxerat.
2825 638 3101 710 Sequitur,
3146 638 3419 706 perdidisti
3461 653 3637 693 omnes
3674 640 3784 710 qui

502 729 847 793 collocatam,
893 737 947 782 et
985 743 1103 782 eam
1131 728 1279 781 vivos
1322 737 1376 783 et
1419 740 1657 784 mortuos
1690 729 2075 798 judicaturam,

501 833 622 890 quae
653 829 769 890 post
797 819 1046 873 delictum
1081 819 1235 887 primi
1264 820 1492 875 hominis
1518 821 1799 876 diabolicis
1827 821 2080 877 tentatio-

501 912 657 966 nibus
698 909 1049 977 subiacebat?
1099 910 1250 966 Unde
1294 912 1454 966 etiam
1504 910 1879 981 probatissimo
1918 920 2077 981 atque

500 1015 756 1069 expresse
784 1000 1016 1055 Joannes
1043 998 1667 1071 Coustantinopolitanus
1692 1003 1975 1070 episcOpus
2002 1002 2077 1056 ait

500 1089 600 1158 (In
647 1089 825 1143 ltoutil.
873 1091 937 1144 de
978 1090 1259 1162 Ascens.):
1312 1089 1705 1161 Cognoscamus
1751 1091 1914 1164 2‘8
1955 1107 2075 1163 qua:

474 1192 683 1239 .natnra
712 1191 818 1248 est,
848 1183 930 1237 cui
962 1183 1126 1237 dixit:
1160 1184 1287 1238 Esto
1317 1199 1450 1238 mea:
1479 1185 1743 1253 particeps
1771 1184 1949 1250 sedis;
1984 1185 2073 1239 illa

498 1283 683 1327 natura
714 1288 831 1344 quae
860 1272 1064 1329 audivit
1088 1290 1099 1326 :
1138 1273 1296 1328 Terra
1325 1289 1376 1328 es
1404 1284 1454 1328 et
1486 1274 1539 1327 in
1568 1282 1755 1327 terram
1795 1274 1889 1328 ibis
1914 1273 2068 1345 (Gen.

498 1380 572 1432 tu,
603 1366 715 1437 I9).

569 1455 722 1511 Vers.
749 1456 839 1512 25.
874 1456 1008 1522 Quid
1028 1457 1161 1511 enim
1186 1456 1310 1510 milii
1330 1464 1487 1511 restat
1509 1461 1562 1511 in
1586 1458 1730 1528 caelo,
1753 1467 1800 1513 et
1826 1476 1857 1515 α
1878 1470 1925 1515 te
1946 1461 2073 1527 quid

494 1550 632 1603 volui
660 1566 813 1620 super
843 1551 1075 1603 terram?
1123 1550 1407 1619 Postquam
1442 1552 1577 1607 dixit
1618 1554 2067 1621 quemadmodum

493 1656 523 1695 a
565 1656 726 1710 pravo
761 1655 921 1696 sensu
949 1642 1220 1697 voluntate
1249 1644 1458 1699 Domini
1487 1645 1646 1699 luerit
1673 1645 1968 1710 absolutus,
2000 1647 2067 1701 ad

492 1741 736 1800 quartum
759 1732 903 1787 venit
929 1733 1251 1803 ingressum:
1277 1735 1365 1788 ubi
1383 1734 1492 1803 jam
1519 1735 1658 1790 bona
1686 1737 2068 1792 misericordia:

2182 728 2503 796 fornicamur
2531 731 2620 783 abs
2649 739 2717 784 te.
2761 729 3035 785 Fornicari
3071 742 3155 786 est
3189 748 3217 785 a
3251 731 3504 796 Domino,
3547 732 3783 801 quando

2178 815 2494 870 adulterinis
2518 818 2932 887 cogitationibus
2957 819 3027 873 ab
3050 820 3166 889 ejus
3190 834 3373 874 amore
3400 829 3549 874 casto
3571 819 3780 876 devia-

2178 921 2327 971 mus,
2367 918 2421 963 et
2453 908 2715 963 luxuriam
2743 910 2924 964 saeculi
2958 920 3329 980 praeponentes
3361 919 3775 980 praeceptorum

2177 998 2476 1053 caelestium
2532 1013 2636 1055 non
2684 1000 2976 1071 recipimus
3019 1000 3379 1070 disciplinam.
3429 1000 3583 1068 Quod
3634 1001 3777 1056 illos

2175 1087 2356 1145 facere
2383 1089 2724 1147 manifestum
2752 1102 2864 1157 est,
2894 1094 2983 1163 qui
3010 1093 3248 1148 culturas
3274 1092 3536 1149 idolorum
3564 1107 3779 1148 vanas-

2174 1194 2279 1248 que
2304 1182 2715 1250 superstitiones
2751 1184 3040 1251 impietatis
3066 1183 3351 1251 aﬁ'ectant;
3404 1194 3458 1240 et
3497 1185 3771 1257 quidquid

2175 1281 2447 1339 postremo
2477 1280 2663 1326 contra
2702 1273 3023 1330 catholicam
3054 1273 3214 1330 ﬁdem
3242 1275 3499 1346 creditur,
3522 1276 3767 1348 polluti:

2172 1360 2422 1415 sensibus
2450 1361 2759 1417 fornicatur.

2247 1454 2397 1509 Vera.
2421 1454 2513 1508 28.
2547 1454 2679 1509 Mihi
2704 1464 2873 1510 autem
2898 1455 3159 1511 adlici-ere
3186 1455 3295 1510 Deo
3321 1456 3506 1511 bonum
3522 1465 3634 1525 est,
3656 1472 3767 1527 po-

2172 1557 2290 1596 nere
2316 1544 2369 1597 in
2402 1541 2510 1597 Deo
2542 1558 2682 1615 spem
2715 1560 2916 1601 nteant:
2949 1555 3004 1599 ut
3032 1550 3332 1602 annuntieut
3361 1564 3534 1601 omnes
3562 1546 3759 1601 laudes

2170 1641 2285 1686 tuas
2312 1635 2365 1687 in
2394 1635 2555 1704 portis
2588 1635 2715 1702 [ilice
2740 1635 2894 1692 Sion.
2945 1637 3083 1693 Ecce
3108 1638 3415 1693 declaratus
3442 1648 3527 1693 est
3553 1653 3761 1694 sensus

2172 1724 2259 1779 ille
2287 1740 2443 1795 quem
2483 1726 2763 1783 diximus:
2803 1729 2927 1799 quia
2967 1728 3092 1783 licet
3126 1744 3290 1799 prava
3330 1745 3389 1785 se
3426 1730 3761 1800 cogitatione

494 1823 623 1895 [ed.,
652 1822 843 1878 bonam
874 1823 1317 1896 misericordiam]
1359 1824 1525 1895 ipsius
1569 1826 1821 1884 liberatus
1846 1842 2066 1883 enume-
2096 1843 2140 1902 Β
2171 1819 2453 1888 ροιιηθτὶι,
2510 1829 2688 1877 “me”
2742 1834 2774 1874 ἃ
2821 1815 3028 1876 Ollium!
3080 1821 3291 1876 Domini
3343 1837 3448 1876 ηοη
3498 1823 3755 1878 "cess"-

491 1925 595 1971 rat.
637 1914 770 1971 Nam
797 1929 919 1969 cum
948 1914 1097 1981 dicit,
1134 1916 1271 1983 Quid
1300 1925 1456 1971 restat
1485 1918 1539 1971 in
1565 1920 1708 1985 calo,
1740 1918 2064 1973 subaudien-

490 2007 615 2062 dum
642 2016 751 2075 est,
794 2006 920 2076 quid
949 2008 1179 2077 amplius
1210 2019 1409 2077 petam,
1459 2009 1511 2063 id
1557 2018 1668 2074 est,
1717 2025 1876 2079 quam
1921 2011 2064 2081 quod

490 2101 689 2159 mundo
715 2101 934 2156 daturus
962 2102 1058 2156 es?
1086 2101 1406 2156 Beneﬁcium
1436 2101 1639 2157 scilicet
1665 2112 1867 2157 sanctte
1893 2103 2067 2158 incar-

488 2196 719 2251 nationis
748 2205 883 2260 tuze;
928 2202 986 2249 ut
1019 2193 1160 2249 Deus
1188 2194 1348 2248 homo
1372 2209 1436 2249 ex
1468 2194 1674 2249 duabus
1700 2206 1753 2249 et
1779 2195 1830 2249 in
1859 2195 2066 2250 duabus

491 2286 694 2341 naturis
730 2284 998 2340 distinctis
1037 2293 1197 2354 atque
1237 2282 1489 2353 perfectis
1529 2298 1667 2339 unus
1693 2284 1939 2339 Christus
1965 2299 2063 2355 ap-

491 2386 703 2450 pareat,
750 2387 805 2433 et
832 2378 1137 2432 damnatum
1169 2377 1286 2448 lege
1327 2376 1530 2447 peccati
1577 2392 1673 2447 per
1708 2380 1934 2450 gratiam
1973 2394 2057 2433 re-

489 2471 811 2541 demptionis
859 2470 1123 2524 absolvat.
1175 2468 1507 2538 Increpative
1549 2478 1726 2524 autem
1773 2482 1959 2525 contra
2003 2484 2065 2525 se

491 2562 621 2618 dicit
671 2562 812 2632 quod
840 2562 1103 2631 sequitur,
1131 2571 1178 2615 et
1206 2578 1239 2615 a
1268 2570 1316 2616 te
1342 2561 1466 2629 quid
1496 2560 1630 2615 volui
1656 2577 1809 2630 super
1832 2569 2021 2614 terram
2038 2560 2066 2614 7

489 2657 637 2728 quasi
679 2656 915 2713 diceret:
965 2658 1075 2729 Ego
1114 2658 1360 2715 veritatis
1402 2658 1643 2728 ignarus,
1686 2658 1861 2727 qualia
1902 2672 2065 2727 super

488 2757 685 2803 terram
713 2736 1016 2819 sperabam,
1060 2758 1117 2803 ut
1156 2760 1497 2819 peccatorum
1526 2749 1663 2805 bona
1690 2763 1942 2819 cuperem
1971 2750 2063 2803 lia-

487 2838 617 2894 bere
643 2839 965 2907 communia,
997 2854 1117 2894 cum
1148 2848 1203 2895 tu
1231 2839 1487 2895 beneﬁcia
1516 2853 1730 2908 parares
1760 2839 1812 2893 in
1848 2838 2064 2893 materni-

486 2939 597 2986 tate
616 2932 899 2986 mansura?
920 2930 1041 2987 Istae
1060 2940 1181 2986 sunt
1203 2931 1379 3000 potius
1399 2930 1601 2985 divitiae
1621 2944 1755 3001 quas
1774 2929 2064 2985 salubriter

483 3039 682 3092 cupere
701 3024 1021 3090 debeamus;
1054 3024 1152 3079 ista
1180 3023 1407 3079 felicitas
1430 3022 1497 3077 de
1516 3036 1619 3091 qua
1644 3037 1703 3076 se
1724 3021 2062 3077 Christianus

484 3118 711 3185 gaudeat
729 3131 849 3171 esse
871 3116 1220 3187 locupletent;
1248 3126 1305 3170 ut
1325 3114 1395 3169 sit
1418 3127 1618 3185 pauper
1638 3114 1691 3168 in
1716 3113 1817 3169 hoc
1839 3113 2058 3179 saeculo,

484 3206 635 3261 dives
663 3209 713 3261 in
740 3206 897 3263 calo.

560 3297 711 3353 Vers.
730 3297 819 3350 9.6.
854 3295 1051 3368 Defecit
1078 3312 1196 3350 caro
1220 3311 1332 3351 mea
1360 3303 1411 3349 et
1436 3309 1524 3348 cor
1543 3309 1747 3349 meum:
1781 3293 1919 3350 Deus
1946 3310 2062 3348 eor-

483 3386 564 3440 dis
593 3386 711 3449 mei,
743 3396 789 3439 et
818 3400 938 3455 pars
968 3400 1077 3438 mea
1106 3383 1241 3438 Deus
1267 3386 1318 3437 in
1348 3384 1559 3438 alecula.
1610 3383 1856 3439 Defectus
1886 3383 2059 3440 dictus

483 3488 597 3546 est,
642 3478 891 3548 quoniam
930 3476 1081 3531 deest
1122 3476 1198 3531 illi
1237 3474 1481 3532 eﬁ‘ectus.
1535 3477 1601 3531 Et
1640 3476 1763 3546 jure
1804 3478 2058 3547 cogitatio

483 3569 714 3625 carnalis
740 3568 1011 3639 defecerat,
1042 3583 1161 3638 quae
1191 3582 1249 3623 se
1279 3582 1490 3623 errasse
1519 3568 1797 3624 noscebat.
1846 3570 1950 3626 Sed
1978 3570 2056 3625 illi

483 3659 788 3728 conﬁtetur,
831 3657 916 3714 cui
953 3659 1163 3729 culpam
1200 3658 1442 3715 revelare
1483 3658 1777 3715 remedium
1805 3671 1925 3715 est:
1956 3661 2055 3717 de-

482 3750 607 3806 licta
636 3749 880 3805 conﬁteri
918 3750 1200 3805 securitas.
1234 3750 1299 3804 Et
1326 3759 1451 3805 nota
1480 3750 1622 3822 quod
1652 3752 1708 3807 in
1738 3768 1846 3807 uno
1872 3766 2053 3818 versu,

483 3858 572 3896 cor
595 3850 647 3897 et
674 3840 728 3897 in
758 3842 899 3898 bono
919 3842 1132 3912 ponitur
1157 3851 1213 3898 et
1243 3843 1296 3897 in
1323 3844 1484 3898 malo.
1517 3841 1716 3914 Defecit
1742 3859 1847 3909 cor,
1874 3845 2057 3914 utique

480 3934 620 3989 mala
642 3932 915 4004 cogitatio.
945 3932 1081 3989 Deus
1104 3934 1293 4005 cordis,
1317 3933 1513 3990 bonum
1540 3934 1868 3991 intellectum
1891 3937 2055 4006 signi-

481 4023 626 4092 ﬁcat,
646 4038 770 4079 cum
793 4039 853 4080 se
875 4039 1086 4080 errasse
1109 4024 1393 4080 salubriter
1417 4026 1702 4082 sentiebat.
1749 4026 1883 4082 lllud
1914 4043 2052 4097 quo-

477 4132 584 4186 que
609 4116 899 4172 notandum
926 4124 1036 4181 est,
1067 4115 1209 4186 quod
1239 4116 1545 4187 frequenter
1569 4116 1845 4188 Scriptura
1870 4117 2051 4172 divina

476 4210 546 4264 sle
575 4209 814 4280 corporis
852 4208 1149 4264 istiusmodi
1181 4219 1331 4279 parte
1356 4211 1486 4267 dicit
1512 4226 1765 4267 emanare
1790 4211 2048 4277 consilia;

478 4300 617 4353 sicut
644 4299 899 4368 scriptum
925 4306 1044 4353 est:
1079 4296 1157 4352 De
1179 4301 1332 4354 corde
1353 4301 1573 4357 hominis
1600 4304 1884 4371 procedunt
1914 4303 2053 4375 cogi-

480 4391 693 4443 tationes
720 4390 871 4444 mala:
895 4388 1110 4461 (Matth.
1133 4407 1222 4458 xv,
1253 4393 1364 4463 i9).
1396 4394 1650 4462 Quamvis
1677 4396 1841 4467 aliqui
1871 4397 2052 4451 dicant

478 4479 531 4537 in
560 4479 784 4536 cerebro
812 4495 932 4536 esse
957 4480 1233 4550 sapientiae
1262 4485 1465 4539 sedem.
1511 4485 1620 4540 Sed
1650 4486 1727 4541 illi
1759 4489 1936 4556 potius
1964 4487 2049 4542 di~

2171 1909 2309 1964 Dicit
2342 1912 2521 1978 enim,
2572 1911 2756 1967 bonum
2797 1912 2901 1967 sibi
2942 1927 3063 1967 esse
3098 1912 3361 1967 adluat-ere
3403 1912 3652 1966 Domino.
3701 1912 3757 1967 ιι

2168 2002 2310 2055 enim
2351 2001 2620 2056 Divinitati
2659 2001 2887 2056 adliceret
2928 2001 3019 2072 qui
3058 2017 3118 2057 se
3154 2001 3239 2056 illi
3268 2016 3397 2058 vera
3440 2003 3548 2057 ﬁde
3586 2012 3756 2071 atque

2167 2106 2389 2161 operum
2422 2093 2689 2163 probitate
2716 2093 3018 2163 coniungit.
3064 2093 3196 2149 Nam
3226 2092 3368 2150 sicut
3397 2092 3592 2163 impios
3618 2094 3751 2148 dicit

2165 2182 2471 2252 elongatosf,
2517 2182 2591 2237 ita
2630 2198 2691 2238 se
2734 2182 2960 2238 Domino
2996 2182 3274 2238 adhaerere
3316 2184 3637 2252 proﬁtetur;
3688 2192 3752 2237 ut

2164 2270 2274 2325 illis
2301 2271 2565 2326 contraria
2598 2271 2861 2337 faciendo,
2890 2272 3160 2342 disparem
3189 2271 3627 2333 vicissitudinem
3661 2288 3748 2327 re-

2167 2359 2551 2415 munerationis
2578 2359 2833 2416 inveniat.
2868 2360 3142 2431 Sequitur,
3170 2378 3356 2432 ponere
3376 2363 3437 2415 in
3467 2363 3574 2416 Deo
3604 2377 3750 2431 spem

2164 2465 2350 2505 mam.
2402 2450 2637 2521 Exponit
2683 2452 2903 2506 verbum
2953 2451 3095 2522 quod
3143 2454 3392 2517 superius
3439 2452 3597 2507 dixit.
3652 2452 3749 2507 Ille

2164 2543 2305 2598 enim
2334 2542 2558 2596 adliceret
2584 2540 2695 2596 Deo
2720 2545 2810 2612 qui
2837 2558 2984 2613 spem
3012 2558 3166 2599 suam
3196 2544 3346 2613 ponit
3382 2544 3439 2599 in
3468 2544 3739 2599 Domino:

2162 2635 2287 2704 quia
2316 2634 2446 2689 nihil
2486 2643 2659 2704 potest
2687 2649 2812 2690 esse
2842 2636 3053 2691 beatius
3081 2651 3241 2706 quam
3272 2635 3348 2691 illi
3379 2636 3560 2690 omnia
3591 2650 3740 2690 com-

2165 2724 2396 2793 mittere,
2426 2724 2516 2794 qui
2547 2726 2695 2779 novit
2722 2725 2836 2781 suis
2864 2726 3162 2782 cultoribus
3187 2741 3424 2797 congrue
3456 2726 3740 2796 profutura

2165 2825 2439 2886 praestare.
2471 2817 2711 2883 Addidit,
2740 2827 2791 2870 ut
2815 2820 3112 2874 annuntiem
3137 2835 3308 2873 omnes
3334 2821 3517 2875 laudes
3541 2829 3659 2874 tuas
3686 2822 3737 2874 in

2124 2922 2127 2925 ·
2163 2908 2321 2975 portis
2354 2907 2478 2977 ﬁliae
2503 2906 2653 2963 Sion.
2702 2907 2835 2963 Sion
2876 2907 3187 2979 frequenter
3225 2909 3459 2965 diximus
3503 2921 3741 2965 montem

2164 3014 2283 3054 esse
2305 2999 2654 3071 Jerosolymis
2680 3001 3052 3070 constitutum,
3078 3003 3168 3073 qui
3198 3012 3378 3058 nostra
3412 3003 3594 3075 lingua
3621 3018 3741 3071 spe~

2162 3089 2359 3144 culatio
2420 3090 2825 3159 interpretatur.
2889 3091 3046 3147 Istius
3094 3106 3222 3162 ergo
3267 3093 3742 3162 contemplationis

2163 3179 2346 3247 ﬁliam,
2365 3181 2681 3237 catholicam
2704 3191 2916 3238 constat
2936 3198 3057 3239 esse
3077 3184 3370 3240 Ecclesiam
3389 3225 3407 3254 ,
3436 3186 3527 3240 ubi
3554 3200 3741 3242 revera

2164 3269 2346 3327 laudes
2391 3271 2616 3328 Domino
2659 3272 2868 3340 reddit,
2912 3275 3002 3345 qui
3047 3290 3175 3343 pura
3207 3290 3387 3331 mente
3417 3277 3733 3332 crediderit.

2162 3360 2229 3417 In
2254 3364 2434 3434 portis,
2458 3364 2630 3434 ipsum
2659 3364 2958 3435 ingressum
2984 3366 3400 3422 Christianitatis
3429 3368 3633 3422 mavult
3660 3368 3739 3421 in.

2162 3456 2349 3527 telligi,
2374 3458 2587 3528 quando
2607 3459 2673 3514 ad
2697 3474 2876 3515 veram
2906 3459 3064 3516 ﬁdem
3087 3459 3484 3531 percipiendam
3513 3459 3739 3531 populus

2160 3560 2316 3602 nova:
2340 3548 2763 3618 regenerationis
2787 3549 3094 3606 adducitur.

2685 3660 2955 3719 Conclusio
2994 3664 3203 3735 psalmi.

2225 3772 2395 3843 Quam
2426 3774 2744 3831 mirabiliter
2771 3776 2949 3846 Asaph
2980 3776 3081 3831 iste
3109 3776 3263 3848 cujus
3291 3791 3488 3833 nomen
3528 3776 3732 3833 indicat

2156 3863 2515 3936 Synagogam,
2545 3874 2600 3920 et
2628 3868 2932 3936 praeteritos
2960 3882 3175 3922 errores
3203 3871 3429 3938 respuit,
3460 3878 3515 3923 et
3544 3868 3736 3924 futuras

2156 3957 2291 4011 bona
2339 3955 2675 4011 credulitatis
2720 3958 3042 4027 assumpsitl
3086 3958 3407 4013 Deliberavit
3455 3960 3601 4013 enim
3634 3972 3738 4013 sa-

2155 4047 2385 4117 pienter,
2427 4046 2589 4117 elegit
2629 4047 2858 4114 eximie,
2904 4058 2963 4103 ut
2998 4063 3103 4103 non
3136 4048 3405 4103 immerito
3436 4059 3559 4119 post
3590 4049 3735 4104 illam

2153 4138 2445 4207 superioris
2500 4138 2690 4208 psalmi
2739 4139 2807 4195 de
2854 4140 3086 4195 adventu
3137 4140 3348 4196 Domini
3397 4142 3733 4197 salutiferam

2154 4232 2585 4299 promissionem,
2620 4234 2998 4302 septuagesimi
3031 4234 3254 4289 secundi
3299 4234 3490 4303 psalmi
3540 4236 3592 4290 ei
3638 4251 3737 4290 nuo

2152 4336 2332 4375 merus
2358 4324 2674 4378 convenisse
2700 4323 2967 4389 videatur,
3012 4324 3229 4394 quando
3256 4334 3509 4395 utrasque
3533 4326 3737 4395 cogita-

2154 4413 2356 4467 tionum
2385 4423 2587 4483 partes,
2617 4405 2760 4469 velut
2787 4414 2931 4484 justa
2961 4414 3097 4471 libra
3124 4415 3461 4484 discernens,
3484 4414 3734 4485 aequabili

2153 4511 2321 4557 totum
2384 4503 2753 4559 moderatione
2822 4506 3089 4573 pensavit.
3164 4506 3465 4587 Completa'
3502 4517 3588 4562 est
3652 4507 3735 4561 his

475 4571 620 4628 centi
648 4570 717 4627 de
741 4570 901 4627 corde
930 4578 1115 4626 nostro
1142 4572 1469 4628 credendum
1497 4583 1603 4639 est,
1635 4575 1725 4645 qui
1754 4578 1918 4633 corda
1948 4593 2044 4634 no-

2166 4594 2604 4650 tdmonitionibus
2632 4570 2892 4652 institutio
2920 4596 3240 4666 Christiani,
3287 4570 3346 4653 ut
3386 4582 3486 4653 nec
3524 4600 3736 4670 cogita-

473 4674 584 4719 stra
613 4661 882 4719 formavit.
928 4662 1199 4735 Sequitur,
1222 4671 1268 4717 et
1295 4679 1416 4734 pars
1444 4680 1556 4718 mea
1582 4662 1725 4719 Deus
1753 4671 1805 4721 t'n
1830 4667 2046 4723 secula.

474 4757 619 4813 Illius
645 4757 878 4813 hominis
916 4771 1039 4828 pars
1066 4756 1208 4812 Deus
1234 4765 1337 4821 est,
1372 4756 1460 4827 qui
1492 4771 1551 4813 se
1580 4756 1847 4828 majestati
1879 4758 2047 4829 ipsius

469 4859 526 4906 et
566 4849 881 4905 credulitate
922 4849 1224 4914 consociat,
1271 4858 1327 4903 et
1371 4848 1633 4918 probabili
1662 4850 1873 4905 actione
1900 4864 2050 4905 com-

470 4924 705 4999 mendat.
736 4940 805 4997 In
828 4942 1017 4997 sacula
1044 4954 1170 4996 vero
1195 4940 1335 5011 quod
1363 4940 1593 5008 addidit,
1621 4957 1834 5014 semper
1857 4955 1916 4998 se
1944 4942 2048 5013 ipsi

468 5028 744 5083 adhaerere
792 5027 1055 5099 promisit.
1110 5026 1263 5095 Quod
1316 5042 1505 5084 revera
1554 5030 1912 5097 perlectorum
1965 5041 2051 5087 est

468 5136 738 5191 nunquam
778 5119 846 5176 ab
883 5120 973 5177 illo
1000 5121 1140 5177 vello
1165 5120 1462 5189 discedere,
1497 5121 1615 5177 sine
1643 5138 1751 5195 quo
1779 5124 2047 5195 contingit

468 5227 684 5282 semper
707 5226 908 5267 errare.

539 5301 695 5358 νει-ε.
720 5302 808 5357 27.
850 5300 985 5370 Quia
1014 5318 1124 5357 ecce
1151 5303 1236 5373 qui
1267 5304 1505 5376 clangunt
1540 5320 1595 5359 se
1621 5321 1653 5358 a
1684 5315 1732 5359 te
1762 5305 2039 5373 peribunt,-

466 5394 737 5464 perdidisti
764 5410 934 5449 omnes
963 5395 1050 5463 qui
1078 5396 1399 5463 fornicamur
1430 5397 1521 5450 abs
1551 5404 1617 5451 te.
1665 5395 1881 5451 Illorum
1919 5413 2037 5452 me-

465 5478 585 5542 mor
611 5496 693 5541 est
721 5487 788 5543 de
812 5486 1005 5557 quibus
1033 5488 1278 5556 superius
1304 5487 1441 5542 dixit
1466 5506 1480 5541 :
1513 5488 1694 5543 Subito
1718 5490 2040 5561 defecerunt,-

466 5578 724 5648 perierunt
753 5585 957 5648 propter
979 5577 1293 5647 iniquitatem
1320 5593 1485 5633 suam.
1531 5578 1608 5633 Illi
1636 5578 1778 5633 enim
1813 5593 1872 5634 se
1899 5580 2043 5633 elon-

464 5676 707 5744 gaserunt
732 5667 801 5725 ab
826 5681 913 5737 eo,
941 5667 1032 5740 qui
1071 5666 1229 5722 idolis
1268 5668 1583 5734 servientes,
1620 5668 1728 5723 Deo
1762 5681 1890 5724 vero
1921 5670 2039 5723 nul-

2153 4688 2384 4742 tionibus
2409 4689 2564 4745 malis
2585 4688 2877 4761 delinquat,
2901 4690 2994 4762 qui
3014 4706 3074 4747 se
3096 4691 3322 4747 Domino
3343 4693 3731 4749 commendare

2152 4778 2387 4836 festinat.
2418 4780 2636 4850 Praesta,
2670 4781 2915 4849 Domine,
2943 4798 3010 4840 ne
3036 4799 3135 4842 nos
3161 4785 3354 4841 talibus
3386 4786 3629 4841 invidere
3651 4784 3733 4839 fa-

2154 4869 2285 4937 cias,
2311 4885 2446 4941 quos
2476 4879 2563 4926 tua
2592 4871 2815 4926 veritate
2840 4874 3167 4929 condemnas
3188 4915 3204 4942 ,
3246 4874 3340 4930 sed
3385 4889 3733 4931 exsecremur

2155 4975 2289 5031 quos
2326 4961 2537 5032 horres,
2569 4971 2622 5017 et
2649 4977 2891 5019 amemus
2920 4974 3066 5021 certe
3091 4981 3222 5037 quos
3252 4966 3466 5037 diligis;
3498 4969 3623 5038 quia
3656 4979 3735 5022 te-

2153 5070 2274 5111 cum
2303 5062 2570 5125 nequeunt
2599 5056 2796 5112 habere
2823 5058 3144 5127 portionem,
3174 5058 3274 5113 nisi
3304 5059 3394 5130 qui
3422 5060 3734 5116 voluntates

2154 5153 2270 5200 tuas
2296 5158 2475 5202 mente
2500 5146 2842 5204 devotissima
2868 5148 3288 5220 subsequuntur.

2397 5284 2752 5343 EXPOSITIO
2788 5287 2852 5342 IN
2892 5288 3209 5347 PSALMUM
3247 5290 3482 5348 LXXIII.

2672 5378 2971 5437 Intellectus
2996 5383 3193 5457 Asaph.

2218 5492 2511 5547 Intellectus
2540 5492 2807 5563 signiﬁcat
2836 5494 3221 5564 inspectionem
3250 5495 3485 5553 divinam
3508 5539 3522 5562 ,
3562 5513 3728 5566 quam

2144 5580 2379 5653 psalmus
2430 5584 2530 5640 iste
2582 5585 2758 5640 studio
2816 5586 3030 5654 pietatis
3080 5590 3407 5645 omnimodis
3461 5590 3724 5647 intuetur.

2143 5674 2315 5745 Asaph
2338 5675 2497 5747 (sicut
2523 5689 2668 5745 saepe
2691 5677 2802 5745 jam
2832 5676 3031 5732 dictum
3053 5677 3157 5750 est)
3180 5680 3560 5751 interpretatur
3581 5679 3727 5736 Con-

465 5760 571 5816 lam
596 5760 947 5819 reverentiam
972 5757 1339 5820 reddiderunt.
1374 5757 1477 5817 Iste
1501 5760 1646 5816 enim
1677 5760 1903 5817 credens
1929 5759 2040 5817 Deo
2141 5766 2398 5833 gregatio,
2449 5779 2569 5834 quae
2616 5781 2758 5823 nunc
2806 5777 3029 5825 vccatur
3067 5769 3323 5827 Ecclesia.
3374 5771 3477 5830 Ista
3518 5772 3726 5830 tutum
