4036 6342
261 329 354 388 525

1115 323 1476 381 EXPOLSITIU
1518 324 1578 378 IN
1625 324 2085 384 PS.\LTLRIUM.
2131 329 2317 385 I‘SAL.
2365 328 2598 385 LXXIII.

3391 326 3493 383 5‘26

257 444 424 502 clades
465 437 687 496 civitatis
735 437 1031 495 Jerusalem
1082 438 1384 494 miseranda
1425 437 1805 493 lamentatione
1837 442 1890 501 Α
1910 439 2017 510 jam
2045 444 2306 498 reservari
2337 444 2592 509 creditur,
2621 441 2833 513 quando
2853 443 3054 498 sanctis
3084 441 3215 500 lueis
3244 457 3497 501 reveren-

257 535 500 605 dn;.lorat.
551 531 678 586 Mira
711 528 912 600 pietas,
961 530 1220 600 stupenda
1251 530 1563 594 clementia,
1607 529 1808 584 malum

259 630 474 684 futurum
522 633 840 694 prrscutem
890 624 992 678 sibi
1042 622 1222 679 facere
1266 625 1582 692 planctum;
1639 633 1692 678 et
1739 623 1817 676 sic

256 721 425 775 dolere
451 728 688 778 ventura,
721 715 871 784 quasi
908 717 1018 783 jam
1052 715 1346 784 probentur
1374 729 1493 770 esse
1522 723 1771 784 suscepta
1798 714 1813 768 l

259 807 394 873 Quod
424 819 585 876 genus
612 803 860 860 dictionis
887 804 1151 859 charitate
1192 804 1405 871 plenum
1425 846 1439 870 ,
1482 805 1820 875 proximique

259 897 525 953 dilectione
569 904 947 964 compunctum
1000 907 1055 950 et
1107 895 1159 949 in
1209 895 1312 950 hoc
1361 896 1608 966 psalmo,
1660 905 1714 949 et
1767 896 1820 949 in

259 987 635 1057 septuagesimo
654 996 864 1049 octavo,
887 996 939 1041 et
967 987 1020 1041 in
1048 987 1341 1041 centesimo
1369 975 1645 1056 trigesimo
1670 999 1822 1042 sexto

260 1081 478 1150 reperies
506 1080 668 1135 fuisse
693 1088 989 1134 cantatum.
1022 1079 1173 1134 Scire
1200 1088 1378 1134 autem
1408 1080 1666 1136 debemus
1695 1082 1820 1151 quid

225 1170 460 1248 'intcrsit
504 1169 643 1223 inter
687 1170 1006 1239 pmnitentes
1050 1177 1107 1224 et
1153 1169 1534 1236 lamentantes,
1573 1173 1822 1241 quoniam

257 1257 375 1318 bunt
395 1263 572 1318 tristes
590 1248 844 1332 Iacrymas
869 1265 1107 1334 utrisque
1131 1278 1465 1319 communes.
1497 1265 1824 1321 Pmnitentes

213 1340 226 1410 ,’
260 1369 348 1426 pro
387 1355 494 1410 suis
537 1354 790 1425 peccatis,
840 1364 934 1411 aut
979 1371 1073 1425 pro
1113 1356 1479 1426 generalitatis
1517 1360 1827 1414 excessibus

257 1455 462 1518 rogant;
497 1457 555 1500 ut
583 1447 841 1502 Dominus
870 1447 1029 1518 249
1045 1446 1238 1503 delicta
1268 1448 1520 1514 dimittat,
1549 1463 1618 1505 ne
1646 1450 1830 1519 puniat

257 1547 423 1593 errata
443 1553 568 1593 cum
591 1538 813 1607 judicat.
844 1539 1224 1594 Lamentantes
1244 1555 1373 1594 vero
1404 1541 1616 1608 pietatis
1637 1541 1829 1596 intuitu

257 1630 444 1687 deﬁeut
468 1631 704 1686 civitatis
733 1632 940 1698 ruinas,
968 1641 1022 1685 et
1053 1631 1324 1686 interitum
1357 1646 1576 1686 suorum
1604 1631 1827 1702 civium,

256 1737 402 1792 quem
430 1722 554 1796 [ms.
583 1721 676 1790 A.,
705 1721 843 1794 quae]
873 1732 962 1777 aut
988 1723 1096 1792 jam
1129 1723 1296 1792 passi,
1327 1732 1421 1778 aut
1444 1733 1592 1778 certe
1624 1722 1832 1794 passuri

1920 531 1990 585 tia
2022 546 2125 586 non
2158 531 2418 590 habetur?
2439 533 2712 604 Repulisti,
2736 534 2975 603 abiecisti
2999 545 3102 600 est,
3127 536 3276 606 quasi
3297 537 3501 593 alienos

1920 635 1950 674 a
1995 631 2082 676 tua
2121 622 2432 679 defensione
2460 625 2652 680 fecisti.
2683 623 2749 678 In
2785 626 2962 695 ﬁnem,
2996 625 3082 680 hic
3124 627 3396 681 intetitum
3428 629 3504 682 si-

1920 711 2136 780 gnificat
2165 721 2219 766 et
2257 714 2638 782 captivitatem,
2663 731 2820 784 quam
2848 715 3144 770 Jeru3a1cm
3175 717 3504 785 temporibus

1921 801 2236 872 Vespasiani
2273 814 2434 875 atque
2479 805 2582 860 Titi
2634 805 2929 876 principum
2961 822 2992 860 a
3020 806 3275 860 Romanis
3313 807 3507 878 legitur

1924 895 2224 964 pertulisse.
2258 895 2538 966 Sequitur,
2577 895 2756 950 Iratus
2781 908 2854 951 est
2884 898 3030 966 {uror
3057 906 3173 951 tuus
3215 917 3368 966 super
3391 915 3506 953 oves

1925 987 2088 1059 gregis
2112 989 2205 1041 tui.
2240 987 2367 1042 Oves
2389 987 2517 1042 dicit
2547 988 2798 1056 populum
2822 985 3150 1054 Judteorum,
3186 999 3239 1042 ut
3266 989 3508 1043 nomina-

1927 1085 2011 1132 tns
2035 1095 2158 1149 grex
2181 1079 2250 1148 pii
2280 1080 2515 1134 Pastoris
2538 1079 2958 1134 misericordiam
2985 1091 3368 1136 commoveret.
3393 1081 3506 1135 Ad-

1925 1169 2060 1222 didit
2077 1170 2171 1237 tui,
2194 1171 2314 1240 quia
2333 1185 2545 1241 semper
2568 1171 2616 1224 iu
2639 1171 2717 1225 eis
2739 1170 3125 1240 temperantius
3151 1173 3506 1239 vindicamus,

1928 1275 2064 1331 quos
2093 1263 2378 1332 aliquando
2404 1273 2618 1319 nostros
2646 1262 2811 1318 fuisse
2837 1264 3202 1320 meminimus.

2001 1350 2154 1406 Vers.
2181 1351 2236 1406 2.
2276 1351 2532 1407 Memento
2561 1354 2966 1425 congregationis
2996 1364 3117 1417 tute,
3151 1371 3304 1424 quam
3333 1365 3512 1410 creasts

1928 1444 1991 1496 ab
2021 1444 2167 1497 initio
2191 1459 2210 1498 :
2227 1443 2451 1498 Iiberasti
2475 1445 2667 1516 virgam
2687 1445 3002 1499 haereditatis
3028 1455 3147 1511 tute,
3174 1448 3359 1500 montis
3383 1446 3508 1518 [ms.

1931 1535 2022 1601 A.,
2048 1533 2215 1606 mons]
2239 1534 2388 1602 Sion,
2411 1535 2465 1589 in
2491 1552 2592 1606 quo
2613 1536 2874 1590 habitasti.
2908 1537 3118 1593 Intuere
3138 1539 3363 1594 snllicite
3384 1550 3517 1610 quot.

1930 1627 2104 1681 modis
2153 1627 2580 1682 benevolentiam
2628 1627 2830 1682 iudicis
2879 1636 3109 1694 quaerat,
3145 1638 3200 1682 ut
3241 1641 3514 1684 oratorum

1933 1729 2244 1790 argumenta
2278 1721 2399 1776 hinc
2438 1720 2678 1775 invenias
2719 1718 2885 1774 fuisse
2922 1735 3220 1790 progressa.
3269 1721 3514 1776 l‘rmstita

258 1823 390 1869 sunt.
421 1815 577 1870 Unde
601 1824 778 1869 mouet
803 1814 1091 1884 Apostolus
1111 1814 1426 1869 cbaritatem
1457 1815 1685 1882 proximi
1713 1829 1832 1883 per-
1865 1829 1906 1890 Β
1935 1815 2078 1865 enim
2132 1811 2270 1866 dona
2319 1822 2697 1878 numerantur,
2741 1821 2796 1866 ut
2836 1813 2902 1866 ad
2958 1813 3216 1868 beneﬁcia
3261 1823 3515 1868 consueta

257 1907 497 1974 suadens,
523 1905 762 1961 Gaudere
782 1921 896 1958 cum
917 1905 1274 1975 gaudentibus,
1297 1907 1423 1974 ﬂens
1452 1921 1571 1958 cum
1596 1905 1836 1974 ﬂentibus

260 1997 428 2064 (Rom.
455 2013 562 2063 xit,
605 1999 716 2067 l5).
766 1997 1134 2066 Respiciamus
1183 2013 1326 2052 nunc
1369 1997 1612 2052 ordinem
1661 1999 1836 2068 ipsum

257 2086 678 2157 positionemque
729 2089 1074 2157 psalmorum.
1141 2087 1580 2157 Septuagesimus
1633 2089 1836 2156 primus

259 2181 482 2248 psalmus
527 2180 772 2249 promisit
811 2180 1229 2234 incarnationem
1263 2179 1471 2233 Domini
1503 2194 1626 2235 esse
1649 2193 1837 2236 ventu-

257 2283 384 2323 ram.
409 2270 464 2325 In
494 2255 890 2340 septuagesimo
918 2269 1176 2339 secundo,
1200 2269 1511 2338 postpositis
1537 2272 1836 2342 erroribus,

259 2361 431 2428 Asaph
471 2362 632 2430 elegit
670 2362 797 2430 quid
837 2372 1114 2431 sequatur.
1164 2361 1221 2415 In
1264 2361 1514 2429 praesenti
1557 2371 1733 2416 autem
1761 2366 1839 2418 ci-

257 2452 429 2506 vitatis
477 2454 758 2509 subversio
799 2454 1150 2523 deploratur;
1198 2463 1257 2508 ut
1286 2454 1604 2509 durissimus
1629 2455 1838 2510 animus

253 2543 563 2602 Judmorum
588 2548 672 2603 vel
712 2548 878 2618 ipsius
906 2547 1137 2602 civitatis
1161 2561 1274 2602 sua:
1298 2546 1692 2603 calamitatibus
1726 2558 1835 2602 ter-

255 2650 484 2696 reretur.
532 2641 728 2696 Totum
769 2640 897 2696 fecit
943 2641 1180 2697 Medicus
1218 2642 1409 2708 bonus,
1458 2642 1505 2696 si
1551 2642 1835 2698 sanitatem

254 2730 498 2797 recipere
520 2730 776 2785 voluisset
800 2741 1052 2801 aegrotus.
1083 2731 1481 2786 Meminerimus
1501 2739 1678 2787 autem
1698 2732 1837 2802 quod

251 2821 618 2878 ecclesiastica
666 2823 827 2878 tradit
873 2824 1167 2879 auctoritas
1213 2824 1296 2879 his
1337 2823 1530 2880 diebus
1575 2834 1836 2882 vastatam

254 2909 588 2978 Jerusalem,
644 2915 857 2984 quando
906 2915 1180 2970 Christum
1235 2915 1518 2971 Dominum
1566 2916 1839 2973 cruciﬁxit

259 3002 406 3071 plebs
445 3005 816 3061 crudelissima
857 3007 1196 3074 Judaaorum;
1247 3017 1307 3063 ut
1352 3023 1458 3063 non
1504 3009 1574 3064 sit
1617 3009 1834 3066 dubium

254 3095 392 3162 quod
432 3098 691 3166 temporis
731 3099 926 3154 malum
973 3099 1235 3170 receperit
1274 3102 1710 3172 praesumptionis
1743 3117 1837 3159 es-

256 3199 452 3243 cessus.
488 3189 638 3246 Nunc
662 3190 731 3247 ad
757 3191 957 3261 reliqua
982 3199 1342 3248 transeamus.

828 3299 1022 3356 Divisio
1049 3301 1254 3373 psalmi.

319 3409 678 3466 lsraelitarum
709 3414 956 3484 populus,
979 3415 1069 3484 qui
1101 3414 1322 3483 ﬁguram
1340 3415 1580 3471 continet
1604 3414 1838 3470 devotis-

255 3503 398 3558 sima:
449 3505 773 3577 Synago-gze,
821 3521 916 3575 per
963 3515 1129 3561 totum
1176 3506 1414 3577 loquitur
1442 3508 1725 3577 psalmum.
1780 3509 1834 3561 In

253 3596 413 3664 prima
443 3600 688 3652 sectione
716 3597 960 3667 deplorat
987 3613 1084 3653 cur
1111 3598 1288 3653 traditi
1331 3598 1529 3655 fuerint
1565 3599 1830 3668 gentibus,

246 3683 315 3739 ita
367 3698 419 3741 ut
465 3689 837 3743 sanctuarium
869 3687 1082 3744 Domini
1120 3689 1457 3744 inimicorum
1504 3689 1837 3760 profanasset

243 3778 494 3847 audacia,
530 3794 832 3835 memorans
887 3780 1235 3850 quorumdam
1271 3780 1577 3836 Iudaeorum
1609 3797 1701 3838 cor
1730 3782 1834 3836 im-

250 3871 521 3939 poenitens
567 3872 776 3926 Domini
817 3887 1138 3942 provocasse
1177 3888 1495 3939 censuram;
1536 3889 1601 3928 ex
1643 3874 1834 3944 quibus

248 3971 420 4018 tamen
475 3963 531 4016 in
584 3962 687 4017 ﬁne
730 3963 911 4017 saeculi
965 3966 1354 4020 convertendos
1380 3979 1500 4020 esse
1529 3966 1830 4034 prophetat.

250 4047 499 4105 Secunda
526 4051 674 4119 dicit,
723 4051 955 4106 adventu
985 4053 1183 4106 Christi
1221 4052 1629 4122 superStitiones
1651 4061 1707 4108 et
1732 4052 1835 4106 ini-

249 4141 484 4210 quitates
511 4143 783 4198 hominum
814 4143 980 4199 fuisse
1019 4145 1354 4200 destructas:
1387 4160 1710 4200 enumerans
1755 4147 1836 4200 di-

248 4243 401 4284 versa
433 4247 560 4286 eum
594 4232 783 4287 fecisse
813 4234 1100 4303 magnalia,
1135 4234 1275 4289 inter
1302 4250 1420 4303 qua:
1460 4236 1592 4304 petit
1638 4246 1694 4288 ut
1729 4235 1828 4290 Ju-

246 4321 374 4378 dmis
399 4326 709 4380 errantibus
744 4326 1074 4382 subveniret.
1105 4327 1284 4382 Tertia
1316 4330 1552 4383 sectione
1582 4338 1732 4398 rogat
1777 4339 1834 4384 ut

247 4429 451 4472 memor
485 4418 900 4486 promissionum
931 4435 1148 4474 suarum
1174 4419 1240 4475 ab
1271 4420 1485 4475 interitu
1514 4435 1699 4476 semen
1729 4422 1833 4477 eri-

246 4506 354 4573 piat
381 4508 638 4576 Abrahte,
666 4518 719 4564 et
745 4509 812 4565 ad
834 4511 1003 4581 ipsum
1025 4513 1538 4581 ascendatsuperbia
1564 4513 1832 4569 Romano-

246 4610 359 4653 rum
380 4601 474 4671 qui
494 4616 552 4655 se
579 4601 878 4657 immaniter
901 4603 1120 4672 (ms.A.,
1149 4600 1240 4668 F.,
1262 4619 1321 4658 se
1350 4604 1599 4677 inaniter]
1621 4607 1830 4662 extule-

247 4700 386 4746 runt.
429 4693 604 4761 Quem
633 4693 892 4762 psalmum
923 4694 1165 4750 sollicitis
1214 4696 1482 4750 mentibus
1510 4697 1788 4752 audiamus
1815 4714 1828 4762 ;

246 4792 328 4836 est
355 4787 502 4840 enim
532 4786 582 4840 in
615 4785 804 4841 excidii
847 4786 1276 4858 Jerosolymitani
1315 4788 1692 4845 lamentatione
1733 4791 1832 4845 mi-

247 4876 450 4935 rabilis.

781 4990 1050 5064 Eapositio
1081 4994 1293 5066 psalmi.

316 5102 471 5157 Vers.
506 5103 554 5157 I.
584 5102 797 5174 thuid,
826 5103 981 5168 Deus,
1009 5106 1243 5172 repulisti
1269 5106 1319 5160 in
1342 5105 1540 5176 ﬁnem?
1567 5106 1731 5161 iratus
1756 5115 1830 5163 est

247 5194 388 5261 {uror
413 5205 534 5250 tuus
558 5211 711 5266 super
739 5213 851 5250 oves
875 5197 1042 5269 gregis
1069 5197 1162 5251 tui.
1209 5198 1571 5253 Introducitur
1601 5201 1828 5269 populus

244 5281 550 5340 Iudaeorum
579 5287 686 5342 Deo
703 5288 1024 5356 supplicans,
1051 5295 1108 5340 ut
1135 5297 1405 5342 averteret
1432 5289 1500 5342 ab
1522 5288 1826 5345 Israeliticis

243 5376 382 5442 quod
407 5375 717 5433 imminebat
743 5379 986 5434 exitium.
1019 5376 1209 5449 thuid
1225 5379 1249 5432 ?
1274 5380 1558 5447 quaerentis
1579 5390 1683 5446 est,
1714 5397 1820 5435 non

245 5462 575 5532 imputantis.
618 5469 805 5525 Merito
829 5469 969 5524 enim
1012 5469 1230 5524 territus
1265 5470 1537 5538 quzcrebat
1575 5485 1670 5524 cur
1695 5488 1824 5526 sau-

240 5561 502 5615 ctuarium
526 5561 733 5618 Domini
750 5577 1025 5632 passurum
1041 5571 1184 5618 esset
1203 5560 1640 5617 nefandissimam
1665 5568 1819 5619 vasti-

242 5656 434 5716 tatem;
467 5654 662 5709 timens
688 5670 773 5722 ne,
802 5656 923 5724 quia
949 5653 1207 5723 permissa
1245 5663 1328 5708 est
1356 5653 1539 5722 templi
1571 5657 1817 5721 vastatio,

238 5737 488 5798 Iudaicus
507 5762 718 5817 quoque
741 5748 963 5817 populus
992 5745 1224 5801 funditus
1247 5745 1507 5802 interiret.
1544 5743 1675 5800 Nam
1699 5749 1817 5822 quis

1941 1906 2150 1958 animus
2186 1905 2308 1959 boni
2339 1904 2542 1960 Judicis
2591 1905 2862 1960 invitetur.
2908 1904 3242 1975 Quapropter
3272 1915 3420 1975 rogat
3461 1915 3518 1959 ut

1937 2012 2032 2052 sua
2060 1997 2237 2067 potius
2278 1997 2535 2052 beneﬁcia
2565 1998 2614 2051 in
2638 1999 2734 2060 eis,
2769 2013 2926 2066 quam
2955 2012 3142 2052 eorum
3173 1998 3519 2052 considerare

1937 2087 2066 2142 velit
2103 2098 2301 2142 errata.
2349 2086 2688 2160 Congrt’gatio
2729 2088 2871 2143 enim
2902 2088 3204 2143 Iudaeorum
3237 2089 3521 2144 evidenter

1939 2177 2058 2246 ipso
2087 2178 2373 2249 adjuvante
2405 2179 2678 2248 prmvtiluit
2705 2220 2720 2244 ,
2750 2195 2870 2234 cum
2899 2196 2991 2234 eus
3022 2180 3121 2235 sub
3142 2179 3396 2250 Aigyptio
3427 2195 3522 2249 po-

1939 2271 2066 2340 pqu
2111 2286 2358 2327 crescere
2406 2271 2652 2335 faciebat,
2685 2281 2738 2325 et
2764 2273 2977 2342 quando
3018 2272 3218 2342 placuit
3252 2273 3521 2326 miraculis

1940 2361 2238 2431 insignibus
2288 2362 2519 2417 liberare
2557 2361 2804 2432 dignatus
2851 2371 2957 2416 est.
3001 2362 3132 2417 Nam
3172 2377 3294 2416 cum
3333 2379 3520 2417 omnes

1938 2463 2068 2507 creet
2095 2461 2253 2524 atque
2271 2454 2538 2524 disponat,
2584 2454 2799 2511 Judaaos
2821 2457 2969 2526 quasi
3000 2457 3300 2525 specialiter
3327 2474 3521 2512 creare

1938 2543 2154 2611 dicitur,
2184 2547 2373 2617 quibus
2402 2557 2453 2602 et
2485 2549 2654 2618 legem
2682 2549 2850 2616 dedit,
2880 2557 2935 2604 et
2965 2553 3252 2620 prophetas
3276 2551 3517 2614 contulit,

1939 2644 1993 2688 et
2040 2635 2293 2689 miracula
2344 2651 2531 2706 magna
2576 2640 2862 2694 concessit.
2907 2640 2981 2693 Ab
3019 2641 3162 2695 initio
3205 2643 3360 2710 dixit,
3394 2643 3519 2698 ﬁdei

1939 2723 2142 2780 selicet
2173 2727 2500 2797 culturacque
2533 2729 2776 2799 prolatae,
2802 2745 2959 2798 quam
2995 2747 3088 2802 per
3108 2732 3322 2803 Moysen
3348 2749 3520 2804 popu-

1941 2817 2022 2872 lus
2045 2817 2251 2886 accepit
2274 2819 2549 2874 Hebrmus.
2581 2819 2854 2891 Sequitur,
2889 2824 3112 2878 liberasti
3143 2826 3334 2895 virgam
3354 2822 3520 2880 litera

1938 2907 2112 2962 ditatis
2133 2918 2256 2962 tua’.
2285 2908 2569 2964 Hereditas
2595 2910 2802 2966 Domini
2826 2912 2923 2968 fuit
2942 2916 3166 2984 pepulus
3187 2915 3517 2981 Judrorum,

1938 2997 2172 3066 qttaudiu
2203 2999 2251 3052 ei
2286 3013 2420 3068 puro
2450 3002 2628 3057 animo
2667 3003 2954 3059 serviebat.
2993 3005 3142 3060 Ilane
3175 3005 3522 3060 Iucreditatem

1941 3087 2133 3158 virgam
2157 3089 2445 3156 appellavit
2471 3100 2693 3160 propter
2719 3093 2935 3163 Moysen
2974 3092 3230 3149 famulum
3271 3094 3410 3164 ejus,
3434 3095 3519 3149 cui

1865 3193 1913 3256 ο
1938 3179 2146 3247 jussum
2177 3193 2256 3235 est
2285 3197 2381 3250 per
2401 3184 2594 3254 virgam
2619 3185 2881 3254 magnal‘a
2908 3186 3107 3253 facere,
3136 3195 3192 3240 ut
3219 3187 3393 3241 divina
3418 3185 3521 3241 for-

1941 3271 2166 3328 titudiue
2211 3273 2464 3341 roborati,
2497 3275 2564 3330 de
2592 3284 2730 3330 terra
2771 3275 2985 3348 {Egypti
3017 3279 3401 3348 egrederentur
3440 3278 3522 3333 in-

1941 3364 2150 3434 trepidi.
2178 3365 2278 3419 Per
2300 3365 2436 3420 hanc
2464 3368 2604 3420 enim
2630 3370 2819 3438 rirgam
2845 3368 3133 3423 Pharaonis
3155 3381 3240 3424 est
3266 3381 3518 3438 quassata

1939 3460 2163 3526 duritia,
2218 3474 2314 3528 per
2340 3475 2458 3514 eam
2511 3462 2672 3516 maris
2721 3461 2884 3516 Rubri
2935 3463 3130 3517 fluenta
3160 3463 3332 3519 divisa
3369 3474 3517 3531 sunt,

1938 3563 2034 3616 per
2073 3548 2241 3616 ipsam
2278 3547 2346 3602 de
2385 3549 2530 3604 sicco
2569 3549 2745 3619 lapide
2783 3550 2999 3606 flumina
3038 3563 3425 3620 manaverunt;
3464 3561 3520 3608 et

1938 3641 2131 3696 merito
2161 3641 2431 3698 accreduas
2460 3644 2556 3698 ista
2586 3656 2770 3700 vocata
2796 3655 2879 3700 est
2907 3647 3072 3718 virga,
3105 3663 3223 3718 quae
3247 3657 3390 3703 tanta
3423 3663 3518 3702 va-

1937 3731 2034 3786 luit
2063 3732 2283 3802 implere
2315 3735 2590 3810 miracula.
2635 3736 2761 3792 Haec
2792 3738 2912 3792 ideo
2943 3738 2994 3792 in
3043 3741 3518 3795 commemoratio.

1939 3839 2058 3877 nem
2078 3826 2241 3890 vertit,
2273 3833 2329 3879 ut
2347 3841 2442 3895 per
2459 3842 2578 3882 eam
2598 3838 2792 3894 quanta
2820 3829 3159 3898 praestitisset
3183 3831 3516 3886 ostenderet.

1936 3916 2156 3974 Addidit
2198 3934 2412 3988 quoque
2451 3921 2722 3975 cumulum
2759 3921 3103 3990 perfectionis
3149 3925 3430 3993 insignem,
3467 3925 3518 3978 id

1935 4018 2019 4062 cst
2049 4010 2231 4064 montis
2263 4009 2413 4076 Sion,
2442 4011 2496 4063 in
2521 4027 2623 4080 quo
2652 4011 2912 4066 Imbitasti.
2945 4011 3035 4066 Illa
3066 4014 3205 4066 enim
3238 4029 3356 4084 quae
3382 4029 3520 4083 prte-

1935 4112 2147 4152 cessere
2174 4099 2428 4152 miracula
2456 4115 2623 4170 usque
2644 4101 2710 4155 ad
2740 4102 2925 4155 montis
2954 4102 3114 4172 hujus
3144 4119 3365 4160 munera
3399 4121 3521 4174 pcr-

1936 4199 2216 4245 venerunt.
2274 4191 2501 4246 Dubium
2551 4193 2747 4264 quippe
2792 4209 2896 4248 non
2943 4203 3028 4250 est
3074 4195 3253 4250 omnia
3311 4197 3519 4253 Veteris

1935 4280 2260 4336 Testamenti
2294 4279 2412 4336 ideo
2449 4281 2619 4354 [mss.,
2648 4298 2678 4337 a
2710 4282 2841 4354 Deo]
2885 4285 3044 4340 fuisse
3086 4285 3244 4348 facta,
3286 4297 3344 4342 ut
3379 4286 3518 4344 Novi

1934 4375 2132 4429 veritas
2163 4375 2428 4444 promissa
2456 4387 2791 4444 sequeretur.
2825 4376 2955 4431 Nam
2978 4377 3117 4448 quod
3152 4378 3302 4446 dicit,
3331 4383 3519 4435 montis

1935 4463 2084 4528 Sion,
2116 4467 2169 4519 in
2197 4482 2296 4537 quo
2324 4466 2585 4532 habitasti,
2617 4465 3006 4540 Jerosolymam
3042 4471 3222 4540 utique
3249 4472 3518 4540 significat

1858 4560 1912 4620 Ι)
1934 4556 2225 4623 civitatem,
2256 4555 2309 4612 in
2341 4572 2441 4627 qua
2475 4556 2796 4614 Israeliticus
2836 4561 3063 4630 populus
3098 4561 3383 4628 insidebat,
3427 4564 3517 4618 ubi

1936 4648 2189 4702 habitasse
2217 4648 2458 4704 declarat
2484 4648 2679 4706 Christi
2708 4651 2919 4708 Domini
2963 4655 3299 4722 praesentiam
3325 4670 3502 4723 corpo-

1934 4743 2136 4806 ralem,
2167 4753 2221 4796 ut
2241 4743 2353 4797 haec
2382 4743 2499 4798 loca
2531 4760 2633 4799 non
2663 4747 2868 4800 sineret
2890 4746 3161 4802 incurrere
3189 4748 3514 4802 teterrimam

1933 4834 2256 4900 vastitatem,
2292 4833 2343 4888 in
2368 4835 2562 4904 quibus
2587 4835 2834 4891 humanis
2861 4837 3026 4891 oculis
3047 4851 3306 4907 apparere
3328 4838 3516 4908 dign't-

1934 4934 2020 4980 tus
2049 4935 2151 4979 est.
2182 4925 2411 4995 Fulgens
2439 4926 2597 4995 plane
2632 4936 2772 4981 terra
2806 4927 3100 4991 miraculis,
3140 4927 3404 4982 dominica
3436 4931 3514 4984 vi-

1933 5016 2181 5071 sitatione
2209 5017 2554 5082 venerabilis,
2581 5016 2670 5071 ubi
2696 5016 2877 5071 datum
2899 5028 2980 5071 est
3001 5018 3171 5072 oculis
3209 5019 3513 5074 carnalibus

1933 5106 2136 5172 videre,
2157 5105 2298 5176 quod
2328 5115 2411 5161 est
2435 5120 2643 5161 summa
2669 5106 2941 5161 beatitudo
2963 5107 3047 5161 vel
3073 5108 3314 5165 credere.
3358 5110 3511 5176 Quod

1933 5207 2305 5266 argumentum
2336 5195 2530 5250 dicitur
2554 5213 2584 5249 a
2629 5195 2787 5250 laude
2819 5198 2897 5251 rei
2927 5198 3100 5264 Lesae;
3134 5209 3189 5254 ut
3217 5211 3366 5256 tanto
3392 5203 3510 5270 plus

1935 5287 2176 5342 hostibus
2199 5295 2471 5342 cresceret
2497 5286 2717 5351 invidia,
2734 5298 2932 5357 quanto
2956 5291 3069 5345 loca
3091 5302 3275 5346 sancta
3303 5291 3510 5348 fuerant

1924 5397 2108 5436 eorum
2143 5381 2558 5450 prazsumptione
2582 5383 2860 5437 vastanda.

1999 5473 2148 5528 νοτε.
2183 5476 2236 5528 5.
2269 5472 2424 5527 Eleva
2455 5490 2660 5527 manum
2692 5486 2830 5528 tuam
2854 5477 2906 5530 in
2932 5478 3220 5550 superbiam
3259 5499 3437 5536 eorum
3459 5485 3511 5536 in

1925 5565 2078 5634 ﬁnem
2107 5581 2126 5618 :
2149 5577 2340 5634 quanta
2365 5566 2676 5637 malignatus
2711 5581 2782 5622 est
2811 5571 3046 5625 inimicus
3070 5574 3121 5626 in
3148 5577 3339 5630 sanctis
3365 5577 3464 5630 tuis
3490 5577 3512 5628 .'

1928 5658 2052 5713 llscc
2081 5660 2240 5713 verba
2269 5675 2374 5714 non
2403 5670 2526 5714 sunt
2551 5661 2695 5726 irati,
2728 5663 2832 5722 sed
2856 5667 3147 5720 remedium
3182 5669 3350 5735 magis
3389 5683 3510 5724 cor-

1927 5750 2182 5805 rectionis
2205 5751 2456 5822 Optantis.
2493 5751 2778 5809 Prmvaluit
2809 5771 2996 5816 revera
3027 5757 3279 5814 Israelita:
3303 5757 3509 5830 petitio.
