4036 6342
259 446 364 501 529

1120 445 1482 502 EXI‘OSITIO
1521 443 1587 500 IN
1629 441 2083 499 I‘SALTENUM.
2128 441 2319 498 PSAL.
2366 441 2594 496 LXXIII.

3423 443 3527 496 550

262 571 369 612 tam
415 559 716 613 immaniter
742 560 1120 614 excedentibus
1151 560 1218 612 ab
1261 559 1612 624 onmipoteuti
1656 555 1842 610 Judice
1871 563 1913 613 A
1948 555 2427 622 improperatioites
2455 555 2759 621 sustinebis,
2795 571 2924 625 quas
2961 555 3176 610 Judqu
3208 555 3299 609 tibi
3351 566 3530 608 mmet

264 651 696 706 debeat.obviari.
732 652 881 717 Quod
905 653 1016 706 sive
1039 654 1087 705 in
1122 651 1387 716 laudibus,
1412 650 1526 704 sive
1557 649 1608 703 in
1633 649 1836 715 vitupe-

263 742 559 796 rationibus
583 742 782 798 utiliter
806 743 966 797 nimis
995 758 1059 797 ac
1087 743 1338 797 decenter
1361 742 1677 810 apponitur,
1709 740 1846 793 sicut

262 835 388 890 fecit
427 835 712 903 Apostolus
752 835 976 888 dicens:
1009 835 1237 888 Scietttes
1279 834 1414 901 quod
1441 833 1706 886 tribulatio
1748 847 1843 899 pa-

262 925 484 981 tientiam
511 934 771 992 operatur,
794 926 1042 995 patientia
1068 936 1234 978 autem
1261 925 1628 993 probationem,
1662 923 1846 990 proba-

264 1019 331 1073 tio
362 1035 478 1072 vero
507 1034 670 1087 spem,
716 1034 830 1088 spes
857 1027 1025 1072 autem
1070 1034 1171 1072 non
1201 1018 1468 1088 confundit
1493 1016 1671 1086 (Rom.
1706 1031 1759 1083 v,
1789 1017 1840 1082 5,

264 1113 316 1178 ι,
345 1111 420 1184 5),
454 1121 557 1168 etc.

336 1203 489 1257 Vers.
521 1205 574 1256 7.
604 1201 853 1258 Dixerunt
879 1204 930 1256 in
959 1203 1112 1257 corde
1132 1215 1227 1256 suo
1253 1203 1490 1272 cognatio
1512 1217 1688 1254 eorum
1717 1202 1848 1253 inter

266 1311 318 1350 se
341 1309 361 1346 :
396 1291 570 1347 Venite
595 1295 988 1364 comprimamus
1017 1309 1188 1346 omnes
1209 1293 1557 1346 solentnitates
1587 1291 1794 1344 Domini
1819 1307 1851 1342 a

267 1394 423 1440 terra.
451 1383 755 1441 Potuisseut
777 1384 909 1440 mala
935 1382 1178 1451 superius
1204 1389 1517 1437 enumerata
1547 1381 1850 1435 misericor-

265 1473 410 1531 diam
443 1459 652 1529 Domini
688 1489 1046 1539 commovere,
1100 1475 1201 1528 nisi
1247 1473 1422 1527 adhuc
1462 1473 1648 1527 fuisset
1679 1472 1730 1526 in
1758 1471 1853 1527 .Iu-

268 1566 401 1622 datis
428 1565 692 1620 obstinata
721 1566 992 1635 superbia.
1015 1566 1144 1619 Nam
1165 1566 1290 1620 licet
1309 1564 1433 1619 talia
1464 1565 1699 1634 perpessi
1722 1565 1848 1630 siut,

268 1672 299 1711 a
338 1656 684 1726 blaspltemiis
713 1672 898 1712 eorum
929 1658 1139 1711 animus
1181 1672 1287 1711 non
1327 1657 1569 1711 recessit.
1602 1654 1854 1709 Dixerunt

267 1749 416 1804 enim
451 1749 504 1802 in
532 1749 685 1803 corde
719 1766 834 1804 suo.
867 1749 933 1802 Et
961 1766 1026 1803 ne
1059 1748 1210 1817 pauci
1242 1748 1555 1801 viderentur
1589 1761 1728 1812 esse,
1762 1748 1855 1800 ad-

269 1841 429 1907 didit,
460 1843 693 1912 cognatio
736 1858 912 1896 eorum
943 1844 1071 1894 inter
1106 1859 1193 1907 se;
1237 1848 1295 1894 ut
1325 1840 1677 1909 imptnnitenti
1705 1839 1851 1894 cordi

1935 650 2297 703 incredulus?
2328 649 2442 703 Non
2475 661 2531 703 ut
2572 666 2665 704 eos
2702 650 2968 718 perderet,
2997 663 3131 716 quos
3172 647 3374 702 flendos
3412 664 3532 702 esse

1945 742 2252 812 judicabat,
2287 741 2378 794 sed
2412 748 2469 794 ιιι
2513 739 2866 795 confessionis
2914 742 3171 796 beneﬁcio
3204 749 3431 794 mutaret
3480 742 3530 793 in

1951 835 2161 888 melius.
2210 833 2479 902 Sequitur,
2521 834 2690 886 irritat
2728 836 3047 886 adversarius
3085 850 3260 885 nomen
3301 843 3440 884 tuum
3483 833 3536 885 in

1954 926 2128 993 ﬁnem.
2169 925 2278 978 lloc
2308 925 2521 992 exponit
2544 925 2683 993 quod
2721 925 2966 992 superius
2991 924 3148 977 dixit.
3187 924 3386 977 Tandiu
3433 923 3536 975 Do.

1952 1015 2130 1070 minus
2160 1015 2617 1070 tnurntttrationes
2648 1015 2847 1084 patitur
2875 1015 3220 1084 perﬁdorum,
3254 1014 3420 1067 donec
3444 1013 3534 1066 ad-

1953 1111 2221 1164 versarios
2249 1125 2374 1162 suos
2404 1110 2466 1160 ad
2485 1107 2873 1163 confessionem
2899 1109 2978 1160 sui
3001 1108 3226 1161 nominis
3258 1106 3538 1159 miseratus

1953 1201 2199 1256 adducat.
2221 1200 2311 1254 Ille
2327 1201 2469 1254 enim
2489 1209 2675 1268 potens
2698 1210 2779 1253 est
2804 1201 2880 1253 sic
2905 1200 3171 1264 Corrigere
3191 1197 3534 1266 derogantes,

1953 1305 2011 1350 ut
2052 1296 2143 1364 qui
2171 1294 2318 1362 prius
2346 1293 2620 1348 mortifere
2648 1293 2806 1346 locuti
2837 1303 2980 1356 sunt,
3026 1300 3208 1360 postea
3251 1291 3540 1358 praedicare

1953 1388 2254 1443 salutariter
2281 1386 2584 1439 audiantur.
2629 1384 2807 1438 lrritat
2834 1387 2975 1439 enim
3001 1400 3029 1437 a
3052 1384 3269 1438 canibus
3312 1392 3536 1436 tractum

1955 1491 2060 1543 est,
2088 1494 2313 1548 quorum
2359 1477 2636 1531 latratibus
2665 1477 2706 1528 ιι
2739 1477 2916 1529 littera
2944 1476 3226 1544 plurimum
3261 1487 3437 1527 sonat.
3480 1475 3541 1525 In

1939 1573 2108 1640 -βηειη
2131 1572 2392 1642 signiﬁcat
2409 1571 2592 1625 mundi
2616 1583 2918 1638 vesperam,
2945 1567 3158 1636 quando
3181 1583 3308 1637 gens
3331 1565 3544 1621 Judzeo-

1960 1679 2074 1717 rum
2105 1677 2199 1731 pro
2227 1662 2456 1716 maxima
2486 1669 2636 1730 parte
2660 1660 2922 1715 creditura
2948 1667 3053 1714 est.

2031 1755 2183 1809 Vers.
2219 1757 2304 1809 I0.
2351 1754 2542 1823 thutd
2581 1755 2762 1807 avertis
2804 1753 2986 1822 {aciem
3027 1762 3168 1804 tuam
3207 1759 3253 1802 et
3283 1750 3544 1801 dexteram

1962 1856 2102 1900 luant
2131 1845 2194 1898 de
2224 1847 2388 1899 medio
2419 1847 2533 1898 sinu
2556 1855 2641 1897 tuo
2669 1844 2720 1897 in
2742 1842 3110 1911 ﬁnem?Quasi
3142 1839 3366 1902 olli-nso,
3394 1839 3542 1908 quasi

272 1936 470 1988 merito
501 1949 606 1988 non
630 1935 793 1989 fuerit
835 1948 1092 2004 suspensa
1117 1933 1411 1987 ca!amitas.
1443 1933 1715 2000 Sequitur,
1755 1930 1855 1984 Ve-
1890 1925 1936 1982 Β
1968 1939 2105 1992 irato
2135 1938 2356 1991 Domino
2385 1935 2533 2001 dit-it,
2563 1935 2652 2004 qui
2699 1935 2830 1989 nolit
2873 1943 3182 2004 peccatores
3215 1933 3434 1999 populos
3463 1930 3546 1983 in-

271 2025 400 2090 nite,
429 2026 822 2096 comprintantus
846 2040 1016 2078 omnes
1045 2025 1388 2078 solemnitates
1409 2021 1616 2076 Domini
1639 2040 1672 2075 a
1699 2032 1856 2076 terra.

271 2115 371 2170 Hic
392 2116 554 2170 verba
579 2117 884 2170 referuntur
907 2115 1248 2170 irascentium
1269 2113 1592 2192 Judreorum,
1610 2113 1861 2181 quoniam

273 2209 521 2263 viderant
553 2209 709 2280 251
744 2223 986 2265 eversam
1032 2209 1301 2263 civitatem
1337 2222 1510 2273 suam,
1535 2216 1587 2261 et
1616 2207 1710 2261 Dei
1735 2222 1864 2259 san-

272 2302 476 2355 ctuaria
527 2301 808 2368 profanata
836 2343 852 2368 ,
901 2301 1214 2369 insipienter
1252 2311 1304 2354 et
1336 2300 1532 2353 furiose
1571 2299 1863 2353 dixerunt:

277 2392 610 2460 Abjiciatnus
656 2392 825 2462 legem
877 2392 1104 2455 Domini,
1154 2391 1246 2460 qui
1297 2405 1393 2445 nos
1430 2388 1701 2444 vindicare
1739 2406 1867 2444 cou-

277 2486 498 2554 tempsit
523 2503 536 2540 :
562 2501 668 2542 non
695 2487 1025 2542 aestimantes
1050 2486 1218 2540 multo
1240 2499 1332 2540 eos
1355 2485 1600 2554 graviora
1631 2485 1868 2553 potuisse

279 2579 496 2646 mereri,
527 2579 617 2648 qui
645 2579 958 2648 cruciﬁgere
989 2579 1089 2632 nisi
1117 2587 1242 2631 sunt
1262 2577 1547 2630 Dominum
1574 2575 1864 2631 Christum.

278 2667 429 2722 Talia
457 2670 598 2724 enim
634 2668 805 2738 Asaptt
837 2683 902 2722 ex
929 2682 1019 2722 sua
1049 2682 1274 2736 persona
1301 2666 1477 2720 dicere
1500 2681 1606 2722 non
1637 2677 1866 2736 poterat,

277 2774 445 2828 quem
474 2759 784 2828 praemissus
811 2759 953 2815 tituli
984 2758 1268 2812 intellectus
1295 2757 1534 2811 ornabat.

353 2851 507 2906 Vers.
538 2850 590 2905 8.
625 2849 789 2922 Signa
833 2861 1006 2904 nostra
1048 2867 1147 2904 non
1175 2851 1392 2904 uidimus
1425 2849 1560 2922 [ed.,
1599 2848 1867 2921 videmus],

280 2947 387 3008 iam
430 2959 533 2997 non
562 2952 636 2996 est
661 2944 907 3014 propheta
938 2960 956 2996 :
985 2953 1032 2997 et
1065 2959 1158 2997 nos
1188 2961 1292 2998 non
1334 2952 1594 3013 cognoscet
1624 2944 1866 3014 amplius.

282 3034 680 3092 Dementissimi
721 3034 996 3088 hominum
1029 3035 1119 3102 qui
1159 3035 1284 3088 talia
1317 3033 1417 3089 sibi
1459 3035 1714 3103 putabant
1752 3041 1874 3104 post

284 3137 492 3182 reatum
520 3128 667 3196 signa
695 3140 853 3196 posse
884 3127 1145 3195 prtestari,
1188 3126 1363 3194 qualia
1393 3125 1710 3181 videbantur
1748 3135 1872 3180 ante

285 3220 494 3289 culpam
524 3228 630 3274 tam
661 3221 1098 3276 immanissimam
1128 3220 1442 3290 promereri.
1479 3220 1739 3276 Veniebat
1769 3223 1871 3276 uti-

1970 2029 2124 2095 tueri,
2154 2039 2210 2082 ttt
2236 2029 2410 2083 adhuc
2435 2027 2486 2083 in
2505 2042 2599 2081 sua
2626 2027 2905 2081 videantur
2927 2040 3267 2096 perseverare
3293 2023 3543 2090 nequitia.

1971 2120 2063 2174 Ille
2086 2119 2228 2174 enim
2259 2133 2392 2188 quos
2417 2118 2819 2186 dispensatione
2849 2117 3075 2171 mirabili
3105 2115 3340 2186 placatus
3371 2123 3546 2167 atten—

1947 2213 2129 2273 derit,
2162 2211 2379 2280 corrigit
2407 2229 2418 2264 :
2446 2224 2580 2279 quos
2607 2210 2862 2278 propitius
2886 2209 3139 2273 intuetur,
3163 2206 3428 2260 emendat.
3456 2206 3552 2259 Se-

1971 2305 2169 2374 quitur,
2197 2313 2241 2356 et
2269 2305 2531 2356 dexteram
2567 2314 2708 2356 tuam
2741 2303 2803 2355 de
2836 2301 3000 2354 medio
3027 2301 3141 2354 sinu
3172 2310 3256 2352 tuo
3282 2300 3336 2351 in
3369 2299 3544 2366 ﬁnem.

1973 2396 2126 2449 Aliud
2150 2402 2539 2449 sacramentum
2574 2394 2804 2462 tangitur
2827 2392 3034 2446 Veteris
3052 2380 3397 2445 Testatitenti.
3420 2389 3549 2442 Nam

1973 2489 2106 2542 sicut
2139 2488 2301 2556 Moysi
2331 2487 2512 2539 datum
2543 2485 2715 2539 fuerat
2747 2499 2840 2553 per
2869 2484 3067 2552 virgam
3096 2480 3349 2536 miracula
3383 2479 3553 2532 facere

1974 2578 2168 2648 (and.
2203 2595 2274 2644 tv,
2303 2578 2358 2644 6,
2391 2578 2469 2646 7),
2521 2579 2589 2629 ita
2619 2578 2692 2630 illi
2733 2587 3055 2644 prreceptum
3087 2583 3168 2629 est
3206 2582 3264 2627 ut
3294 2575 3553 2626 dexteram

1975 2687 2126 2724 suam
2160 2672 2210 2724 in
2255 2671 2431 2724 sinum
2466 2670 2718 2731 mitteret,
2753 2668 3050 2736 exindeque
3076 2667 3301 2735 prolata,
3343 2663 3550 2731 leprosa

1974 2771 2263 2831 conspecta
2291 2768 2393 2815 est.
2423 2759 2744 2830 Jussumque
2775 2762 2844 2815 illi
2881 2770 2980 2824 est,
3016 2770 3072 2812 ut
3104 2759 3294 2812 iterum
3339 2771 3551 2809 manum

1978 2859 2212 2912 mitteret
2237 2857 2287 2909 in
2329 2855 2530 2920 sinum,
2578 2865 2631 2907 et
2674 2853 2850 2907 statim
2891 2862 3069 2906 curata
3101 2860 3201 2904 est.
3237 2848 3555 2918 Signiﬁcaus

1977 2951 2099 3022 quia
2124 2950 2349 3020 populus
2379 2950 2684 3004 Judaaorum
2711 2948 2891 3000 exiens
2914 2962 2940 2998 a
2972 2944 3194 2998 Domino
3215 2941 3428 2995 Christo
3461 2943 3560 2992 itit—

1978 3042 2208 3097 mundus
2238 3041 2420 3104 ﬁeret;
2449 3041 2514 3094 ad
2539 3054 2660 3094 eum
2693 3051 2819 3092 vero
2845 3025 3135 3092 convei'sus
3160 3035 3423 3102 reciperet
3447 3033 3554 3099 pri-

1977 3137 2168 3190 stiuam
2195 3134 2528 3203 sospitatem.
2553 3131 2703 3198 Quod
2724 3131 2917 3184 factum
2937 3129 3054 3183 ideo
3085 3135 3554 3184 commemoratur,

1979 3237 2036 3281 ιιι
2062 3228 2368 3282 Iudaeorum
2389 3224 2642 3295 pepulum
2667 3223 2717 3276 in
2751 3223 3021 3290 antiquam
3044 3219 3219 3274 redire
3245 3214 3557 3286 pra-diceret

285 3326 392 3381 que
414 3310 522 3366 illis
544 3311 595 3364 in
627 3311 866 3366 animum
895 3321 1122 3380 quantas
1146 3320 1334 3381 gentes
1362 3321 1540 3382 patres
1563 3326 1748 3368 eorum
1773 3314 1873 3367 Do-
1903 3306 1946 3368 C
1978 3320 2311 3388 sospitatem.
2333 3317 2443 3372 lloc
2466 3322 2836 3382 argumentum
2855 3313 3047 3367 dicitur
3081 3312 3148 3365 ab
3165 3318 3558 3377 eventu,quan-

289 3403 438 3458 mitto
464 3402 681 3469 iuvante
709 3402 1115 3471 prostraveriut,
1146 3418 1265 3472 qua:
1309 3418 1470 3474 regna
1503 3412 1872 3460 momentauea

289 3493 685 3547 concertatione
726 3492 1089 3559 subdiderint;
1121 3502 1175 3548 et
1202 3496 1254 3549 in
1297 3505 1446 3550 reatu
1477 3497 1718 3551 maximo
1746 3511 1876 3552 con-

291 3589 487 3656 stituti,
516 3589 630 3658 ipsa
650 3589 750 3643 sibi
778 3590 1053 3643 subtracta
1082 3589 1332 3643 dicebant
1361 3591 1533 3659 signa,
1569 3606 1687 3659 quae
1717 3590 1878 3659 patrio

293 3686 392 3736 bus
414 3679 526 3734 suis
553 3688 678 3734 tunc
701 3681 908 3735 devotis
936 3689 1196 3736 noverant
1216 3695 1335 3736 esse
1357 3682 1572 3736 collata.
1604 3683 1872 3752 Sequitur,

294 3774 400 3838 iam
428 3788 528 3825 non
561 3782 634 3826 est
674 3772 921 3842 prOpheta
950 3790 968 3826 :
1001 3784 1047 3826 et
1075 3791 1164 3827 nos
1193 3791 1295 3827 non
1327 3785 1590 3842 cognoscet
1629 3777 1874 3844 amplius.

295 3863 484 3920 Adhuc
506 3866 622 3935 ipsa
637 3874 761 3920 sunt
783 3865 946 3921 verba
967 3866 1366 3935 desperantium
1391 3866 1720 3921 Iudaeorum.
1748 3868 1878 3922 Nam

295 3955 503 4025 quoties
539 3958 773 4025 antiquis
809 3957 1138 4026 temporibus
1167 3958 1421 4012 Israelita
1451 3960 1625 4028 aliqua
1666 3958 1881 4012 calami-

299 4058 408 4106 tate
438 4049 838 4118 premebantur,
865 4059 1056 4106 euntes
1079 4050 1145 4104 ad
1171 4050 1456 4120 prephetas
1484 4051 1883 4105 instruebantur

298 4139 368 4192 ab
412 4140 491 4194 eis
521 4140 670 4208 jussu
703 4141 912 4196 Domini
933 4142 1060 4211 quid
1103 4143 1280 4196 facere
1321 4141 1664 4206 debuissent;
1693 4141 1884 4212 quibus

301 4244 484 4289 tamen
513 4250 694 4292 eorum
717 4237 911 4292 duritia
939 4237 1162 4292 obedire
1191 4238 1591 4292 contemnebat.
1618 4237 1722 4292 Sed
1764 4252 1884 4292 cum

299 4340 396 4380 eos
423 4328 689 4396 completo
715 4329 948 4384 adventu
975 4329 1182 4383 Domini
1207 4345 1312 4384 non
1343 4330 1620 4394 haberent,
1641 4329 1888 4384 dicebant

300 4431 331 4470 a
364 4417 590 4472 Domino
614 4433 673 4474 se
701 4420 864 4476 luisse
901 4421 1210 4489 derelictos,
1243 4421 1454 4491 quando
1477 4437 1593 4491 eos,
1628 4438 1724 4492 per
1752 4437 1887 4492 quos

303 4511 580 4567 admoneri
628 4523 1043 4580 consueverant,
1095 4530 1198 4568 nou
1252 4515 1524 4570 videbant.
1579 4517 1654 4570 De
1695 4515 1888 4570 talibus

305 4605 448 4660 enim
470 4606 726 4674 scriptum
754 4617 836 4661 est
867 4624 878 4658 :
924 4606 1190 4673 Peccator,
1235 4623 1347 4660 cum
1379 4609 1565 4661 venerit
1589 4609 1640 4661 in
1669 4607 1891 4678 profun-

308 4699 429 4750 dum
460 4697 735 4764 malorum,
765 4700 952 4768 spernit
1000 4698 1184 4769 (Prov.
1235 4713 1380 4762 svnt,
1429 4699 1510 4767 '5).
1551 4698 1675 4752 llam
1709 4698 1888 4752 omnia
1920 4679 1972 4738 Ῐ)

309 4789 413 4843 dici
445 4804 551 4843 non
593 4798 899 4859 potuerunt,
946 4790 1047 4844 uisi
1091 4804 1121 4842 a
1167 4790 1360 4858 populo
1391 4789 1723 4857 Judaeorum,
1767 4791 1890 4858 quia

312 4879 568 4934 Romanis
589 4880 687 4934 ista
710 4882 975 4935 contraria
995 4891 1170 4946 erant,
1199 4883 1288 4952 qui
1314 4890 1440 4936 tunc
1467 4882 1709 4937 nefandis
1737 4883 1892 4938 idolis

313 4971 638 5027 serviebant.
695 4971 898 5026 Revera
946 4973 1118 5042 Asaplt
1166 4973 1470 5044 intelligens
1515 4984 1570 5029 et
1612 4975 1894 5029 sanctitate

312 5064 616 5134 praecipuus
635 5063 767 5118 fudit
789 5080 882 5132 pro
895 5063 1091 5119 ludatis
1111 5065 1404 5120 mirabilem
1422 5065 1894 5135 supplicationem.

315 5155 422 5210 Sed
454 5155 903 5211 neinclementia
945 5156 1246 5211 Divinitatis
1284 5166 1578 5224 putaretur,
1618 5157 1757 5226 quod
1799 5172 1894 5226 pro

316 5245 450 5316 ipsis
473 5261 578 5301 non
595 5247 852 5317 probatur
879 5248 1112 5311 auditus,
1143 5247 1420 5315 subjunxit
1442 5250 1626 5317 culpas
1647 5249 1897 5318 despera-

320 5339 600 5409 tionesque
621 5339 958 5404 Judaiorum;
993 5350 1047 5392 ut
1068 5339 1273 5394 debitas
1302 5339 1532 5394 ultiones
1569 5341 1900 5408 susceperint

321 5430 536 5494 merito,
579 5430 632 5484 iu
664 5432 854 5500 quibus
880 5431 1025 5486 nulla
1072 5429 1170 5486 fuit
1195 5431 1332 5486 inter
1353 5439 1459 5485 tam
1487 5432 1651 5487 multa
1677 5432 1900 5489 crimina

323 5535 557 5591 congrua
585 5522 878 5592 ptenitudo.

394 5613 550 5670 Vers.
585 5616 640 5671 9.
673 5614 964 5684 Usquequo,
1018 5613 1175 5681 Deus,
1225 5615 1588 5686 improperabit
1630 5617 1904 5682 inimicus;

323 5706 500 5760 irritat
528 5705 852 5762 adversarius
891 5723 1072 5763 nomen
1100 5717 1242 5762 tuum
1270 5709 1323 5762 in
1351 5710 1541 5775 ﬁnem?
1567 5709 1769 5763 Clamat
1794 5717 1903 5764 tau-

329 5812 491 5869 quam
517 5798 606 5870 qui
628 5799 924 5870 adjutorem
947 5802 1094 5869 petit,
1124 5803 1289 5871 gemit
1308 5802 1578 5872 quomodo
1603 5802 1909 5860 vulneratus

330 5889 425 5959 qui
446 5889 714 5945 medicum
745 5892 951 5962 quaerit,
979 5892 1164 5949 dicens
1196 5893 1420 5951 Domino
1454 5913 1464 5947 :
1499 5893 1741 5961 Quandiu
1777 5895 1909 5950 istas

1977 3411 2047 3465 do
2089 3410 2152 3465 ad
2197 3410 2323 3465 illud
2357 3408 2678 3478 supplicatio
2706 3406 2898 3472 tendit,
2930 3405 2994 3459 ad
3026 3404 3166 3475 quod
3198 3403 3273 3457 rei
3311 3403 3556 3456 ordinem

1980 3506 2258 3576 pervenire
2287 3501 2578 3571 cognoscit.
2619 3499 2724 3556 Sed
2756 3513 2820 3553 ne
2852 3499 2904 3552 in
2932 3496 3023 3550 tali
3055 3493 3316 3549 relatione
3364 3492 3561 3544 diutius

1978 3606 2298 3660 moraretur,
2341 3593 2407 3648 ad
2457 3592 2644 3646 laudes
2698 3589 2908 3644 Domini
2952 3587 3177 3642 festinus
3220 3584 3456 3646 accedit,
3505 3593 3562 3634 ttt

1980 3691 2155 3745 omnia
2188 3687 2459 3758 possibilia
2491 3686 2634 3740 dicat
2666 3684 2743 3739 illi
2772 3683 2865 3753 qui
2895 3691 3002 3736 tam
3029 3678 3258 3750 ingentia
3284 3675 3564 3745 cognosci-

1983 3791 2067 3834 tur
2095 3781 2322 3848 operari.

2056 3871 2205 3925 Vers.
2240 3873 2325 3924 ll.
2358 3869 2494 3922 Deus
2519 3879 2687 3922 autem
2722 3868 2828 3921 Rex
2859 3874 3031 3920 noster
3057 3873 3172 3919 ante
3200 3862 3385 3917 saecula
3407 3879 3422 3925 ;
3447 3876 3563 3928 ope-

1984 3971 2122 4016 ratus
2165 3971 2236 4014 est
2267 3961 2484 4014 salutem
2511 3961 2563 4011 in
2593 3959 2758 4010 medio
2789 3967 2954 4011 teme.
2989 3955 3150 4008 Venit
3179 3952 3242 4006 ad
3275 3950 3566 4005 secundam

1985 4053 2278 4107 sectionem
2307 4052 2592 4104 intellectus
2619 4049 2708 4102 ille
2745 4047 2935 4116 Asaph,
2966 4060 3127 4114 quem
3157 4044 3339 4098 titulus
3379 4042 3570 4112 prteci-

1986 4146 2167 4209 nchat,
2221 4153 2274 4198 et
2324 4142 2511 4210 Spiritu
2562 4141 2854 4210 prophetia:
2903 4139 3182 4193 Dominum
3231 4136 3568 4192 Salvatnrem

1988 4237 2231 4308 prtedicit
2278 4249 2395 4288 esse
2425 4245 2726 4298 \euturum,
2759 4245 3083 4286 enumerans
3110 4245 3205 4297 per
3235 4227 3568 4282 demenstra-

1991 4329 2153 4382 tivum
2178 4341 2343 4397 genus
2363 4324 2622 4379 orationis
2647 4332 2843 4394 quanta
2869 4322 3119 4377 miracula
3147 4321 3328 4376 fecerit
3355 4320 3404 4373 in
3433 4319 3572 4373 caelo

1990 4429 2045 4477 et
2071 4421 2120 4474 in
2147 4431 2310 4474 terra.
2333 4418 2534 4488 thuia
2563 4418 2630 4473 de
2651 4416 2766 4486 ejus
2786 4426 2902 4472 erat
2930 4416 3291 4470 incarnatione
3315 4414 3573 4476 dicturus,

1991 4530 2061 4570 ne
2105 4514 2224 4583 quis
2270 4528 2391 4567 cum
2447 4511 2728 4566 Dominum
2779 4511 3024 4566 crederet
3056 4508 3422 4576 temporalem,
3453 4517 3573 4558 ante

1993 4607 2425 4660 constitutionem
2449 4605 2628 4658 mundi
2653 4604 2838 4673 Regem
2861 4618 2978 4658 eum
2995 4601 3104 4670 jam
3131 4601 3293 4654 fuisse
3318 4606 3538 4652 testatur
3559 4639 3574 4661 ,

1996 4696 2134 4752 sicut
2173 4696 2287 4763 ipse
2327 4697 2377 4750 iu
2425 4696 2712 4764 Evange'io
2757 4695 2832 4748 ait
2864 4711 2876 4746 :
2911 4693 3018 4763 Ego
3057 4693 3109 4745 in
3152 4696 3244 4743 hoc
3290 4701 3435 4741 natus
3465 4707 3573 4741 suu-

1999 4785 2175 4858 (Joan.
2213 4803 2358 4852 xvttt,
2387 4787 2496 4857 57).
2532 4786 2736 4841 Sa’cula
2763 4787 2904 4839 enim
2937 4784 3072 4838 dicta
3101 4791 3240 4845 sunt,
3273 4781 3409 4849 quod
3443 4780 3494 4831 in
3523 4795 3575 4831 se

1999 4881 2279 4936 revolvant
2311 4889 2569 4948 tempora.
2609 4880 2884 4948 Sequitur,
2915 4886 3150 4947 operatus
3180 4886 3250 4928 est
3280 4874 3496 4928 salutem
3525 4877 3581 4929 in

2002 4974 2168 5027 medio
2188 4982 2352 5025 teri-az.
2377 4970 2632 5038 Quamvis
2660 4972 2761 5024 hoc
2787 4980 2838 5025 et
2861 4969 2927 5024 de
2953 4969 3103 5023 factis
3125 4967 3394 5022 miraculis
3413 4967 3555 5036 possi

2003 5064 2248 5133 intelligi,
2279 5080 2398 5132 qua:
2422 5077 2599 5117 coram
2619 5061 2922 5116 hominibus
2946 5060 3217 5114 visualiter
3244 5073 3456 5126 cognost
3478 5058 3586 5114 itur

2003 5168 2252 5226 operatus
2278 5201 2290 5224 ,
2325 5167 2500 5209 tamen
2524 5156 2710 5209 melius
2742 5158 2840 5208 hoc
2866 5155 2930 5208 de
2952 5153 3250 5208 animarum
3289 5153 3460 5207 salute
3495 5168 3578 5205 su-

2005 5251 2311 5319 scipiamus,
2333 5265 2489 5319 quam
2513 5258 2762 5317 operatus
2791 5256 2872 5303 est
2902 5247 3278 5318 prtedicatione
3308 5245 3476 5303 vitali.
3520 5244 3586 5298 In

2005 5342 2172 5395 medio
2217 5353 2404 5406 terrae;
2459 5343 2662 5396 eunetis
2709 5343 2916 5397 scilicet
2959 5343 3302 5398 cernentibus
3341 5343 3587 5410 populis,

2007 5449 2142 5503 quos
2164 5448 2257 5504 per
2288 5444 2434 5487 terra:
2459 5434 2771 5488 vocabulum
2803 5436 2958 5490 datur
2989 5437 3228 5505 intelligi.
3262 5440 3392 5503 Qua:
3420 5437 3584 5505 ﬁgura

2009 5526 2203 5581 dicitur
2235 5528 2580 5596 metonymia,
2623 5526 2834 5595 quando
2860 5544 2956 5599 per
2981 5528 3033 5584 id
3061 5530 3200 5598 quod
3242 5530 3498 5593 continet,
3535 5528 3586 5581 id

2010 5618 2151 5688 quod
2182 5617 2484 5672 continetur
2510 5617 2826 5672 ostenditur.

2083 5709 2234 5763 Vers.
2267 5708 2351 5762 12.
2385 5708 2464 5762 Τιι
2494 5710 2808 5776 conﬁrmasti
2844 5711 2895 5764 in
2927 5713 3107 5766 virtute
3135 5721 3222 5764 tua
3259 5727 3432 5772 mare;
3463 5725 3586 5760 ron-

2013 5801 2191 5854 triuisti
2221 5801 2389 5870 capita
2412 5801 2690 5854 draconum
2713 5819 2866 5872 super
2897 5819 3075 5874 aquas.
3113 5804 3176 5860 Ut
3202 5816 3384 5856 revera
3411 5812 3590 5852 osten-

2014 5893 2166 5950 deret
2204 5892 2345 5961 quod
2375 5895 2616 5964 superius
2658 5895 2810 5964 dixit,
2852 5909 2968 5950 ante
2996 5897 3182 5953 sa'cula
3215 5895 3397 5965 Regem
3429 5895 3589 5948 fuisse
