4036 6342
533 426 631 483 5Ἰ

1765 436 1835 492 Il.
1876 431 2134 491 AUliELl
2169 430 2572 490 CASSIODORI

3677 432 3785 511 55:.

533 540 814 597 Dominum
857 539 1212 606 Salvatorem,
1261 541 1349 612 qui
1393 557 1491 613 pro
1520 544 1675 600 nobis
1706 545 1811 615 pati
1858 545 2105 613 dignatus
2133 544 2184 601 Α
2211 541 2388 610 lingua
2411 540 2564 603 fortis
2585 536 3306 613 interpretatur,q._uodsape
3321 537 3591 599 diabolum
3620 542 3787 613 signis

532 641 655 694 est;
691 640 752 686 ut
778 641 1001 687 mortem
1032 632 1309 689 moriendo
1329 633 1649 700 destrueret,
1680 633 1903 703 captivis
1944 632 2106 689 liber-

536 734 723 788 tatem,
748 724 852 777 rcis
884 723 1097 790 praemia
1125 724 1475 792 condonaret,
1510 726 1677 780 re'ert
1702 724 1955 779 miracula
1984 738 2105 795 quae

533 816 801 886 quondam
831 814 952 870 fecit
985 815 1038 869 in
1062 824 1221 884 gente
1246 816 1572 874 Iudaeorum.
1604 816 1935 887 Conﬁrmasit
1961 818 2106 874 enim

535 905 703 963 Rubri
734 905 896 962 maris
924 906 1150 975 liquidas
1174 907 1418 979 abyssos.
1448 907 1665 979 quando
1692 906 1747 962 in
1793 908 2004 963 duobus
2029 909 2109 963 la-

534 997 737 1053 teribus
762 997 843 1052 sic
872 1011 1008 1063 aqua
1045 996 1221 1052 deﬁxa
1246 1005 1350 1065 est,
1384 1006 1444 1053 ut
1472 1013 1619 1053 mare
1665 997 1973 1068 navigerum
2009 998 2110 1054 iter

535 1088 737 1143 faceret
758 1101 878 1143 esse
899 1095 1190 1142 terrenum.
1208 1087 1480 1157 Sequitur,
1498 1088 1776 1142 contrivisti
1799 1088 1967 1158 capita
1986 1089 2113 1141 dra-

534 1195 718 1234 conum
760 1196 912 1249 super
961 1198 1138 1242 aquas.
1178 1181 1486 1251 Mysterium
1531 1181 1823 1249 superioris
1866 1180 2109 1236 miraculi

538 1275 794 1329 decenter
831 1275 1078 1343 exponit,
1131 1274 1251 1344 quia
1302 1273 1392 1329 illa
1440 1274 1800 1345 praefiguratio
1855 1273 2112 1329 transitus

537 1363 707 1419 maris
735 1362 898 1419 ltubri
929 1380 1093 1434 aquas
1122 1366 1293 1421 sancti
1331 1348 1667 1434 baptismatis
1692 1365 1979 1432 indicabat,
2019 1364 2111 1422 ubi

538 1454 706 1524 capita
741 1455 1042 1520 draconum,
1075 1456 1127 1510 id
1154 1468 1233 1511 est
1260 1457 1543 1525 spirituum
1572 1457 1964 1511 immundorum
1992 1469 2116 1525 pcr-

536 1544 802 1600 ducun’ur
829 1545 895 1600 ad
923 1547 1165 1615 nihilum,
1197 1547 1410 1617 quando
1436 1549 1642 1604 animas
1665 1563 1797 1618 quas
1820 1546 1899 1604 illi
1926 1562 2116 1617 pecca-

541 1645 719 1689 torum
758 1635 1007 1691 sordibus
1053 1636 1352 1706 inquinant,
1394 1637 1513 1692 fons
1542 1639 1791 1694 salutaris
1836 1637 2111 1693 emundat.

542 1722 611 1780 Et
640 1736 763 1780 nota
790 1726 929 1797 quod
958 1727 1011 1782 in
1038 1726 1140 1783 hoc
1167 1736 1223 1783 et
1254 1727 1308 1783 itt
1338 1728 1458 1784 aliis
1488 1739 1714 1797 quatuor
1741 1728 1984 1786 versibus
2018 1743 2114 1798 per

538 1813 761 1883 ﬁguram
806 1815 1238 1886 synatbroesmos
1282 1819 1520 1886 singulas
1556 1827 1844 1889 congregat
1892 1818 2110 1884 laudes;

2208 630 2371 687 ﬁcare
2394 629 2505 699 jam
2528 629 2785 686 diximus.

2281 722 2435 785 Vers.
2476 724 2560 779 15.
2599 722 2739 779 Tuus
2766 731 2841 777 est
2881 722 2990 779 dies
3028 732 3078 778 et
3106 734 3194 778 ttta
3229 733 3304 780 est
3351 740 3482 790 nos;
3531 732 3586 779 ω
3624 722 3796 796 [θεἱαὶ

2209 813 2370 869 solent
2410 823 2461 881 et
2495 813 2693 868 lunam.
2733 814 2935 879 Versus
2962 815 3062 870 iste
3089 823 3145 871 et
3170 829 3400 885 sequens
3435 815 3687 891 omnibus
3713 816 3793 885 ad

2210 903 2446 965 litteram
2466 913 2665 975 patent.
2691 904 3016 973 Cunctarum
3043 907 3239 976 quippe
3264 921 3441 971 rerum
3471 916 3685 967 creator
3703 917 3788 964 est

2210 994 2501 1061 Dominus;
2532 995 2625 1051 sed
2652 996 2832 1067 aptius
2850 996 3122 1062 videntur,
3151 998 3196 1059 si
3225 998 3577 1067 spiritualiter
3593 1001 3789 1069 exqui-

2210 1094 2418 1142 runtur.
2453 1085 2603 1141 Diem
2627 1101 2891 1155 ponamus
2922 1087 3095 1157 justas
3132 1088 3301 1153 viros,
3339 1088 3534 1157 quibus
3571 1103 3790 1159 semper

2209 1175 2485 1244 sapientia!
2513 1176 2695 1233 lumen
2724 1176 2978 1245 irradiat;
3012 1187 3209 1232 noctem
3250 1178 3494 1245 homines
3520 1187 3787 1248 terrenos,

2209 1266 2307 1336 qui,
2349 1267 2582 1337 peccatis
2626 1267 2946 1332 facientibus
2991 1269 3381 1337 obscurantur;
3418 1271 3561 1326 sicut
3595 1272 3649 1326 in
3679 1274 3803 1343 alio,

2212 1357 2418 1426 psalmo
2442 1356 2641 1413 dictum
2662 1367 2746 1417 est
2775 1375 2791 1411 :
2821 1358 2941 1413 Dies
2966 1360 3067 1417 diei
3090 1368 3287 1415 eructat
3333 1362 3564 1429 uerbum,
3607 1370 3657 1417 et
3687 1379 3794 1432 nos:

2213 1448 2355 1503 nocti
2379 1448 2572 1505 indicat
2590 1450 2852 1504 scientiam
2873 1448 3044 1523 (Psat.
3067 1466 3217 1521 xvru,
3232 1451 3311 1520 5).
3336 1452 3443 1508 Sed
3464 1469 3587 1508 cum
3617 1454 3751 1515 dicit
3775 1471 3790 1509 :

2212 1539 2356 1595 Tuus
2387 1549 2463 1595 est
2500 1541 2608 1596 dies
2642 1550 2697 1596 et
2726 1551 2817 1596 tua
2848 1551 2925 1597 est
2955 1558 3092 1611 nos,
3132 1544 3399 1615 signiﬁcat
3431 1547 3689 1615 quoniam
3736 1548 3798 1615 in

2215 1629 2453 1699 utrisque
2472 1629 2617 1687 Deus
2642 1629 2899 1686 miracula
2925 1647 3112 1707 magna
3136 1632 3290 1700 facit,
3320 1643 3378 1695 ut
3408 1644 3461 1690 et
3491 1635 3642 1691 illum
3670 1652 3793 1691 mu-

2214 1733 2346 1776 nere
2368 1735 2481 1775 sua
2508 1720 2724 1791 pietatis
2753 1722 3037 1789 illuminat,
3068 1731 3123 1778 et
3149 1723 3307 1779 istum
3349 1727 3582 1795 peccatis
3604 1741 3796 1789 emers-

2213 1810 2417 1877 datum,
2460 1811 2610 1889 regni
2635 1811 2728 1876 sui.
2753 1810 2915 1868 faciat
2940 1826 3062 1871 esse
3090 1813 3421 1885 participem.
3460 1814 3705 1882 Addidit,
3738 1825 3796 1870 tu

540 1912 599 1959 ut
626 1906 959 1963 enumeratio
989 1907 1100 1977 ipsa
1133 1908 1384 1964 virtutum
1411 1911 1648 1969 animum
1687 1910 1875 1971 oﬁensi
1920 1918 2108 1981 poten-
2142 1900 2377 1976 limini
2401 1902 2561 1958 solem
2587 1912 2634 1958 et
2657 1903 2855 1959 lautam.
2883 1904 3010 1961 Haec
3027 1905 3204 1961 omnia
3234 1906 3448 1979 nomina
3474 1920 3572 1976 per
3603 1921 3795 1962 exem—

536 1996 724 2052 tissimi
753 1995 953 2052 Judicis
982 2007 1319 2069 temperaret.

610 2087 764 2144 Vers.
786 2089 873 2145 i3.
905 2087 985 2144 Tst
1009 2090 1302 2160 confregisti
1323 2099 1476 2160 caput
1499 2090 1769 2155 draconis;
1795 2090 1982 2153 dedisti
1999 2106 2114 2151 eum

533 2182 591 2237 in
637 2199 799 2238 escam
828 2184 1015 2255 papula
1062 2183 1390 2254 [Etltiopnm
1445 2183 1577 2252 Cum
1631 2185 1875 2252 superius
1922 2184 2123 2249 dixerit

539 2274 732 2343 plurali
768 2291 994 2331 numero
1027 2277 1198 2347 capita
1235 2277 1558 2355 draconum,
1586 2275 1889 2345 signiﬁcare
1926 2274 2114 2344 volens

535 2366 802 2436 nequitias
848 2367 1182 2436 spirituales.
1213 2366 1374 2422 modo
1400 2365 1654 2438 singulari
1699 2381 1925 2422 numero
1964 2365 2115 2436 ponit

537 2458 832 2525 draconem,
866 2465 927 2511 ut
957 2458 1126 2527 ipsum
1155 2457 1407 2513 Satanam
1453 2457 1692 2527 indicare
1717 2457 1981 2525 videatur,
2024 2457 2115 2525 qui

536 2558 792 2619 quantum
823 2549 1032 2621 fortior,
1078 2560 1279 2605 tantum
1323 2549 1578 2621 nequior;
1612 2559 1667 2617 et
1699 2565 1819 2605 cum
1859 2550 2112 2622 singulari

538 2655 765 2697 numero
784 2642 1022 2712 ponitur,
1053 2642 1195 2697 inter
1222 2641 1489 2709 malignos.
1507 2643 1724 2713 spiritus
1748 2642 1947 2700 habere
1966 2644 2116 2700 simi-

538 2734 642 2790 lem
682 2733 892 2803 penitus
921 2733 1236 2803 abnegatur.
1283 2733 1443 2812 252
1472 2732 1802 2805 Confracttnn
1849 2744 1925 2790 est
1969 2736 2112 2791 enim

537 2835 690 2891 caput
718 2823 855 2896 ejus,
899 2825 1113 2898 quando
1154 2820 1405 2896 superbia
1437 2828 1601 2897 ipsius
1638 2828 1704 2883 de
1729 2828 1872 2887 caelo
1904 2827 2111 2899 deiecta

536 2925 655 2983 est;
682 2927 737 2974 et
767 2919 999 2973 nativam
1041 2918 1338 2991 claritatem
1363 2920 1599 2985 retinere
1641 2937 1743 2989 non
1776 2920 1993 2988 meruit,
2023 2921 2110 2990 qui

535 3021 596 3064 se
621 3008 918 3065 voluntaria
946 3010 1271 3067 obscuritate
1300 3012 1613 3085 maculavit.
1644 3011 1885 3081 Addidit,
1925 3011 2113 3081 dedisti

535 3113 650 3152 eum
673 3100 727 3153 in
758 3115 922 3154 escam
942 3102 1132 3173 populo
1161 3102 1486 3173 /Etltiopum.
1534 3100 1804 3173 /Etliiopes
1834 3106 1971 3159 bene
1993 3117 2114 3171 pec-

536 3197 747 3245 catores
774 3189 1124 3259 advertimus,
1148 3194 1236 3264 qui
1256 3204 1381 3258 ante
1397 3192 1609 3263 fuerant
1629 3194 1910 3253 tenebrosa
1932 3202 2112 3250 mente

2216 1994 2302 2064 pla
2332 1995 2502 2064 magis
2530 1994 2739 2065 planius
2777 2006 3145 2073 exponuntur.
3177 1997 3273 2053 Sol
3299 1998 3596 2068 sapientem
3623 1997 3796 2067 signi-

2216 2087 2355 2153 ﬁcat,
2385 2085 2507 2167 luna
2536 2087 2757 2143 stultum
2776 2126 2792 2153 ,
2830 2088 2969 2149 sicut
2996 2090 3253 2159 scriptum
3278 2098 3404 2146 est:
3433 2090 3657 2159 Sapiens
3678 2105 3798 2159 pe:-

2214 2182 2533 2249 tnanetsicut
2550 2182 2658 2248 sol;
2678 2183 2863 2239 stultus
2881 2193 3061 2243 autem
3070 2184 3587 2245 sicut-.lunamutatur
3598 2183 3793 2255 (Eccli.

2213 2285 2379 2341 xxvu,
2428 2270 2540 2343 19).
2585 2272 2811 2329 Pulchra
2857 2274 3125 2341 narratio,
3173 2283 3233 2330 ut
3278 2290 3373 2343 per
3411 2276 3805 2343 similitudines

2214 2378 2395 2431 rerum
2424 2363 2817 2439 Omnipotentis
2841 2365 3105 2435 stupenda
3136 2368 3398 2439 ntagnalia
3420 2368 3799 2446 declarentur.

2213 2454 2270 2513 In
2309 2457 2559 2518 omnibus
2591 2458 2767 2521 tamfeu
2797 2456 3208 2531 btteﬂigendum,
3236 2468 3318 2515 est
3342 2457 3654 2525 Creatorem
3684 2460 3794 2515 De.

2214 2547 2418 2604 minum
2472 2548 2688 2605 solitam
2727 2548 2887 2606 nimis
2924 2557 2979 2607 et
3020 2550 3301 2621 copiosam
3337 2552 3628 2617 ostendere
3672 2554 3790 2624 pie-

2285 2731 2440 2789 Vers.
2475 2731 2562 2788 i6.
2585 2732 2667 2787 Tu
2696 2732 2858 2803 fecisti
2881 2746 3053 2787 omnes
3073 2733 3316 2787 terminos
3339 2741 3489 2787 terra
3518 2749 3539 2789 :
3559 2742 3789 2789 trstetena

2212 2838 2261 2884 et
2295 2844 2383 2883 uer
2414 2836 2470 2883 tu
2509 2828 2672 2899 fecisti
2699 2845 2761 2884 ea
2784 2844 2805 2882 :
2824 2844 3016 2885 memor
3043 2837 3149 2884 esto
3188 2830 3341 2903 hujus
3372 2841 3625 2887 creature!
3659 2842 3786 2889 me.

2211 2919 2330 2976 Non
2359 2921 2648 2990 incongrue
2670 2920 2909 2976 terminos
2937 2930 3083 2977 terre
3108 2920 3335 2978 dicimus
3361 2937 3547 2979 omnes
3572 2933 3789 2993 aposto-

2214 3010 2303 3083 los~
2325 3019 2379 3066 et
2405 3011 2714 3081 prophetas.
2751 3010 2885 3067 Nam
2930 3012 3067 3068 sicut
3109 3014 3322 3069 termini
3370 3028 3620 3085 agrorum
3650 3015 3787 3073 ﬁnes

2219 3102 2353 3175 lem,
2381 3102 2555 3173 funes]
2586 3104 2935 3179 distinguunt,
2977 3104 3047 3159 ita
3085 3113 3141 3161 et
3174 3106 3551 3175 praedicatores
3583 3107 3787 3164 Christi

2216 3208 2359 3259 verte
2392 3194 2514 3250 ﬁdei
2551 3194 2673 3265 jura
2699 3195 3026 3261 custodiunt.
3058 3196 3334 3268 Sequitur,
3361 3209 3587 3254 restarem
3616 3209 3667 3255 et
3702 3217 3791 3255 cer

537 3280 834 3347 teterrimi;
873 3282 969 3339 sed
994 3282 1064 3339 ad
1090 3283 1371 3340 Dominum
1399 3285 1666 3350 conversi,
1709 3300 1888 3353 escam
1931 3300 2109 3357 cmpe-
2137 3280 2183 3344 C
2213 3295 2269 3341 ttt
2298 3288 2466 3358 fecisti
2487 3302 2568 3349 ea,
2595 3287 2700 3342 Per
2721 3288 2835 3348 ba’c
2855 3290 3379 3363 temporasigniﬁcat
3400 3290 3586 3347 ﬁdeles
3606 3292 3788 3348 diver-

538 3379 660 3425 runt
704 3371 902 3429 habere
931 3373 1221 3440 diabolum,
1252 3392 1374 3432 cum
1416 3377 1483 3433 de
1509 3377 1626 3447 ejus
1663 3377 1995 3436 detractione
2021 3395 2110 3436 sa-

537 3462 753 3518 tiantur.
782 3463 912 3521 Nam
944 3464 1207 3537 hodieque
1241 3482 1397 3538 quem
1435 3471 1726 3543 pessimum
1752 3469 1974 3542 intelligi
2015 3485 2110 3537 vo-

539 3555 737 3622 lumus,
764 3555 1035 3612 diabolum
1063 3573 1452 3628 nuncupamus.
1476 3560 1735 3631 Omnibus
1759 3561 1903 3616 enim
1937 3561 2109 3632 culpis

540 3648 853 3705 exsumatur
873 3650 1142 3718 admissis,
1173 3652 1336 3725 totius
1360 3653 1555 3717 dicitur
1574 3662 1762 3715 auctor
1785 3656 1986 3721 erroris
2002 3696 2019 3722 ,
2053 3663 2110 3711 et

536 3741 674 3794 sicut
694 3740 783 3795 ille
810 3741 1138 3797 Christianos
1157 3743 1472 3815 insequitur,
1496 3744 1567 3800 ita
1594 3747 1662 3817 ab
1682 3746 1930 3803 omnibus
1950 3761 2107 3811 exse-

536 3832 720 3888 crabili
748 3833 969 3892 borrore
984 3836 1327 3908 discerpitur.
1350 3840 1440 3905 Sic
1466 3842 1525 3896 ﬁt
1546 3842 1713 3910 utqui
1744 3842 1965 3912 paganis
1985 3852 2111 3899 ante

537 3927 880 3996 Venerabilis,
921 3945 1063 3985 nunc
1102 3946 1134 3985 a
1170 3929 1486 3995 Christianis
1525 3932 1913 4003 detractionum
1954 3949 2110 3989 mor-

536 4017 686 4075 sibus
732 4018 1071 4093 corrodatur.
1112 4020 1235 4077 Sive
1272 4023 1523 4078 conversi
1563 4023 1673 4094 jam
1702 4022 1888 4080 ﬁdeles
1925 4037 2106 4095 escam

536 4122 760 4181 possunt
788 4110 983 4168 habere
1019 4113 1310 4182 diabolum,
1342 4116 1554 4185 quando
1584 4098 1680 4187 per
1714 4116 1882 4186 ipsius
1904 4116 2107 4172 machi-

535 4210 783 4259 namenta
814 4207 1239 4277 tentationesque
1261 4191 1574 4275 proﬁciunt;
1605 4210 1722 4279 ipso
1749 4210 1893 4265 enim
1928 4222 2109 4277 perse-

534 4289 731 4364 quente
757 4304 1022 4366 martyres
1051 4297 1212 4364 ﬁunt,
1241 4299 1357 4369 ipso
1401 4299 1669 4371 alﬁigente
1695 4300 1965 4369 patientia:
1990 4315 2111 4361 mu-

537 4397 667 4439 nere
690 4397 1041 4459 coronantur.
1052 4387 1382 4456 Quapropter
1404 4391 1600 4446 merito
1621 4373 1867 4444 diabolus
1895 4391 2115 4461 illorum,

535 4491 657 4533 esca
684 4476 893 4541 dicitur,
926 4492 1059 4547 quos
1090 4478 1487 4551 fatigationibus
1512 4480 1718 4541 crebris
1742 4481 1811 4536 ad
1842 4480 2107 4549 desideria

534 4573 708 4625 votiva
739 4570 1007 4643 perducit.

2210 3391 2270 3433 sa
2298 3393 2504 3434 morum
2521 3379 2776 3449 qualitate
2803 3378 3090 3448 pollentes;
3108 3380 3198 3451 alii
3225 3382 3368 3436 enim
3387 3392 3511 3453 sunt
3528 3391 3784 3454 tanquam

2207 3477 2370 3534 aestus
2399 3469 2521 3525 ﬁdei
2541 3469 2719 3525 calore
2742 3470 3007 3529 ferventes
3027 3469 3097 3526 ad
3116 3474 3424 3544 martyrium
3452 3489 3622 3544 usque
3647 3490 3777 3545 per-

2206 3560 2390 3636 ducti;
2423 3561 2513 3615 alii
2562 3560 2971 3627 mansuetudine
3022 3564 3300 3633 temperati
3356 3574 3607 3636 tanquam
3656 3584 3781 3632 ver,

2208 3633 2465 3719 a-qoabili
2489 3650 2714 3708 Domino
2742 3652 3026 3719 devotione
3054 3652 3388 3713 famulantes.
3417 3633 3609 3713 Otnnia
3638 3659 3785 3715 enim

2207 3757 2263 3807 et
2312 3745 2411 3800 ista
2439 3756 2495 3800 et
2541 3744 2673 3811 talia
2711 3744 2824 3817 ipse
2867 3743 3014 3813 fecit,
3054 3745 3210 3816 cujus
3235 3747 3404 3819 gratia
3445 3750 3782 3816 conceditur,

2208 3834 2349 3905 quod
2378 3836 2429 3889 in
2461 3835 2732 3890 hominum
2772 3836 2908 3892 bona
2933 3829 3203 3901 voluntate
3231 3849 3579 3905 monstratur.
3610 3841 3785 3896 Addi-

2208 3923 2308 3991 dit,
2357 3938 2549 3979 memor
2573 3935 2680 3993 esto
2714 3924 2870 3996 hujus
2899 3939 3145 3983 creaturas
3180 3935 3301 3985 tute.
3340 3928 3536 3985 Reddit
3566 3944 3784 3986 unum

2209 4026 2309 4075 cur
2348 4016 2682 4072 enumeratio
2728 4015 2819 4090 illa
2869 4019 3143 4089 praemissa
3172 4019 3278 4083 sit;
3321 4020 3551 4087 scilicet,
3595 4031 3654 4076 ut
3691 4022 3785 4092 qui

2211 4103 2388 4176 facere
2413 4105 2689 4175 consuevit
2712 4123 2922 4185 magna,
2956 4108 3154 4164 ludatis
3179 4124 3391 4181 quoque
3422 4111 3784 4185 delinquenti-

2209 4197 2311 4253 bus
2339 4198 2620 4254 miseratus
2642 4198 2931 4270 indulgeat.
2956 4200 3024 4270 Et,
3047 4209 3105 4255 ut
3126 4201 3554 4259 benevolentiam
3582 4206 3655 4275 pii
3680 4206 3783 4260 Do-

2210 4290 2343 4356 mini
2365 4299 2698 4361 provocaret,
2718 4291 2974 4359 beneﬁcia
2998 4293 3114 4364 ejus
3132 4293 3435 4365 frequenter
3459 4307 3781 4365 enumerat;

2211 4392 2272 4439 ut
2307 4397 2516 4453 memor
2541 4397 2665 4453 esse
2691 4384 2940 4456 dignetur
2961 4399 3147 4458 eorum
3168 4399 3303 4465 quos
3330 4401 3519 4457 creare
3536 4389 3784 4462 dignatus

2210 4480 2314 4539 est.

2286 4564 2439 4621 Vers.
2457 4564 2547 4620 17.
2571 4561 2821 4631 Inimicus
2846 4566 3207 4637 improperauit
3227 4565 3470 4635 Domino,
3493 4578 3540 4624 et
3565 4571 3785 4641 papulas

609 4663 761 4719 Vere.
802 4663 884 4718 14.
918 4662 994 4717 Tu
1015 4662 1253 4732 dirupisti
1276 4663 1442 4733 fontes
1460 4671 1507 4718 et
1542 4671 1803 4729 torrentes,
1832 4672 1886 4717 tu
1908 4664 2113 4719 siccasti
2143 4645 2190 4705 ι)
2216 4658 2459 4729 insipiens
2494 4658 2803 4725 exacerbavit
2830 4674 3012 4726 nomen
3050 4670 3213 4722 tuum.
3262 4659 3473 4729 Illorum
3501 4663 3782 4717 verborum

534 4754 712 4823 ﬂuvios
738 4754 931 4811 Etltan.
960 4755 1074 4811 Hoc
1102 4765 1269 4810 totum
1302 4771 1395 4825 per
1425 4755 1732 4824 allegoriam
1762 4756 1830 4825 de
1853 4768 2115 4827 peccato:

536 4846 685 4902 ribus
705 4848 851 4902 dicit.
884 4846 1074 4902 Fontes
1104 4847 1221 4909 illos
1249 4848 1512 4921 appellat,
1544 4862 1770 4917 quorum
1804 4849 1938 4902 mala
1962 4850 2109 4935 jogi-

537 4948 619 4995 tcr
651 4941 968 5009 inﬁuebant;
1001 4951 1276 5008 torrentes,
1304 4942 1392 5011 qui
1420 4941 1599 4996 subito
1624 4941 1874 4996 concitati
1907 4940 2107 5011 rapidis

536 5033 847 5088 excursibus
873 5033 1165 5090 irruebant.
1199 5032 1321 5088 llrec
1345 5032 1486 5089 enim
1530 5031 1636 5087 duo
1659 5047 1852 5104 genera
1876 5047 2104 5101 peccan-

538 5122 667 5176 tium
716 5122 969 5178 Dominus
997 5126 1276 5192 dirumpet,
1314 5139 1437 5180 cum
1479 5137 1573 5178 eos
1600 5138 1630 5177 a
1659 5116 1856 5177 diaboli
1884 5121 2111 5185 famula-

538 5213 684 5268 tione
704 5212 965 5269 diviserit.
998 5214 1270 5285 Sequitur,
1300 5214 1503 5281 siccasti
1526 5213 1707 5285 ﬂuvios
1732 5212 1922 5279 Etltan.
1961 5212 2110 5268 Prio-

538 5319 651 5361 rem
682 5304 888 5361 excolit
926 5319 1164 5374 sensum,
1206 5316 1261 5362 ut
1290 5307 1497 5376 ﬂuvios,
1535 5305 1587 5360 id
1631 5312 1714 5359 est
1739 5303 2108 5371 inundationes

536 5397 799 5453 diabolica
827 5396 1106 5470 iniquitate
1130 5401 1379 5455 collectas
1410 5415 1516 5455 non
1547 5400 1721 5454 solum
1751 5398 2012 5470 dirumpat
2045 5412 2109 5459 ac

535 5489 758 5556 dividat,
801 5505 986 5545 verum
1032 5490 1191 5544 etiam
1242 5490 1473 5547 desiccet
1524 5500 1581 5546 et
1632 5490 1859 5546 auferat.
1893 5487 2110 5545 Flavius

535 5580 676 5635 enim
710 5579 923 5650 quando
964 5580 1218 5644 siccatur,
1260 5579 1328 5634 ad
1361 5580 1582 5636 nihilum
1630 5580 1745 5637 sine
1782 5578 2109 5635 dubitatione

538 5670 866 5744 perducitur.
906 5670 1058 5740 Quod
1108 5680 1235 5725 tunc
1272 5670 1580 5742 contingere
1619 5669 1959 5725 manifestum
2000 5676 2105 5735 est,

536 5763 748 5835 quando
796 5765 1003 5819 donans
1049 5762 1443 5818 multitudinem
1504 5771 1867 5831 peccatorum,
1909 5757 2108 5815 diaboli

538 5867 747 5916 constat
795 5857 1109 5916 inundantia
1152 5853 1376 5929 periisse
1400 5854 1639 5915 consilia.
1687 5852 1854 5908 Ethan
1885 5852 2109 5911 Hebraa

2215 4750 2476 4815 meminit,
2498 4764 2615 4820 quas
2652 4749 2899 4818 superius
2934 4749 3109 4806 dixit:
3148 4751 3352 4819 Venite,
3384 4754 3781 4822 comprimentia

2215 4856 2393 4907 omnes,
2415 4840 2521 4895 dies
2548 4839 2701 4910 festos
2727 4838 2934 4902 Domini
2954 4858 2987 4895 a
3009 4851 3163 4913 terra,
3187 4853 3293 4898 etc.
3324 4841 3576 4898 Inimicus
3606 4846 3783 4915 utique

2216 4930 2315 4986 fuit
2345 4932 2444 4985 istc
2472 4930 2701 4999 populus
2726 4929 3054 4999 Judmorum,
3084 4933 3172 5001 qui
3207 4933 3329 4987 talia
3360 4932 3493 4989 dixit
3520 4934 3575 4988 in
3606 4935 3780 4990 Domi-

2213 5039 2358 5091 num,
2394 5030 2455 5078 ut
2487 5023 2560 5078 illi
2590 5022 2863 5087 videretur
2896 5024 3238 5093 exprobrare,
3267 5028 3353 5080 cui
3388 5025 3473 5080 vel
3503 5038 3571 5079 ex
3611 5026 3780 5096 aliqua

2215 5123 2365 5186 parte
2403 5112 2603 5187 gratias
2640 5127 2799 5184 agere
2835 5114 2986 5186 nulla
3015 5123 3192 5184 potest
3227 5123 3472 5175 creatura
3511 5115 3779 5171 sufﬁcere.

2214 5208 2483 5278 Sequitur,
2505 5215 2551 5263 et
2573 5207 2795 5277 populus
2819 5207 3059 5278 insipiens
3076 5206 3384 5262 exacerbavit
3405 5223 3593 5262 nomen
3620 5218 3777 5263 tuttur.

2216 5299 2473 5372 insipiens
2497 5300 2677 5369 utique
2697 5297 2786 5369 qui
2808 5297 2999 5367 agebat
3037 5297 3273 5369 indigne,
3304 5306 3364 5353 ut
3393 5298 3481 5352 illa
3523 5300 3781 5367 patienter

2215 5391 2443 5457 audiret,
2483 5405 2603 5459 qua
2639 5389 2911 5444 debuisset
2937 5389 3155 5445 omnino
3182 5389 3444 5460 refugere.
3488 5388 3556 5444 Et
3583 5404 3654 5444 ex
3685 5390 3780 5444 bac

2217 5481 2498 5538 Dominum
2525 5480 2590 5534 ad
2622 5480 2754 5534 iram
2777 5488 3222 5548 provocaverunt,
3261 5479 3380 5549 quia
3411 5494 3516 5534 non
3549 5493 3651 5548 pro
3677 5480 3779 5534 suis

2214 5572 2450 5646 peccatis
2475 5572 2599 5627 talia
2624 5570 2725 5627 sibi
2750 5569 3010 5625 accidisse
3037 5568 3305 5637 dixerunt,
3339 5570 3433 5625 sed
3462 5575 3778 5639 putaverunt

2212 5666 2471 5738 iniustum
2505 5664 2695 5729 Deum,
2724 5662 2814 5733 qui
2842 5661 2995 5730 quasi
3027 5677 3136 5718 non
3165 5661 3489 5718 merentibus
3515 5658 3776 5717 dominari

2214 5756 2552 5831 permittebat
2579 5753 2873 5810 interitum.
2901 5753 3312 5810 Consideremus
3340 5754 3500 5825 igitur
3536 5755 3773 5811 ordine-

2215 5848 2624 5914 saluberrimum
2649 5847 3012 5918 supplicantis.
3043 5849 3131 5906 Sic
3154 5863 3248 5918 pro
3263 5847 3618 5920 eulpabilibtts
3637 5844 3767 5913 erat.
