4020 6348
298 423 409 476 535

1210 417 1571 474 EXPOSITIO
1610 416 1674 472 IN
1714 413 2167 472 PSALTERIUM.
2209 417 2400 472 PSAL.
2446 415 2674 470 LXXIII.

3446 409 3547 462 55}

297 541 358 583 ut
386 545 572 585 eorum
598 543 813 600 semper
833 529 1149 586 confiteatur
1173 538 1369 583 errata.
1399 529 1511 584 Hoc
1541 527 1588 583 si
1613 527 1779 583 Judaei
1805 527 1875 583 fe-
1900 529 1951 588 Α
1985 528 2110 582 vitia
2139 529 2281 584 velut
2305 529 2532 598 quodam
2560 527 2793 596 hospitio
2814 525 3098 598 recipiunt,
3121 525 3210 596 qui
3239 525 3390 580 malis
3418 524 3550 577 acti-

299 625 507 679 cisSent
559 632 741 680 mente
777 623 990 688 devota,
1024 629 1305 692 potuerant
1348 621 1667 693 generaliter
1695 620 1874 682 debita

295 717 473 770 vitare
509 714 790 785 supplicia.

381 807 532 863 Vers.
563 808 652 862 18.
683 808 767 863 Ne
788 807 961 863 tradas
1000 807 1167 862 bestiis
1190 807 1388 862 animas
1425 807 1718 874 confitentes
1747 806 1835 860 tibi
1858 821 1881 860 :

299 898 508 952 animas
556 915 838 969 pauperum
885 908 1089 952 tuorum
1129 914 1194 952 ne
1242 897 1552 952 obliviscaris
1597 897 1651 950 in
1699 897 1878 965 linem.

300 987 483 1056 Λεαρή
530 991 677 1044 venit
703 989 772 1043 ad
807 989 1016 1044 tertiam
1051 988 1367 1054 sectionem,
1396 988 1480 1042 cui
1514 985 1706 1042 merito
1737 1001 1874 1055 prae-

303 1080 505 1136 missus
530 1090 613 1136 est
635 1081 921 1135 intellectus
943 1096 964 1136 :
993 1081 1205 1152 quando
1235 1082 1312 1136 sic
1337 1090 1550 1150 peccata
1577 1082 1753 1151 populi
1782 1095 1880 1135 su-

308 1171 495 1241 perius
539 1172 818 1228 confessus
861 1181 974 1239 est,
1017 1181 1076 1227 ut
1112 1182 1286 1228 tamen
1327 1173 1548 1229 devotos
1581 1188 1610 1227 a
1655 1172 1882 1227 Domino

313 1259 624 1317 liberandos
643 1277 764 1317 esse
789 1272 1091 1331 praesumat.
1116 1263 1388 1331 Snpplicat
1407 1264 1547 1318 enim
1568 1263 1646 1316 vir
1667 1271 1882 1318 sanctus

309 1351 456 1421 quod
482 1353 684 1409 sciebat
709 1369 827 1409 esse
851 1363 1131 1410 venturum
1153 1398 1168 1421 ,
1198 1365 1256 1410 ut
1286 1355 1518 1409 fidelium
1541 1355 1747 1409 animas
1775 1371 1879 1410 non

312 1443 511 1508 tradat,
530 1458 596 1499 ne
625 1445 863 1499 diabolus
889 1445 954 1498 ad
980 1459 1070 1500 sua
1092 1455 1215 1498 vota
1237 1445 1526 1514 perveniat.
1555 1445 1716 1498 Erant
1739 1445 1880 1499 enim

315 1532 376 1588 in
401 1533 491 1590 illo
523 1535 718 1602 populo
740 1535 900 1590 etiam
931 1544 1055 1590 tunc
1080 1549 1206 1590 vasa
1237 1533 1641 1604 misericordiae,
1679 1549 1743 1589 ex
1766 1535 1883 1602 qui-

314 1623 422 1680 bus
452 1624 549 1680 fuit
576 1626 814 1692 Simeon,
842 1625 1184 1690 Nicodemus,
1212 1624 1522 1690 Nathanael,
1549 1624 1616 1680 de
1637 1639 1742 1695 quo
1782 1625 1885 1678 Do-

319 1715 500 1771 minus
551 1717 902 1772 testimonium
949 1717 1210 1787 perhibet,
1245 1717 1474 1773 dicens:
1510 1717 1639 1772 Ecce
1666 1734 1779 1772 vero
1804 1717 1888 1771 Is-

312 1807 522 1871 raelita,
559 1807 610 1861 in
641 1823 739 1877 quo
768 1808 918 1862 dolus
942 1825 1043 1862 non
1074 1816 1150 1861 est
1174 1806 1352 1879 (Joan.
1387 1823 1425 1872 I,
1456 1807 1580 1876 47);
1614 1817 1669 1863 et
1693 1808 1886 1878 reliqui

1980 621 2080 674 bus
2109 620 2433 688 polluuntur.

2055 710 2205 766 Vers.
2255 711 2345 765 20.
2387 710 2472 765 Ne
2511 719 2766 765 avertatur
2810 710 3013 763 humilis
3063 714 3225 779 factus
3265 708 3555 778 confusus:

1979 817 2174 871 pauper
2203 811 2248 856 et
2273 803 2418 871 inops
2444 802 2723 856 laudabunt
2747 817 2923 854 nomen
2954 809 3118 854 tuum.
3144 800 3200 855 In
3222 799 3340 853 loco
3359 811 3549 852 eorum

1981 894 2068 962 qui
2099 892 2369 948 oll'endere
2395 893 2731 956 videbantur,
2765 891 2913 961 ponit
2950 905 3042 946 eos
3072 888 3160 960 qui
3189 889 3411 960 gratiam
3441 888 3553 943 Do-

1981 988 2112 1041 mini
2157 987 2353 1041 habere
2400 992 2829 1040 consueverunt:
2879 991 2935 1036 ut
2978 982 3192 1037 dilectio
3239 980 3554 1034 devotorum

1981 1079 2161 1135 odium
2192 1077 2581 1132 contumacium
2611 1084 2949 1145 temperaret.
2995 1073 3148 1139 Quod
3187 1083 3553 1140 argumentum

1981 1169 2143 1223 nimis
2163 1169 2562 1222 accommodum
2583 1176 2685 1231 est,
2702 1164 2912 1235 quando
2935 1180 3030 1234 pro
3052 1165 3226 1231 aliquo
3247 1161 3549 1217 detestabili

1983 1260 2195 1329 ponitur
2235 1273 2458 1326 persona
2501 1256 2750 1326 gratiosa.
2798 1255 3054 1323 Confundi
3091 1251 3264 1308 autem
3311 1268 3416 1307 non
3470 1262 3555 1308 est

1984 1351 2219 1415 humilis,
2253 1349 2345 1405 sed
2369 1350 2602 1417 superbi,
2626 1349 2715 1418 qui
2745 1349 2835 1402 Dei
2857 1349 3073 1416 gloriam
3101 1363 3206 1401 non
3234 1361 3550 1416 agnoscens,

1985 1442 2236 1498 humanis
2263 1442 2465 1497 meritis
2495 1441 2742 1509 applicat,
2769 1439 2813 1492 si
2839 1439 2962 1506 quid
2994 1438 3114 1492 boni
3148 1438 3396 1506 (Domino
3419 1452 3554 1504 prmo

1985 1536 2181 1604 stante)
2204 1534 2518 1600 susceperit.
2538 1533 2758 1599 Contra,
2777 1530 3004 1585 humiles
3031 1529 3195 1583 Deum
3219 1529 3412 1598 jugiter
3441 1531 3548 1580 lau-

1986 1628 2130 1693 dant,
2162 1641 2223 1681 se
2269 1640 2480 1694 semper
2520 1630 2808 1679 accusant:
2850 1621 3203 1690 inlelligentes
3258 1619 3556 1673 [tivinitatis

1985 1735 2105 1775 esse
2135 1719 2274 1788 quod
2297 1718 2529 1786 sapiunt,
2559 1715 2828 1785 proprium
2857 1713 3036 1782 utique
3058 1711 3197 1780 quod
3226 1709 3558 1779 delinquunt.

1989 1811 2121 1865 Istos
2150 1819 2298 1880 rogat
2327 1824 2432 1863 non
2473 1808 2668 1862 debere
2697 1806 2978 1876 confundi;
3027 1806 3274 1872 quoniam
3305 1803 3556 1873 quidquid

312 1897 406 1966 qui
434 1895 659 1953 Domino
687 1899 866 1954 cordis
896 1898 1125 1967 puritate
1160 1898 1486 1968 placuerunt.
1517 1897 1713 1954 Bestiae
1742 1900 1884 1953 enim
1916 1897 1962 1958 Β
1992 1905 2114 1960 boni
2147 1903 2499 1974 perceperint,
2535 1901 2741 1956 Domini
2782 1901 3096 1955 muneribus
3140 1899 3438 1967 intelligunt
3469 1914 3561 1967 ap-

316 1988 500 2056 posuit
523 1987 790 2043 diabolum
811 2004 934 2044 cum
958 1990 1236 2056 ministris,
1267 2004 1492 2060 quorum
1514 1990 1686 2058 capita
1727 1990 1891 2055 (sicut

315 2078 567 2146 superius
604 2080 765 2150 dixit)
808 2082 1057 2136 contrivit
1096 2097 1256 2152 super
1300 2095 1489 2152 aquas.
1527 2081 1808 2150 Sequitur,
1839 2090 1890 2136 et

313 2168 517 2224 animas
548 2186 830 2240 pauperum
865 2181 1069 2226 tuarum
1095 2189 1156 2225 ne
1181 2173 1491 2232 obliviscaris
1517 2174 1569 2226 in
1605 2174 1777 2242 finem.
1815 2171 1893 2228 De

320 2260 429 2315 illis
456 2261 580 2316 dicit
605 2263 695 2332 qui
725 2264 968 2334 superbia
995 2265 1178 2320 mundi
1204 2266 1499 2334 repudiata,
1531 2267 1596 2323 ad
1621 2266 1888 2322 humilita-

323 2359 435 2404 tem
465 2366 522 2406 se
552 2353 943 2409 sanctissimam
975 2356 1355 2412 cantulerunt:
1383 2372 1573 2427 rogans
1601 2361 1760 2413 ut‘eis
1785 2360 1890 2414 Do-

319 2440 452 2496 mini
497 2441 790 2499 Salvatoris
836 2444 1092 2501 beneficia
1138 2461 1242 2502 non
1292 2455 1582 2516 negentur;
1623 2447 1716 2502 sed
1767 2448 1890 2518 quia

319 2551 587 2608 pauperes
619 2541 735 2608 ejus
759 2541 884 2597 facti
909 2552 1052 2609 sunt,
1084 2544 1250 2612 ipsius
1269 2545 1510 2613 largitate
1534 2544 1819 2600 ditescant.

397 2629 551 2685 Vers.
584 2632 670 2687 l9.
701 2633 909 2698 Respice
933 2635 986 2688 in
1006 2642 1357 2693 testamentum
1383 2645 1565 2689 tuum:
1588 2637 1707 2702 quia
1727 2634 1895 2705 reple-

327 2719 369 2772 ti
395 2729 513 2774 sunt
537 2723 622 2789 qui
653 2724 908 2777 obscurati
936 2736 1052 2779 sunt
1081 2736 1229 2781 terra:
1257 2727 1524 2782 domorum
1548 2727 1891 2798 iniquitatum.

326 2811 569 2880 Respice,
606 2814 761 2880 dixit,
803 2826 858 2871 ut
887 2816 1122 2886 digneris
1153 2818 1378 2887 implere
1406 2834 1524 2888 quae
1556 2818 1894 2887 cognosceris

323 2915 454 2960 ante
500 2907 842 2976 promisisse;
890 2911 1029 2964 sicut
1065 2910 1320 2978 scriptum
1345 2918 1470 2968 est:
1506 2910 1633 2964 Ecce
1673 2910 1780 2964 dies
1807 2926 1893 2963 ue-

325 2996 484 3063 nient,
516 3000 636 3052 dicit
677 2999 954 3065 Dominus,
980 3009 1024 3055 et
1065 3002 1421 3055 eonsummabo
1446 3001 1620 3062 dontui
1646 3000 1815 3056 Israel
1850 3008 1898 3055 et

324 3089 501 3143 domui
527 3088 670 3144 Iuda
694 3101 1048 3146 testamentum
1070 3109 1274 3160 novum,
1304 3108 1404 3145 non
1440 3092 1717 3146 secundum
1744 3100 1894 3147 testa-

327 3193 554 3235 mentum
578 3183 714 3248 quod
742 3184 971 3253 disposui
1009 3183 1239 3252 patribus
1268 3199 1438 3237 eorum
1464 3181 1594 3255 (Jer.
1623 3197 1776 3248 xxm,
1815 3182 1895 3253 5).

329 3273 388 3328 In
418 3274 510 3329 illo
535 3276 678 3330 enim
727 3277 1138 3344 pollicitationes
1167 3276 1489 3346 temporales
1528 3284 1669 3341 sunt,
1704 3283 1761 3329 ut
1799 3274 1898 3330 fuit
1923 3261 1966 3320 C

329 3373 472 3418 terra
501 3364 929 3433 repromissionis
957 3375 1010 3420 et
1039 3366 1376 3421 inimicorum
1414 3365 1573 3437 253
1611 3364 1897 3435 subiectio.

328 3454 478 3510 Talia
503 3455 645 3510 enim
671 3455 788 3510 rudi
815 3455 1009 3525 p0pnlo
1047 3455 1231 3512 debuit
1254 3457 1550 3513 concedere
1568 3469 1676 3527 ,nt
1702 3457 1768 3512 ad
1791 3457 1901 3527 spi-

328 3547 540 3602 ritualia
589 3547 883 3616 intrepidus
930 3547 1190 3618 potuisset
1241 3547 1471 3606 subinde
1526 3548 1801 3603 festinare.
1842 3547 1901 3605 In

329 3638 481 3693 Novo
504 3647 680 3694 autem
702 3640 1046 3694 Testamento
1075 3639 1399 3710 promittitur
1446 3639 1903 3709 imperturbabilis

331 3729 465 3798 vita,
491 3743 713 3805 regnum
737 3728 884 3789 cuius
907 3744 1014 3790 non
1039 3729 1140 3792 erit
1166 3729 1310 3803 linis,
1333 3730 1604 3792 beatitudo
1620 3739 1903 3808 perpetua,

331 3836 389 3880 et
433 3826 640 3880 Domini
673 3827 1048 3896 contemplatio
1073 3829 1328 3898 gloriosa.
1361 3828 1417 3884 In
1443 3829 1545 3885 hoc
1571 3845 1699 3899 ergo
1742 3837 1900 3883 testa-

332 3929 502 3973 mento
524 3921 770 3987 respicere
790 3919 919 3975 dicit
944 3920 1225 3975 Dominum
1250 3920 1468 3986 debere,
1489 3929 1546 3974 ut
1569 3922 1674 3976 cito
1698 3919 1898 3974 erranti

331 4010 530 4078 papulo
556 4009 747 4065 debeat
773 4010 1045 4078 profutura
1070 4019 1344 4082 praestare.
1369 4011 1576 4066 Revera
1599 4011 1902 4080 intelligens

332 4099 507 4154 factus
531 4111 610 4156 est
636 4101 826 4169 Asaplt,
861 4103 947 4171 qui
977 4103 1100 4157 talia
1147 4104 1302 4172 petit.
1331 4103 1474 4159 unde
1504 4112 1644 4158 totus
1675 4104 1902 4159 mundus

334 4190 596 4260 potuisset
622 4191 844 4246 absolvi.
889 4191 957 4246 Et
989 4192 1110 4248 vide
1132 4208 1232 4262 qua
1269 4193 1527 4262 sapientia
1564 4201 1754 4248 cuncta
1786 4193 1902 4248 dis-

331 4281 546 4338 currit:
575 4283 698 4351 quia
743 4297 850 4338 non
878 4295 1030 4339 erant
1063 4285 1222 4351 bona,
1263 4300 1380 4353 qua:
1417 4285 1776 4355 delinquentis
1815 4301 1908 4355 po-

331 4373 446 4444 puli
473 4387 893 4429 commemorare
925 4375 1206 4442 potuisset,
1248 4374 1494 4429 meminit
1534 4375 1905 4444 promissionis

332 4464 626 4519 Dominica:
645 4480 763 4534 quae
790 4481 1007 4535 semper
1036 4467 1306 4535 impletur.
1337 4466 1587 4534 Sequitur
1616 4466 1717 4520 alia
1745 4481 1905 4522 causa

332 4556 639 4617 miserendi,
665 4571 784 4626 quae
805 4556 1001 4612 dicitur
1017 4557 1244 4626 qualitas
1261 4556 1504 4612 absoluta
1527 4572 1541 4608 :
1569 4555 1702 4620 Quia
1722 4557 1906 4625 repleti

1956 2020 1960 2024 κ
1994 1993 2314 2066 plicandum.
2331 1993 2604 2061 Sequitur,
2625 2007 2816 2061 pauper
2836 1999 2880 2044 et
2909 1991 3057 2058 inops
3081 1988 3362 2042 laudabunt
3384 2005 3564 2041 nomen

1993 2096 2155 2140 tuum.
2201 2084 2488 2140 Videamus
2532 2097 2689 2151 quam
2732 2081 2802 2136 sit
2833 2082 2931 2134 ista
2973 2081 3200 2151 gloriosa
3240 2089 3520 2148 paupertas
3545 2119 3562 2144 ,

1993 2193 2151 2248 quam
2181 2177 2302 2232 felix
2329 2176 2583 2247 probetur
2612 2176 2810 2244 inapia,
2840 2189 2956 2245 qua:
2987 2173 3265 2228 Deminum
3295 2173 3454 2227 etiam
3486 2181 3564 2225 ta-

1992 2270 2097 2324 cita
2123 2269 2321 2334 laudat,
2353 2277 2406 2322 et
2430 2267 2495 2322 de
2525 2267 2788 2336 patientiae
2825 2282 2934 2320 suzn
2974 2267 3166 2320 virtute
3195 2264 3557 2320 concelebrat.

1994 2363 2171 2417 Mutus
2196 2370 2278 2415 est
2305 2360 2348 2415 si
2379 2359 2568 2428 psallat
2596 2358 2885 2427 superbus;
2909 2365 3165 2426 pauperet
3186 2357 3331 2424 inaps
3351 2356 3566 2408 laudant

1993 2453 2297 2516 Dominum,
2326 2461 2377 2506 et
2403 2466 2522 2506 cum
2545 2451 2790 2504 videntur
2820 2449 3014 2503 habere
3042 2449 3331 2502 silentium.
3357 2445 3398 2502 Ο
3430 2447 3565 2500 ina:-

1994 2544 2257 2600 stimabile
2279 2544 2496 2608 bonum,
2520 2542 2563 2596 si
2596 2541 2952 2611 perpendetur
2981 2541 3330 2594 intrinsecus!
3358 2537 3567 2608 Pauper

1996 2639 2087 2694 Dei
2115 2638 2330 2701 dicitur,
2362 2638 2508 2690 dives
2529 2635 2710 2689 saeculi
2747 2645 3118 2702 nuncupatur;
3159 2633 3258 2688 iste
3289 2642 3370 2686 est
3402 2632 3562 2702 llegis

1995 2728 2202 2794 aeterni,
2243 2726 2331 2782 ille
2365 2727 2617 2795 temporis
2660 2724 2840 2795 utique
2871 2723 3094 2792 fugitivi.
3127 2722 3238 2776 Non
3270 2722 3368 2775 sibi
3404 2721 3566 2775 habet

1996 2821 2084 2889 qui
2113 2819 2239 2873 foris
2268 2818 2422 2872 dives
2447 2829 2528 2871 est
2552 2857 2570 2883 ,
2601 2816 2701 2870 istc
2724 2816 2902 2885 potius
2931 2814 3155 2868 idoneus
3183 2813 3439 2867 dicendus
3461 2821 3568 2876 est,

1995 2913 2086 2983 qui
2125 2913 2176 2965 in
2218 2910 2480 2965 thesauris
2526 2910 2716 2965 animae
2765 2908 3019 2978 probatur
3070 2906 3294 2960 virtutes
3332 2903 3561 2960 eximias

1996 3003 2318 3060 condidisse.

2072 3094 2226 3149 Vers.
2255 3094 2345 3147 21.
2383 3091 2632 3161 Exsurge,
2667 3090 2901 3159 Domine,
2923 3090 3108 3160 judico
3135 3103 3344 3142 causam
3383 3095 3526 3140 tuam
3549 3100 3571 3139 .'

2000 3202 2191 3239 memor
2218 3193 2321 3237 esto
2349 3183 2771 3254 impmperiorum
2802 3188 3023 3245 tuorum,
3058 3195 3232 3233 eorum
3258 3194 3372 3247 qua:
3400 3178 3461 3231 ab
3491 3178 3570 3231 in-

2000 3279 2210 3348 sipiente
2245 3284 2363 3330 sunt
2410 3284 2514 3328 tota
2543 3275 2642 3328 die.
2689 3274 2813 3328 I’ost
2851 3282 3038 3327 cuncta
3069 3287 3186 3342 qua:
3230 3269 3384 3337 dixit,
3431 3284 3572 3323 nunc

2001 3367 2130 3424 facit
2154 3367 2353 3423 .Iudicis
2381 3379 2625 3429 causam;
2658 3372 2713 3418 ut
2733 3377 2855 3417 eum
2881 3361 3147 3417 efficacius
3177 3368 3569 3422 commoveret,

2001 3461 2085 3517 cui
2129 3459 2326 3531 negotii
2364 3458 2445 3513 sui
2491 3456 2718 3527 qualitas
2757 3455 3050 3510 intimatur.
3096 3453 3246 3509 Nunc
3287 3452 3354 3507 ad
3394 3451 3568 3522 ipsum

2003 3553 2283 3608 Dominum
2312 3551 2474 3605 verba
2494 3549 2784 3616 convertit,
2817 3555 3072 3617 expetens
3103 3557 3155 3602 ut
3183 3559 3396 3602 causam
3419 3561 3568 3600 suam

2001 3652 2185 3700 contra
2218 3643 2337 3698 illos
2365 3641 2642 3712 dijudicet,
2676 3641 2765 3710 qui
2793 3655 2897 3694 non
2937 3639 3191 3695 desinunt
3222 3638 3400 3708 pravis
3427 3653 3572 3692 mur-

2003 3733 2386 3796 murationibus
2423 3731 2691 3793 insonare.
2726 3731 2936 3791 Judicat
2965 3731 3108 3791 enim
3140 3746 3348 3788 causam
3379 3744 3528 3788 suam
3554 3775 3570 3796 ,

2001 3837 2127 3890 dum
2156 3842 2396 3890 errantes
2427 3832 2552 3887 facit
2573 3829 2854 3885 manifesta
2883 3841 3226 3898 cognoscere,
3252 3835 3308 3880 ut
3327 3825 3570 3880 conversi

2005 3927 2293 3994 praedicent
2360 3923 2500 3992 quod
2549 3921 2723 3976 stultis
2791 3917 3198 3989 (agitationibus
3243 3916 3568 3970 abnuebant.

2002 4018 2272 4088 Sequitur,
2301 4015 2497 4068 Memor
2523 4022 2624 4066 esto
2654 4010 3076 4080 impmperiorum
3108 4018 3330 4071 tuorum,
3361 4006 3573 4059 illorum
3619 4055 3621 4057 ,

2003 4109 2207 4165 scilicet
2236 4123 2355 4177 qua:
2394 4105 2641 4176 superius
2676 4103 2813 4157 dicta
2855 4108 3020 4154 sunt:
3053 4097 3170 4152 Jam
3199 4115 3297 4151 non
3338 4107 3411 4150 est
3445 4112 3569 4166 pro-

2004 4201 2177 4273 pheta,
2206 4208 2253 4253 et
2283 4215 2371 4252 nos
2402 4214 2501 4251 non
2542 4203 2805 4267 coquoscet
2847 4195 3090 4265 amplius.
3122 4193 3363 4262 Adjecit,
3399 4207 3575 4244 eorum

2004 4307 2118 4364 quia
2143 4292 2206 4345 ab
2243 4290 2508 4358 insipiente
2535 4296 2651 4342 sunt
2682 4296 2786 4340 tota
2823 4286 2926 4339 die.
2971 4285 3034 4339 Et
3060 4285 3161 4339 hoc
3187 4285 3254 4339 de
3283 4282 3578 4351 superiori-

2005 4386 2106 4440 bus
2137 4381 2350 4453 pendet,
2397 4379 2646 4450 quoniam
2678 4379 2776 4431 ista
2806 4377 3091 4448 opprobria
3122 4375 3183 4430 ab
3225 4375 3578 4446 insipientibus

2008 4476 2146 4532 dicta
2182 4483 2460 4529 venerunt.
2495 4472 2558 4526 Et
2589 4485 2656 4526 ne
2687 4478 2996 4541 putarentur
3037 4467 3101 4522 ad
3136 4477 3341 4536 tempus
3373 4467 3536 4520 ell'usa
3558 4506 3575 4530 ,

2012 4565 2231 4630 addidit,
2255 4572 2360 4617 tota
2386 4563 2509 4628 die;
2535 4571 2594 4617 ut
2618 4562 2728 4631 ipsa
2759 4560 3086 4616 continuatio
3111 4557 3576 4614 mansuetudinem

330 4657 453 4703 sunt
471 4648 559 4718 qui
583 4647 836 4702 obscurati
861 4658 1000 4715 sunt,
1031 4647 1083 4702 id
1112 4658 1194 4703 est
1220 4655 1524 4718 peccatores
1543 4649 1630 4718 qui
1653 4648 1900 4718 ignoran-
1929 4640 1983 4701 D
2005 4655 2375 4727 patientissimi
2405 4653 2607 4708 iudicis
2636 4653 2914 4708 indicaret.

332 4739 422 4794 tite
448 4739 769 4795 obscuritate
796 4738 1029 4794 demersi
1055 4748 1211 4804 sunt;
1243 4737 1379 4793 sicut
1400 4747 1455 4793 et
1477 4737 1592 4808 ipse
1620 4753 1716 4809 pro
1741 4739 1818 4794 eis
1845 4739 1900 4793 in

330 4847 493 4888 cruce
517 4833 720 4902 positus
740 4832 1082 4903 supplicavit,
1105 4832 1321 4887 dicens:
1347 4831 1521 4897 Pater,
1551 4832 1750 4903 ignosce
1772 4833 1902 4899 illis,

329 4924 457 4995 quia
492 4925 721 4979 nesciunt
745 4925 871 4996 quid
894 4924 1092 4994 faciunt
1129 4922 1278 4993 (Luc.
1305 4938 1456 4991 χχιιι,
1486 4922 1598 4995 54).
1625 4923 1727 4978 Sed
1748 4938 1906 4992 repe-

331 5024 507 5070 tamus
537 5015 678 5070 hunc
713 5030 947 5083 versum,
979 5021 1038 5068 ut
1069 5015 1338 5070 contextio
1379 5015 1663 5070 verborum
1694 5015 1902 5070 facilius

327 5104 526 5161 debeat
545 5119 818 5176 apparere.
853 5105 1012 5174 Dixit,
1043 5105 1282 5174 Respice,
1309 5105 1432 5174 quia
1459 5105 1636 5176 repleti
1666 5114 1783 5159 sunt
1813 5106 1900 5176 qui

327 5198 584 5252 obscurati
611 5206 747 5254 sunt.
793 5199 990 5270 Repleti
1018 5201 1159 5255 enim
1190 5199 1398 5255 fuerant
1425 5199 1813 5270 iniquitatibus,
1844 5209 1900 5254 et

327 5301 553 5343 necesse
571 5297 688 5343 erat
715 5297 772 5343 ut
795 5303 889 5345 eos
916 5299 1229 5360 sequeretur
1249 5291 1564 5358 obscuritas,
1591 5289 1680 5360 qui
1710 5291 1902 5346 merito

328 5382 566 5436 tenebris
584 5392 983 5452 comparantur,
1011 5381 1260 5452 quoniam
1288 5382 1467 5437 lumen
1489 5384 1765 5451 sapientiae
1788 5397 1902 5453 per-

326 5469 601 5528 diderunt.
648 5471 888 5540 Addidit,
931 5479 1080 5527 terra
1101 5473 1371 5526 domorum
1417 5473 1764 5541 iniquitatum.
1807 5471 1905 5528 Isti

325 5573 454 5620 sunt
499 5572 649 5620 teme
675 5565 940 5620 domorum
985 5564 1331 5636 iniquitatum,
1381 5564 1433 5620 id
1476 5572 1559 5620 est
1601 5564 1802 5619 terreni
1834 5564 1903 5619 de

273 5715 280 5738 ε
326 5661 490 5717 domo
515 5661 874 5732 iniquitatum.
903 5661 971 5716 Et
998 5675 1065 5716 ne
1088 5660 1225 5715 forte
1248 5660 1334 5714 hic
1354 5670 1542 5713 terram
1568 5657 1620 5712 in
1644 5657 1786 5714 bono
1807 5671 1906 5711 vo-

269 5756 278 5778 '
326 5751 522 5808 luisses
547 5752 808 5824 accipere,
829 5751 1050 5822 pulchre
1074 5750 1347 5807 definitum
1367 5759 1450 5806 est
1471 5749 1594 5820 quid
1616 5749 1686 5804 sit
1711 5761 1907 5816 corpus

329 5844 647 5912 infidelium,
679 5846 782 5901 hoc
809 5853 892 5902 est
936 5846 1118 5899 domus
1161 5844 1490 5914 iniquitatum
1516 5857 1535 5897 :
1559 5843 1679 5912 quia
1709 5849 1904 5898 cuncta

2077 4748 2229 4803 Vers.
2269 4748 2360 4800 22.
2396 4744 2476 4800 Ne
2503 4744 2810 4800 obliviscaris
2839 4759 2980 4798 voces
3018 4743 3351 4815 quwrentium
3376 4752 3457 4794 te:
3488 4757 3578 4795 su-

2004 4839 2178 4911 perbia
2207 4853 2377 4892 eorum
2403 4836 2489 4904 qui
2519 4846 2564 4889 te
2602 4836 2815 4888 oderunt
2849 4834 3089 4888 ascendat
3120 4833 3239 4906 [ed.
3265 4872 3280 4898 ,
3315 4832 3575 4904 ascendit]

2004 4946 2200 4997 semper
2226 4929 2294 4982 ad
2322 4938 2388 4982 te.
2416 4928 2469 4982 In
2500 4927 2670 4998 primo
2694 4937 2957 4982 commate
2986 4927 3197 4979 miscuit
3227 4925 3416 4980 iterum
3448 4937 3571 4981 vota

2005 5020 2259 5085 fidelium,
2291 5034 2358 5073 ne
2381 5018 2596 5088 abjiciat
2625 5033 2808 5087 preces
2835 5031 3024 5071 eorum
3051 5015 3142 5087 qui
3163 5015 3230 5071 ad
3261 5017 3435 5086 ipsum
3461 5028 3572 5073 toto

2002 5109 2180 5164 cordis
2201 5107 2393 5163 affectu
2421 5109 2654 5163 clamare
2683 5115 3010 5172 noscuntur;
3039 5116 3094 5160 ut
3122 5105 3394 5162 inveniant
3418 5123 3577 5178 quem

2003 5207 2269 5268 quarunt,
2310 5208 2362 5252 et
2402 5193 2714 5252 mereantur
2747 5209 2971 5250 cernere
3011 5195 3128 5270 [ms.
3156 5194 3249 5263 G.,
3274 5197 3381 5263 ed.,
3409 5195 3579 5268 certe]

2003 5305 2160 5360 quem
2175 5298 2448 5360 expetunt.
2465 5289 2738 5359 Sequitur,
2752 5289 2988 5360 superbia
2998 5306 3174 5345 eorum
3194 5292 3281 5361 qui
3299 5300 3346 5344 te
3367 5283 3584 5346 σόει-νηί

2001 5381 2239 5436 ascendat
2257 5396 2454 5449 semper
2471 5381 2536 5434 ad
2553 5389 2620 5435 te.
2643 5379 2754 5435 lloc
2771 5395 3004 5450 congrue
3021 5382 3221 5437 dictum
3238 5382 3306 5436 de
3324 5381 3582 5437 Romanis

2005 5472 2354 5536 advertimus,
2369 5471 2436 5526 de
2455 5471 2646 5540 quibus
2661 5469 2906 5540 superius
2927 5473 3000 5526 ait
3017 5490 3032 5528 :
3061 5471 3124 5526 In
3143 5473 3312 5526 medio
3331 5473 3468 5526 atrio
3489 5486 3578 5528 tuo

2009 5572 2280 5636 posuerunt
2299 5563 2446 5633 signa
2466 5578 2591 5627 sua;
2615 5570 2861 5618 utcontra
2885 5563 3065 5621 hostes
3079 5563 3380 5620 Jerusalem
3403 5563 3578 5618 omni-

2010 5666 2284 5726 potentem
2314 5654 2556 5710 Judicem
2580 5654 3049 5711 vehementissime
3067 5663 3446 5712 commoveret.
3479 5654 3581 5709 Su-

2011 5748 2287 5817 perbiaest
2306 5747 2450 5801 enim
2472 5761 2628 5816 quam
2654 5746 2907 5803 Dominus
2929 5748 3230 5818 specialiter
3250 5754 3577 5807 exsecratur,

2013 5854 2106 5909 per
2134 5852 2291 5907 quam
2324 5846 2378 5893 et
2405 5836 2625 5908 angelus
2654 5839 2875 5904 corruit,
2901 5849 2954 5896 et
2993 5838 3151 5909 primi
3179 5836 3410 5893 hominis
3459 5834 3585 5890 bea-
