4020 6348
450 395 552 450 535

452 510 624 566 titudo
654 510 917 567 discessit.
950 512 1013 567 Et
1040 510 1316 567 considera
1350 527 1509 583 quam
1539 513 1832 585 prudenter
1866 525 2017 567 acer-
2044 513 2091 572 Α

451 605 644 658 rimam
688 605 872 659 vitium
907 605 958 657 in
991 604 1095 658 fine
1139 604 1369 673 positum
1415 614 1496 660 est
1522 644 1538 670 ,
1584 614 1643 659 ut
1685 614 1805 673 post
1845 603 2023 658 omnia

428 702 655 758 diceret
693 704 835 773 quod
880 704 1149 757 memoriae
1195 704 1390 759 finibus
1427 703 1767 759 conderetur.
1812 703 1902 759 Sic
1932 704 2026 758 de-

453 796 666 866 plorant
710 795 1025 863 simpliciter
1071 806 1126 849 et
1163 797 1453 864 prudenter
1488 799 1577 866 qui
1626 811 1754 866 pura
1796 797 2023 850 Domino

451 896 632 942 mente
662 887 837 940 devoti
867 897 1019 939 sunt:
1049 887 1124 941 sic
1156 902 1248 955 per
1268 888 1507 945 dolorem
1534 888 1775 958 quamvis
1802 888 2021 941 nimium

453 976 561 1031 falli
593 976 836 1030 nesciunt
864 978 950 1046 qui
981 978 1082 1045 piis
1114 978 1308 1046 regulis
1334 978 1717 1047 obsequuntur.

986 1090 1254 1145 Conclusio
1281 1091 1479 1164 psalmi.

519 1202 877 1271 Cognovistis.
910 1203 1181 1284 auditores
1217 1205 1456 1279 egregii,
1490 1220 1645 1273 quam
1688 1208 1870 1260 suavia
1918 1206 2024 1285 sint

452 1291 774 1346 fidelissimis
804 1292 929 1346 viris
957 1292 1129 1348 ofﬁcia
1178 1292 1417 1361 pietatis:
1451 1295 1893 1363 quemadmodum
1927 1312 2024 1351 no-

451 1388 549 1442 lint
577 1389 847 1456 proximos
871 1403 998 1443 suos
1031 1389 1297 1444 tristitiam
1330 1389 1613 1457 sustinere,
1648 1370 1703 1445 ut
1730 1391 1796 1445 de
1828 1390 2023 1446 futuris

448 1466 630 1534 eorum
670 1479 909 1559 cladibus
951 1482 1110 1557 tantis
1139 1482 1388 1555 lacrymis
1416 1468 1735 1551 amigmtur.
1779 1482 1903 1537 llaec
1944 1494 2025 1557 est

450 1590 635 1628 revera
667 1574 941 1628 cbaritatis
982 1564 1163 1629 sancta
1207 1566 1461 1646 perfectio
1493 1585 1816 1649 przeseutare
1848 1576 2023 1630 futura

449 1667 546 1719 sibi
575 1667 829 1735 pericula,
855 1682 969 1736 qum
993 1667 1244 1736 proximis
1268 1667 1618 1743 formidantur
1640 1684 1756 1722 esse
1778 1681 2019 1739 ventura.

448 1757 585 1824 Quid
617 1769 798 1829 ageret
827 1759 924 1813 is:e
962 1760 1029 1813 de
1057 1750 1339 1828 conspecta
1378 1760 1549 1822 clade,
1584 1776 1739 1839 quam
1771 1761 1895 1831 [ms.

448 1849 691 1921 quando]
744 1850 972 1902 futuram
1012 1850 1088 1903 sic
1126 1851 1457 1919 cognoscitur
1498 1836 1817 1917 compuncto
1858 1832 2019 1905 corde
2054 1891 2094 1950 Β

447 1938 721 1994 doluisse?
751 1938 1119 2007 Respiciamus
1161 1955 1285 2008 ergo
1321 1939 1611 2011 Scriptura}
1646 1952 1844 1994 sanctae
1876 1941 2019 2010 quali

449 2029 551 2084 sibi
583 2030 805 2085 veritate
848 2024 1213 2094 consentiant;
1246 2040 1301 2084 ut
1340 2041 1463 2084 ante
1504 2031 1677 2100 Amph
1707 2030 1880 2085 adhuc
1922 2029 2021 2084 ilo-

447 2129 653 2177 reutem
681 2121 972 2177 Jerusalem
1004 2122 1379 2189 deploravcrit,
1414 2137 1569 2191 quam
1601 2132 1717 2188 post
1748 2132 1823 2175 tot
1854 2137 2023 2177 annos

447 2212 708 2283 Jeremias
731 2200 939 2283 peracta
963 2196 1267 2281 captivitate
1290 2212 1521 2267 deflevit.
1544 2210 1838 2283 Utrumque
1857 2214 2021 2283 pium,

450 2316 735 2375 utrumque
759 2304 1049 2374 gloriosum
1074 2320 1088 2369 ;
1122 2303 1213 2357 sed
1247 2303 1365 2373 plus
1394 2300 1502 2358 iste
1531 2304 1709 2359 nescio
1738 2320 1842 2373 quo
1871 2317 2025 2373 pacto

448 2384 754 2454 misericors
785 2398 950 2453 fuisse
980 2382 1333 2465 cognoscitur,
1363 2398 1451 2466 qui
1476 2397 1647 2451 adhuc
1674 2398 1726 2452 in
1755 2399 2025 2468 prosperis

451 2476 796 2556 ειυηειῑιυιυὲ,
828 2472 1163 2543 amarissimo
1201 2489 1386 2543 dolore
1415 2490 1651 2563 noscitur
1673 2505 1791 2546 esse
1817 2493 2024 2562 percul-

450 2598 561 2645 sus.
595 2583 927 2660 Quapropter
955 2584 1296 2659 considerare
1337 2596 1435 2641 nos
1464 2586 1735 2657 convenit,
1769 2586 1908 2656 quod
1944 2602 2027 2642 re-

453 2662 684 2745 fulgente
723 2664 975 2755 varietate
1013 2684 1290 2743 contextus
1317 2676 1473 2753 modo
1511 2676 1801 2755 laetantium
1828 2679 2023 2750 jubila-

452 2770 617 2835 tione,
662 2766 820 2821 modo
855 2747 1225 2839 ptenitentium
1265 2750 1485 2838 gemitu,
1507 2748 1667 2824 modo
1691 2747 2026 2845 institutione

452 2862 695 2924 salutari,
724 2850 881 2916 modo
932 2861 1332 2916 lamentantium
1378 2862 1583 2931 dolore,
1617 2864 1776 2920 modo
1807 2865 2022 2937 salutari

449 2938 819 3009 incarnatione
851 2952 1121 3022 prmdicta,
1157 2942 1315 3008 modo
1356 2954 1733 3024 pollicitatione
1771 2958 2023 3026 pra-mio-

449 3058 590 3109 rum,
623 3044 782 3097 modo
812 3052 1013 3098 terrore
1052 3060 1350 3114 pmuarum,
1380 3046 1539 3100 modo
1577 3046 1823 3101 laudibus
1855 3049 2025 3103 domi-

458 3134 590 3188 uicis
620 3143 839 3188 cunctus
874 3134 1112 3189 Psalterii
1164 3145 1338 3190 textus
1387 3146 1605 3191 ornatus
1633 3146 1731 3190 est.
1781 3138 1846 3192 Ut
1886 3138 2025 3193 sicut

452 3210 646 3278 corona
677 3225 1010 3278 suavissimis
1033 3236 1276 3303 conserta
1317 3224 1535 3279 floribus
1565 3226 1832 3295 spiramen
1863 3229 2023 3282 efficit

453 3304 763 3401 gratiosam,
793 3317 862 3371 ita
892 3326 944 3372 et
978 3318 1064 3371 hic
1089 3318 1222 3397 liber
1248 3317 1470 3373 diversis
1499 3320 1752 3374 virtutum
1782 3318 2018 3404 fragrare

454 3411 714 3490 sentiatur
742 3410 1012 3469 odoribus.

615 3550 777 3624 254
803 3550 1155 3606 EXPOSITIU
1188 3552 1247 3607 ΙΝ
1281 3551 1600 3613 PSALMUM
1632 3555 1865 3610 LXXIV.

536 3662 602 3717 In
630 3662 813 3732 ﬁnem,
844 3680 906 3717 ne
931 3680 1258 3734 corrumpas,
1290 3667 1514 3734 psalmus
1544 3668 1728 3720 cantici
1750 3668 1943 3738 Asaplt.

526 3774 698 3831 Verba
735 3776 866 3831 tituli
909 3777 1083 3847 hujus,
1111 3776 1212 3831 nisi
1246 3762 1432 3834 Ordine
1464 3794 1564 3835 suo
1593 3781 2023 3848 considerentur,

452 3856 678 3924 obscura
708 3881 849 3925 sunt.
879 3870 1050 3938 Asaplt
1085 3860 1255 3942 (Sicut
1281 3886 1424 3941 smpe
1453 3872 1721 3942 diximus)
1750 3862 2027 3949 Syriagoga

454 3962 813 4043 significatur,
847 3962 897 4017 id
943 3974 1024 4018 est
1054 3950 1397 4041 congregatio
1443 3950 1872 4039 qutevcredidit,
1922 3980 2025 4028 non

454 4070 572 4124 quae
598 4053 859 4108 obStinata
907 4054 1221 4133 permansit.
1253 4054 1381 4110 Nam
1413 4066 1534 4126 post
1577 4056 2026 4110 resurrectionem

455 4132 666 4202 Domini
706 4142 961 4201 confessa
1005 4132 1227 4217 legimur
1277 4148 1438 4201 multa
1480 4148 1644 4201 millia
1682 4148 1984 4203 Judteorum
2012 4189 2026 4215 ,

454 4236 592 4290 sicut
635 4235 776 4290 inter
813 4236 916 4290 alia
948 4244 1217 4291 testantur
1256 4224 1419 4291 Actus
1460 4222 1844 4305 apostolorum.
1891 4224 2031 4305 Qua-

453 4335 671 4397 propter
699 4320 840 4382 hunc
866 4328 1114 4398 populum
1145 4329 1315 4398 Asopia
1348 4328 1448 4384 iste
1487 4344 1625 4384 nunc
1664 4329 1936 4396 admonet,
1965 4312 2031 4384 ne

453 4418 612 4472 fidem
642 4432 791 4472 suam
822 4406 1114 4486 corrumpat
1140 4420 1192 4472 in
1222 4421 1395 4487 ﬁnem,
1440 4421 1491 4474 id
1522 4429 1623 4485 est,
1657 4420 1708 4473 in
1750 4420 2030 4474 Dominum

452 4512 810 4573 Salvatorem,
838 4510 927 4581 qui
956 4498 1069 4579 ejus
1097 4509 1469 4565 credulitatem
1510 4512 1756 4581 accipere
1788 4510 1979 4565 meruit

450 4613 506 4659 et
534 4590 758 4657 fructum
788 4600 973 4656 salutis
1001 4600 1220 4655 invenit.
1250 4600 1351 4653 Ista
1377 4601 1518 4654 enim
1550 4616 1767 4655 munera
1793 4601 2023 4671 quandiu
2055 4635 2105 4696 υ

452 4711 557 4752 non
596 4696 1001 4766 disperguntur,
1054 4709 1327 4748 manemus
1359 4693 1540 4758 illaesi;
1579 4696 1791 4764 quando
1832 4696 2028 4750 fuerint

452 4788 656 4852 vitiata.
688 4803 717 4842 a
745 4772 1033 4863 conspectu
1065 4783 1223 4863 Regis
1253 4786 1526 4840 reddimur
1546 4786 1730 4841 alieni.
1760 4785 2026 4841 Psalmum

451 4881 636 4935 comici
664 4894 791 4935 vero
821 4879 1058 4955 diximus
1082 4870 1220 4945 esée,
1249 4894 1368 4955 eum
1400 4892 1483 4932 res
1508 4878 1746 4947 actuales
1767 4879 2025 4947 spirituali

454 4954 904 5043 contemplatione
923 4954 1303 5047 discernimus;
1331 4969 1472 5047 quod
1498 4979 1662 5026 totum
1687 4969 1739 5047 in
1770 4969 1868 5025 hoc
1895 4970 2028 5040 psal-

454 5085 565 5138 tuo,
598 5052 825 5136 diligens
854 5066 1043 5134 lector,
1084 5064 1339 5118 invenies.
1470 5054 1477 5059 ’
1572 5060 1575 5063 ⁷
1698 5044 1711 5055 “

1018 5176 1209 5230 Divisio
1237 5176 1438 5245 psalmi.

524 5290 703 5347 Primo
751 5291 990 5361 ingressu
1035 5288 1217 5343 ﬁdeles
1262 5286 1429 5342 Judaei
1468 5288 1704 5343 dicturos
1749 5303 1809 5343 se
1846 5290 2024 5343 omnia

451 5386 569 5449 ejus
599 5380 865 5437 mirabilia
904 5380 1239 5451 profiten'ur.
1274 5380 1522 5434 Secundo
1555 5380 1663 5433 Rex
1713 5382 1823 5450 ipse
1855 5382 2028 5451 loqui-

451 5486 537 5532 tur
566 5473 719 5530 Jesus
747 5472 1014 5534 Christus,
1040 5474 1299 5543 justitiam
1331 5486 1390 5528 se
1407 5472 1770 5543 iudicaturum
1804 5475 2027 5543 promit-

450 5575 588 5627 t.-ns,
618 5580 739 5620 cum
765 5574 974 5636 tempus
1001 5564 1266 5634 generalis
1291 5563 1700 5619 resurrectionis
1726 5563 2023 5620 advenerit.

448 5656 762 5713 Commonet
783 5658 946 5714 etiam
970 5672 1036 5711 ne
1059 5656 1178 5725 quis
1199 5655 1392 5709 audeat
1416 5654 1615 5721 aliquid
1637 5666 1821 5711 contra
1846 5655 2027 5714 divina

450 5753 695 5809 mandata
744 5765 1106 5822 praesumere.
1151 5763 1218 5802 ne
1253 5763 1375 5803 eum
1424 5751 1585 5817 possit
1627 5761 1824 5806 aeterna
1874 5764 2029 5820 poena

448 5852 720 5911 torquere.

1663 401 1730 455 Μ.
1775 399 2050 455 Αυῐιισῖιιι
2096 396 2491 453 ολειειουυιιι
2592 406 2595 411 ’
3611 396 3741 453 536

2670 506 2933 579 Expositio
2962 510 3169 580 psalmi.

2206 600 2358 657 Vere.
2392 601 2442 655 ί.
2475 599 2842 668 Conﬁtebimur
2869 603 2975 667 tibi,
3012 601 3189 667 Deus;
3219 602 3571 670 conﬁtebimur
3596 602 3745 667 tibi,

2128 700 2175 745 et
2205 691 2547 745 invocabimus
2586 708 2767 745 nomen
2795 702 2933 746 tuum
2955 710 2974 747 :
3000 693 3218 748 narrabo
3254 695 3422 748 omnia
3442 696 3748 748 mirabifia

2104 790 2234 833 tua.
2266 782 2321 835 In
2354 780 2455 834 hoc
2495 795 2600 836 uno
2638 796 2795 836 versu
2841 798 2936 851 per
2978 784 3221 838 ordinem
3274 784 3452 853 regula
3501 794 3745 840 sanctzc

2126 878 2425 943 devotionis
2453 879 2762 947 exponitur;
2792 895 2915 934 nam
2947 882 3172 950 populus
3201 881 3292 936 ille
3320 882 3567 937 Judaicus
3608 881 3731 950 qui

2125 970 2467 1025 eratChristo
2495 970 2723 1024 Domino
2746 971 3067 1037 crediturus,
3092 987 3252 1041 quem
3276 973 3453 1026 titulus
3484 982 3700 1028 mouet
3716 988 3740 1030 ε

2106 1060 2212 1115 Νι
2237 1077 2535 1130 corrumpas
2561 1062 2614 1114 in
2642 1061 2815 1129 ﬁnem,
2848 1062 3081 1133 erumpit
3108 1064 3387 1125 invocem,
3410 1074 3462 1118 et
3491 1064 3543 1118 in
3571 1079 3745 1119 con-

2128 1150 2416 1204 fessionem
2451 1165 2604 1207 suam
2634 1150 2978 1206 devotissime
3014 1153 3315 1221 pollicetur.
3351 1153 3602 1223 Conﬁteri
3637 1164 3745 1209 est

2126 1240 2286 1309 (sicut
2304 1255 2446 1308 sape
2470 1240 2719 1309 diximus)
2749 1242 3032 1305 multorum
3057 1242 3481 1312 confatione(sic)
3501 1244 3743 1314 aliquid

2128 1330 2384 1400 profiteri.
2417 1330 2550 1384 Nam
2581 1331 2682 1384 etsi
2712 1346 2850 1385 unus
2879 1332 3161 1386 c0nfessus
3188 1332 3415 1396 dicatur,
3446 1335 3569 1388 aliis
3590 1334 3737 1404 jam

2126 1424 2177 1476 in
2210 1422 2313 1476 fide
2341 1422 2782 1490 praecedentibus,
2813 1423 2897 1477 vel
2931 1423 3381 1493 subsequentibus
3418 1425 3739 1495 cognosci-

2127 1524 2210 1567 tur
2237 1527 2359 1579 esse
2381 1514 2637 1567 sociatus.
2666 1514 2917 1583 Sequitur
2954 1515 3180 1581 iterum,
3205 1516 3559 1585 conﬁtebimur
3586 1519 3734 1574 tibi.

2124 1604 2462 1659 Soliditatem
2494 1604 2871 1675 promissionis
2892 1605 3147 1675 repetitio
3172 1606 3282 1673 ipsa
3314 1616 3559 1676 testatur,
3583 1624 3735 1676 qua

2126 1712 2391 1767 nunquam
2417 1698 2724 1753 transitorie
2745 1699 2983 1767 ponitur,
3008 1699 3111 1755 nisi
3144 1700 3233 1754 ubi
3259 1703 3452 1757 mentis
3473 1701 3737 1759 ﬁrmitas

2126 1788 2418 1852 iudicatur;
2449 1789 2587 1843 sicut
2615 1800 2698 1844 est
2727 1789 2889 1844 illud:
2923 1790 3169 1845 Paratum
3194 1808 3281 1845 cor
3308 1808 3490 1862 meum,
3526 1793 3689 1848 Deus
3710 1812 3733 1859 ;

2123 1892 2359 1952 paratum
2384 1898 2471 1936 cor
2494 1898 2657 1935 meum
2691 1881 2858 1948 (Psal.
2889 1897 2999 1948 LVI,
3032 1883 3121 1953 8),
3157 1894 3210 1940 et
3239 1885 3319 1938 his
3343 1886 3566 1939 similia.
3594 1885 3737 1939 Tibi

2128 1977 2323 2031 dictum
2354 1988 2464 2042 est,
2510 1988 2570 2032 ut
2598 1979 2820 2032 aliorum
2869 1980 3073 2033 cultura
3116 1990 3432 2050 negaretur;
3464 1982 3591 2053 quia
3627 1983 3735 2037 illa

2128 2078 2211 2124 est
2234 2084 2360 2124 vera
2390 2069 2603 2124 devotio
2633 2086 2751 2137 qua:
2779 2071 2951 2125 solum
2974 2072 3275 2141 iustissime
3301 2086 3589 2129 veneratur
3618 2092 3737 2127 au-

2131 2171 2356 2216 ctorem.
2395 2162 2456 2215 Et
2485 2161 2614 2216 illud
2651 2162 3020 2231 insp'ciamus,
3051 2165 3304 2235 quoniam
3351 2176 3577 2221 mortem
3606 2168 3738 2236 ple-

2129 2268 2351 2323 rumque
2399 2262 2637 2323 generat,
2670 2255 2753 2309 vel
2803 2256 2969 2310 semel
3017 2266 3232 2311 terreno
3270 2257 3430 2326 judici
3474 2259 3732 2313 crimina

2127 2343 2371 2398 confiteri
2397 2362 2410 2397 :
2445 2344 2556 2399 Deo
2580 2354 2755 2399 autem
2786 2344 3120 2415 frequentata
3149 2347 3411 2423 confessio
3446 2363 3556 2415 non
3592 2364 3734 2419 par-

2131 2436 2256 2490 turit
2297 2435 2592 2505 periculum
2618 2475 2631 2499 ,
2683 2436 2775 2491 sed
2807 2440 3055 2491 salutem.
3104 2438 3496 2494 Pulelterritnus
3544 2432 3737 2496 currit

2128 2528 2259 2583 ordo
2284 2528 2587 2582 verborum.
2619 2528 2771 2584 Prius
2791 2543 2850 2583 se
2877 2529 2998 2584 dicit
3022 2531 3277 2599 conﬁteri,
3300 2531 3352 2587 id
3381 2541 3462 2586 est
3489 2542 3732 2599 peccata

2127 2621 2351 2686 deflere;
2383 2629 2567 2691 postea
2609 2622 2845 2674 invocare
2870 2637 3052 2675 nomen
3087 2622 3313 2678 Domini.
3342 2622 3429 2677 Sic
3454 2624 3604 2678 enim
3635 2623 3701 2678 di
3720 2653 3736 2663 -

2127 2728 2287 2783 gnum
2315 2720 2420 2780 est,
2451 2722 2509 2766 ut
2548 2712 2714 2782 ipsius
2741 2728 2961 2768 munere
2991 2714 3138 2782 prius
3167 2712 3328 2768 corda
3368 2724 3550 2768 nostra
3584 2729 3731 2768 con-

2130 2806 2360 2860 fessione
2389 2818 2694 2873 purgemus,
2721 2813 2776 2858 et
2813 2803 2890 2859 sic
2927 2804 2993 2858 ad
3022 2804 3275 2859 auxilium
3309 2805 3727 2875 suscipiendum

2128 2912 2310 2952 nomen
2344 2896 2551 2951 Domini
2580 2897 2815 2950 invocare
2842 2896 3150 2952 debeamus.
3186 2897 3317 2951 Nam
3358 2897 3423 2951 ad
3460 2913 3601 2967 quos
3624 2914 3730 2953 ve-

2129 2996 2245 3049 nire
2271 2993 2485 3063 poterit,
2517 2992 2620 3047 nisi
2645 3006 2778 3062 quos
2802 2993 2910 3061 jam
2942 2996 3186 3063 proprios
3213 3010 3334 3051 esse
3373 3007 3672 3067 cognoscet
3698 2998 3725 3049 2

2126 3084 2276 3153 Quod
2304 3084 2348 3139 si
2374 3099 2495 3139 eum
2526 3084 2719 3137 invocet
2751 3084 3047 3147 indevotus,
3077 3086 3335 3155 judicium
3363 3089 3463 3143 sibi
3492 3089 3724 3144 videtur

2128 3176 2422 3245 postulare,
2458 3190 2561 3230 non
2593 3175 2825 3229 veniam.
2860 3176 3235 3232 Prtemittenda
3260 3190 3382 3233 sunt
3405 3196 3533 3251 ergo
3563 3177 3725 3250 talis,

2049 3262 2094 3324 C
2129 3277 2183 3321 ut
2203 3266 2535 3321 confidenter
2550 3266 2781 3345 divinam
2804 3267 3069 3336 possimus
3090 3270 3323 3323 invocare
3344 3271 3722 3327 clementiam.

2135 3358 2362 3427 Adjecit,
2397 3356 2636 3411 Narrabo
2666 3362 2836 3411 onmia
2874 3358 3133 3414 mirabilia
3169 3369 3278 3416 tua.
3311 3361 3438 3416 Cum
3466 3363 3731 3431 superius

2135 3447 2319 3517 plurali
2350 3461 2569 3507 numero
2593 3446 2806 3514 dixerit,
2828 3446 3209 3519 Conﬁtebimur,
3240 3450 3326 3506 bic
3347 3452 3608 3522 singulari
3635 3453 3729 3509 di-

2130 3541 2223 3602 cit,
2251 3540 2501 3593 narrabo:
2539 3539 2659 3609 quia
2700 3540 2897 3609 populo
2925 3540 3014 3594 Dei
3042 3552 3325 3613 utrumque
3353 3538 3628 3611 convenit,
3661 3552 3727 3602 et

2129 3632 2467 3701 singul..riter
2494 3629 2697 3696 dicere,
2721 3639 2775 3684 et
2797 3630 2863 3684 de
2893 3630 3196 3699 pluralitate
3222 3634 3444 3690 sentire.
3475 3635 3581 3691 Sed
3614 3637 3721 3692 ista

2130 3722 2365 3777 narratio
2404 3736 2506 3775 vox
2547 3710 2843 3776 introducta
2870 3732 2952 3776 est
2983 3722 3215 3779 fidelium
3235 3767 3250 3791 ,
3301 3728 3424 3795 quia
3451 3741 3559 3781 non
3595 3743 3720 3783 me-

2132 3830 2315 3876 rentur
2345 3821 2609 3892 tnagnalia
2635 3819 2813 3875 divina
2852 3819 3150 3887 revolvere,
3178 3821 3281 3875 nisi
3310 3823 3398 3893 qui
3429 3838 3491 3879 se
3514 3837 3721 3893 cogno-

2132 3923 2287 3969 scunt
2316 3929 2446 3985 pura
2484 3914 2769 3968 devotione
2800 3912 2909 3968 Deo
2952 3916 3175 3969 servire.
3207 3913 3295 3969 Sic
3327 3914 3469 3968 enim
3512 3915 3566 3969 in
3607 3917 3720 3971 alio

2134 4006 2341 4077 psalmo
2370 4006 2597 4075 legitur:
2643 4002 2913 4059 Peccatori
2952 4016 3120 4057 autem
3160 4004 3292 4057 dixit
3332 4003 3512 4058 Deus:
3544 4004 3718 4069 Quare

2134 4106 2187 4151 tu
2205 4112 2413 4152 enarras
2425 4097 2659 4168 justitias
2679 4112 2813 4149 meas
2831 4094 3001 4166 (Prol.
3017 4109 3167 4164 χιιι,
3189 4078 3438 4166 16)?etc.
3465 4088 3577 4152 Sed
3596 4099 3718 4166 quis

2137 4189 2303 4259 possit
2330 4189 2502 4242 omnia
2528 4180 2784 4240 mirabilia
2825 4178 3051 4255 superna
3091 4201 3320 4249 narrare,
3364 4186 3466 4241 nisi
3508 4187 3599 4242 ille
3626 4188 3716 4257 qui

2135 4286 2374 4333 sanctam
2404 4276 2718 4331 Trinitatem
2753 4276 2990 4331 breviter
3038 4290 3214 4331 rerum
3262 4277 3501 4329 omnium
3553 4274 3717 4345 proli-

2136 4378 2273 4425 tetur
2300 4377 2595 4433 auctorem,
2624 4360 2692 4423 et
2734 4366 3020 4421 individure
3058 4366 3317 4421 voluntati
3338 4365 3453 4434 ejus
3484 4368 3717 4435 applicat

2139 4462 2394 4533 quidquid
2423 4464 2475 4518 in
2503 4463 2641 4519 caelo
2663 4472 2716 4517 et
2738 4462 2788 4515 in
2815 4473 2956 4517 terra
2980 4461 3229 4518 ineffabili
3252 4461 3715 4518 administratione

2143 4555 2445 4623 peragitur?

2203 4645 2354 4701 Vers.
2384 4647 2436 4700 2.
2466 4645 2592 4700 Cum
2620 4661 2861 4717 accepero
2890 4654 3109 4714 tempus,
3141 4662 3234 4719 ego
3251 4647 3484 4719 justitias
3504 4647 3723 4717 judicas

2134 4740 2213 4793 bo.
2252 4738 2467 4793 Mutatio
2497 4754 2739 4808 persona:
2768 4738 2892 4793 fecit
2918 4740 3070 4794 nobis
3102 4740 3323 4794 alteram
3353 4751 3580 4809 partem.
3607 4739 3713 4793 Sed

2134 4832 2255 4886 hinc
2277 4832 2431 4887 datur
2453 4831 2676 4903 intelligi
2696 4831 3145 4901 quemadmodum
3168 4833 3340 4903 Asaph
3367 4833 3539 4901 primo
3556 4845 3715 4885 versu

2131 4928 2383 4997 perfectae
2431 4926 2701 4995 religionis
2751 4925 2987 4993 regulam
3036 4924 3474 4993 comprehendit,
3517 4933 3570 4976 ut
3606 4932 3715 4977 tam

2130 5018 2239 5072 cito
2267 5028 2565 5071 mereretur
2590 5015 2781 5071 audiri.
2829 5015 3086 5097 Loquitur
3125 5016 3266 5069 enim
3303 5014 3413 5083 jam
3458 5013 3715 5067 Dominus

2136 5107 2412 5164 Christus:
2446 5106 2571 5162 Cum
2610 5123 2850 5177 accepero
2891 5116 3115 5178 tempus,
3159 5106 3326 5171 dicit,
3359 5119 3453 5173 per
3481 5104 3533 5159 id
3574 5103 3714 5173 quod

2138 5200 2306 5255 factus
2332 5188 2435 5254 est
2479 5199 2673 5263 homo,
2719 5199 2858 5253 sicut
2901 5199 2976 5252 ait
3012 5198 3064 5253 in
3107 5180 3435 5267 Evange‘lio:
3477 5194 3634 5250 Dedit
3671 5210 3716 5248 et

2134 5301 2428 5362 potestatem
2447 5293 2703 5361 judicium
2734 5294 2923 5362 facere,
2956 5291 3199 5362 quoniam
3227 5274 3365 5359 ﬁlius
3392 5289 3614 5343 hominis
3647 5298 3716 5340 est

2134 5384 2313 5456 (Joan.
2344 5398 2397 5449 v,
2440 5384 2555 5451 27).
2603 5385 2642 5436 Α
2676 5392 2864 5437 natura
2910 5380 3036 5438 vero
3066 5374 3283 5438 deitatis
3322 5380 3443 5435 audi
3477 5379 3602 5450 quid
3631 5379 3715 5432 di—

2132 5462 2252 5531 eat:
2290 5476 2475 5528 Omnia
2505 5492 2615 5544 qum
2640 5476 2784 5530 habet
2819 5475 2972 5528 Pater
2997 5491 3108 5529 mea
3145 5484 3294 5542 sunt,
3323 5484 3369 5527 et
3400 5488 3512 5527 mea
3543 5471 3720 5524 Patris

2133 5577 2250 5621 sunt
2278 5565 2454 5640 (Joan.
2490 5582 2605 5631 xvt,
2650 5552 2765 5636 15).
2800 5566 2904 5621 Sed
2938 5576 2987 5621 et
3022 5566 3108 5620 illa
3141 5556 3329 5620 natura
3357 5580 3476 5635 quae
3498 5562 3718 5631 accipit,

2134 5670 2187 5715 et
2216 5661 2306 5715 illa
2336 5673 2455 5730 quas
2484 5659 2612 5725 dat,
2654 5672 2792 5714 unus
2841 5665 2924 5713 est
2954 5657 3211 5713 Dominus
3257 5655 3543 5719 Christus;
3584 5653 3718 5707 sicut

2133 5749 2262 5805 dicit
2288 5749 2609 5819 Apostolus:
2640 5746 2707 5801 Et
2735 5763 2864 5801 unus
2895 5747 3147 5801 Dominus
3168 5745 3322 5801 Iesus
3346 5743 3601 5807 Christus,
3631 5756 3714 5810 per

2139 5859 2284 5913 quem
2317 5844 2505 5908 omnia,
2534 5852 2581 5896 et
2612 5858 2701 5896 nos
2729 5858 2816 5912 per
2838 5844 3004 5911 ipsum
3044 5838 3096 5913 (1
3128 5838 3246 5895 Cor.
3278 5854 3387 5903 vttt,
3411 5836 3488 5908 6).
3530 5832 3709 5902 Sequi'

4005 1692 4007 1829 Ν
