4020 6348
274 350 421 405 557

1227 340 1589 397 EXPOSITIO
1627 340 1690 395 iN
1731 340 2189 399 PSALTERIUM.
2233 343 2422 401 l’SAL.
2465 346 2697 403 LXXIV.

3481 352 3589 409 558

303 477 427 531 tur,
456 478 552 537 ego
573 461 808 535 justitias
828 458 1108 535 iudicabo;
1140 468 1198 514 ut
1225 468 1540 529 campum-ta
1568 458 1728 514 corda
1759 472 1900 512 mor-
1931 457 1980 523 Α
2008 460 2284 515 stellarum
2310 462 2376 517 ad
2409 464 2623 532 aliquod
2650 463 2905 535 ﬂagitium
2930 479 2992 523 se
3018 468 3326 537 pervenisse
3344 508 3359 532 ,
3395 473 3456 521 ut
3484 467 3589 524 hoc

306 559 509 614 talium
538 565 662 610 ante
698 564 909 624 tempus
939 554 1125 623 judicii
1163 553 1215 607 in
1248 553 1347 607 hoc
1376 567 1435 607 se
1470 551 1669 606 mundo
1700 550 1907 629 studio-

303 649 435 705 sius
461 656 810 718 precarentur
835 644 1035 699 absolvi
1059 685 1073 707 ,
1109 658 1176 697 ne
1206 642 1478 721 venientes
1519 643 1572 697 in
1606 641 1782 695 futura
1817 641 1908 695 illa

307 740 708 809 disceptatione
754 737 1085 806 inopinatam
1134 729 1340 793 iudicis
1381 737 1699 792 sententiam
1744 736 1908 791 susti-

311 847 540 895 net-ent.

401 929 554 984 Vers.
584 931 638 985 5.
672 927 967 998 Liquefacta
995 937 1067 981 est
1093 935 1248 992 terra,
1275 937 1323 981 et
1351 943 1524 982 omnes
1544 928 1829 982 habitantes
1857 930 1910 983 in

313 1039 424 1086 ea;
453 1039 545 1092 ego
569 1021 864 1089 conﬁrmavi
893 1021 1156 1074 columnas
1185 1023 1318 1091 ejus.
1344 1021 1479 1075 Dicit
1504 1022 1761 1077 Dominus
1788 1029 1913 1076 ante

320 1114 619 1169 adventum
650 1128 805 1168 suum
837 1123 1024 1167 terram
1053 1128 1173 1167 esse
1196 1128 1364 1183 genus
1408 1113 1699 1168 humanum
1723 1156 1737 1181 ,
1770 1115 1911 1186 quod

316 1207 400 1262 ab
425 1206 516 1262 illa
545 1207 815 1260 soliditate
861 1206 1099 1259 veritatis
1136 1204 1188 1258 in
1225 1216 1568 1275 peccatorum
1618 1207 1736 1262 labe
1765 1221 1914 1262 resn-

294 1300 499 1354 ~lutum
537 1309 659 1363 est;
709 1299 907 1367 quippe
934 1297 1074 1367 quod
1110 1297 1371 1352 derelicto
1415 1307 1632 1353 auctore
1670 1298 1913 1353 nefandis

320 1390 488 1444 idolis
516 1389 803 1447 serviebat.
844 1389 946 1443 Sed
989 1389 1439 1459 quemadmodum
1472 1389 1690 1442 salutari
1733 1390 1911 1444 incar-

320 1482 548 1534 natione
576 1480 884 1534 subvenerit
912 1488 1061 1532 teme
1091 1479 1398 1549 liquefactis,
1431 1479 1797 1549 subsequitur,
1821 1496 1913 1550 ego

324 1571 632 1639 conﬁrmari
664 1570 924 1623 columnas
953 1573 1088 1640 ejus.
1117 1569 1394 1623 Columnas
1435 1568 1704 1637 apostolos
1748 1570 1913 1626 debe-

324 1678 460 1717 mus
518 1661 788 1732 aceipere,
838 1661 929 1731 qui
973 1662 1263 1729 conﬁrmati
1306 1671 1427 1716 sunt
1476 1662 1907 1728 resurrectione,

319 1767 452 1807 cum
496 1752 549 1807 in
595 1750 800 1806 Dumini
840 1753 1089 1821 passione
1143 1762 1487 1808 nutaverant.
1528 1752 1660 1807 Nam
1699 1763 1754 1809 et
1800 1755 1913 1823 ipse

2013 552 2182 619 magis
2232 552 2454 620 imputet
2498 555 2818 623 Conditori,
2866 560 3008 628 quod
3059 560 3273 630 propria
3317 560 3591 614 voluntate

2012 642 2274 707 peccavit.
2307 642 2413 698 Sed
2442 654 2640 712 quanto
2679 648 2925 703 veracius
2957 658 3264 719 quantoque
3292 650 3500 715 utilius,
3532 657 3591 704 ut

2015 749 2169 788 suum
2205 735 2528 790 conﬁteatur
2570 737 2777 804 scelus,
2819 741 3064 809 quicum
3108 740 3368 795 nefarium
3402 754 3592 809 perpe-

2012 838 2177 886 traret
2197 832 2419 893 facinus,
2448 841 2507 886 ut
2531 833 2846 889 liberaretur
2872 851 2901 890 a
2928 834 3168 904 crimine,
3201 838 3453 893 invocare
3481 852 3578 893 ne-

2011 921 2183 990 glexit
2206 923 2441 977 omnium
2475 923 2908 995 Redemptorem.

2088 1014 2236 1070 Vers.
2264 1016 2315 1072 6.
2348 1017 2480 1081 Quia
2501 1034 2660 1086 neque
2684 1019 2744 1071 ab
2769 1010 2994 1087 Oriente,
3020 1036 3179 1090 neque
3205 1022 3268 1075 ab
3295 1022 3590 1088 Occidente,

2016 1122 2177 1176 neque
2201 1124 2233 1161 a
2262 1108 2474 1164 desertis
2500 1110 2775 1165 montibus.
2808 1111 3007 1167 Versus
3033 1112 3134 1167 iste
3161 1113 3360 1182 aliquid
3385 1115 3589 1183 expetit

2016 1197 2460 1266 subaudiendum,
2502 1208 2561 1254 ut
2596 1200 2713 1270 ejus
2742 1200 2898 1255 nobis
2935 1200 3105 1257 lucida
3137 1204 3304 1271 possit
3324 1198 3593 1272 apparere

2014 1288 2302 1343 sententia.
2336 1289 2476 1345 Dicit
2499 1290 2674 1344 enim:
2710 1291 2842 1355 Quia
2873 1307 3030 1361 neque
3057 1292 3121 1344 ab
3154 1292 3394 1357 Oriente,
3432 1308 3591 1362 neque

2014 1380 2078 1433 ab
2112 1379 2401 1446 Occidente,
2436 1397 2593 1451 neque
2618 1398 2650 1435 a
2687 1384 2899 1437 desertis
2934 1384 3204 1449 montibus,
3239 1384 3542 1439 addendum
3569 1425 3586 1452 ,

1996 1474 2166 1529 deest
2192 1476 2467 1541 Dominus,
2497 1485 2554 1531 ut
2581 1486 2634 1532 te
2663 1478 2830 1546 possit
2858 1492 3172 1548 agnoscere,
3204 1494 3323 1533 cum
3350 1494 3470 1534 eum
3502 1488 3585 1533 to-

2019 1574 2127 1619 tum
2157 1566 2351 1635 ubique
2392 1577 2605 1622 constet
2635 1582 2756 1623 esse
2788 1579 3104 1638 praesentem
3132 1613 3145 1636 ,
3179 1558 3318 1625 sicut
3362 1571 3488 1626 alibi
3518 1572 3594 1627 fe-

2015 1658 2156 1725 gitur
2181 1673 2197 1711 :
2239 1656 2462 1726 Spiritus
2491 1660 2699 1714 Domini
2727 1662 2933 1733 replevit
2958 1663 3130 1717 orbem
3162 1672 3409 1717 terrarum
3436 1663 3590 1736 (Sap.

2018 1764 2057 1813 ι,
2091 1750 2168 1818 7).
2197 1750 2327 1817 Quae
2354 1751 2519 1822 ﬁgura
2545 1754 2598 1807 in
2638 1756 2987 1811 saecularibus
3020 1757 3214 1811 litteris
3242 1758 3438 1812 dicitur
3466 1755 3595 1813 ccli—

320 1860 422 1900 ens
448 1846 799 1912 conﬁrmavit,
833 1846 1045 1916 quando
1074 1845 1232 1900 Petro
1258 1847 1500 1915 apostolo
1530 1847 1662 1901 dixit
1689 1864 1701 1900 :
1735 1846 1907 1913 Ρεινε,
1945 1835 1989 1893 Β
2020 1840 2148 1909 psis,
2179 1840 2229 1894 id
2260 1851 2343 1895 est
2369 1842 2639 1909 delectus,
2673 1846 2883 1913 quoties
2911 1848 3067 1915 pleno
3107 1846 3400 1904 intellectui
3432 1848 3594 1904 verba

318 1940 523 2015 quoties
549 1939 886 2005 expetivitvos
915 1937 1137 1992 Satanas
1166 1948 1219 1991 ut
1241 1938 1481 1993 cribraret
1501 1940 1630 1993 sicut
1655 1941 1920 1995 triticum!
2018 1932 2189 2002 aliqua
2218 1931 2619 1989 SUbll‘ahunlur.
2658 1934 2765 1990 Sed
2815 1937 2915 1991 hoc
2954 1937 3152 1992 laetum
3196 1945 3280 1993 est
3315 1953 3419 1993 non
3451 1938 3592 1993 indi-

321 2035 375 2101 ξι
404 2044 495 2099 ego
522 2028 699 2097 rogavi
730 2043 823 2095 pro
853 2037 932 2091 te,
972 2043 1033 2079 ne
1063 2027 1294 2095 deficeret
1326 2028 1454 2097 ﬁdes
1485 2041 1613 2094 tua;
1647 2038 1693 2082 et
1722 2038 1777 2083 tu
1814 2029 1915 2083 ali-

321 2116 532 2201 quando
561 2132 829 2171 conversus
860 2119 1108 2182 conﬁrma
1135 2118 1316 2186 fratres
1340 2129 1453 2171 tuos
1480 2119 1635 2191 (Luc.
1661 2136 1791 2184 χιιι,
1822 2121 1913 2188 5i,

323 2206 445 2276 3‘2).
472 2208 533 2261 Et
554 2209 763 2275 reSpice
783 2209 1067 2267 verborum
1094 2208 1423 2278 aptissimam
1446 2211 1912 2266 contrarietatem.

327 2282 644 2369 Liquefacta:
692 2298 834 2353 enim
866 2308 1014 2352 terrce
1036 2339 1051 2363 ,
1072 2358 1079 2365 ,
1101 2300 1414 2367 conﬁrmata:
1442 2302 1692 2356 columna:
1722 2305 1912 2357 merito

322 2392 612 2467 subvenire
641 2400 946 2460 potuerunt.
993 2392 1260 2449 Columnis
1289 2393 1433 2451 enim
1467 2394 1658 2447 merito
1684 2395 1911 2464 apostoli

322 2493 745 2553 comparantur,
787 2484 906 2553 quia
938 2492 1151 2553 terrena
1191 2485 1319 2553 vitia
1353 2484 1406 2543 in
1445 2485 1551 2545 imo
1580 2486 1906 2555 deprimunt,

325 2585 387 2653 et
424 2592 669 2645 superna:
707 2579 930 2633 virtutes
966 2580 1033 2632 ad
1073 2580 1301 2650 gratiam
1351 2582 1499 2653 regni
1539 2582 1773 2639 caelestis
1809 2598 1908 2639 cx-

327 2667 545 2741 tollunt.

403 2759 558 2816 Vers.
589 2761 641 2815 4.
676 2760 795 2815 Dixi
826 2762 1051 2832 iniquis:
1077 2761 1252 2817 Nolite
1278 2764 1450 2832 inique
1475 2780 1645 2835 agere;
1670 2774 1719 2819 et
1741 2765 1909 2829 delin-

320 2856 593 2924 quentibus
616 2871 636 2909 :
663 2854 835 2908 Nolite
863 2861 1090 2910 exaltare
1117 2873 1295 2913 cornu.
1327 2858 1437 2912 iloc
1467 2867 1549 2913 est
1578 2859 1717 2927 quod
1747 2873 1906 2930 supe-

322 2945 437 3000 rius
464 2946 593 3000 dixit
619 2964 632 2999 :
669 2945 778 3016 Ego
815 2948 1110 3017 conﬁrmavi
1131 2948 1392 3001 columnas
1423 2949 1556 3019 ejus.
1590 2948 1731 3004 Dixit
1759 2952 1903 3009 enim

323 3054 423 3118 per
453 3040 737 3107 prephetas
759 3050 919 3109 atque
940 3041 1212 3109 apostolos
1240 3042 1438 3094 monita
1466 3042 1595 3097 Novi
1619 3051 1674 3097 et
1697 3042 1903 3100 Veteris

322 3132 650 3197 Testamenti
676 3176 693 3202 ,
736 3150 803 3199 ne
832 3135 1080 3190 scelerati
1123 3136 1261 3189 male
1304 3145 1543 3205 agerent,
1574 3137 1666 3193 sed
1698 3138 1764 3192 ad
1797 3141 1900 3194 Do,

2016 2023 2197 2092 gentia
2241 2026 2541 2093 sermonis,
2570 2024 2663 2081 sed
2705 2036 2763 2080 ut
2801 2027 3092 2083 studiosius
3136 2038 3405 2099 quaaratur
3449 2029 3593 2096 quod

2016 2113 2176 2168 luerit
2220 2115 2518 2170 necessaria
2549 2117 2917 2173 taciturnitate
2957 2133 3323 2188 suppressum.
3351 2118 3595 2187 Quapro-

2015 2217 2135 2276 pter
2178 2207 2424 2263 desinant
2468 2209 2761 2280 blasphemi
2808 2211 3069 2282 sacrilega
3101 2212 3268 2266 verba
3311 2212 3589 2281 cogitare,

2013 2300 2224 2367 quando
2250 2314 2309 2355 se
2335 2300 2501 2356 Judex
2529 2303 2808 2371 proﬁtetur
2828 2317 2953 2358 esse
2975 2315 3315 2371 praesentem,
3344 2305 3428 2359 cui
3461 2303 3588 2358 sub-

2007 2390 2150 2459 jacet
2193 2394 2370 2448 omnia
2400 2392 2500 2448 sub
2531 2395 2755 2450 veritate
2803 2410 3154 2464 cognoscere.
3188 2396 3253 2450 Et
3301 2411 3369 2450 nc
3397 2396 3592 2465 aliquis

2012 2484 2236 2539 niiretur
2279 2487 2334 2539 in
2369 2486 2742 2555 complexione
2792 2487 2974 2541 mundi
3002 2487 3134 2541 duas
3162 2496 3366 2542 tantum
3411 2498 3591 2557 partes

2012 2575 2216 2643 positas
2243 2576 2425 2641 fuisse,
2455 2578 2556 2631 hoc
2597 2578 2787 2631 melius
2814 2577 3185 2644 Spiritualiter,
3209 2577 3255 2631 si
3277 2592 3589 2646 possumus,

2009 2682 2362 2736 exponamus.
2389 2667 2669 2734 Orientem,
2703 2682 2964 2737 ponamus
2997 2669 3242 2723 homines
3266 2667 3377 2737 jam
3411 2668 3590 2721 divina

2009 2759 2252 2813 claritate
2283 2759 2641 2825 conSpicuos;
2678 2757 3023 2842 Occidentem,
3055 2766 3367 2827 peccatores
3394 2756 3590 2826 quibus

2007 2849 2182 2905 adhuc
2209 2850 2384 2905 lumen
2413 2851 2651 2903 veritatis
2688 2848 3061 2914 absconditur;
3095 2848 3318 2902 desertos
3350 2855 3544 2900 montes
3570 2886 3588 2913 ,

2008 2946 2170 2999 falsos
2199 2943 2576 3013 przedieatores
2601 2942 2824 2998 forsitan
2854 2941 3114 2996 debemus
3143 2940 3426 2994 advertere
3450 2956 3464 3004 ;
3496 2938 3589 3009 qui

2008 3038 2130 3091 licet
2157 3035 2424 3099 montium,
2460 3035 2509 3087 id
2539 3042 2622 3089 est
2652 3032 3057 3102 prmdicantium
3098 3031 3199 3086 sibi
3228 3036 3484 3099 usurpent
3509 3029 3588 3083 lo-

2006 3145 2151 3193 cum,
2183 3139 2357 3183 tamen
2385 3127 2607 3183 veritate
2646 3126 2845 3181 deserti
2877 3136 3036 3193 sunt,
3079 3125 3218 3179 sicut
3247 3132 3370 3181 sunt
3399 3136 3587 3178 omnes

322 3227 526 3289 minntn
575 3228 682 3281 cito
725 3243 786 3283 se
839 3226 1027 3287 humili
1078 3227 1442 3282 satisfactione
1496 3239 1898 3287 converterent.

2008 3222 2241 3277 lneretici
2288 3223 2370 3275 vcl
2413 3220 2625 3291 pagani.
2672 3221 2812 3292 Ergo
2843 3234 2964 3275 cum
3014 3219 3264 3273 omnibus
3294 3217 3585 3295 generibus

322 3316 450 3389 Pius
481 3334 666 3373 revera
696 3318 933 3373 medicus
954 3319 1346 3373 observantiam
1376 3318 1702 3375 salubritatis
1731 3321 1898 3389 dedit,

322 3425 393 3465 ne
425 3424 588 3480 usque
616 3411 681 3465 ad
723 3412 939 3466 morbos
973 3411 1162 3466 noxios
1204 3414 1434 3468 humana
1474 3415 1753 3470 inﬁrmitas
1783 3432 1902 3486 per-

322 3502 549 3567 veniret.
582 3502 743 3573 255
773 3502 1044 3571 Sequitur,
1074 3511 1121 3556 et
1149 3503 1557 3570 delinquentibus
1586 3506 1742 3560 nolite
1760 3508 1902 3561 exal-

322 3603 432 3646 tare
457 3610 634 3647 cornu.
666 3594 1098 3650 Subaudiendum
1140 3604 1223 3650 est
1253 3609 1304 3650 et
1334 3596 1422 3651 hic
1452 3612 1663 3666 quoque
1685 3640 1700 3663 ,
1732 3599 1857 3654 Dixi
1880 3640 1897 3666 ,

320 3688 417 3744 sed
450 3691 593 3758 prius
620 3690 805 3758 iniquis
833 3692 941 3755 ait,
974 3698 1030 3743 ut
1055 3691 1231 3744 omnia
1270 3699 1484 3759 peccata
1525 3692 1893 3748 concluderet.

319 3778 471 3834 Nunc
510 3782 653 3834 venit
680 3780 745 3835 ad
778 3783 1069 3835 maximum
1114 3782 1302 3836 vitium
1352 3782 1709 3837 excusationis
1735 3824 1751 3850 ,
1793 3800 1898 3854 quo

318 3873 476 3935 valde
512 3873 714 3928 laborat
746 3876 1084 3939 humanitas;
1117 3883 1173 3928 ut
1217 3876 1336 3930 c'um
1385 3891 1442 3931 se
1472 3878 1592 3945 quis
1625 3892 1728 3931 non
1764 3880 1897 3947 pati-

321 3972 410 4018 tur
436 3964 613 4020 dicere
638 3967 953 4034 culpabilem
983 4009 997 4031 ,
1039 3967 1104 4020 ad
1145 3968 1478 4021 excusandas
1526 3970 1899 4025 excusationes

321 4052 379 4109 in
410 4056 656 4121 peccatis,
688 4057 996 4127 peregrinas
1019 4070 1365 4126 quascunque
1389 4058 1489 4112 sibi
1517 4073 1708 4112 causas
1740 4074 1898 4114 exco-

321 4150 455 4230 gitet
481 4146 531 4199 in
574 4163 668 4201 suo
699 4148 912 4215 delicto,
957 4148 1115 4202 modo
1140 4147 1409 4203 diabolum
1451 4164 1701 4219 arguens,
1738 4152 1901 4207 modo

318 4236 557 4299 Suasoris
594 4238 753 4292 verba
799 4238 1117 4301 di'acerans,
1161 4238 1254 4308 qui
1294 4253 1458 4293 cornu
1488 4254 1643 4294 suum
1686 4241 1898 4297 videtur

319 4332 544 4399 erigere,
565 4333 683 4400 quia
704 4343 975 4401 peccatum
998 4348 1150 4387 suum
1177 4334 1451 4403 proprium
1478 4351 1571 4404 per
1603 4336 1736 4390 alios
1766 4336 1896 4408 [ed.,

317 4423 477 4497 alias]
509 4425 694 4481 nititur
716 4441 992 4481 excusare.
1029 4427 1364 4495 Quapropter
1416 4429 1550 4481 tales
1584 4429 1649 4483 ad
1683 4429 1894 4484 veniam

317 4514 492 4569 redire
523 4530 627 4571 non
667 4526 909 4587 possunt,
950 4516 1072 4586 quia
1099 4518 1449 4573 cettl’essionis
1494 4520 1729 4574 remedia
1760 4536 1890 4590 per-

316 4607 591 4664 diderunt.

390 4698 543 4766 Yers.
574 4699 626 4753 5.
672 4699 849 4756 Nolite
892 4702 1129 4755 extollere
1158 4702 1210 4755 in
1248 4701 1409 4755 altum
1448 4720 1606 4757 cornu
1637 4714 1851 4758 vestrum
1879 4722 1895 4769 ;

316 4790 469 4843 nolite
494 4790 633 4857 loqui
658 4791 897 4851 adversus
928 4792 1092 4847 Deum
1122 4793 1462 4864 iniquitatem.
1498 4794 1739 4866 Repetite
1770 4811 1898 4850 con-

317 4884 531 4945 testatio
569 4883 903 4941 formidinem
968 4902 1172 4957 magna;
1212 4887 1427 4942 ultionis
1476 4889 1733 4954 ostendit,
1775 4890 1899 4958 quia

314 4985 526 5040 semper
546 4975 757 5039 gravius
785 4974 1082 5030 vindicatur
1102 4976 1240 5045 quod
1274 4976 1461 5030 iterata
1484 4976 1725 5046 iussione
1754 4994 1891 5047 prae.

314 5063 521 5131 cipitur.
547 5064 677 5118 Nam
705 5082 825 5121 cum
854 5067 1013 5121 dicit:
1045 5067 1219 5121 Nolite
1244 5070 1472 5123 exaltare
1504 5071 1555 5122 in
1587 5072 1747 5124 altum
1777 5087 1896 5125 cor-

314 5169 378 5205 nu
405 5164 644 5222 vestrum,
675 5158 863 5211 suadet
894 5169 947 5211 ut
974 5173 1003 5213 a
1033 5159 1342 5227 blasphema
1367 5161 1688 5229 cogitatione
1715 5178 1895 5218 cesse-

314 5255 422 5311 tur,
454 5249 706 5327 quoniam
755 5250 846 5306 ille
883 5251 936 5305 in
983 5253 1146 5306 altum
1186 5253 1331 5323 erigit
1371 5270 1532 5308 cornu
1577 5257 1663 5324 qui
1705 5267 1891 5312 contra

313 5337 477 5394 Deum
528 5353 782 5412 concepta
832 5343 1109 5413 iniquitate
1153 5354 1529 5400 remurmurat.
1582 5346 1714 5402 Nam
1765 5349 1889 5403 vide

311 5433 426 5502 quid
457 5437 718 5505 sequitur,
744 5438 899 5491 nolite
921 5437 1062 5507 loqui
1092 5440 1333 5491 adversus
1362 5437 1522 5491 Deum
1550 5438 1891 5508 iniquitatem.

310 5522 493 5578 Adhuc
512 5526 562 5580 in
584 5526 945 5581 excusationis
962 5529 1199 5581 curando
1217 5528 1342 5582 vitio
1361 5538 1688 5598 perseverat.
1711 5518 1905 5598 Loqui-7

310 5624 386 5669 tur
405 5617 547 5672 enim
580 5630 757 5672 contra
784 5616 951 5673 Deum
980 5619 1328 5690 iniquitatem,
1361 5618 1574 5689 quando
1597 5619 1788 5686 aliquis
1809 5622 1889 5675 sic

308 5712 534 5763 :estimat
559 5713 911 5765 constitutum
939 5753 954 5777 ,
990 5721 1049 5766 ut
1089 5723 1305 5781 peccata
1351 5711 1570 5765 minimc
1615 5710 1888 5767 declinare

308 5799 583 5869 potuisset,
611 5802 835 5861 dicens:
892 5804 1007 5860 Non
1049 5807 1203 5875 culpa
1255 5821 1377 5874 sua,
1425 5804 1515 5860 sed
1567 5804 1886 5862 necessitate

2009 3312 2281 3367 hominum
2327 3311 2467 3365 Deus
2507 3325 2746 3378 praesens
2798 3318 2853 3365 et
2882 3310 3127 3378 cognitor
3165 3323 3287 3363 esse
3328 3314 3589 3361 monstre-

2005 3414 2130 3473 tur,
2162 3405 2292 3457 nihil
2344 3404 2448 3459 tale
2489 3404 2768 3473 quisquam
2819 3401 2978 3457 debet
3028 3415 3393 3483 pracsumcre,
3442 3397 3585 3469 quod

2004 3513 2122 3552 eum
2156 3496 2322 3563 possit
2347 3495 2398 3548 in
2429 3496 2515 3549 illa
2552 3495 2884 3564 judicatione
2916 3492 3193 3548 damnare.

2079 3589 2230 3643 Vcrs.
2262 3588 2312 3641 7.
2351 3587 2605 3654 Quoniam
2648 3586 2783 3641 Deus
2802 3589 2969 3659 judea:
3008 3594 3112 3640 est:
3142 3584 3277 3638 hunc
3315 3582 3581 3649 humilial,

2001 3691 2047 3735 et
2078 3683 2212 3736 hunc
2241 3682 2451 3737 exultat.
2505 3681 2640 3736 Ecce
2673 3681 2847 3735 omnis
2883 3680 3110 3747 quastio
3135 3678 3201 3733 de
3244 3678 3421 3732 medio
3462 3691 3582 3746 pro-

2004 3774 2123 3828 l'una
2163 3776 2369 3829 sublata
2418 3785 2496 3829 est
2525 3791 2538 3828 :
2590 3773 2846 3839 Quoniam
2886 3773 3024 3825 Deus
3045 3770 3210 3841 jurlea:
3235 3778 3342 3834 est,
3374 3777 3429 3823 et
3459 3784 3580 3822 cum

2001 3866 2069 3917 sit
2089 3866 2277 3936 judex,
2313 3865 2513 3934 justum
2553 3863 2703 3917 illum
2749 3878 2867 3916 esse
2898 3876 3002 3916 non
3031 3860 3249 3915 dubium
3280 3870 3383 3912 est.
3410 3857 3582 3912 ludes:

2002 3961 2141 4015 enim
2173 3962 2297 4014 dum
2333 3963 2551 4025 dicitur,
2586 3962 2922 4029 aequissimus
2954 3962 3070 4014 sine
3096 3961 3426 4014 dubitatione
3453 3972 3577 4011 sen-

2002 4051 2147 4103 titur.
2184 4051 2250 4104 Et
2273 4050 2462 4105 uthoc
2492 4051 2542 4104 in
2575 4050 2678 4105 isto
2714 4049 2875 4104 verbo
2926 4050 3229 4104 declaretur
3274 4048 3577 4111 inclusum,

1997 4154 2156 4193 causa
2196 4139 2438 4194 redditur
2480 4141 2688 4196 sincera
2733 4140 2962 4210 jndicil:
3010 4140 3163 4194 Hunc
3214 4138 3487 4207 humiliat,
3530 4146 3581 4191 et

1999 4238 2133 4289 hunc
2158 4234 2367 4289 etaltat.
2393 4233 2646 4289 Humi/iul
2676 4238 2855 4306 utique
2902 4237 3216 4305 superbum,
3245 4234 3445 4288 exaltat
3482 4233 3581 4287 lm-

1999 4328 2177 4383 tnilem
2204 4369 2218 4393 ,
2249 4329 2369 4397 quia
2400 4328 2491 4383 ille
2528 4330 2578 4382 in
2609 4343 2689 4393 se,
2722 4330 2819 4382 iste
2860 4328 3081 4383 conﬁdit
3111 4329 3161 4381 in
3204 4326 3449 4381 Domino.
3489 4323 3578 4380 Sic

1996 4430 2051 4475 et
2076 4421 2127 4473 in
2155 4421 2441 4490 Evangelia
2480 4421 2710 4491 legitur:
2764 4419 2940 4474 Omnis
2972 4422 3056 4489 qui
3091 4436 3144 4473 se
3180 4420 3373 4473 exultat
3405 4415 3576 4469 humi-

2000 4511 2228 4572 liabitur,
2257 4522 2303 4563 et
2334 4512 2423 4582 qui
2446 4528 2499 4564 se
2527 4512 2761 4564 ltumiliat
2792 4510 3105 4565 exaltabitur
3134 4508 3287 4579 (Luc.
3322 4521 3432 4569 xw,
3466 4504 3576 4571 Ii).

1926 4603 1976 4661 D
2007 4603 2164 4657 Vides
2193 4619 2319 4673 ergo
2352 4602 2555 4672 justum
2575 4603 2807 4674 judicem
2842 4615 3129 4671 congruam
3175 4599 3411 4668 partibus
3453 4609 3579 4665 pro-

2004 4699 2140 4749 l'crrc
2171 4693 2510 4747 sententiam.

2078 4798 2228 4850 Vcrs.
2262 4797 2312 4851 8.
2350 4798 2482 4860 Quia
2512 4797 2645 4849 calix
2670 4796 2722 4849 in
2752 4812 2905 4851 manu
2948 4791 3153 4853 Domini
3182 4790 3281 4844 vini
3313 4790 3433 4843 meri
3470 4791 3578 4856 ple-

2002 4908 2097 4943 nus
2124 4901 2197 4944 cst
2228 4892 2420 4956 mixto;
2446 4901 2492 4944 et
2522 4890 2781 4943 inclinavit
2813 4905 2874 4945 ex
2901 4889 2993 4941 hoc
3032 4888 3084 4939 in
3113 4888 3225 4938 hoc.
3258 4884 3410 4952 Smpe
3435 4882 3573 4937 dixi»

2001 4997 2119 5037 mus
2160 4984 2367 5035 calicem
2416 4996 2718 5036 mensuram
2751 4994 2871 5034 csse
2922 4978 3204 5048 potabilcm
3232 5017 3247 5041 ,
3288 4990 3389 5045 qua
3432 4989 3576 5045 aegra

1999 5076 2084 5129 siti
2117 5089 2339 5143 corpora
2373 5083 2720 5141 reparantur:
2751 5072 2923 5125 dictus
2951 5086 2979 5123 a
3009 5069 3175 5123 calida
3207 5071 3442 5138 potione,
3474 5082 3575 5137 qua

2000 5167 2303 5237 frequenter
2344 5167 2543 5220 utimur
2584 5166 2925 5220 convivantes
2967 5162 3123 5235 [rd.,
3154 5159 3573 5234 combibcntes].

1997 5260 2072 5314 ita
2099 5259 2183 5313 lex
2215 5257 2419 5312 Domini
2448 5255 2673 5327 pulchre
2698 5255 2835 5309 calix
2858 5255 3082 5321 dicitur,
3120 5271 3237 5325 quae
3280 5253 3578 5308 ambienter

1997 5351 2193 5406 ebibita
2208 5359 2365 5419 atque
2379 5348 2668 5413 recondita,
2688 5348 2964 5403 animabus
2980 5357 3194 5419 przestat
3208 5347 3576 5405 suavissimam

2002 5442 2335 5508 sospitatem.
2369 5438 2641 5507 Sequitur,
2675 5439 2780 5493 vini
2806 5440 2927 5493 meri
2957 5440 3135 5511 plenus
3164 5449 3235 5494 est
3263 5439 3444 5492 mixto.
3480 5436 3575 5489 Vi-

2002 5548 2123 5586 num
2171 5532 2221 5585 in
2254 5530 2451 5584 divinis
2490 5529 2779 5600 Scripturis
2823 5532 3087 5604 signiﬁcat
3117 5532 3336 5587 caeleste
3380 5537 3577 5600 mystc-

1998 5622 2157 5688 rium,
2186 5622 2322 5675 sicut
2350 5621 2401 5675 in
2433 5620 2538 5674 illis
2584 5620 2787 5692 hydriis
2818 5622 3016 5677 factum
3046 5630 3131 5677 est
3160 5635 3289 5691 quas
3319 5618 3576 5674 Dominus

1996 5728 2134 5783 aqua
2164 5712 2286 5766 fecit
2310 5711 2553 5781 impleri;
2596 5722 2653 5767 ut
2691 5713 2872 5770 latices
2913 5715 3133 5769 fontium
3176 5713 3421 5768 ruborem
3466 5708 3575 5771 vini

1997 5813 2197 5860 mutata
2237 5804 2492 5874 qualitate
2530 5806 2883 5876 susciperent,
2913 5823 3068 5877 quem
3112 5814 3297 5860 natura
3336 5818 3440 5858 non
3481 5800 3575 5853 ha-
