4036 6342
559 364 665 428 559

556 572 767 641 pbanite
817 576 1132 633 mirabiliter
1173 578 1493 641 declamavit
1540 586 1971 657 splendidissima
2015 591 2134 649 luce

555 664 839 720 verborum
880 667 901 738 (
920 666 1064 721 Tant.
1096 667 1163 734 γ,
1206 687 1326 743 pag.
1355 671 1460 729 356
1482 674 1523 746 ).
1567 676 1719 743 Quod
1749 688 1929 736 autem
1973 682 2127 750 dixit,

554 754 705 819 uteri,
745 756 1105 812 sinceritatem
1142 759 1407 832 designat,
1453 766 1596 835 quod
1638 783 1852 837 semper
1899 787 2085 842 purum
2109 814 2128 841 ,

555 854 769 913 semper
793 855 879 900 est
906 846 1203 918 limpidum.
1230 852 1364 908 Nam
1397 856 1622 915 refectos
1651 861 1894 918 homines
1916 865 1982 919 ad
2007 866 2129 935 glo-

553 930 688 986 riam
720 934 951 998 virtutis.
983 952 1096 995 non,
1117 940 1183 995 ad
1211 942 1397 998 vitium
1424 945 1702 1004 ebrietatis
1729 951 1967 1015 adducit,
1990 930 2129 1011 sicut

550 1018 605 1074 in
645 1021 754 1076 alio
797 1024 1001 1091 psalmo
1039 1028 1211 1085 dicit:
1262 1031 1329 1086 Et
1366 1037 1607 1104 poculum
1644 1045 1785 1120 tuum
1832 1043 2123 1114 inebrians,

546 1126 700 1180 quam
727 1114 1032 1184 praclarum
1061 1130 1133 1175 est
1155 1121 1328 1195 (Psal.
1358 1141 1492 1194 xxu,
1522 1128 1614 1198 5)!
1644 1114 1842 1198 Plenus
1866 1147 1942 1189 est
1966 1130 2125 1201 mixto

548 1203 728 1275 utique
761 1207 969 1265 Domini
999 1212 1134 1265 colis:
1154 1228 1175 1268 :
1205 1215 1345 1272 unde
1381 1221 1625 1288 quamvis
1645 1221 1848 1293 iugiter
1875 1227 2121 1297 bibatur,

545 1308 814 1366 nunquam
842 1306 1018 1354 tamen
1044 1304 1378 1371 expenditur.
1394 1309 1546 1377 Quod
1566 1320 1743 1369 autem
1766 1315 1921 1384 dixit,
1937 1320 2117 1389 musto,

543 1382 749 1442 Novum
778 1387 1051 1462 Yetusque
1072 1393 1335 1464 signiﬁcat
1360 1400 1781 1474 Testamentum,
1819 1416 1937 1480 qua:
1976 1421 2118 1469 ιλιι-αι

542 1489 647 1547 que
675 1479 931 1545 permixta
972 1482 1271 1547 animarum
1317 1489 1557 1547 efﬁciunt
1582 1493 1986 1557 saluberrimam
2018 1518 2117 1573 po-

541 1564 765 1629 tionem.
791 1569 964 1627 Iudaei
991 1573 1132 1629 enim
1162 1578 1335 1632 vinum
1376 1581 1648 1653 biberunt,
1691 1587 1785 1643 sed
1827 1605 1931 1645 non
1983 1564 2119 1648 niis-

540 1664 647 1723 tum
672 1702 690 1728 ,
721 1661 853 1729 quia.
885 1662 1016 1719 Novi
1041 1665 1369 1726 Testamenti
1417 1674 1704 1735 noluerunt
1738 1681 1987 1752 recipere.
2019 1700 2110 1742 so-

537 1750 809 1818 spitatem.
854 1754 1092 1827 Itemque
1135 1758 1413 1829 Manichtei
1462 1782 1569 1822 non
1610 1750 1863 1829 biberunt
1895 1779 2112 1839 mixtum

534 1840 728 1908 uinum,
752 1845 872 1914 quia
898 1846 1102 1906 Novum
1120 1850 1520 1915 Testamentum
1537 1875 1604 1917 ex
1626 1872 1775 1931 parte
1789 1868 2109 1937 recipientes

534 1939 732 1991 veteris
758 1938 890 2008 legis
912 1955 1247 2001 sacramenta
1276 1964 1410 2005 ausu
1441 1956 1726 2018 temerario
1764 1973 2106 2029 respuerent.

532 2021 770 2093 Addidit,
798 2037 848 2082 et
874 2029 1138 2088 inclinavit
1161 2052 1226 2089 ea:
1249 2038 1344 2095 hoc
1366 2040 1423 2094 in
1456 2041 1575 2098 hoc.
1604 2044 1703 2101 Hic
1727 2021 2109 2123 duos-populos

527 2111 769 2178 absolute
785 2119 1070 2190 signiﬁcat,
1086 2123 1391 2184 Judaeorum
1407 2132 1615 2189 scilicet
1634 2146 1685 2191 et
1699 2111 1972 2210 gentium,
1983 2158 2111 2213 quon

528 2202 670 2263 niam
690 2221 758 2263 cx
778 2220 872 2263 ore
893 2210 1016 2271 tulit
1036 2228 1141 2270 non
1164 2218 1501 2279 credentium
1522 2202 1833 2289 Iudaeorum
1852 2202 2106 2303 qun'd-po-

526 2294 745 2357 tandum
766 2304 1038 2361 conversis
1064 2310 1271 2376 populis
1295 2315 1533 2381 gentium
1560 2319 1843 2378 inclinavit.
1869 2294 2102 2384 lielix'et

524 2397 708 2447 secura
739 2390 961 2447 refectio
988 2396 1057 2452 ab
1087 2397 1185 2455 illo
1217 2402 1440 2460 calicem
1483 2408 1675 2466 salutis
1711 2414 1975 2484 accipere,
2008 2421 2098 2488 qui

523 2484 736 2544 semper
764 2480 912 2537 novit
939 2485 1213 2552 prolutura
1244 2502 1518 2560 praestare.
1542 2497 1638 2554 Hic
1664 2480 1852 2561 modus
1876 2480 2100 2569 locutio-

521 2563 606 2621 nis
633 2572 881 2636 proprius
908 2576 1071 2632 estin
1111 2580 1301 2638 litteris
1340 2588 1509 2644 sacris
1523 2630 1544 2657 ,
1579 2596 1832 2662 quoniam
1867 2600 1920 2655 in
1956 2604 2096 2658 scri-

519 2661 689 2726 pturis
730 2666 1073 2728 saecularibus
1116 2674 1139 2745 (
1162 2683 1222 2730 ut
1260 2677 1533 2753 arbitror)
1584 2661 1674 2741 vix
1721 2692 1974 2759 praevalet
2012 2697 2097 2751 in-

516 2749 708 2806 veniri.

586 2839 738 2899 Vers.
770 2844 823 2901 9.
860 2846 1223 2917 Verumtamen
1255 2859 1360 2929 [an
1394 2864 1510 2934 ejus
1539 2883 1641 2923 non
1678 2880 1753 2929 est
1786 2875 2093 2944 exinanito;

510 2930 677 2990 bibent
699 2952 764 2991 ea:
782 2954 845 2994 eo
867 2958 1040 2999 omnes
1070 2960 1360 3018 peccatores
1398 2930 1571 3015 teme.
1614 2959 1792 3020 Faces
1838 2967 2091 3029 dicuntur

509 3022 747 3093 reliquias
772 3029 883 3085 vini
912 3035 1254 3096 considentes
1278 3044 1332 3100 in
1357 3046 1733 3108 densissimam
1770 3061 2088 3118 crassitudi-

512 3124 659 3179 nem,
685 3117 752 3172 ad
779 3134 911 3189 quas
935 3126 1073 3183 solet
1112 3136 1391 3197 pervenire
1428 3142 1642 3209 quando
1674 3146 1847 3217 liquor
1880 3153 1969 3209 ille
1994 3117 2089 3211 su-

509 3202 692 3267 Ρθτίοι·
712 3207 966 3273 immatur
990 3228 1276 3280 extensus.
1308 3223 1419 3281 Sed
1443 3202 1562 3298 quia
1600 3202 1837 3293 anteiius
1872 3242 2081 3311 plenum
2107 3274 2154 3337 ο

509 3291 715 3337 calicem
744 3295 973 3337 diximus
1028 3302 1163 3337 ςιιριη
1188 3309 1273 3337 I.:..
1299 3317 1503 3337 ..-η-ε.
1544 3324 1562 3337 ι.
1782 3330 1795 3337 -
1970 3334 1979 3337 -

507 3291 715 3348 calicem
744 3295 996 3370 diximus,
1020 3302 1163 3373 juste
1186 3309 1274 3366 hic
1299 3291 1509 3382 negavit
1534 3324 1709 3390 frtrem
1743 3330 1856 3398 ejus
1872 3291 2079 3390 rasina-

504 3379 690 3446 nitant,
721 3384 788 3438 ad
816 3401 975 3456 quam
1015 3399 1282 3460 perveniri
1312 3379 1418 3472 fed.
1439 3444 1454 3470 ,
1495 3379 1799 3488 pervenire]
1837 3434 1941 3475 non
1979 3439 2075 3494 ρος

504 3472 644 3536 tuit;
677 3479 927 3543 quoniam
956 3487 1163 3541 cunctis
1193 3472 1514 3559 potantibus.
1527 3500 1646 3571 ejus
1678 3472 1950 3573 plenitudo
1970 3472 2076 3574 non

504 3559 705 3619 deficit.
740 3565 918 3627 Fa’ces
947 3574 1090 3630 enim
1121 3577 1206 3635 hic
1238 3598 1343 3639 non
1374 3559 1584 3659 sordes:
1612 3559 1713 3651 sed
1735 3598 1837 3655 ima
1871 3603 1957 3660 illa
1997 3618 2077 3663 at-

498 3668 606 3722 que
644 3658 826 3717 ultima
870 3664 978 3720 vini
1022 3668 1279 3730 debemus
1317 3658 1583 3750 accipere.
1627 3686 1758 3744 Nam
1806 3658 2083 3762 quomodo

498 3744 647 3813 faces
676 3748 873 3810 habere
902 3759 1089 3825 potuit,
1118 3764 1261 3833 quod
1288 3744 1494 3827 merum
1522 3783 1683 3847 atque
1722 3744 1929 3850 purum
1948 3798 2074 3847 ante

495 3837 823 3902 declaravit?
851 3849 957 3908 Sed
986 3862 1046 3908 ut
1068 3856 1135 3911 ad
1167 3858 1324 3916 istam
1353 3862 1539 3922 faecem
1563 3837 1926 3942 cognosceres

494 3930 638 3987 nime
663 3933 827 3994 fuisse
852 3954 1183 4015 perventum,
1210 3953 1349 4009 redit
1377 3956 1443 4011 ad
1466 3930 1712 4028 poculum
1743 3930 2071 4035 plenum-di-

492 4037 619 4080 cens
643 4046 655 4082 :
682 4028 864 4088 Bibent
893 4053 957 4093 ea:
983 4055 1042 4095 eo
1071 4059 1240 4100 omnes
1267 4064 1553 4117 peccatores
1577 4067 1745 4116 terr-te.
1780 4064 1876 4120 Hic
1902 4067 2069 4141 signi.

494 4113 611 4141 lt--.
647 4119 763 4141 I_---
795 4123 808 4141 ι
844 4140 851 4141 ,
1026 4130 1057 4141 ..
1106 4134 1118 4141 .
1252 4139 1257 4141 -
1305 4140 1309 4141 ,

493 4113 618 4173 licet
645 4119 809 4191 (quod
837 4140 981 4199 saepe
1006 4113 1276 4209 diximus)
1296 4140 1510 4201 Judaens
1538 4148 1589 4202 in
1615 4113 2064 4216 line

488 4206 608 4262 aliis
648 4218 1014 4279 peccatoiibus
1049 4223 1117 4279 de
1154 4206 1256 4283 isto
1300 4231 1468 4288 calice
1506 4235 1811 4307 bibituros,
1852 4249 2064 4316 quando

488 4298 710 4355 credere
738 4310 1050 4379 meruerint,
1084 4328 1251 4384 seque
1292 4321 1455 4393 256
1490 4324 1745 4385 Ecclesiae
1785 4337 2063 4395 catholicae

486 4390 714 4448 adunata
740 4396 844 4452 fide
866 4400 1256 4470 conjunxerint.
1275 4390 1472 4468 Omnes
1498 4420 1641 4474 enim
1679 4423 1746 4477 ad
1768 4424 1911 4481 illam
1938 4444 2061 4497 par-

487 4488 594 4537 tem
618 4487 904 4556 pertinent,
930 4507 1047 4560 qua:
1076 4499 1296 4554 credere
1325 4502 1577 4571 (Domino
1605 4519 1914 4583 praestante)
1939 4487 2058 4577 nte-

486 4575 672 4630 ruerit.
719 4577 867 4634 Multi
908 4582 1048 4640 enim
1090 4599 1432 4657 peccatorum
1479 4595 1533 4653 in
1568 4575 1664 4656 sua
1697 4604 2056 4668 obstinatione
2081 4638 2134 4698 Β

483 4668 717 4723 mansuri
747 4680 888 4727 sunt.

556 4757 705 4815 νει-ε.
729 4763 815 4818 10.
832 4764 945 4839 Ego
967 4778 1134 4824 autem
1151 4771 1205 4827 in
1225 4778 1411 4832 secula
1430 4782 1697 4853 gaudebo;
1718 4791 1932 4847 cantabo
1947 4793 2053 4851 Deo

480 4844 660 4906 Iacob.
690 4852 931 4913 Gaudebo
956 4868 1001 4915 et
1025 4865 1257 4921 cantabo.
1288 4844 1535 4929 Christus
1555 4844 1693 4933 dicit
1708 4879 1777 4935 tle
1799 4844 2053 4943 membris

480 4937 613 5004 suis,
657 4945 744 5012 qui
792 4950 987 5015 gaudet
1023 4954 1149 5012 dum
1194 4960 1263 5016 ab
1290 4962 1370 5017 eis
1412 4968 1710 5038 gaudetur;
1756 4975 1845 5045 qui
1878 4988 2052 5035 cantat

479 5027 589 5084 Deo
612 5031 791 5104 Iacob,
823 5041 947 5097 dum
976 5051 1324 5116 psalmodiam
1349 5027 1483 5112 dicit
1509 5027 2050 5136 Ecclesia.1Qu:eciin-

478 5136 583 5191 (1υο
610 5127 750 5181 enim
779 5135 1013 5191 membra
1045 5140 1180 5197 bene
1218 5157 1429 5215 gerunt,
1463 5149 1580 5208 haec
1606 5154 1767 5225 (sicut
1796 5127 1938 5231 sape
1964 5127 2050 5219 di-

475 5219 617 5268 ctum
649 5218 755 5288 est)
794 5220 967 5293 Capiti
1000 5231 1388 5293 rationabiliter
1415 5218 1769 5310 applicantur.

547 5305 700 5362 Vere.
731 5313 815 5367 ll.
845 5313 912 5369 Et
937 5323 1109 5376 omnia
1135 5342 1329 5384 cornua
1355 5344 1672 5401 peccatorum
1695 5342 2047 5415 confringam;

471 5402 521 5447 et
549 5400 911 5458 exaltabuntur
946 5425 1137 5467 cornua
1172 5420 1317 5485 iusti.
1354 5400 1493 5482 Ecce
1520 5443 1623 5483 vox
1648 5430 1852 5489 Judicis
1873 5477 1889 5503 ,
1918 5454 2044 5496 ecce

474 5500 573 5541 vox
618 5486 1013 5563 Omnipotentis
1044 5502 1295 5564 insonuit.
1323 5511 1453 5569 Nam
1498 5519 1589 5588 qui
1624 5531 1750 5579 ante
1784 5486 2045 5596 psallebat

1514 5574 1530 5588 ι
1664 5574 1746 5579 κατ
1784 5574 2037 5596 r""""""‘

470 5574 521 5630 in
552 5582 806 5642 membris
842 5589 972 5654 suis,
1017 5596 1175 5651 modo
1211 5603 1486 5678 confringit
1521 5626 1712 5667 cornua
1737 5621 2037 5686 peccatoris.

470 5671 525 5727 in
556 5675 642 5732 illa
672 5681 871 5753 quippe
891 5684 1219 5754 judicatione
1246 5671 1434 5762 omnis
1461 5711 1696 5769 potestas
1737 5671 2041 5768 humiliabi;

464 5778 550 5825 tur
573 5772 875 5847 impiorum,
900 5788 954 5837 et
990 5782 1260 5855 confracta
1288 5787 1617 5867 dispereunt,
1641 5812 1761 5869 quae
1795 5800 1883 5860 hic
1920 5819 2035 5863 ma-

1743 383 1812 439 M.
1853 384 2133 443 AURELII
2171 389 2573 452 CASSIODORI

557 482 691 537 boit.
724 480 874 540 Unde
902 483 1088 542 beatus
1113 485 1431 553 Ambrosius
1459 490 1511 553 in
1541 491 1743 564 hymno
1777 506 1980 554 sanctae
2005 498 2129 570 Epi-
2162 509 2214 571 Α
2235 504 2355 574 guis
2396 506 2814 568 snblimitatibus
2856 515 3153 587 eriguntur.

3705 420 3807 476 5‘0

3196 519 3506 593 Bespiciant
3551 542 3678 601 ergo
3719 547 3808 588 su-

2233 597 2426 665 perbi,
2465 613 2621 669 quam
2668 604 2738 659 sit
2775 604 2863 661 hic
2906 615 3067 680 turpe
3107 614 3353 671 mutilum
3383 632 3547 688 pecus
3577 597 3805 691 imitari,

2231 693 2288 739 et
2335 687 2657 746 erubescant
2698 707 2760 748 se
2800 695 2924 753 inde
2966 700 3265 772 praeferre,
3308 687 3451 765 unde
3490 710 3664 768 futura
3703 687 3807 772 illis

2230 776 2546 839 deformitas
2573 790 2915 856 cognoscitur
2944 791 3246 852 imminere.
3284 800 3558 871 Sequitur,
3588 817 3638 861 et
3663 810 3808 863 erat-

2226 868 2466 927 tabuntttr
2493 887 2685 928 cornua
2699 876 2852 943 justi.
2880 879 3010 947 Quae
3037 882 3203 952 ﬁgura
3225 868 3421 944 dicitur
3445 868 3801 968 catachresis,

2226 954 2279 1011 id
2307 967 2391 1012 est
2416 960 2606 1017 abusio
2629 1004 2647 1031 ,
2683 969 2894 1035 quoties
2923 971 3101 1028 aliena
3130 990 3311 1032 rerum
3338 983 3554 1039 nomina
3575 1000 3683 1040 non
3713 988 3809 1043 ha-

2225 1047 2473 1107 bentibus
2513 1056 2947 1115 commodantur.
2996 1062 3204 1121 Cornua
3239 1069 3375 1124 enirn
3405 1073 3540 1142 justi
3585 1090 3806 1135 munera

2222 1144 2348 1193 sunt
2375 1137 2536 1203 futuri
2570 1143 2795 1213 iudicii,
2837 1164 2959 1221 quas
2997 1168 3188 1212 revera
3226 1137 3452 1218 ﬁrmiter
3491 1166 3803 1237 eriguntur,

2223 1229 2474 1296 quoniam
2505 1232 2557 1288 in
2588 1244 2789 1293 atema
2818 1242 3215 1310 pulchritudine
3240 1229 3647 1321 permanebunt.
3676 1229 3808 1315 Pes;

2221 1328 2448 1381 colorum
2479 1323 2565 1381 hic
2592 1342 2787 1385 cornua
2815 1332 3080 1405 videmus,
3109 1355 3229 1411 qua:
3259 1343 3334 1400 ibi
3371 1360 3479 1401 non
3500 1359 3693 1406 erunt:
3720 1352 3806 1422 ju-
3874 1430 3875 1435 η

2219 1418 2422 1467 storem
2451 1414 2542 1471 hic
2571 1431 2677 1477 non
2715 1423 3008 1495 cernimus,
3035 1443 3153 1496 qua:
3179 1431 3252 1487 ibi
3297 1446 3556 1507 perpetuo
3583 1455 3806 1500 munere

2218 1502 2605 1562 conceduntur.
2629 1510 2673 1564 0
2702 1512 2973 1579 humilitas
3001 1519 3197 1578 eximie
3223 1502 3548 1595 decoranda,
3569 1545 3691 1599 qua:
3714 1533 3804 1591 hic

2216 1595 2452 1648 cernetis
2480 1597 2733 1655 destituta
2759 1604 2773 1659 l
2803 1605 2956 1671 Quod
2994 1610 3167 1680 majus
3208 1616 3437 1683 pretium
3477 1595 3677 1677 habere
3702 1638 3801 1693 po-

2216 1680 2340 1737 terit
2365 1684 2533 1742 decus
2560 1699 2729 1761 tuum,
2763 1711 2921 1765 quam
2950 1709 3007 1754 ut
3036 1700 3127 1757 ille
3152 1680 3270 1762 eam
3304 1707 3391 1765 hic
3418 1715 3797 1784 assumpserit,

2213 1769 2281 1827 de
2306 1787 2628 1843 qnocuucta
2659 1784 2933 1849 beatitudo
2957 1792 3074 1847 sine
3104 1795 3210 1850 line
3237 1799 3487 1867 gaudebit
3516 1803 3543 1856 Ρ

2141 1908 2193 1970 Β
2748 1892 3020 1955 Conclusio
3049 1905 3256 1972 psalmi.

2283 1997 2596 2062 Audivimus
2626 2009 2786 2065 verba
2818 2010 3037 2080 Domini,
3066 2034 3175 2075 non
3207 2022 3277 2080 de
3307 2024 3587 2085 altitudine
3627 2032 3749 2087 caeli
3776 2074 3792 2098 ,

2208 2090 2302 2145 sed
2333 2092 2400 2149 de
2424 2106 2604 2153 sancta
2639 2102 2900 2173 scriptura
2930 2107 3174 2168 Psalterii
3201 2130 3215 2169 :
3247 2118 3331 2172 cui
3361 2127 3505 2176 tanto
3536 2090 3792 2182 libentius

2203 2278 2306 2324 est.
2332 2271 2463 2328 Nam
2492 2291 2616 2333 cum
2645 2280 2899 2340 Dominus
2923 2287 3091 2362 Moysi
3117 2293 3324 2353 locutus
3344 2313 3426 2355 est
3451 2271 3651 2373 (Exod.
3676 2323 3786 2373 xix,

2205 2359 2313 2431 l6),
2333 2360 2541 2435 fulgura
2565 2371 2882 2445 micuerunt,
2906 2359 3333 2452 concrepuerunt
3356 2359 3611 2461 tonitrua,
3628 2412 3785 2456 mons

2199 2464 2411 2527 quoque
2440 2458 2564 2513 Sina
2598 2469 2740 2523 totus
2770 2466 3013 2537 fumavit,
3032 2488 3255 2533 cunctos
3280 2490 3452 2539 terror
3480 2493 3668 2544 mortis
3697 2491 3781 2546 in-

2197 2544 2354 2612 vasit,
2382 2556 2437 2603 et
2469 2550 2632 2610 vitale
2676 2560 2983 2618 mandatum
3028 2565 3107 2623 sic
3144 2575 3382 2639 pervenit
3416 2578 3484 2632 ad
3522 2583 3774 2651 populos,

2196 2640 2254 2687 ut
2278 2650 2468 2705 magno
2495 2656 2557 2698 sc
2587 2654 2830 2711 putarent
2858 2652 3168 2715 discrimine
3195 2666 3480 2731 perituros.
3506 2640 3777 2729 linbcne-

2196 2724 2313 2781 ficia
2346 2728 2558 2789 Domini
2596 2735 2919 2812 Salvatoris,
2946 2749 2990 2801 si
3036 2724 3416 2825 intelligantur,
3443 2724 3641 2832 iugiter
3658 2724 3773 2820 vad-

2193 2817 2454 2889 miranda,
2489 2824 2720 2897 linguam
2760 2832 2924 2902 ipsius
2952 2841 3188 2908 qumidie
3210 2817 3488 2915 gestamds
3505 2817 3565 2907 in
3594 2860 3776 2913 mani-

2191 2908 2310 2966 bus.
2367 2912 2620 2975 Voluntas
2665 2926 2932 2985 dominica
2979 2941 3123 3000 patet
3172 2908 3325 2995 nobis
3385 2942 3580 3001 litteris
3626 2964 3772 3009 com-

2189 3002 2449 3070 prehensa
2468 3007 2682 3077 divinis,
2696 3025 2748 3069 et
2769 3032 2867 3086 per
2885 3025 3216 3091 corporalem
3234 3040 3453 3099 prtestat
3470 3049 3768 3113 aspectum,

2188 3098 2245 3144 ut
2265 3090 2407 3148 intus
2426 3098 2605 3153 cordis
2626 3103 2811 3159 oculus
2828 3090 3133 3169 salutariter
3155 3090 3472 3177 instruatur.
3491 3090 3767 3198 Nunquam

2189 3188 2327 3238 tacet
2352 3184 2398 3239 si
2427 3200 2547 3243 eum
2576 3190 2630 3245 in
2662 3194 2951 3265 Scripturis
2981 3205 3093 3259 suis
3111 3210 3393 3268 consulere
3421 3214 3764 3277 festinemus:

2184 3283 2399 3340 semper
2422 3277 2487 3331 ad
2516 3279 2770 3339 salutaria
2797 3301 3049 3358 responsa
3075 3306 3290 3365 paratus
3315 3311 3420 3369 est,
3446 3318 3546 3362 nec
3575 3310 3766 3369 absens

2185 3362 2473 3434 aliquando
2500 3371 2771 3444 redditur,
2804 3379 2847 3433 si
2884 3394 3007 3436 eum
3047 3362 3195 3453 puris
3235 3362 3505 3451 mentibus

2182 3468 2323 3510 mus.
2351 3458 2686 3532 Quapropter
2710 3468 3024 3539 abjiciamus
3054 3476 3135 3549 (ut
3173 3484 3410 3550 psalmus
3441 3458 3646 3563 monet)
3672 3510 3762 3551 su-

2179 3548 2413 3612 perbiam
2440 3592 2455 3617 ,
2501 3570 2621 3623 qua:
2662 3560 2955 3619 sceleratos
2992 3548 3071 3621 ab
3101 3548 3217 3639 ipso
3258 3573 3485 3634 dividit:
3525 3548 3762 3642 amemus

2176 3641 2557 3716 humilitatem,
2591 3666 2710 3721 quae
2734 3667 2950 3714 sanctos
2977 3658 3052 3717 illi
3097 3664 3304 3723 caelesti
3339 3669 3604 3731 eharitate
3630 3690 3757 3732 con-

2167 3732 2363 3805 jung’t.

2430 3851 2791 3913 EXPOSITIO
2817 3859 2885 3923 ΙΝ
2916 3862 3237 3925 PSALMUM
3271 3871 3482 3933 LXXV.

2170 3934 2236 3989 In
2262 3938 2433 4008 ﬁnem,
2471 3943 2525 3998 in
2557 3944 2794 4004 laudibus
2815 3993 2840 4032 ,_
2872 3954 3094 4032 psalmus
3137 3963 3308 4032 Amph
3333 4005 3349 4032 ,
3390 3969 3645 4025 canticum
3684 3973 3752 4028 ad

2804 4022 3061 4093 Assyrios.

2236 4120 2421 4180 Omnia
2455 4128 2612 4184 verba
2657 4129 2815 4202 hujus
2857 4137 2994 4193 tituli
3027 4156 3088 4197 ex
3123 4148 3548 4213 prlecedentibus
3582 4170 3749 4228 expo-

2164 4213 2446 4275 sitionibus
2484 4220 2682 4280 debent
2729 4241 2849 4284 esse
2885 4233 3185 4292 notissima.
3230 4240 3414 4299 Restat
3441 4263 3571 4317 ergo
3611 4252 3746 4321 quod

2164 4320 2355 4363 novum
2388 4308 2564 4367 intulit
2596 4317 2666 4370 ad
2691 4318 2922 4391 Assyrios
2952 4326 3258 4395 explanare.
3287 4338 3485 4408 Assyrii
3505 4308 3746 4416 dirigen-

2162 4405 2242 4453 tes
2266 4399 2703 4475 interpretantur,
2729 4414 2819 4481 qui
2847 4414 2955 4482 jam
2988 4419 3111 4475 fidei
3153 4427 3348 4495 regulis
3383 4399 3555 4500 docti,
3587 4399 3743 4494 rectis

2160 4492 2364 4545 semitis
2391 4496 2663 4557 ambulare
2687 4507 3036 4568 contendunt.
3078 4514 3185 4571 llos
3223 4520 3509 4593 alloquitur
3537 4531 3706 4603 Asopia
3724 4574 3740 4600 ,

2160 4581 2338 4603 .___._-
2376 4585 2439 4603 n,
2514 4591 2582 4603 ..
2673 4594 2685 4603 .

2159 4581 2342 4640 laudes
2373 4585 2585 4647 Domini
2615 4594 2842 4659 mirabili
2872 4604 3128 4663 varietate
3157 4610 3467 4672 decantans.

2735 4687 2934 4747 Divisio
2963 4699 3165 4764 psalmi.

2229 4769 2426 4842 Asaplt,
2460 4773 2613 4847 cujus
2645 4782 2960 4841 vocabulum
3002 4789 3336 4863 interpretari
3367 4798 3601 4860 diximus
3641 4808 3736 4879 Sy-

2156 4873 2437 4932 nagogam,
2471 4865 2524 4921 in
2566 4870 2731 4938 prima
2773 4886 2921 4944 parte
2957 4879 3274 4954 dirigentes,
3307 4889 3358 4944 id
3388 4902 3471 4947 est
3493 4936 3510 4959 ,
3556 4865 3733 4954 fideles

2157 4951 2443 5023 alloquitur
2470 4956 2722 5017 Iudaeos:
2756 4965 3041 5038 designans
3068 4951 3158 5031 ubi
3190 4951 3382 5037 nomen
3414 4951 3730 5045 Domini—fa;

2152 5048 2295 5096 ctum
2323 5044 2395 5098 sit
2438 5048 2687 5105 virtutum
2716 5054 3071 5119 declaratione
3097 5069 3455 5129 notissimum.
3487 5078 3727 5137 Secunda

2151 5141 2301 5199 parte
2346 5136 2474 5193 dicit
2519 5143 2831 5204 admiranda
2874 5168 2992 5222 quae
3018 5162 3265 5225 gesserit.
3317 5164 3494 5223 Tertia
3545 5188 3726 5230 omnes

2149 5221 2370 5282 devotos
2391 5228 2663 5297 admonet.
2688 5248 2743 5291 ut
2771 5239 2876 5295 Deo
2893 5221 3118 5302 terribili
3148 5267 3367 5310 munera
3396 5258 3594 5319 offerre
3623 5281 3722 5318 non

2148 5311 2416 5384 desinant,
2461 5322 2550 5389 qui
2598 5326 2841 5394 spiritum
2891 5334 3184 5408 principum
3212 5345 3431 5403 salutari
3473 5353 3723 5409 emenda-

2148 5402 2294 5460 tione
2320 5410 2582 5476 purillcat.
2614 5415 2744 5484 Quae
2773 5432 2951 5491 partes
2974 5402 3382 5500 diapsalmatum
3411 5451 3538 5499 sunt
3562 5444 3720 5501 inter-

2145 5492 2406 5560 positione
2430 5497 2619 5558 divisa.

2674 5614 2945 5690 Expositio
2969 5631 3177 5699 psalmi.

2213 5718 2367 5775 Vera.
2402 5723 2454 5778 l.
2486 5724 2656 5782 Notus
2681 5730 2735 5785 in
2763 5732 2950 5792 Judtea
2990 5739 3163 5810 Deus;
3193 5745 3246 5801 in
3273 5747 3444 5809 Israel
3476 5772 3708 5829 magnum

2141 5824 2320 5865 nomen
2347 5814 2480 5885 ejus.
2509 5814 2692 5877 Potest
2719 5823 2805 5882 hic
2827 5841 3013 5888 versus
3040 5839 3348 5901 nonnullam
3375 5814 3702 5923 facereea:-
