4020 6348
335 336 443 392 541
1237 336 1603 401 EXPOSITIO
1640 337 1706 394 IN
1749 336 2211 396 PSALTERIUM.
2255 340 2450 398 PSAL.
2492 341 2703 398 LXXV.
3498 348 3609 404 δη

332 454 592 524 stionem.
622 468 720 511 cur
745 453 949 519 dictum
986 454 1080 522 sit,
1102 456 1161 515 in
1186 454 1375 522 iudica
1406 467 1585 514 notum
1618 459 1803 526 Deum,
1834 458 1923 516 ubi
1951 459 2002 517 Α
2030 459 2230 529 telligi;
2277 460 2518 529 miroque
2559 460 2721 516 modo
2763 461 2817 516 in
2863 462 3066 519 sanctis
3100 470 3305 520 tantum
3342 464 3608 521 mentibus

334 544 511 617 magis
546 544 817 603 Christum
870 546 1152 614 Dominum
1185 556 1398 616 constat
1430 565 1552 615 esse
1594 552 1930 607 cruciﬁxum.
2034 550 2371 620 requiescere
2391 551 2603 620 dicitur,
2626 551 2717 624 qui
2740 567 2954 609 omnem
2982 554 3157 611 locum
3182 555 3415 627 spatiosa
3442 556 3608 628 largi-

334 639 447 694 Sed
469 638 594 708 quid
616 639 689 694 sit
705 639 892 694 Judtea
913 639 1171 703 debemus
1192 641 1487 711 inquirere,
1512 651 1572 708 ut
1589 643 1745 701 nobis
1763 645 1932 713 possit
2033 649 2142 704 tate
2171 641 2567 712 complectitur.

333 731 541 795 veritas
580 733 861 787 sententias
891 733 1150 790 relucere.
1190 734 1443 803 Quamvis
1471 736 1615 791 enim
1646 736 1699 791 in
1725 736 1936 802 duode-z
2102 738 2255 797 Yers.
2281 742 2336 795 ‘5.
2363 739 2450 803 11η¹
2475 741 2724 814 confregit
2761 757 2954 796 cornua
2981 759 3210 808 arcuum,
3242 751 3462 811 scutum,
3495 746 3607 816 gla-

332 823 445 890 cim
475 821 1048 887 tribubusludteorum
1073 826 1236 883 tuerit
1278 828 1504 896 populus
1527 826 1866 896 distributus,
1895 842 1926 884 a
2028 831 2173 885 dium
2214 839 2263 886 et
2309 832 2514 887 bellum.
2558 830 2661 898 lbi,
2706 833 2761 887 in
2803 833 2891 887 illa
2936 847 3067 903 pace
3093 833 3320 900 scilicet,
3350 842 3403 888 et
3432 834 3485 888 in
3514 834 3605 888 Illa

331 912 473 969 Iuda
507 921 689 981 tamen,
713 913 823 971 lilio
845 914 1009 970 Jacob
1035 915 1253 971 .lttda'os
1289 926 1499 973 constat
1522 931 1645 976 esse
1665 928 1933 997 vocatos;
2026 923 2477 993 contemplatione
2526 923 2746 981 Deitatis
2783 939 2940 994 quam
2991 925 3237 993 superius
3276 925 3429 980 dixit.
3468 925 3602 981 Nam

335 1019 406 1071 ex
434 1004 591 1073 cujus
613 1020 815 1073 genere
842 1022 999 1078 reges
1022 1008 1122 1063 sibi
1152 1008 1332 1067 divina
1353 1010 1751 1080 dispensatione
1777 1026 1929 1079 crea-
2025 1012 2113 1073 ubi
2144 1011 2403 1083 Dominus
2431 1013 2580 1082 pacis
2620 1011 2868 1069 habitare
2911 1014 3179 1083 dignatur,
3210 1014 3309 1069 ista
3352 1015 3605 1085 frangun-

335 1104 569 1161 vernnt;
603 1105 659 1158 ut
684 1111 818 1161 vena
848 1097 937 1151 illa
965 1098 1160 1167 regalis
1180 1100 1385 1169 origine
1408 1102 1587 1163 carnis
1616 1102 1924 1170 proveniret
2024 1112 2140 1171 tur,
2169 1118 2269 1160 nec
2299 1112 2522 1173 possunt
2546 1104 2666 1177 talia
2695 1105 3004 1174 praevalere,
3034 1105 3138 1160 nisi
3165 1107 3253 1161 ubi
3283 1120 3343 1162 se
3370 1106 3601 1161 humana

338 1200 510 1256 usque
547 1185 613 1241 ad
652 1185 913 1254 Principis
954 1188 1195 1245 ctelestis
1235 1191 1541 1251 adventum.
1590 1192 1923 1263 Quapropter
2021 1197 2351 1252 concertatio
2381 1198 2639 1267 probatur
2675 1197 2991 1255 accendere.
3026 1196 3232 1251 Cornua
3275 1212 3488 1252 arcuum
3527 1198 3601 1252 si-

334 1273 579 1347 .gadaam
604 1290 787 1330 veram
818 1276 1017 1332 Christi
1056 1286 1269 1334 constat
1294 1294 1417 1337 esse
1452 1272 1769 1347 EccleSiam.
1814 1285 1917 1340 Ju-

335 1366 455 1433 dtea
494 1366 639 1421 enim
675 1366 937 1429 confitens
980 1369 1397 1439 interpretatur:
1428 1373 1656 1430 credens
1683 1375 1736 1430 in
1766 1376 1916 1432 illum

336 1453 544 1529 [issem
576 1456 665 1524 qui
695 1470 794 1529 per
813 1455 1084 1527 Virginem
1107 1459 1327 1515 Mariam
1348 1462 1493 1518 venit
1513 1478 1578 1519 ex
1602 1465 1737 1526 tribu
1761 1465 1915 1523 Juda.

335 1544 477 1603 Nam
502 1545 579 1603 illi
607 1544 771 1607 ιιιάωί
797 1548 1010 1617 proprie
1035 1564 1143 1604 non
1181 1549 1467 1618 dicuntur,
1500 1554 1588 1623 qui
1617 1570 1677 1610 se
1704 1570 1734 1608 a
1762 1554 1918 1613 Chri-

338 1644 453 1701 sto,
494 1635 553 1694 id
581 1647 661 1691 est
701 1651 731 1690 a
764 1636 918 1698 Judte
963 1653 1162 1708 genere
1201 1651 1489 1701 extraneos
1530 1645 1911 1715 reddiderunt,

338 1725 484 1794 unde
511 1727 589 1797 eis
614 1741 805 1797 nomen
834 1737 1041 1785 constat
1062 1730 1389 1801 impositum.
1421 1733 1522 1804 lpsi
1553 1735 1693 1790 enim
1716 1738 1771 1797 in
1804 1738 1913 1792 Do-

2022 1286 2273 1356 gnilicant
2311 1286 2569 1359 malitiam
2612 1287 2985 1356 superborum,
3031 1301 3097 1341 ex
3147 1287 3342 1358 quibus
3378 1287 3601 1342 veniunt

2020 1375 2256 1431 innoxiis
2286 1377 2509 1433 vulnera
2537 1385 2594 1434 et
2621 1376 2847 1437 nefanda
2881 1377 3210 1435 discrimina.
3261 1377 3476 1433 Scutum
3508 1378 3597 1434 hic

2018 1470 2387 1541 accipiendum
2431 1478 2517 1526 est
2554 1471 2620 1525 ad
2666 1471 3095 1528 concertationes
3141 1471 3498 1541 iniquissimas
3541 1479 3597 1526 et

2018 1559 2280 1615 diabolica
2327 1561 2517 1616 fraude
2561 1570 2931 1631 prtesumptas.
2959 1558 3180 1615 Gladius
3203 1562 3268 1615 ad
3299 1562 3593 1629 periculosa

2017 1659 2177 1720 atque
2219 1651 2500 1708 manifesta
2530 1652 2773 1706 vulnera.
2814 1651 3148 1716 Postremum
3177 1650 3354 1705 intulit
3383 1646 3593 1720 bellum,

2017 1742 2156 1811 quod
2185 1742 2432 1799 absolute
2461 1745 2575 1814 paci
2603 1749 2934 1802 monstratur
2958 1756 3080 1797 esse
3100 1742 3447 1797 contrarium.
3471 1731 3599 1796 Haec

337 1816 470 1873 mini
501 1816 784 1889 traditione
827 1818 1112 1887 dixerunt:
1155 1820 1268 1875 Nos
1301 1839 1469 1894 regem
1510 1840 1612 1880 non
1646 1826 1918 1898 habemus,
1948 1834 1992 1895 Β
2020 1831 2198 1886 omnia
2239 1842 2421 1887 notum
2461 1843 2544 1888 est
2583 1834 2847 1904 confracta
2874 1840 3041 1901 atque.
3070 1831 3273 1897 minuta
3299 1830 3597 1896 discedere,

338 1910 438 1980 nisi
464 1908 714 1981 Cmarem
743 1910 925 1984 (Joan.
955 1928 1072 1980 xix,
1101 1913 1217 1986 i5).
1247 1915 1402 1973 Unde
1438 1933 1566 1989 ergo
1603 1918 1772 1976 ,111άωί
1818 1935 1913 1976 ve-
2018 1923 2106 1976 ubi
2133 1924 2317 1978 venire
2345 1929 2550 1978 certum
2594 1931 2679 1979 est
2721 1923 2865 1993 pacis
2909 1930 3213 1989 auctorem.
3247 1921 3379 1988 Qua:
3425 1921 3596 1991 figura

336 2000 535 2071 raciter
572 2000 679 2057 dici
715 2012 957 2071 possunt,
998 2006 1090 2083 qui
1132 2020 1239 2069 non
1280 2006 1476 2077 Regem
1507 2008 1799 2080 Christum,
1820 2011 1914 2079 sed
2018 2013 2214 2069 dicitur
2248 2015 2487 2085 energia,
2518 2014 2571 2069 id
2615 2026 2698 2071 est
2746 2015 3078 2084 imaginatio,
3127 2029 3247 2085 quae
3288 2022 3465 2070 actum
3516 2010 3605 2070 rei

334 2092 605 2165 εῖδει-ειη
634 2109 694 2151 se
716 2095 910 2154 habere
933 2098 1158 2167 professi
1183 2100 1349 2154 sunt?
1374 2100 1645 2171 Sequitur,
1672 2104 1727 2157 in
1748 2103 1917 2161 Israel

337 2200 581 2257 magnum
605 2201 788 2256 nomen
815 2188 946 2269 ejus.
976 2187 1145 2251 Israel
1175 2190 1509 2261 interpretari
1547 2192 1801 2261 diximus,
1832 2196 1917 2251 vir

340 2276 528 2340 videns
557 2277 745 2339 Deum.
775 2272 1132 2350 Et'quomodo
1155 2283 1255 2337 sibi
1286 2282 1429 2341 istud
1459 2300 1655 2341 nomen
1684 2288 1915 2345 rationa-

336 2366 518 2439 biliter
545 2370 817 2437 vindicare
844 2381 1088 2440 possunt,
1111 2374 1204 2443 qui
1228 2375 1391 2433 Deum
1414 2393 1518 2432 non
1540 2389 1913 2449 agnoscentes,

336 2468 589 2531 tanquam
638 2460 910 2529 hominem
957 2464 1275 2535 crucifigere
1325 2466 1913 2536 decreverunt,.sicut

335 2549 471 2619 dicit
494 2552 774 2625 Apostolus
800 2571 815 2608 :
847 2553 909 2622 Si
944 2557 1309 2625 cognovissent,
1343 2575 1601 2631 nunquam
1640 2560 1913 2616 Dominum

546 2644 910 2713 cruciﬁaissent,
955 2646 1003 2715 (Ι
1047 2646 1165 2701 Cor.
1208 2663 1265 2714 ll,
1295 2647 1394 2719 8)?
1436 2650 1743 2706 Amiserunt
1783 2666 1912 2722 ergo

337 2745 396 2792 et
425 2736 566 2790 istud
596 2752 808 2803 nomen,
839 2740 928 2809 qui
972 2739 1239 2808 maiestati
1268 2740 1384 2811 ejus
1428 2757 1759 2813 nequaquam
1791 2758 1911 2799 cre-

333 2827 468 2885 dere
494 2828 787 2885 voluerunt.
816 2829 1094 2887 Miserrimi
1120 2829 1393 2889 hominum
1419 2835 1431 2887 !
1465 2833 1698 2903 quicum
1727 2850 1911 2891 mune-

332 2919 484 2974 ribus
514 2922 679 2975 sacris
701 2921 862 2975 simul
910 2930 964 2976 et
1008 2922 1222 2977 nomina
1265 2921 1632 2992 perdiderunt.
1665 2924 1745 2978 Ad
1792 2925 1909 2980 illos

333 3027 467 3082 ergo
492 3012 575 3084 (ut
599 3013 859 3086 diximus)
887 3015 971 3070 hic
994 3017 1228 3085 psalmus
1257 3016 1509 3088 loquitur,
1541 3016 1629 3087 qui
1668 3032 1799 3073 vero
1829 3018 1911 3073 lti-

335 3108 484 3163 mine
510 3107 698 3164 radiati
740 3124 769 3163 a
808 3110 1127 3178 perﬁdorum
1170 3109 1449 3181 iniquitate
1489 3110 1701 3167 discreti
1740 3121 1904 3167 sunt:

2018 2105 2349 2175 incorporeis
2377 2105 2546 2159 oculis
2573 2106 2969 2160 subministrat.

2088 2204 2243 2261 Vers.
2270 2204 2326 2258 4.
2358 2203 2667 2259 lllumiuans
2698 2214 2752 2258 tu
2782 2205 3079 2261 mirabiliter
3104 2223 3136 2260 a
3166 2207 3421 2261 montibus
3449 2216 3599 2263 teter-

2015 2293 2115 2360 m’s.
2153 2292 2308 2349 Venit
2341 2293 2407 2349 ad
2442 2293 2730 2349 secundam
2761 2303 2990 2363 partem,
3018 2297 3107 2351 ubi
3135 2296 3345 2352 diversa
3378 2296 3591 2353 Domini

2015 2385 2269 2442 miracula
2317 2393 2707 2456 consequenter
2748 2388 2986 2456 exponit.
3036 2387 3101 2442 Et
3145 2402 3214 2443 ne
3258 2394 3590 2458 quaereretur

2013 2476 2117 2532 ista
2153 2475 2470 2531 illuminatio
2514 2475 2657 2531 unde
2707 2478 2990 2544 provenire
3037 2477 3319 2547 potuisset,
3362 2477 3591 2547 addidit,

2014 2582 2045 2619 a
2080 2566 2334 2619 montibus
2362 2565 2587 2630 uternis,
2619 2565 2672 2619 id
2717 2574 2799 2620 est
2838 2566 3293 2636 praedicatoribus,
3326 2568 3415 2638 qui
3462 2582 3591 2623 vere

2011 2663 2208 2708 montes
2241 2654 2418 2708 teterui
2460 2662 2607 2720 sunt,
2639 2653 2762 2724 quia
2800 2666 3052 2725 perpetua
3083 2666 3137 2711 et
3164 2658 3589 2713 incommutabili

2012 2743 2333 2798 sublimitate
2367 2741 2690 2798 consistunt.
2720 2741 2939 2797 Terreni
2970 2744 3111 2798 enim
3151 2755 3348 2799 montes
3386 2755 3593 2815 tempo-

2011 2834 2149 2890 rales
2175 2843 2230 2890 et
2256 2833 2530 2888 inanimati
2556 2842 2680 2887 sunt
2709 2850 2722 2886 :
2756 2832 2836 2887 illi
2875 2848 3097 2889 munere
3137 2834 3345 2890 Domini
3376 2850 3593 2905 semper

2009 2923 2276 2994 sapientes
2305 2933 2501 2980 norunt
2524 2938 2644 2979 esse
2674 2924 2935 2995 perpetui.
2980 2924 3046 2978 Et
3094 2925 3315 2993 pulchre
3351 2925 3591 2981 veritatis

2008 3015 2254 3071 ordinem
2299 3014 2606 3071 custodivit.
2654 3014 2965 3070 Illuminare
3008 3014 3144 3070 dixit
3183 3014 3464 3071 Dominum
3496 3031 3591 3086 per

2009 3113 2217 3161 montes
2246 3114 2497 3173 aeternos,
2528 3105 2652 3175 quia
2687 3105 2803 3175 ipse
2841 3106 3115 3177 prophetis
3143 3115 3304 3178 atque
3333 3108 3589 3176 apostolis

331 3199 527 3269 quibus
556 3215 742 3256 revera
778 3217 1022 3272 magnum
1063 3218 1247 3256 nomen
1285 3211 1368 3259 est
1406 3202 1654 3270 Domini,
1697 3205 1907 3273 quando
1935 3215 1983 3279 ρ
2013 3198 2179 3265 dedit,
2208 3197 2351 3269 quod
2385 3213 2479 3267 per
2505 3205 2674 3253 totum
2702 3199 2958 3253 mundum
3000 3198 3377 3269 praedicatione
3406 3211 3588 3255 sancta

334 3305 458 3347 eum
489 3308 620 3361 puro
643 3292 806 3349 corde
839 3294 1160 3349 confitentur
1196 3294 1386 3366 Regem
1412 3311 1619 3369 regum,
1660 3306 1705 3351 et
1732 3296 1912 3353 Domi-

334 3399 460 3438 num
483 3383 856 3438 dominantium
886 3385 1065 3456 (Apoc.
1090 3401 1202 3454 ιιι,
1233 3387 1344 3456 16).

406 3473 566 3545 257
584 3473 735 3528 Vers.
749 3474 806 3529 2.
827 3472 894 3527 Et
914 3475 1080 3545 factus
1096 3486 1171 3530 est
1194 3478 1247 3530 in
1270 3492 1394 3549 pace
1416 3477 1557 3533 locus
1569 3480 1697 3549 ejus,
1711 3488 1758 3535 et
1773 3477 1914 3533 habi-

343 3566 469 3623 latio
478 3569 589 3637 ejus
609 3567 661 3620 in
677 3565 825 3622 Sion.
842 3566 1092 3649 Mirabilis
1106 3567 1389 3637 brevisque
1400 3571 1683 3639 sententia,
1699 3570 1911 3639 quando

333 3656 505 3729 locum
532 3656 738 3711 Domini
770 3673 942 3727 pacem
969 3673 1089 3712 esse
1120 3658 1393 3728 professus
1423 3672 1525 3724 est,
1580 3661 1702 3731 quia
1740 3662 1911 3717 nescit

334 3745 389 3820 in
419 3746 526 3803 alio
569 3748 923 3817 requiescere,
957 3749 1055 3804 nisi
1094 3750 1183 3819 qui
1226 3764 1286 3806 se
1317 3750 1462 3806 novit
1493 3751 1741 3821 (Domino
1770 3767 1908 3821 prae-

336 3838 536 3907 stante)
580 3840 857 3908 tranquilla
902 3840 1308 3897 conversatione
1337 3851 1582 3907 tractare,
1614 3842 1749 3897 sicut
1777 3843 1911 3897 scri-

336 3941 487 4009 ptum
514 3942 598 3988 est
624 3949 639 3987 :
666 3932 835 4003 Super
873 3949 1021 4002 quem
1059 3935 1323 4003 requiescit
1367 3935 1593 4006 Spiritus
1621 3951 1783 4000 meus,
1811 3935 1912 3989 nisi

336 4040 493 4095 super
531 4024 794 4089 humilem,
834 4034 881 4077 et
924 4025 1170 4095 quietum,
1208 4034 1256 4080 et
1290 4034 1581 4081 trementem
1610 4026 1760 4081 verba
1799 4042 1909 4080 mea

338 4114 498 4184 (lsai.
528 4129 666 4177 ωτι,
693 4116 792 4184 2)?
817 4115 921 4171 Sed
950 4116 1038 4169 ille
1062 4116 1317 4186 probatur
1346 4131 1523 4186 pacem
1566 4116 1762 4172 habere
1786 4132 1905 4172 cum

338 4203 586 4279 Domino,
614 4207 701 4276 qui
741 4208 1022 4261 adversum
1070 4206 1317 4262 mandata
1365 4207 1483 4276 ejus
1518 4208 1783 4263 contraria
1814 4223 1909 4264 vo-

333 4296 537 4367 laniate
566 4314 673 4355 non
702 4300 890 4368 litigat,
924 4300 1012 4363 qui
1042 4298 1282 4369 sequitur
1309 4299 1454 4369 jussa
1484 4300 1828 4370 dominantis,
1853 4309 1910 4357 et

332 4396 399 4460 ad
429 4410 589 4451 omne
616 4405 936 4467 praeceptum
968 4395 1203 4450 divinum
1232 4409 1385 4449 suum
1408 4393 1570 4451 ﬂectit
1601 4394 1903 4451 arbitrium.

336 4481 455 4549 Pas;
480 4489 623 4541 enim
654 4501 778 4541 vera
804 4495 885 4541 est
910 4486 1248 4541 concordiam
1295 4484 1490 4539 habere
1518 4501 1637 4538 cum
1667 4486 1904 4542 moribus

2013 3286 2279 3358 vulgatum
2307 3295 2407 3341 est.
2438 3287 2504 3342 Et
2528 3287 2783 3343 memoria
2811 3286 3047 3343 reconde
3074 3287 3196 3359 quia
3227 3303 3323 3359 per
3348 3289 3451 3344 hoc
3472 3289 3588 3358 epi-

2014 3377 2220 3443 theton,
2258 3378 2484 3444 teternis,
2518 3393 2678 3434 veros
2714 3379 3093 3449 praedicatores
3139 3395 3169 3434 a
3209 3379 3357 3435 falsis
3398 3394 3591 3450 seque-

2011 3469 2198 3525 stravit
2227 3468 2512 3531 litereticis.
2541 3469 2616 3523 illi
2646 3470 2791 3525 enim
2822 3469 2999 3524 (sterni
3038 3469 3140 3524 dici
3185 3484 3292 3525 non
3335 3480 3584 3541 possunt,

2009 3560 2099 3630 qui
2145 3560 2508 3630 perversitatis
2537 3560 2735 3615 caduca
2777 3560 3053 3628 docentes,
3079 3575 3199 3616 cum
3228 3561 3339 3617 suis
3363 3560 3585 3632 dogma-

2012 3653 2150 3708 tibus
2175 3652 2474 3708 abolentur.
3355 3663 3362 3669 τ

2084 3752 2232 3809 Vers.
2266 3752 2318 3807 5.
2349 3736 2562 3807 Turbati
2583 3760 2698 3807 sunt
2727 3768 2898 3806 omnes
2935 3751 3227 3823 insipientes
3252 3752 3437 3814 corde;
3468 3752 3590 3806 dor-

1998 3844 2225 3896 mierunt
2263 3859 2498 3896 somnum
2530 3858 2699 3908 suum,
2739 3853 2788 3897 et
2816 3842 2948 3896 nihil
2978 3844 3270 3896 invenerunt
3296 3858 3467 3895 ontnes
3496 3842 3590 3895 viri

2010 3936 2303 3987 divitiarum
2344 3936 2397 3986 in
2443 3933 2674 3986 manibus
2707 3934 2836 3986 suis.
2878 3933 3134 4001 Superius
3170 3933 3307 3987 dixit
3342 3932 3525 3986 ﬁdeles
3555 3945 3586 3986 tt

2013 4026 2236 4080 Domino
2257 4025 2583 4079 illuminatos
2608 4038 2730 4079 esse
2760 4040 2855 4093 per
2876 4034 3101 4089 montes,
3127 4039 3266 4079 nunc
3293 4024 3587 4093 insipientes

2010 4119 2161 4171 corde
2189 4118 2417 4172 turbatos
2445 4118 2620 4187 posuit
2646 4125 2804 4185 atque
2841 4118 3111 4171 confusos.
3150 4117 3262 4171 Non
3291 4115 3580 4182 immerito,

2009 4208 2263 4279 quoniam
2292 4207 2357 4263 de
2388 4206 2853 4277 praedicationibus
2896 4207 3093 4260 sanetis
3129 4206 3269 4260 unde
3303 4204 3583 4259 illutninati

2009 4309 2131 4355 sunt
2155 4298 2306 4369 justi,
2330 4298 2623 4367 insipientes
2649 4296 2774 4352 inde
2802 4296 2990 4350 turbati
3018 4304 3156 4361 sunt,
3186 4304 3241 4349 et
3271 4294 3585 4350 recedentes

2008 4408 2040 4446 a
2063 4408 2187 4448 vero
2210 4392 2431 4458 lumine,
2454 4390 2732 4445 tenebrosa
2757 4389 2937 4443 mundi
2963 4388 3225 4444 desideria
3249 4397 3372 4442 sunt
3395 4388 3583 4442 secuti.

2011 4481 2101 4537 Isti
2132 4483 2442 4537 dormierunt
2485 4481 2786 4552 vigilantes,
2817 4495 3157 4550 somnumque
3186 4481 3237 4534 in
3267 4480 3420 4534 b0nis
3448 4480 3580 4533 acti-

331 4580 539 4649 probis,
569 4587 622 4633 et
659 4577 869 4649 litigare
897 4593 1018 4634 cum
1066 4578 1229 4632 vitiis.
1274 4576 1666 4646 lnspiciendum
1696 4591 1905 4645 quoque
1931 4583 1985 4645 ι)
2010 4577 2107 4633 bus
2136 4576 2453 4642 habuerunt,
2489 4575 2579 4645 qui
2614 4573 2850 4630 confusis
2889 4586 3104 4642 semper
3142 4571 3475 4625 turbabantur
3500 4585 3587 4625 er-

330 4670 474 4741 quod
518 4672 685 4725 locum
734 4670 958 4727 Domino
995 4670 1162 4734 dedit,
1193 4670 1279 4740 qui
1313 4669 1431 4723 loco
1471 4683 1574 4722 non
1604 4667 1901 4735 clauditur;

332 4746 582 4835 sedeam
610 4761 810 4831 ubique
846 4762 918 4816 sit
949 4769 1111 4825 totus,
1140 4774 1238 4816 nec
1264 4759 1528 4831 aliquibus
1567 4760 1753 4829 spatiis
1790 4773 1905 4813 am—

333 4853 528 4919 biatur,
555 4853 792 4908 localiter
816 4861 992 4908 tamen
1016 4853 1190 4908 inesse
1211 4852 1408 4907 dicitur
1426 4852 1620 4921 quibus
1645 4850 1904 4919 propitius

331 4960 362 4999 a
386 4948 523 5000 !csse
551 4945 818 5015 dignatur.
856 4945 1125 5014 Sequitur,
1156 4954 1202 4999 et
1228 4943 1474 4999 habitatio
1517 4945 1629 5013 ejus
1665 4943 1721 4997 in
1752 4942 1902 4998 Sion.

333 5037 464 5093 Sion
491 5037 653 5107 (sicut
681 5053 748 5092 δεῖ
759 5052 826 5108 pe
854 5036 1105 5108 diximus)
1129 5052 1280 5093 mons
1305 5048 1388 5092 est
1408 5035 1755 5107 Jerosolymis
1778 5049 1909 5090 con-

330 5129 574 5193 stitutus,
601 5129 687 5184 cui
716 5128 946 5184 nominis
973 5127 1339 5199 interpretatio
1365 5135 1447 5183 est
1475 5127 1787 5195 speculatio,
1813 5140 1909 5196 per

329 5234 493 5291 quam
523 5220 661 5275 Deos
689 5221 920 5276 lidelium
946 5221 1110 5276 corde
1138 5220 1456 5291 prospicitur
1475 5220 1595 5292 [ms.
1627 5219 1714 5285 Α.,
1744 5220 1908 5275 corda

332 5310 632 5385 prospicit].
664 5313 795 5368 Nam
825 5328 946 5368 cum
977 5326 1038 5369 se
1066 5312 1239 5367 oculis
1276 5312 1579 5367 carnalibus
1607 5312 1786 5368 Deitas
1817 5327 1907 5369 re-

329 5403 568 5457 verenda
615 5416 722 5458 non
772 5402 991 5473 pandat,
1035 5401 1339 5472 cogitationi
1385 5410 1561 5457 tamen
1607 5402 1902 5471 purissima:

326 5508 390 5550 se
418 5494 679 5550 Divinitas
706 5510 915 5551 summa
949 5511 1054 5549 non
1081 5495 1338 5563 denegat;
1380 5509 1446 5549 ex
1490 5494 1606 5564 ipsa
1652 5495 1793 5549 enim
1825 5495 1904 5550 vi-

326 5585 486 5643 detur
514 5596 686 5657 parte,
716 5587 856 5642 unde
882 5586 1000 5656 ejus
1040 5595 1313 5656 portamus
1354 5585 1657 5654 imaginem.
1691 5583 1821 5639 Nam
1848 5593 1903 5641 et

326 5680 442 5752 ipse
468 5695 624 5735 mons
663 5681 720 5734 tit
762 5680 912 5747 Sion,
943 5681 1032 5749 qui
1057 5694 1177 5735 eum
1208 5679 1464 5736 meruerit
1489 5680 1696 5734 sincera
1724 5686 1903 5734 mente

329 5772 665 5844 conspicere.
692 5770 749 5829 in
778 5772 868 5829 illo
897 5786 1026 5843 ergo
1056 5770 1276 5837 habitat,
1305 5785 1334 5825 a
1376 5786 1481 5842 quo
1523 5768 1775 5853 probatur
1814 5772 1900 5827 in-

2009 4670 2239 4726 roribus.
2290 4669 2431 4724 Bene
2471 4678 2647 4722 autem
2689 4682 2920 4721 somnum
2963 4664 3250 4733 appellavit
3292 4663 3583 4719 infidelium

2004 4762 2189 4825 vitam,
2220 4760 2340 4831 quia
2384 4758 2603 4829 vigilare
2639 4773 2743 4813 non
2788 4766 2866 4812 est
2915 4755 3188 4826 profutura
3234 4754 3503 4824 negligere
3529 4762 3584 4811 et

2006 4855 2202 4910 caduca
2230 4855 2559 4925 perquirere.
2610 4850 2677 4905 Et
2723 4852 2857 4905 bene
2896 4848 3099 4904 addidit
3134 4863 3303 4911 suum,
3348 4856 3406 4900 ut
3434 4862 3526 4902 eos
3551 4862 3582 4902 s

2008 4948 2284 5002 beatorum
2314 4946 2492 5016 quiete
2517 4944 2868 4999 discerneret.
2901 4941 3032 4995 Nam
3065 4940 3167 4994 iste
3193 4955 3397 4992 somnus
3425 4938 3581 4994 fallax

2007 5048 2169 5108 atque
2211 5038 2466 5105 deceptor
2509 5043 2623 5100 est,
2662 5046 2722 5087 ut
2759 5031 2919 5086 modo
2960 5045 3020 5086 se
3063 5030 3324 5101 gaudeant
3367 5030 3583 5085 divitias

2009 5131 2349 5203 acquisiisse,
2398 5130 2556 5184 modo
2601 5126 2934 5180 nobilissimo
2980 5121 3227 5193 conjugio
3275 5122 3577 5191 copulatos,

2009 5224 2169 5278 modo
2213 5222 2373 5277 claris
2421 5218 2711 5275 honoribus
2755 5216 2916 5271 fuisse
2962 5214 3266 5270 subvectas.
3315 5214 3421 5269 Sed
3459 5213 3581 5269 vide

2010 5315 2191 5385 qualis»
2220 5326 2314 5367 eos
2350 5310 2592 5366 confusio
2632 5308 3005 5377 subsequatur,
3036 5315 3082 5361 et
3121 5305 3252 5360 nihil
3287 5306 3581 5361 invenerunt

2004 5405 2099 5459 uiri
2144 5403 2434 5457 divitiarum
2480 5400 2535 5453 in
2586 5399 2821 5451 manibus
2865 5399 2974 5451 suis
3001 5438 3017 5463 ,
3056 5409 3115 5451 ut
3155 5397 3256 5451 soli
3304 5397 3578 5452 hominum

2006 5495 2233 5565 perdant
2257 5492 2481 5565 [ms.A.,
2505 5489 2764 5561 quierant]
2791 5489 2929 5559 quod
2962 5489 3181 5542 minime
3209 5488 3575 5557 possederunt,

2007 5586 2204 5655 ﬁatque
2249 5582 2352 5637 illis
2388 5581 2441 5635 in
2474 5581 2657 5636 insana
2696 5580 2987 5634 amissione
3016 5582 3203 5644 luctus,
3232 5576 3322 5645 qui
3352 5593 3454 5632 non
3486 5577 3580 5630 ha-

2005 5679 2233 5733 buerunt
2260 5675 2482 5731 fruendo
2512 5674 2769 5729 laetitiam.
2802 5672 2865 5727 Et
2890 5670 3103 5726 intende
3127 5669 3574 5740 quemadmodum

2004 5780 2191 5824 avaros
2218 5766 2459 5836 designat
2486 5775 2647 5837 atque
2672 5763 2877 5821 definit.
2920 5761 3056 5816 Dicit
3102 5760 3269 5828 enim,
3314 5759 3407 5813 viri
3450 5758 3577 5811 diri-
