4036 6342
498 388 605 444 543
1657 388 1726 444 Μ.
1772 384 2047 443 AURELII
2088 406 2089 421 ι

2191 373 2485 441 5510mm
3649 387 3751 443 su

501 505 713 569 tiaram,
745 501 949 558 scilicet
977 502 1066 572 qui
1109 502 1348 572 pecuniis
1383 501 1494 557 suis
1534 502 1740 571 captiva
1773 508 1951 555 mente
1975 498 2069 553 de-
2096 500 2143 558 Δ
2172 497 2359 564 faceret
2399 512 2570 551 omnes
2595 496 2784 564 quietos
2814 495 2967 567 [mss.
2998 495 3089 563 ϐ..
3132 496 3219 560 Α..
3252 500 3560 570 mansuetos]
3586 509 3751 559 terra.

501 597 758 653 serviunt.
808 596 1058 666 Sequitur
1106 595 1324 663 pulchra
1373 594 1666 664 emphasis,
1710 602 1767 647 ut
1809 592 1982 647 adhuc
2018 592 2072 644 in
2142 634 2148 641 .
2179 587 2377 642 Versus
2405 587 2505 641 iste
2528 586 2594 640 ad
2623 588 2898 656 superiora
2939 587 3237 657 iungendus
3259 598 3361 644 est.
3396 590 3538 646 Dicit
3565 592 3707 645 enim
3739 611 3752 646 :

502 687 732 740 manibus
772 687 881 741 suis
919 694 1180 755 quaerant,
1207 700 1327 739 cum
1358 698 1417 739 se
1446 684 1578 737 nihil
1612 685 1845 738 tenuisse
1878 695 2077 750 cogno-
2142 680 2338 733 .Terra
2383 681 2582 733 tremuit
2624 687 2673 733 et
2711 679 2929 749 quievit,
2977 695 3092 732 cum
3137 691 3429 752 exsurgeret
3474 682 3525 734 in
3559 684 3758 753 judicio

503 785 674 833 scant.
708 776 986 843 Emphasis
1012 776 1210 845 quippe
1240 783 1324 831 est
1349 776 1686 845 exaggeratio
1708 774 1904 843 duplex
1931 791 1943 826 :
1970 787 2074 828 una

502 879 621 934 qua:
668 865 787 933 plus
831 864 1096 932 signiﬁcat
1122 879 1282 933 quam
1312 864 1466 931 dicit,
1509 864 1672 918 altera
1701 879 1821 932 quae
1848 862 2074 917 demon-

503 964 636 1010 strat
660 955 817 1009 etiam
848 954 900 1007 id
932 955 1074 1023 quod
1111 970 1213 1008 non
1246 954 1396 1008 dicit.
1435 954 1540 1008 Sed
1573 952 1657 1008 hic
1687 954 1776 1008 illa
1807 966 1930 1022 pars
1958 952 2075 1021 ejus

504 1054 604 1109 est,
635 1060 751 1113 qua:
794 1045 1058 1114 signiﬁcat
1105 1046 1266 1101 etiam
1314 1046 1455 1115 quod
1495 1062 1599 1100 non
1629 1046 1778 1100 dicit.
1815 1045 1945 1099 Nam
1980 1060 2078 1114 po-

504 1134 681 1190 nendo
718 1136 851 1188 uiros
897 1135 1212 1197 diuitiarum,
1259 1137 1421 1191 totius
1462 1136 1642 1189 mundi
1680 1134 1946 1190 desideria
1982 1150 2077 1189 eos

505 1223 755 1282 habuisse
775 1224 1038 1294 designat,
1062 1234 1120 1279 ut
1141 1240 1235 1294 per
1258 1225 1659 1280 similitudinem
1682 1227 1844 1280 somni
1866 1225 2077 1280 diversa

507 1314 757 1370 desiderii
781 1315 863 1369 sui
892 1316 1232 1384 perceptione
1264 1316 1592 1370 luderentur.

576 1406 728 1465 Vers.
756 1406 808 1460 6.
836 1408 909 1460 Ab
932 1409 1277 1479 increpatione
1311 1418 1417 1473 tua,
1451 1408 1585 1462 Dens
1608 1405 1793 1470 Jacob,
1824 1406 2075 1460 dormita-

508 1503 677 1549 oerunt
705 1497 793 1565 qui
821 1499 1157 1551 ascenderunt
1184 1514 1355 1567 equos.
1392 1498 1525 1553 Cum
1571 1497 1740 1551 soleat
1784 1495 2077 1564 increpatio

508 1596 754 1642 strenuos
783 1587 928 1643 viros
963 1598 1151 1643 cautos
1197 1598 1356 1659 atque
1396 1589 1672 1658 vigilantes
1698 1588 1932 1653 efﬁcere,
1992 1586 2077 1641 hic

508 1675 568 1736 ub
597 1678 939 1746 increpatione
969 1678 1198 1743 Domini,
1229 1679 1317 1749 qui
1363 1688 1445 1734 est
1488 1678 1625 1732 Deus
1662 1676 1842 1746 Jacob,
1888 1678 2077 1732 dormi-

507 1776 639 1821 tasse
685 1767 814 1823 dicit
867 1770 1200 1836 incredulos;
1247 1770 1447 1841 utique,
1482 1772 1605 1839 quia
1656 1780 1835 1825 sancta
1876 1771 2075 1825 monita

2146 810 2149 815 ι
2178 769 2338 825 Deus.
2382 771 2526 826 Bene
2562 778 2742 824 autem
2770 769 2967 824 dicitur
3004 787 3276 840 exsurgere
3308 772 3360 825 in
3394 772 3599 843 judicio
3636 787 3753 837 suo,

2176 863 2425 931 quoniam
2471 861 2557 914 hic
2598 864 2808 930 quietus
2844 860 3024 914 omnia
3067 862 3305 929 pertulit,
3329 878 3448 917 cum
3482 863 3759 931 judicatus

2178 962 2260 1006 est
2287 951 2555 1016 Christus,
2588 951 2832 1019 quamvis
2857 958 2911 1005 et
2942 950 3010 1025 ibi
3038 959 3227 1005 cuncta
3254 950 3354 1005 sub
3377 952 3760 1021 tranquillitate

2148 1084 2153 1089 η
2178 1042 2447 1111 dijudicet.
2471 1042 2577 1096 Sed
2600 1056 2814 1112 exsurge
2841 1049 3065 1095 tractum
3093 1052 3177 1096 est
3201 1055 3231 1094 a
3249 1041 3516 1109 judicibus
3547 1042 3759 1106 mundi,

2177 1135 2287 1204 qui,
2317 1132 2533 1203 quando
2579 1131 2778 1200 aliquid
2823 1130 3063 1186 districta
3106 1132 3391 1186 severitate
3428 1134 3760 1199 censuerint,

2176 1226 2427 1280 dicuntur
2446 1239 2738 1295 exsurgere,
2780 1224 2901 1292 quia
2921 1224 3174 1278 commoti
3202 1223 3448 1280 videntur
3473 1226 3762 1280 commissa

2178 1315 2399 1369 crimina
2445 1312 2738 1368 vin‘dicare.
2787 1313 2851 1366 Et
2890 1328 2959 1368 ne
2998 1313 3255 1383 judicium
3306 1313 3436 1368 illud
3476 1314 3543 1367 ad
3589 1315 3762 1368 solam

2177 1405 2573 1460 damnationem
2627 1404 2891 1457 malorum
2946 1403 3198 1459 crederes
3247 1419 3369 1460 esse
3425 1405 3761 1471 faciendum,

2164 1497 2406 1562 addidit,
2437 1505 2490 1550 ut
2518 1496 2683 1549 salvos
2713 1496 2900 1563 faceret
2928 1511 3098 1549 omnes
3139 1496 3334 1565 quietos
3376 1504 3547 1552 terror.
3593 1497 3766 1563 Quieti

2182 1599 2328 1644 terra:
2357 1598 2480 1643 sunt
2509 1587 2597 1656 qui
2643 1586 2807 1641 nullis
2841 1585 2983 1641 vitiis
3027 1586 3208 1640 mundi
3247 1586 3402 1656 hujus
3435 1587 3767 1642 inﬂammata

2168 1682 2453 1739 .voluntate
2505 1680 2801 1747 rapiuntur,
2856 1678 2949 1733 sed
2999 1678 3245 1747 mquabili
3291 1693 3351 1735 se
3396 1680 3769 1734 moderatione

2182 1780 2470 1827 tractantes
2502 1771 2661 1842 (sicut
2689 1770 2933 1839 superius
2958 1770 3158 1825 dictum
3194 1770 3323 1837 est),
3354 1785 3539 1840 pacem
3567 1772 3770 1826 mentis

509 1857 843 1927 negligenter
868 1871 1029 1929 atque
1057 1849 1285 1929 stripidis
1329 1864 1598 1918 mentibus
1634 1862 1937 1919 audierunt.
1978 1862 2083 1917 Sed
2114 1864 2160 1922 B
2187 1863 2477 1933 probantur
2520 1861 2719 1916 habere
2770 1861 3127 1929 tranquillam.
3175 1862 3235 1914 lli
3285 1862 3415 1915 salvi
3460 1863 3615 1927 ﬁunt,
3645 1877 3772 1917 cum

508 1948 598 2014 qtti
621 1948 729 2001 sint
748 1947 835 2003 isti
857 1951 945 2019 qui
969 1950 1387 2018 dormitaverunt,
1413 1961 1802 2022 consequenter
1830 1953 2082 2020 exponit:

507 2035 596 2104 qui
632 2038 970 2091 ascenderunt
1009 2056 1178 2109 equos,
1215 2040 1266 2094 id
1295 2049 1377 2096 est
1402 2042 1491 2110 qui
1533 2043 1584 2094 in
1623 2041 1925 2110 superbiam
1955 2057 2088 2097 cre-

510 2134 741 2191 scentes,
769 2128 917 2195 quasi
948 2133 1100 2197 equis
1128 2131 1465 2185 currentibus
1492 2132 1676 2185 mundi
1707 2131 1861 2186 istius
1903 2132 2085 2186 illece-

509 2212 633 2268 bras
659 2228 1037 2287 pervagantur.
1063 2220 1128 2273 Et
1154 2221 1198 2274 si
1226 2236 1441 2275 causam
1471 2229 1628 2275 tanta:
1652 2222 2087 2291 pra-cipitationis

510 2304 790 2372 excutias,
848 2307 1030 2363 fervor
1081 2310 1173 2365 ille
1224 2311 1501 2377 dormitat,
1553 2311 1826 2368 festinatio
1882 2313 2084 2380 stertit,

508 2407 761 2467 actusque
789 2399 903 2471 ipse
930 2410 1032 2456 tam
1067 2417 1304 2472 praaceps
1331 2418 1520 2458 somno
1547 2404 1786 2473 sepultus
1815 2412 1915 2459 est.
1942 2404 2088 2459 Talis

510 2487 604 2543 fuit
646 2489 736 2549 ille
773 2490 980 2547 Pharao
1007 2496 1098 2564 qui
1127 2496 1422 2555 ascendens
1460 2511 1648 2552 currus
1692 2508 1852 2567 atque
1892 2514 2081 2567 equos,

514 2579 908 2650 increpationes
939 2584 1146 2641 Domini
1172 2587 1434 2643 obstinata
1460 2597 1639 2643 mente
1668 2590 2010 2658 contempsit,
2036 2600 2090 2645 et

510 2668 840 2726 dormitando
869 2677 1113 2743 pervenit
1140 2677 1206 2734 ad
1236 2686 1495 2733 aeternum
1526 2693 1795 2746 somnum,
1826 2678 1913 2734 ubi
1944 2679 2089 2736 nulla

511 2762 723 2828 requies
752 2762 1042 2819 invenitur.

562 2850 739 2908 -Vers.
784 2854 837 2908 7.
871 2854 948 2909 Tu
988 2857 1231 2912 terribilis
1259 2874 1333 2925 es,
1365 2869 1409 2914 et
1436 2862 1549 2925 quis
1586 2863 1783 2917 resistet
1810 2863 1937 2918 tibi?
1971 2873 2090 2919 tunc

507 2944 570 3003 ab
599 2944 679 2998 ira
702 2955 790 2999 tua
819 2944 941 3018 [ms.
976 2950 1066 3012 A.,
1111 2965 1173 3003 ea:
1210 2962 1329 3004 tunc
1361 2951 1442 3004 ira
1468 2950 1599 3023 tua].
1645 2954 1807 3008 Paulo
1835 2956 2089 3011 attentius

511 3038 814 3094 intueamur
844 3040 970 3108 quid
1003 3056 1188 3095 versus
1219 3041 1321 3097 iste
1353 3046 1678 3112 pronuntiet.
1718 3047 1977 3113 Superius
2004 3048 2088 3099 di-

512 3127 589 3180 xit
613 3127 897 3197 increpare
943 3130 1223 3185 Dominum
1255 3145 1349 3185 eos
1377 3132 1465 3200 qui
1491 3133 1783 3186 ascendunt
1814 3149 2003 3203 equos,
2036 3134 2088 3190 id

2184 1953 2325 2007 dono
2356 1950 2563 2006 Domini
2593 1950 2808 2021 prmmia
2837 1951 3101 2019 promissa
3126 1952 3406 2021 recipiunt.

2256 2042 2411 2098 Vcrs.
2439 2042 2525 2097 10.
2556 2042 2689 2105 Quia
2710 2042 2949 2110 cogitatio
2980 2042 3202 2096 hominis
3235 2042 3556 2110 conﬁtebitur
3580 2044 3694 2112 tibi,
3723 2056 3775 2099 et

2184 2131 2415 2202 reliquid!
2433 2132 2795 2201 cogitationum
2820 2132 2954 2185 diem
2977 2136 3162 2198 festum
3191 2141 3340 2202 agent
3368 2134 3475 2187 tibi.
3514 2134 3676 2188 Venit
3703 2135 3773 2189 ad

2188 2225 2393 2278 tertiam
2424 2233 2651 2293 partem,
2687 2238 2909 2278 monens
2940 2232 3017 2287 ttt,
3054 2224 3174 2293 quia
3218 2225 3363 2279 solus
3390 2235 3473 2280 est
3510 2227 3775 2282 Dominus

2190 2314 2275 2368 cui
2302 2313 2562 2367 festivitas
2589 2327 2797 2366 summa
2827 2312 3107 2374 debeatur,
3139 2312 3362 2367 reddant
3391 2312 3508 2385 [ms.
3528 2315 3620 2379 Α..
3648 2316 3775 2369 red-

2174 2402 2401 2472 dantur]
2429 2412 2548 2457 vota
2582 2403 2691 2458 Deo
2721 2404 2963 2467 terribili,
2992 2405 3079 2473 qui
3121 2404 3422 2474 superbiam
3464 2407 3773 2473 principum

2189 2504 2501 2555 convertere
2532 2503 2708 2563 potest
2732 2493 2796 2547 ad
2830 2493 3180 2547 humillimam
3227 2496 3584 2549 sanctitatem.
3613 2495 3775 2567 Cogi-

2189 2585 2314 2638 tatio
2336 2598 2463 2638 vero
2493 2592 2672 2637 nostra
2705 2584 2934 2651 primum
2963 2583 3229 2652 conﬁtetur
3255 2584 3381 2650 Deo,
3405 2584 3621 2654 quando
3649 2600 3775 2650 pec-

2190 2684 2307 2729 cata
2352 2674 2613 2742 praeterita
2653 2673 2836 2728 humili
2881 2673 3245 2729 satisfactione
3274 2674 3634 2730 damnaverit.
3665 2677 3773 2732 Sed

2190 2769 2315 2836 quia
2357 2764 2614 2836 fragilitas
2659 2764 2893 2819 humana
2941 2780 3156 2832 semper
3205 2765 3364 2820 debet
3408 2766 3591 2835 lugere
3622 2767 3770 2837 quod

2194 2867 2397 2927 peccat,
2431 2856 2658 2921 addidit,
2685 2865 2731 2911 et
2767 2857 2993 2926 reliquit:
3026 2858 3387 2927 cogitationum
3417 2858 3552 2911 dicm
3583 2861 3772 2929 festum

2188 2956 2340 3018 agent
2372 2948 2481 3003 tibi.
2532 2947 2781 3016 Reliquias
2821 2948 3179 3018 cogitationum
3216 2959 3362 3015 sunt,
3412 2959 3532 3018 post
3579 2950 3779 3007 eﬂusas

2194 3038 2461 3109 lacrymas
2486 3046 2541 3093 et
2568 3036 2839 3092 assiduam
2870 3038 3244 3093 contritionem
3285 3039 3483 3105 cordis,
3530 3041 3778 3108 prasteri-

2194 3137 2366 3182 torum
2408 3128 2691 3183 criminum
2730 3128 3008 3184 recordata
3052 3129 3340 3198 pernicies.
3383 3129 3506 3184 llaec
3547 3130 3779 3185 Domino

515 3217 717 3288 estqui
745 3218 810 3272 ad
834 3220 1139 3289 superbiam
1170 3221 1475 3289 prosiliunt.
1519 3222 1574 3276 In
1613 3224 1697 3276 illa
1734 3235 1910 3280 autem
1944 3225 2086 3291 judi-

2194 3219 2299 3291 agit
2326 3219 2458 3273 diem
2494 3219 2696 3289 festum,
2726 3218 2940 3288 quando
2966 3234 3025 3274 se
3049 3220 3117 3275 ab
3148 3220 3237 3275 illo
3280 3222 3497 3276 interitu
3529 3231 3777 3287 peccato-

512 3308 725 3363 catione
746 3311 952 3365 cunctis
975 3310 1105 3363 dicit
1128 3326 1247 3367 esse
1275 3313 1587 3378 terribilem,
1615 3314 1828 3383 quando
1851 3315 1901 3371 in
1925 3315 2091 3384 gloria

515 3398 811 3471 majestatis
835 3415 945 3456 sua:
976 3401 1195 3457 veniens
1229 3404 1486 3471 superbos
1514 3404 1801 3471 addixerit,
1831 3415 1886 3459 et
1912 3406 2093 3461 bunti-

518 3490 659 3544 libus
700 3490 862 3545 corde
918 3502 1225 3561 perpetuam
1275 3494 1564 3548 contulerit
1611 3494 1941 3564 dignitatem.
1998 3496 2095 3551 llic

518 3579 661 3637 enim
693 3581 842 3634 multi
873 3581 1130 3636 resistunt
1158 3583 1434 3651 praeceptis
1460 3585 1594 3653 ejus,
1625 3586 1836 3655 quando
1866 3586 1956 3641 illa
1984 3603 2095 3641 ma—

521 3671 604 3741 gis
642 3681 900 3741 appetttnt
941 3690 1059 3743 qua:
1108 3675 1277 3744 ipsius
1321 3678 1535 3731 monitis
1576 3679 1883 3733 inhibentur
1920 3698 1933 3734 :
1971 3691 2095 3737 tunc

520 3776 697 3825 autem
726 3768 839 3837 quis
867 3769 1066 3821 resistet
1103 3768 1230 3822 tibi?
1259 3769 1369 3824 Hoc
1409 3770 1650 3839 negative
1682 3772 1960 3841 legendum
1990 3782 2094 3839 est,

517 3857 640 3926 quia
680 3874 837 3913 nemo
870 3859 939 3912 ibi
972 3870 1146 3928 potest
1184 3860 1543 3931 improborum
1589 3864 1859 3930 resistere,
1891 3865 1978 3919 ubi
2008 3881 2098 3920 co-

513 3958 778 4016 gnoscunt
825 3949 1104 4004 Dominum
1133 3952 1309 4005 omnia
1338 3952 1596 4011 scelerata
1627 3954 1899 4011 damnare.
1953 3956 2096 4010 Tunc

519 4040 661 4094 enim
696 4039 840 4105 dicit,
883 4041 935 4096 id
981 4054 1063 4097 est
1111 4052 1347 4112 tempore
1387 4044 1591 4113 judicii,
1623 4046 1710 4113 qui
1748 4046 1910 4118 258
1935 4048 2095 4101 etiam

521 4130 637 4184 dies
687 4131 778 4186 ira:
815 4133 1009 4187 dicitur
1052 4144 1108 4189 et
1151 4135 1343 4190 luroris
1379 4152 1391 4188 :
1423 4136 1542 4205 quia
1581 4137 1710 4190 nihil
1753 4138 1973 4191 ulterius
2004 4153 2097 4206 per

520 4223 823 4290 patientiam
872 4224 1330 4295 dissimulabitur,
1384 4228 1598 4298 quando
1644 4229 1754 4299 jam
1803 4229 1857 4284 in
1906 4231 2099 4300 impios

520 4314 839 4369 vindicatur.

595 4405 817 4461 Vers.8.
850 4405 924 4460 De
944 4411 1069 4463 caalo
1089 4409 1345 4479 judicium
1360 4411 1620 4481 jaculatus
1643 4412 1767 4485 [ms.
1792 4410 1879 4476 A.,
1896 4414 2101 4484 jacula-

518 4482 648 4572 tum]
691 4507 797 4565 est;
845 4506 980 4553 terra
1023 4506 1226 4556 tremuit
1283 4511 1330 4554 et
1370 4504 1574 4573 quievit.
1622 4482 1719 4559 llic
1775 4482 1939 4560 virtus
1989 4506 2101 4575 ipsa

2196 3326 2315 3365 rum
2356 3311 2520 3364 sentit
2557 3323 2679 3365 esse
2722 3310 3021 3365 liberatam.
3069 3310 3203 3367 llinc
3245 3320 3330 3367 est
3375 3311 3517 3382 quod
3566 3312 3778 3368 Hebraei

2196 3402 2465 3459 emundati
2492 3403 2737 3458 sordibus
2774 3414 3135 3473 peccatorum,
3169 3404 3415 3461 festivum
3444 3422 3638 3463 munus
3671 3407 3777 3462 Do-

2196 3494 2343 3548 mino
2367 3493 2620 3563 jubentur
2649 3493 2870 3558 oﬁerre;
2892 3493 3035 3562 quod
3058 3501 3110 3548 et
3136 3494 3606 3564 quinquagesimus
3636 3498 3778 3565 psal-

2196 3601 2315 3640 mus
2344 3586 2472 3639 mihi
2508 3585 2716 3640 videtur
2759 3594 2995 3654 tangere.
3040 3585 3172 3641 Nam
3215 3601 3336 3642 cum
3369 3588 3540 3643 dicit:
3577 3588 3779 3658 Usque-

2196 3692 2392 3747 quaque
2437 3676 2553 3730 lava
2598 3691 2679 3729 me
2714 3676 2777 3729 ab
2821 3676 3075 3745 injustitia
3118 3692 3252 3742 mea,
3294 3687 3340 3731 et
3376 3693 3410 3731 a
3440 3678 3631 3733 delicto
3670 3696 3781 3733 meo

2199 3767 2391 3820 munda
2430 3782 2508 3820 me
2544 3764 2712 3835 (Psal.
2741 3782 2795 3828 ι,
2822 3766 2901 3833 4),
2942 3766 3198 3834 praeteriti
3231 3767 3485 3837 temporis
3512 3767 3781 3834 pernicies

2198 3865 2344 3909 metu
2388 3856 2597 3910 venturi
2644 3854 2830 3925 judicii
2880 3854 3107 3910 Domino
3146 3855 3444 3911 conﬁtetur.
3490 3857 3584 3911 Vis
3620 3858 3777 3913 etiam

2199 3947 2385 4001 audire
2430 3956 2662 4017 agentem
2711 3946 3023 4016 proiiltctatn
3071 3947 3125 4004 in
3167 3950 3355 4019 spiritu
3394 3952 3529 4006 diem
3562 3953 3781 4022 festum?

2199 4038 2326 4092 Post
2358 4038 2519 4091 multa
2550 4039 2897 4108 consequitur
2930 4056 2942 4093 :
2979 4038 3119 4092 Tunc
3149 4042 3436 4110 acceptabis
3465 4045 3780 4111 sacriﬁcium

2170 4172 2180 4181 .
2199 4130 2431 4201 justitiw,
2473 4130 2751 4184 oblationes
2782 4138 2827 4184 et
2854 4130 3185 4196 holocausta;
3218 4142 3337 4184 tunc
3374 4134 3634 4201 imponent
3655 4135 3776 4206 [ms.

2203 4219 2268 4276 Ο.
2300 4231 2353 4275 et
2381 4221 2494 4285 ed.,
2534 4219 2815 4291 imponam]
2837 4236 2989 4286 super
3022 4221 3189 4274 altare
3212 4230 3355 4275 tuum
3380 4222 3567 4277 vitulos
3590 4223 3778 4293 (lbid.,

2202 4312 2316 4382 2!).
2366 4311 2455 4367 Sic
2496 4311 2649 4366 beata
2697 4311 3021 4381 germanitas
3066 4311 3390 4380 psalmorum
3438 4321 3626 4369 mutua
3680 4315 3780 4370 sibi

2202 4407 2427 4462 veritate
2456 4408 2741 4462 consentit.

2280 4499 2433 4553 Vers.
2484 4498 2569 4553 ll.
2617 4498 2801 4553 Vovete
2844 4508 2891 4553 et
2933 4498 3131 4553 reddite
3162 4497 3384 4553 Domino
3420 4496 3532 4553 Deo
3573 4505 3776 4565 oestro,

515 4592 863 4661 judicationis
889 4592 1191 4662 exponitur,
1218 4595 1339 4664 quia
1366 4597 1433 4651 de
1462 4597 1548 4651 illa
1578 4599 1887 4653 summitate
1911 4609 2089 4669 poten-

2202 4604 2374 4644 omnes
2416 4591 2504 4659 qui
2541 4591 2593 4644 in
2630 4592 2844 4644 circuitu
2880 4591 2991 4661 ejus
3034 4589 3227 4658 offertis
3295 4606 3505 4645 munera
3549 4591 3777 4646 terribili.

523 4682 611 4737 tiae
640 4683 719 4738 sic
749 4683 1021 4738 descendit
1038 4685 1298 4755 judicium
1329 4694 1575 4757 tanquam
1610 4689 1893 4744 fortissima
1918 4698 2095 4745 certa-

519 4790 624 4844 que
656 4791 813 4830 manu
845 4773 1084 4847 jaculum
1120 4777 1466 4838 destinatum.
1510 4781 1613 4836 Sed
1643 4781 1825 4837 lancea
1855 4783 1953 4838 ista
1987 4785 2100 4854 pla.-

520 4881 638 4935 gam
665 4868 829 4922 efﬁcit
855 4869 1200 4938 temporalem
1228 4870 1391 4953 πληιιά
1425 4881 1598 4927 autem
1620 4875 1877 4942 judicium
1905 4876 2096 4947 impios

522 4970 722 5015 aeterno
752 4964 966 5020 vulnere
1010 4968 1288 5022 sauciabit.
1337 4968 1606 5039 Sequitur,
1638 4982 1773 5027 terra
1817 4976 2021 5029 tremuit
2051 4984 2098 5031 et

522 5052 730 5120 quievit.
776 5052 930 5108 Terra
960 5056 1123 5126 (sicut
1169 5073 1313 5127 smpe
1357 5058 1554 5114 dictum
1587 5060 1693 5133 est)
1725 5063 1806 5117 hic
1836 5066 2101 5136 signiﬁcat

528 5145 868 5212 corpulentos
909 5157 961 5201 et
1000 5149 1345 5217 gravissimos
1396 5163 1718 5221 peccatores,
1768 5157 1856 5225 qui
1901 5157 2099 5216 divina:

526 5235 806 5295 sententia:
834 5241 1146 5296 auctoritate
1176 5242 1462 5299 damnandi
1504 5256 1648 5301 sunt.
1694 5246 1754 5301 lli
1803 5249 2101 5305 tremeﬁent

524 5340 646 5381 cum
678 5326 944 5386 audierint
978 5346 991 5383 :
1020 5328 1099 5383 Ite
1136 5331 1192 5385 in
1228 5333 1397 5404 ignem
1435 5343 1678 5389 attentum
1710 5335 1923 5407 (Matth.
1968 5353 2096 5404 xxv,

520 5417 634 5488 il).
684 5418 970 5483 Quiescent,
1017 5434 1136 5476 cum
1187 5422 1238 5477 in
1286 5434 1533 5492 perpetua
1574 5426 1913 5480 damnatione
1954 5430 2095 5482 reci-

522 5509 754 5589 pientur.
799 5507 902 5564 Sed
934 5511 1084 5579 quies
1130 5511 1230 5565 ista
1280 5514 1398 5569 sine
1439 5515 1621 5585 requie
1656 5526 1736 5570 est
1769 5533 1782 5568 :
1813 5518 2097 5586 quiescunt

520 5602 662 5656 enim
704 5616 733 5655 a
780 5602 932 5657 malis
977 5604 1248 5672 aperibus,
1280 5606 1373 5660 sed
1423 5607 1471 5659 in
1520 5608 1779 5676 supplicio
1814 5624 1919 5663 non
1951 5610 2097 5679 quie-

520 5700 695 5759 scunt,
730 5693 922 5762 quippe
950 5693 1039 5763 qui
1082 5702 1280 5749 interna
1311 5696 1519 5750 flamma
1548 5697 1817 5753 cruciandi
1847 5709 1988 5754 sunt.

538 5842 539 5845 η
594 5784 723 5841 Vers
789 5785 842 5840 9.
882 5785 1006 5839 Cum
1034 5795 1331 5855 ‘easurgeret
1360 5788 1410 5841 in
1443 5789 1643 5869 judicio
1672 5788 1828 5859 Deus,
1854 5799 1906 5844 ut
1935 5792 2098 5847 salvos

2204 4684 2337 4739 Cum
2372 4682 2549 4737 omnia
2580 4692 2844 4753 prmcepta
2870 4683 3081 4738 Domini
3107 4698 3205 4739 nos
3229 4682 3451 4753 implere
3475 4685 3781 4750 conveniat,

2204 4774 2382 4844 sitque
2412 4772 2565 4827 nobis
2609 4787 2829 4827 necesse
2877 4787 3063 4827 vocem
3106 4758 3225 4844 ejus
3270 4774 3529 4842 jussionis
3572 4773 3777 4839 audire,

2204 4864 2292 4921 hic
2321 4865 2571 4922 admonet
2601 4868 2771 4934 Λεαρή
2818 4878 2876 4922 ιιι
2920 4869 3148 4939 primum
3192 4885 3403 4935 vovere,
3447 4879 3632 4939 postea
3664 4872 3778 4925 red-

2202 4960 2324 5027 dere
2355 4959 2658 5015 debeamus.
2691 4958 2808 5014 Non
2841 4960 3129 5025 immerito,
3156 4962 3278 5030 quia
3314 4970 3440 5016 sunt
3468 4963 3635 5016 multa
3667 4978 3780 5034 qua

2207 5053 2365 5107 etiam
2394 5068 2499 5107 non
2530 5051 2906 5122 promittentes
2942 5054 3236 5109 debeamus
3278 5055 3588 5123 exsolvere,
3620 5067 3682 5111 ut
3705 5066 3780 5111 est

2205 5144 2357 5211 illttd,
2383 5144 2506 5199 Non
2529 5146 2751 5216 occides,
2777 5163 2879 5201 non
2906 5146 3252 5212 maecltaberis,
3279 5164 3381 5201 non
3408 5152 3609 5218 furtum
3628 5148 3778 5219 [acies

2207 5240 2400 5314 (Exod.
2432 5259 2520 5311 xx,
2558 5243 2667 5314 l3),
2695 5256 2750 5302 et
2776 5254 2971 5301 caetera
2998 5244 3193 5301 delicta
3232 5262 3351 5318 quae
3395 5257 3642 5303 vetamur
3668 5246 3778 5305 efﬂ-

2208 5351 2354 5392 cere.
2397 5337 2512 5391 Alia
2553 5347 2679 5391 sunt
2720 5354 2838 5408 qua:
2877 5340 2978 5393 nisi
3023 5355 3333 5405 voveamus,
3376 5340 3604 5409 implere
3640 5340 3778 5396 nulla

2207 5428 2327 5499 lege
2354 5428 2786 5496 constringimur,
2815 5439 2874 5484 ut
2899 5430 3249 5500 virginitatem
3279 5447 3516 5497 servare,
3541 5444 3776 5488 eremutu

2205 5529 2406 5588 petere,
2438 5527 2493 5573 et
2534 5520 2843 5586 quotidiana
2886 5536 2982 5576 nos
3019 5525 3377 5599 maceratione
3419 5524 3608 5594 jejunii
3648 5540 3774 5580 con-

2202 5611 2486 5679 stringere.
2520 5610 2665 5665 Talia
2694 5626 2824 5680 ergo
2856 5613 3043 5667 invitat
3072 5617 3330 5685 promitti,
3360 5631 3480 5684 qua
3504 5616 3606 5672 nisi
3629 5615 3776 5685 pollio

2204 5717 2442 5769 reamur,
2491 5703 2813 5759 omnimodis
2862 5720 2967 5761 non
3011 5706 3285 5763 debemus.
3344 5708 3490 5763 Licet
3533 5706 3676 5764 enim
3726 5717 3774 5764 et

2206 5793 2509 5864 conjugium
2535 5809 2798 5864 quaerere,
2823 5805 2877 5853 et
2905 5796 2956 5852 in
2983 5808 3159 5855 sancta
3185 5798 3417 5863 Ecclesia
3436 5798 3769 5864 commorari,

3992 1542 3993 1607 1

3994 1636 3995 1721 1

3994 1730 3997 1819 1

3998 1918 4001 1999 1

4002 2106 4005 2199 1

4010 2388 4011 2447 1

4012 2482 4013 2547 1

4014 2576 4015 2641 1

4016 2670 4017 2729 1

4018 2764 4019 2811 1

4020 2858 4021 2915 1

4024 3046 4025 3091 1
