4020 6348
285 342 395 399 ΕΙμὸ

1171 340 1521 394 [Xl’OSl'l‘IU
1562 339 1621 393 IN
1664 339 2117 396 PSALTERlUM.
2161 342 2349 398 PSAL.
2395 344 2623 399 LXXVI.

3438 350 3543 404 5i6

287 463 345 507 et
399 449 726 523 competenti
772 449 1064 505 refectione
1108 451 1337 520 gaudere
1380 468 1391 502 ε
1426 451 1516 505 sed
1565 461 1738 505 tamen
1788 452 1867 504 bis
1897 460 1941 509 Α
1971 454 2382 521 congregatione
2408 455 2731 521 cantabitur,
2764 471 2881 526 qua:
2925 459 3096 527 Amph
3138 459 3351 516 nomine
3373 463 3545 517 conti-

285 541 510 596 meliora
543 554 662 593 cum
694 539 957 609 promissa
998 537 1214 604 fuerint,
1251 538 1403 607 jubet
1442 556 1548 593 esse
1579 541 1860 604 reddenda,

285 634 429 687 sicut
452 630 581 686 dicit
601 630 888 698 Apostolus
916 647 929 681 :
958 629 1056 695 Qui
1084 629 1406 682 matrimonio
1429 631 1602 700 jungit
1623 630 1863 701 virginem

284 742 460 793 mam,
484 726 607 779 bene
634 724 795 795 facit;
821 732 867 778 et
886 725 973 793 qui
992 740 1092 777 non
1112 725 1299 795 iungit,
1326 725 1504 776 melius
1524 724 1645 792 facit
1667 721 1719 792 (Ι
1742 721 1860 777 Cor.

290 829 393 881 vn,
416 812 525 886 58).
558 812 796 876 Addidit,
830 812 934 865 Deo
956 822 1140 880 uestro,
1176 821 1231 866 ut
1259 811 1518 880 signiﬁcet
1548 812 1749 875 fideles,
1774 811 1862 880 qui

285 907 504 962 cultura
543 913 742 959 sanctte
771 903 1047 957 Trinitatis
1074 903 1365 958 exsultant.
1393 903 1666 973 Sequitur,
1690 918 1863 957 omnes

285 1000 379 1070 qui
418 1000 472 1053 in
512 998 723 1051 circuitu
763 998 873 1067 ejus
912 996 1105 1064 offertis
1140 988 1371 1050 munera.
1403 994 1495 1050 Isti
1525 1006 1651 1050 sunt
1691 1008 1861 1049 omnes

222 1092 241 1101 ’
287 1083 484 1157 quibus
508 1085 678 1141 dixit:
715 1085 901 1139 Vooete
924 1095 971 1139 et
1008 1085 1226 1152 reddite,
1260 1102 1363 1140 non
1393 1086 1657 1140 luereticis
1682 1086 1862 1154 utique

288 1172 394 1234 nec
434 1178 671 1247 paganis,
701 1175 795 1230 sed
834 1176 910 1230 eis
940 1176 1029 1245 qui
1059 1176 1212 1229 altari
1240 1176 1356 1245 ejus
1390 1191 1608 1230 munera
1637 1174 1861 1230 reddere

286 1272 553 1328 catholica
583 1271 918 1325 institutione
941 1272 1208 1325 festinant.
1239 1269 1300 1321 In
1324 1270 1535 1321 cireuitu
1556 1268 1751 1337 quippe
1774 1280 1859 1321 res

285 1360 483 1432 ag‘tur,
524 1376 642 1417 cum
682 1378 893 1415 munera
933 1358 1164 1416 ﬁdelium
1203 1358 1573 1414 sacratissimis
1603 1357 1858 1412 altaribus

283 1451 594 1517 offeruntur.
626 1451 752 1505 Nam
779 1452 918 1521 Quod
945 1454 1043 1517 ait,
1063 1450 1297 1517 terribili,
1322 1449 1623 1519 specialiter
1643 1448 1859 1518 resilicit

283 1540 356 1597 ad
407 1543 647 1606 devotos,
693 1544 884 1613 quibus
925 1538 1085 1598 etiam
1138 1542 1317 1597 suavis
1355 1557 1473 1596 esse
1509 1542 1854 1610 dignoscitur,

282 1635 429 1687 sicut
456 1635 641 1703 legitur
668 1653 680 1687 :
712 1634 908 1688 Set-vite
930 1634 1145 1687 Domino
1173 1618 1225 1686 in
1251 1636 1449 1698 timore,
1481 1642 1527 1686 et
1551 1632 1795 1686 exsultate
1815 1633 1859 1685 ei

280 1742 403 1778 cuni
426 1735 641 1781 tremore
662 1726 832 1797 (Psal.
867 1742 925 1796 ll,
958 1726 1066 1797 ll).
1092 1728 1222 1781 Nam
1253 1723 1426 1796 pravis
1450 1739 1502 1782 et
1525 1736 1858 1797 contempto—

281 1818 433 1870 ribus
463 1817 701 1870 terribilis
732 1834 835 1871 non
863 1824 976 1882 est;
1004 1834 1125 1872 nam
1150 1820 1193 1873 si
1224 1818 1503 1872 Dominum
1536 1824 1855 1886 metuerent,
1891 1813 1935 1873 Β

280 1910 466 1976 utique
490 1907 713 1962 honesta
736 1920 794 1963 Se
820 1910 1229 1964 conversatione
1260 1917 1571 1964 tractarent.

357 1997 508 2051 Vers.
544 1998 627 2051 l2.
661 1986 728 2051 Et
762 2000 806 2052 ei
836 2000 923 2068 qui
949 1998 1116 2067 aufert
1145 1999 1380 2069 spiritum
1411 1999 1721 2070 principum,
1749 2007 1853 2052 ter-

278 2086 417 2140 n’bili
447 2088 588 2153 apud
610 2104 749 2159 reges
771 2096 935 2142 terrm.
962 2089 1150 2143 Adhuc
1177 2090 1618 2158 magniﬁcentiam
1647 2090 1855 2144 Domini

279 2177 455 2230 lilelis
482 2178 802 2247 praedicator
829 2180 1064 2247 exponit.
1112 2177 1252 2233 Dicit
1286 2180 1426 2234 enim
1469 2178 1751 2233 vovendum
1773 2178 1855 2232 illi

278 2266 517 2329 terribili,
545 2266 633 2333 qui
673 2267 842 2336 aufert
876 2267 1112 2334 spiritum
1142 2268 1450 2336 principum,
1482 2268 1533 2321 id
1562 2276 1643 2321 est
1670 2279 1857 2337 super-

278 2353 384 2407 biae
416 2355 496 2408 vel
530 2357 771 2410 tumoris.
807 2357 867 2409 Et
896 2367 950 2410 ut
979 2372 1266 2412 conversos
1295 2359 1519 2413 deberes
1547 2358 1851 2426 advertere,

278 2446 481 2510 intuit,
532 2446 674 2517 apud
721 2464 859 2518 reges
910 2457 1075 2515 terrm,
1123 2450 1302 2520 utique
1341 2450 1428 2522 qui
1468 2463 1661 2522 corpus
1700 2464 1852 2507 suum

277 2554 474 2606 regere
497 2554 558 2594 ac
584 2540 846 2595 moderari
888 2541 1097 2598 Domini
1131 2553 1350 2597 munere
1390 2555 1717 2599 meruerunt.
1758 2544 1854 2600 llic

280 2628 431 2683 enim
467 2634 723 2700 superbire
768 2635 959 2703 spiritu
1005 2646 1253 2691 vacuatos
1292 2652 1433 2707 reges
1469 2638 1847 2708 intelligamus,

1970 555 2149 599 lltllll'.

2534 636 2727 691 Divisio
2767 640 2973 706 psalmi.

1970 744 1975 747 ·
2035 725 2207 795 Asaph
2237 725 2353 791 iste,
2398 742 2551 795 quem
2580 730 2811 784 diximus
2843 733 3088 786 vitiorum
3120 734 3530 802 transilitOrem,

1964 815 2015 869 in
2041 817 2209 884 prima
2240 820 2543 871 narratione
2569 821 2755 886 psalmi
2786 822 2850 875 ad
2892 823 3173 878 Dominum
3216 822 3275 879 se
3302 826 3541 880 clamare

1964 914 2211 973 testatur,
2243 916 2297 961 et
2320 909 2755 989 tribulationibus
2794 912 2907 966 suis
2937 913 3099 982 (quod
3126 916 3265 969 solet
3295 916 3541 971 ﬁdelibus

1962 996 2227 1066 accidere)
2260 1012 2319 1053 se
2340 1000 2507 1068 magis
2546 1001 2782 1056 insinuat
2815 1004 3104 1058 eruditum.
3137 1005 3380 1061 Secunda
3410 1022 3537 1061 nar-

1961 1089 2169 1142 ratione
2196 1090 2543 1159 cogitationes
2563 1102 2864 1160 enumerat,
2897 1109 3014 1164 quae
3041 1095 3216 1150 solent
3243 1099 3458 1165 pulsare
3482 1100 3537 1153 in

1961 1178 2062 1234 hoc
2092 1181 2293 1236 mundo
2340 1183 2500 1247 corda
2532 1183 2908 1240 laborantium.
2936 1186 3116 1241 Tertia
3152 1187 3413 1245 beneﬁcio
3442 1191 3535 1244 Dio

1960 1268 2195 1325 vinitatis
2225 1270 2276 1326 in
2310 1273 2584 1327 meliorem
2611 1288 2825 1328 sensum
2857 1289 2917 1330 se
2944 1276 3136 1331 asserit
3156 1288 3533 1346 permutatum,

1960 1370 2019 1415 ut
2044 1376 2260 1431 operam
2289 1356 2682 1433 potentiamque
2715 1366 2803 1419 Dei
2857 1367 2961 1419 lixa
3012 1377 3191 1422 mente
3232 1369 3491 1437 cogitaret
3517 1384 3557 1441 εκ

1958 1450 2149 1519 quibus
2178 1453 2334 1508 rebus
2374 1454 2709 1523 cognoscitur
2752 1456 2965 1509 assidua
2999 1456 3388 1511 exercitatione
3417 1472 3538 1525 pro-

1960 1540 2169 1595 fecisse.
2206 1541 2402 1608 Quarta
2430 1544 2734 1599 narratione
2782 1546 3139 1613 prosequitur,
3188 1546 3536 1615 quemadmo-

1958 1628 2084 1683 dum
2124 1643 2221 1699 per
2264 1630 2546 1686 Dominum
2583 1631 2913 1689 Salvatorem
2939 1632 3079 1689 facta
3107 1634 3215 1688 sint
3247 1636 3296 1687 in
3328 1635 3537 1704 populis

1961 1718 2143 1773 divina
2170 1720 2444 1775 miracula.

2072 1800 2075 1805 ⁴
2477 1810 2748 1882 Expositio
2787 1812 2996 1884 psalmi.

2034 1903 2182 1959 Vers.
2220 1903 2270 1958 1.
2304 1903 2439 1959 Voce
2459 1921 2570 1958 mea
2594 1906 2663 1958 ad
2697 1904 2971 1960 Dominum
2997 1904 3214 1960 clamavi
3240 1920 3260 1959 :
3289 1922 3384 1959 vos:
3406 1905 3532 1978 [ms.

1956 1991 2237 2066 A:,voce]
2284 2010 2399 2048 mea
2430 1995 2496 2048 ad
2535 1994 2733 2061 Deum,
2791 2005 2839 2050 et
2886 1997 3101 2050 intendit
3160 1996 3307 2049 mihi.
3363 1997 3537 2066 ΑθαΡὴ

1958 2083 2058 2138 iste
2092 2084 2479 2139 mundanorum
2525 2085 2909 2141 desideriorum
2958 2085 3252 2141 transilitor
3286 2086 3539 2151 eximius,

1956 2190 2061 2230 non
2122 2191 2219 2246 pro
2275 2176 2642 2232 incolumitate
2691 2179 2971 2245 corporis,
3038 2193 3142 2233 non
3187 2193 3282 2247 pro
3338 2177 3538 2232 divitiis

1954 2268 2309 2336 acquirendis,
2360 2284 2464 2324 non
2514 2284 2611 2338 pro
2658 2269 2860 2325 honore
2898 2270 3179 2338 capiendo,
3210 2269 3303 2325 sed
3349 2285 3535 2325 arnore

1956 2357 2185 2425 Domini,
2217 2361 2304 2430 qui
2339 2360 2449 2429 jam
2476 2361 2728 2430 perlectis
2756 2359 3084 2426 infunditur,
3110 2362 3297 2413 clamat
3325 2362 3393 2413 ad
3425 2360 3535 2413 Do-

1954 2450 2179 2516 minam;
2206 2460 2266 2505 ut
2292 2451 2345 2505 in
2378 2450 2479 2506 hoc
2509 2452 2785 2522 gymnasio
2822 2450 3173 2506 confessionis
3198 2451 3531 2520 contempla-

1956 2542 2350 2598 tioDivinitatis
2372 2558 2491 2599 cum
2515 2544 2860 2613 spiritualiter
2880 2543 3206 2598 consoletur.
3229 2541 3359 2597 Nam
3382 2541 3527 2613 quod

1952 2631 2121 2687 dicit:
2179 2633 2314 2688 Voce
2357 2651 2487 2699 mea,-
2534 2636 2722 2689 modns
2760 2636 2847 2689 ille
2891 2634 3172 2690 locutionis
3211 2642 3323 2700 est,
3364 2648 3522 2703 quem

280 2742 395 2779 non
427 2737 682 2794 potestate
725 2738 1123 2797 prwtumentes,
1154 2731 1272 2799 quia
1306 2731 1471 2800 magis
1496 2730 1548 2784 in
1577 2731 1674 2785 ista
1703 2738 1851 2797 parte

1953 2722 2057 2793 iam
2080 2721 2133 2777 in
2159 2733 2311 2791 septu
2330 2726 2551 2793 «gesimo
2579 2724 2743 2781 tertio,
2756 2724 2963 2794 psalmo
2986 2726 3279 2789 posuimus,
3300 2723 3389 2776 ubi
3414 2723 3487 2777 ait
3512 2740 3524 2775 :

280 2814 596 2871 miraculum
622 2827 700 2873 est
722 2820 862 2888 quod
889 2822 1139 2886 superbia
1162 2822 1344 2875 tumidi
1379 2836 1481 2877 non
1504 2830 1627 2877 sunt
1654 2823 1849 2893 puniti,

278 2905 376 2961 sed
407 2908 585 2977 potius
614 2909 815 2965 indulta
847 2912 1199 2967 conversione
1232 2912 1459 2967 liberati.

812 3014 1075 3077 Conclusio
1114 3024 1319 3093 psalmi.

353 3126 493 3184 Ecce
536 3130 629 3186 ille
674 3133 869 3200 Asaph,
911 3133 999 3202 qui
1045 3134 1095 3188 in
1127 3135 1280 3201 titulo
1305 3134 1477 3189 dictus
1508 3145 1589 3190 est
1614 3149 1848 3190 commo-

278 3236 411 3276 nere
433 3221 746 3292 dirigentes,
778 3240 943 3293 usque
963 3223 1028 3278 ad
1058 3224 1262 3279 Domini
1292 3225 1488 3279 Christi
1516 3234 1846 3280 sacramenta

280 3314 523 3384 pervenit
555 3330 571 3369 :
604 3315 895 3370 terribilem
924 3316 1137 3386 regibus
1166 3316 1527 3385 pronuntians,
1552 3330 1713 3385 quem
1731 3329 1852 3369 cru-

278 3410 597 3477 ciﬁgendum
637 3411 976 3466 Hebraeorum
998 3412 1240 3467 clamavit
1269 3413 1493 3467 insania.
1518 3411 1851 3481 Quapropter

278 3503 580 3571 intelligite,
613 3504 929 3571 pertinaces,
970 3504 1092 3574 quia
1133 3504 1422 3575 dirigentes
1451 3519 1557 3558 non
1583 3504 1730 3570 estis,
1757 3502 1851 3558 sed

277 3595 455 3664 potius
496 3606 758 3662 errantes,
788 3599 877 3667 qui
916 3598 1101 3653 audire
1146 3597 1390 3654 noluistis
1429 3606 1535 3652 tam
1565 3596 1853 3652 saluberri-

278 3703 425 3741 mum
463 3703 556 3757 per
594 3698 784 3744 cuncta
833 3690 1174 3745 monitorem.
1222 3690 1289 3744 Et
1334 3689 1454 3743 ideo
1494 3678 1722 3760 dispersi
1761 3703 1854 3758 per

278 3779 455 3833 aliena
497 3794 659 3849 regna
697 3782 896 3846 vivitis,
935 3780 1199 3836 sacriﬁcia
1227 3796 1331 3836 non
1366 3781 1592 3850 habetis,
1621 3782 1709 3852 qui
1738 3796 1855 3837 sce-
1903 3789 1916 3802 ‘

280 3880 459 3939 ptrum
490 3872 732 3927 noluistis
761 3875 1095 3941 patrioticum
1127 3873 1370 3944 diligere,
1402 3875 1496 3929 sed
1532 3874 1851 3930 Romanum.

278 3961 412 4015 Nam
438 3963 564 4017 dum
586 3965 898 4020 conﬁtentes
920 3965 1109 4019 Latino
1129 3978 1377 4020 sermone
1396 3964 1642 4020 dicantur
1661 3964 1851 4033 Judaei,

277 4055 723 4120 quemadmodum
773 4057 850 4121 sic
893 4046 1150 4126 appellari
1201 4058 1417 4126 potestis
1470 4067 1574 4111 tam
1625 4058 1857 4127 graviter

277 4143 568 4197 obstinati?
592 4144 698 4200 Cur
738 4160 867 4215 ergo
896 4147 1148 4201 ultionem
1179 4155 1377 4201 tantam
1417 4163 1519 4201 non
1550 4146 1851 4213 advertitis,

273 4234 366 4301 qui
417 4235 586 4303 ipsum
630 4252 844 4307 quoque
893 4252 1086 4293 nomen
1139 4246 1256 4307 post
1297 4226 1473 4292 omnia
1513 4230 1857 4306 perdidistis?

279 4324 592 4380 Dimidiatus
618 4336 700 4381 est
730 4327 813 4382 hic
842 4336 1017 4381 textus
1044 4327 1391 4393 Psalmorum,
1421 4335 1474 4382 et
1498 4337 1723 4397 quantos
1756 4329 1859 4382 Do-

277 4415 406 4472 mini
447 4418 686 4487 largitate
734 4420 1095 4488 transivimus,
1127 4421 1256 4476 tanti
1295 4421 1448 4476 nobis
1477 4420 1541 4473 ad
1584 4420 1739 4475 ﬁnem
1770 4436 1860 4474 su-

276 4520 500 4574 peresse
550 4516 864 4563 noscuntur.
910 4511 1135 4563 Oremus
1187 4518 1245 4564 ut
1298 4511 1385 4580 qui
1438 4511 1591 4565 nobis
1638 4513 1856 4580 gratiam

276 4596 523 4664 praestitit
554 4597 604 4651 in
646 4597 952 4667 praeteritis,
980 4598 1093 4668 ipse
1129 4588 1281 4655 nobis
1318 4593 1566 4655 auxilium
1599 4603 1858 4657 concedat

276 4684 571 4742 efﬁcaciter
603 4688 655 4743 in
684 4687 895 4745 futuris.

415 4826 579 4900 259
612 4828 973 4888 EXPOSll‘lO
1012 4831 1077 4885 IN
1109 4832 1431 4890 PSALMUM
1471 4833 1701 4888 LXXVI.

444 4938 511 4994 In
550 4942 742 5010 finem,
784 4959 875 5012 pro
906 4942 1167 5008 Iditltum,
1209 4944 1436 5013 psalmus
1470 4945 1666 5015 Asopia.

346 5078 413 5135 In
440 5082 613 5151 finem,
646 5091 826 5137 notum
866 5092 950 5147 est
977 5083 1266 5151 signiﬁcari
1298 5085 1575 5139 Damiuum
1607 5085 1844 5142 Salvato-

271 5186 411 5229 rem.
439 5173 672 5229 ldithum
691 5190 902 5246 quoque
928 5178 1228 5231 transiliam
1255 5191 1370 5241 eos,
1404 5178 1454 5231 in
1487 5178 1847 5245 superioribus

271 5266 444 5321 titulis
486 5266 719 5322 diximus
759 5281 952 5321 nomen
1003 5267 1142 5321 istud
1176 5266 1302 5336 quid
1350 5267 1537 5322 debeat
1587 5268 1845 5327 indicare.

271 5355 447 5427 Asaplt
472 5358 934 5428 congregationem
966 5358 1219 5426 appellari
1255 5357 1598 5412 manifestum
1626 5368 1724 5413 est.
1759 5360 1846 5415 Sic

271 5446 504 5504 istorum
540 5450 816 5505 nominqu
846 5449 1182 5518 expositione
1221 5456 1465 5517 tractata,
1509 5450 1848 5519 congregatio

270 5540 433 5596 debet
463 5541 693 5605 adverti,
725 5557 845 5611 quae
873 5540 998 5596 vitia
1024 5541 1173 5595 istius
1198 5540 1381 5594 smculi
1408 5540 1653 5609 gloriosis
1683 5542 1852 5610 passi-

229 5672 236 5681 .
273 5630 374 5686 bus
400 5630 707 5697 transilivit,
739 5642 793 5686 et
822 5631 888 5685 ad
931 5632 1075 5685 illum
1102 5632 1253 5699 finem
1294 5632 1555 5699 pervenit,
1587 5631 1673 5685 cui
1719 5631 1850 5686 nihil

274 5730 454 5792 potest
478 5722 653 5778 simile
675 5724 917 5792 tepent.
944 5722 1110 5778 Tozus
1130 5737 1256 5793 ergo
1281 5723 1515 5792 psalmus
1545 5723 1627 5777 hic
1650 5736 1679 5776 a
1712 5722 1853 5778 ﬁdeli

1950 2814 2295 2870 Incenderunt
2315 2818 2421 2886 igni
2454 2818 2800 2871 sanctuarium
2831 2826 2975 2869 tuum
2999 2814 3178 2883 (Psal.
3211 2829 3406 2879 Lxxtlt,
3433 2814 3488 2884 7)
3509 2853 3525 2877 ,

1952 2914 2007 2963 et
2027 2906 2110 2961 bis
2139 2906 2353 2961 similia.
2377 2907 2506 2974 Quae
2528 2906 2694 2976 ﬁgura
2718 2908 2769 2960 in
2794 2906 2985 2960 litteris
3006 2905 3353 2960 saecularibus
3376 2905 3523 2973 pleo-

1953 3012 2168 3054 nasmos
2187 2998 2515 3071 appellatur;
2545 3014 2702 3068 quam
2725 3011 2822 3052 nos
2843 3012 3052 3067 quoque
3081 3011 3337 3057 ponamus
3359 2997 3522 3051 imre-

1950 3089 2080 3161 pidi,
2110 3104 2231 3145 cum
2261 3099 2317 3147 et
2351 3089 2507 3144 Pater
2534 3093 2881 3159 Augustinus,
2908 3089 2962 3143 in
2991 3089 3163 3143 modis
3193 3088 3518 3143 locutionum

1875 3183 1919 3245 Ο
1951 3180 2379 3250 frequentissime
2424 3194 2543 3234 eam
2594 3192 3047 3233 commemorasse
3091 3190 3363 3232 noscatur.
3412 3160 3520 3232 Sed

1951 3270 2475 3327 animadvertendum
2507 3279 2591 3335 est
2615 3270 2866 3340 quoniam
2898 3270 2985 3324 ille
3010 3276 3208 3324 tantum
3237 3268 3419 3322 clamet
3450 3268 3517 3322 ad

1952 3361 2246 3427 Dominum,
2270 3361 2361 3432 qui
2382 3376 2502 3416 eum
2527 3362 2648 3416 talia
2672 3362 2824 3430 petit,
2848 3359 3025 3429 qualia
3047 3373 3106 3413 se
3131 3359 3378 3414 daturum
3400 3344 3522 3413 ﬁde.

1953 3454 2094 3509 libus
2121 3454 2420 3524 pollicetur.
2450 3452 2582 3506 Nam
2612 3452 2702 3521 qui
2730 3466 2853 3506 eum
2880 3464 2976 3519 pro
3008 3450 3170 3504 rebus
3201 3448 3522 3503 transitoriis

1954 3555 2123 3615 rogat,
2156 3560 2263 3600 non
2291 3544 2360 3598 ad
2387 3543 2664 3599 Dominum
2691 3543 2914 3597 clamare
2943 3540 3301 3610 cognoscitur,
3329 3556 3520 3609 quam-

1954 3637 2033 3692 vis
2066 3637 2239 3705 ipsum
2282 3643 2462 3705 petere
2504 3633 2764 3690 videatur.
2797 3632 3038 3701 Repetit,
3085 3639 3131 3685 et
3172 3645 3268 3683 uox
3308 3645 3416 3682 mea
3454 3628 3522 3680 ad

1955 3726 2139 3789 Deum,
2161 3724 2580 3782 subaudiendum
2612 3722 2875 3793 pervenit.
2906 3721 3012 3777 Sed
3056 3720 3180 3789 quid
3224 3730 3398 3773 tamen
3426 3731 3523 3771 ex-

1956 3824 2161 3888 peteret
2180 3829 2287 3870 uon
2315 3813 2585 3884 designat;
2608 3812 2819 3878 merito,
2844 3811 2966 3881 quia
2995 3825 3102 3864 non
3129 3819 3209 3863 est
3240 3809 3312 3862 illi
3339 3821 3528 3861 neces-

1956 3910 2155 3965 sarium
2184 3907 2365 3977 dicere
2393 3904 2533 3976 quod
2579 3913 2815 3974 praestet,
2847 3904 2937 3971 qui
2978 3902 3122 3956 solus
3154 3901 3300 3954 novit
3338 3899 3518 3968 largiri

1956 4000 2097 4070 quod
2121 3997 2355 4067 expedit.
2385 3996 2718 4063 Quapropter
2754 4004 2878 4046 vere
2924 3990 3192 4058 sapientes
3236 3997 3393 4055 sunt,
3427 3983 3518 4057 qui

1958 4106 2018 4145 se
2046 4087 2294 4160 potestati
2343 4084 2643 4141 Divinitatis
2683 4081 3108 4150 ordinationith
3148 4078 3523 4144 committunt;

1960 4185 2131 4251 ipsum
2152 4180 2327 4234 solum
2347 4186 2621 4246 expetunt,
2650 4188 2703 4231 et
2723 4174 2897 4229 omnia
2924 4187 3174 4243 prospera
3194 4178 3530 4243 consequun-

1962 4282 2066 4327 tur.
2097 4270 2187 4326 Sic
2213 4269 2376 4323 Isaias
2401 4269 2655 4337 propheta
2696 4267 2826 4321 dicit
2860 4282 2873 4318 :
2908 4264 3122 4319 Domine
3168 4262 3303 4317 Deus
3334 4264 3527 4327 noster,

1960 4381 2135 4439 pacem
2170 4374 2314 4417 tuam
2352 4362 2420 4415 da
2449 4362 2588 4416 nobis
2625 4376 2642 4413 :
2685 4360 2855 4413 omnia
2891 4359 3023 4413 enim
3054 4357 3333 4426 praestitisti
3380 4354 3527 4409 nobis

1962 4457 2114 4527 (lsai.
2147 4469 2292 4522 ant,
2325 4453 2434 4523 12).
2465 4452 2734 4522 Sequitur,
2758 4460 2803 4507 tt
2830 4450 3044 4505 intendit
3078 4449 3219 4504 mihi.
3257 4448 3393 4503 Ecce
3426 4462 3529 4501 vox

1890 4553 1937 4613 ι)
1965 4546 2053 4600 illa
2082 4545 2280 4612 brevis,
2306 4542 2398 4598 sed
2425 4544 2621 4612 pietate
2649 4540 2945 4621 inagnilica,
2975 4539 3039 4592 ad
3065 4538 3343 4592 Dominum
3373 4534 3532 4590 missa

1957 4635 2059 4689 hoc
2095 4635 2223 4703 egit,
2252 4643 2309 4687 ut
2351 4633 2656 4703 dignaretur
2687 4632 2963 4685 intendere.
2993 4628 3099 4684 Sed
3139 4627 3263 4698 quid
3284 4626 3375 4681 ~ibi
3423 4641 3529 4682 non

1959 4728 2237 4797 praestitit,
2287 4726 2498 4796 quando
2543 4724 2663 4779 talia
2730 4725 3013 4777 miseratus
3075 4718 3334 4774 indulsit?
3385 4717 3533 4773 Illius

1961 4820 2156 4891 quippe
2179 4818 2468 4887 reapicere,
2494 4813 2720 4871 liberare
2741 4823 2841 4876 est,
2857 4825 2910 4867 et
2934 4823 3038 4865 tam
3061 4823 3247 4879 magna
3260 4805 3529 4877 conferre,

1957 4912 2130 4981 qualia
2152 4924 2254 4963 non
2282 4909 2536 4977 prmvalet
2562 4907 2746 4960 avidos
2776 4911 3019 4970 precator
3048 4906 3319 4969 expetere.

2023 5002 2171 5057 Vere.
2200 5001 2255 5054 2.
2278 4999 2339 5053 In
2363 4999 2444 5053 die
2466 4998 2719 5052 tribulatio
2739 4999 2799 5047 iis
2822 5005 2943 5047 mee
2968 4993 3125 5046 Deum
3149 4992 3393 5063 exquisivi
3416 5008 3527 5046 ma-

1950 5092 2097 5145 nibus
2120 5089 2239 5143 meis
2270 5098 2413 5143 nocte
2440 5104 2611 5141 coram
2644 5103 2721 5150 eo,
2754 5095 2800 5139 et
2842 5096 2941 5137 non"
2972 5100 3082 5136 sum
3122 5084 3360 5153 deceptus
3392 5088 3411 5138 :'
3441 5100 3533 5137 ne-

1952 5180 2067 5253 gari
2094 5180 2346 5233 consolari
2372 5180 2593 5233 animam
2625 5188 2809 5230 meum.
2839 5172 2877 5230 S
2900 5175 3025 5229 nlent
3070 5174 3351 5230 mundanis
3381 5176 3527 5229 desi-

1955 5271 2119 5326 deriis
2145 5268 2389 5338 occupati
2428 5272 2479 5324 in
2514 5266 2941 5323 tribulationibus
2971 5274 3175 5331 optare,
3217 5274 3273 5320 ut
3317 5266 3383 5320 ab
3432 5266 3524 5320 illa

1954 5361 2194 5433 possint,
2225 5375 2383 5431 quam
2423 5360 2722 5424 sustinent,
2750 5358 3067 5413 necessitate
3108 5358 3321 5412 liberari
3354 5375 3367 5409 :
3398 5368 3451 5411 ut
3482 5357 3529 5412 si

1954 5465 2184 5521 azgrotus
2200 5462 2302 5517 est,
2319 5451 2597 5504 sanitatem
2615 5457 2848 5520 quaerat;
2874 5447 2917 5503 si
2934 5447 3259 5517 peregrinus,
3281 5445 3536 5516 patriam;

1956 5544 1999 5600 εί
2033 5558 2252 5613 pauper.
2295 5555 2578 5609 expensas.
2613 5542 2734 5608 Iste,
2777 5551 2834 5598 ttt
2875 5542 3021 5597 brevi
3065 5542 3321 5612 petitione
3352 5540 3528 5593 omnia

1957 5636 2233 5704 profutura
2279 5632 2642 5699 eoticluderct,
2678 5634 2809 5688 nihil
2840 5633 2908 5689 de
2944 5634 3056 5689 suis
3098 5648 3219 5702 ang-
3242 5632 3356 5684 stiis
3390 5628 3533 5680 Voci—

1961 5724 2159 5780 foratus
2189 5730 2292 5790 est,
2317 5736 2415 5778 nec
2436 5723 2775 5797 impatienter
2803 5740 2923 5797 qua:
2953 5723 3251 5780 sustinebat
3281 5717 3531 5789 ingessit;
