  <div class='ocr_page' id='page_1' title='image "/cluster/home/n/w/nwhite01/storage/ocr_20150623/70/hvd.32044015469356/279.png"; bbox 0 0 4036 6342; ppageno 0'>
   <div class='ocr_carea' id='block_1_1' title="bbox 484 320 619 377">
    <p class='ocr_par' dir='ltr' id='par_1_1' title="bbox 484 320 619 377">
     <span class='ocr_line' id='line_1_1' title="bbox 484 320 619 377; baseline -0.007 0"><span class='ocrx_word' id='word_1_1' title='bbox 484 320 619 377; x_wconf 71' lang='grc'><strong>547</strong></span> 
     </span>
    </p>
   </div>
   <div class='ocr_carea' id='block_1_2' title="bbox 1700 296 2525 372">
    <p class='ocr_par' dir='ltr' id='par_1_2' title="bbox 1700 296 2525 372">
     <span class='ocr_line' id='line_1_2' title="bbox 1700 296 2525 372; baseline 0.001 -1"><span class='ocrx_word' id='word_1_2' title='bbox 1700 296 1772 372; x_wconf 74' lang='lat' dir='ltr'><strong>tt.</strong></span> <span class='ocrx_word' id='word_1_3' title='bbox 1811 297 2090 372; x_wconf 69' lang='lat' dir='ltr'><strong>aunt-3m</strong></span> <span class='ocrx_word' id='word_1_4' title='bbox 2127 301 2525 372; x_wconf 71' lang='lat' dir='ltr'><strong>cas‘swuoni</strong></span> 
     </span>
    </p>
   </div>
   <div class='ocr_carea' id='block_1_3' title="bbox 3658 317 3763 374">
    <p class='ocr_par' dir='ltr' id='par_1_3' title="bbox 3658 317 3763 374">
     <span class='ocr_line' id='line_1_3' title="bbox 3658 317 3763 374; baseline 0 0"><span class='ocrx_word' id='word_1_5' title='bbox 3658 317 3763 374; x_wconf 60' lang='lat'><strong>548</strong></span> 
     </span>
    </p>
   </div>
   <div class='ocr_carea' id='block_1_4' title="bbox 483 418 3762 505">
    <p class='ocr_par' dir='ltr' id='par_1_4' title="bbox 483 418 3762 505">
     <span class='ocr_line' id='line_1_4' title="bbox 483 418 3762 505; baseline -0.001 -15"><span class='ocrx_word' id='word_1_6' title='bbox 483 438 577 492; x_wconf 89' lang='lat' dir='ltr'><strong>sed</strong></span> <span class='ocrx_word' id='word_1_7' title='bbox 608 444 858 504; x_wconf 84' lang='lat' dir='ltr'><strong>tanquam</strong></span> <span class='ocrx_word' id='word_1_8' title='bbox 879 434 1093 505; x_wconf 81' lang='lat' dir='ltr'><strong>quietus</strong></span> <span class='ocrx_word' id='word_1_9' title='bbox 1119 446 1181 487; x_wconf 86' lang='lat' dir='ltr'><strong>ac</strong></span> <span class='ocrx_word' id='word_1_10' title='bbox 1209 430 1469 487; x_wconf 81' lang='lat' dir='ltr'><strong>malorum</strong></span> <span class='ocrx_word' id='word_1_11' title='bbox 1493 443 1714 485; x_wconf 87' lang='lat' dir='ltr'><strong>suorum</strong></span> <span class='ocrx_word' id='word_1_12' title='bbox 1741 429 1980 495; x_wconf 89' lang='lat' dir='ltr'><strong>nescius,</strong></span> <span class='ocrx_word' id='word_1_13' title='bbox 2004 430 2057 483; x_wconf 84' lang='lat' dir='ltr'><strong>in</strong></span> <span class='ocrx_word' id='word_1_14' title='bbox 2086 433 2140 492; x_wconf 72' lang='grc' dir='ltr'>Α</span> <span class='ocrx_word' id='word_1_15' title='bbox 2166 429 2290 485; x_wconf 89' lang='lat' dir='ltr'><strong>vitia</strong></span> <span class='ocrx_word' id='word_1_16' title='bbox 2326 428 2598 485; x_wconf 88' lang='lat' dir='ltr'><strong>mundana</strong></span> <span class='ocrx_word' id='word_1_17' title='bbox 2628 418 3062 487; x_wconf 83' lang='lat' dir='ltr'><strong>transcenderat.</strong></span> <span class='ocrx_word' id='word_1_18' title='bbox 3092 424 3281 486; x_wconf 76' lang='lat' dir='ltr'><strong>Tacuit</strong></span> <span class='ocrx_word' id='word_1_19' title='bbox 3324 424 3475 500; x_wconf 83' lang='lat' dir='ltr'><strong>ergo.</strong></span> <span class='ocrx_word' id='word_1_20' title='bbox 3506 428 3762 500; x_wconf 78' lang='lat' dir='ltr'><strong>quoniam</strong></span> 
     </span>
    </p>
   </div>
   <div class='ocr_carea' id='block_1_5' title="bbox 482 522 2059 591">
    <p class='ocr_par' dir='ltr' id='par_1_5' title="bbox 482 522 2059 591">
     <span class='ocr_line' id='line_1_5' title="bbox 482 522 2059 591; baseline -0.003 -11"><span class='ocrx_word' id='word_1_21' title='bbox 482 528 567 581; x_wconf 84' lang='lat' dir='ltr'><strong>die</strong></span> <span class='ocrx_word' id='word_1_22' title='bbox 594 527 933 583; x_wconf 70' lang='lat' dir='ltr'><strong>tribulationis</strong></span> <span class='ocrx_word' id='word_1_23' title='bbox 958 541 1064 580; x_wconf 70' lang='lat' dir='ltr'><strong>sum</strong></span> <span class='ocrx_word' id='word_1_24' title='bbox 1093 535 1204 580; x_wconf 85' lang='lat' dir='ltr'><strong>tcto</strong></span> <span class='ocrx_word' id='word_1_25' title='bbox 1242 522 1514 579; x_wconf 88' lang='lat' dir='ltr'><strong>desiderio</strong></span> <span class='ocrx_word' id='word_1_26' title='bbox 1548 522 2059 591; x_wconf 71' lang='lat' dir='ltr'><strong>contemplationem</strong></span> 
     </span>
    </p>
   </div>
   <div class='ocr_carea' id='block_1_6' title="bbox 486 613 2061 689">
    <p class='ocr_par' dir='ltr' id='par_1_6' title="bbox 486 613 2061 689">
     <span class='ocr_line' id='line_1_6' title="bbox 486 613 2061 689; baseline -0.004 -16"><span class='ocrx_word' id='word_1_27' title='bbox 486 617 694 673; x_wconf 79' lang='lat' dir='ltr'><strong>Domini</strong></span> <span class='ocrx_word' id='word_1_28' title='bbox 720 616 1074 689; x_wconf 83' lang='lat' dir='ltr'><strong>perquirebat.</strong></span> <span class='ocrx_word' id='word_1_29' title='bbox 1103 613 1343 679; x_wconf 82' lang='lat' dir='ltr'><strong>Addidit,</strong></span> <span class='ocrx_word' id='word_1_30' title='bbox 1374 613 1611 669; x_wconf 83' lang='lat' dir='ltr'><strong>manibus</strong></span> <span class='ocrx_word' id='word_1_31' title='bbox 1639 615 1765 668; x_wconf 78' lang='lat' dir='ltr'><strong>meis</strong></span> <span class='ocrx_word' id='word_1_32' title='bbox 1797 623 1943 668; x_wconf 79' lang='lat' dir='ltr'><strong>nocte</strong></span> <span class='ocrx_word' id='word_1_33' title='bbox 1973 629 2061 667; x_wconf 85' lang='lat' dir='ltr'><strong>co-</strong></span> 
     </span>
    </p>
   </div>
   <div class='ocr_carea' id='block_1_7' title="bbox 482 705 2063 775">
    <p class='ocr_par' dir='ltr' id='par_1_7' title="bbox 482 705 2063 775">
     <span class='ocr_line' id='line_1_7' title="bbox 482 705 2063 775; baseline -0.002 -12"><span class='ocrx_word' id='word_1_34' title='bbox 482 724 599 765; x_wconf 75' lang='lat' dir='ltr'><strong>ram</strong></span> <span class='ocrx_word' id='word_1_35' title='bbox 626 726 702 773; x_wconf 86' lang='lat' dir='ltr'><strong>eo,</strong></span> <span class='ocrx_word' id='word_1_36' title='bbox 726 718 774 763; x_wconf 90' lang='lat' dir='ltr'><strong>et</strong></span> <span class='ocrx_word' id='word_1_37' title='bbox 809 724 909 761; x_wconf 85' lang='lat' dir='ltr'><strong>non</strong></span> <span class='ocrx_word' id='word_1_38' title='bbox 931 724 1042 761; x_wconf 87' lang='lat' dir='ltr'><strong>sum</strong></span> <span class='ocrx_word' id='word_1_39' title='bbox 1068 706 1326 775; x_wconf 79' lang='lat' dir='ltr'><strong>deceptus.</strong></span> <span class='ocrx_word' id='word_1_40' title='bbox 1360 706 1458 762; x_wconf 78' lang='lat' dir='ltr'><strong>llic</strong></span> <span class='ocrx_word' id='word_1_41' title='bbox 1483 705 1855 775; x_wconf 86' lang='lat' dir='ltr'><strong>complectitur</strong></span> <span class='ocrx_word' id='word_1_42' title='bbox 1877 717 2063 774; x_wconf 86' lang='lat' dir='ltr'><strong>quem-</strong></span> 
     </span>
    </p>
   </div>
   <div class='ocr_carea' id='block_1_8' title="bbox 484 796 2066 869">
    <p class='ocr_par' dir='ltr' id='par_1_8' title="bbox 484 796 2066 869">
     <span class='ocr_line' id='line_1_8' title="bbox 484 796 2066 869; baseline -0.003 -14"><span class='ocrx_word' id='word_1_43' title='bbox 484 801 766 857; x_wconf 75' lang='lat' dir='ltr'><strong>admodum</strong></span> <span class='ocrx_word' id='word_1_44' title='bbox 793 799 1071 853; x_wconf 88' lang='lat' dir='ltr'><strong>Dominum</strong></span> <span class='ocrx_word' id='word_1_45' title='bbox 1101 798 1329 854; x_wconf 87' lang='lat' dir='ltr'><strong>viriliter</strong></span> <span class='ocrx_word' id='word_1_46' title='bbox 1376 798 1667 869; x_wconf 75' lang='lat' dir='ltr'><strong>inquisivit,</strong></span> <span class='ocrx_word' id='word_1_47' title='bbox 1707 805 1764 853; x_wconf 90' lang='lat' dir='ltr'><strong>et</strong></span> <span class='ocrx_word' id='word_1_48' title='bbox 1808 797 1928 867; x_wconf 86' lang='lat' dir='ltr'><strong>quis</strong></span> <span class='ocrx_word' id='word_1_49' title='bbox 1954 796 2066 852; x_wconf 90' lang='lat' dir='ltr'><strong>fru-</strong></span> 
     </span>
    </p>
   </div>
   <div class='ocr_carea' id='block_1_9' title="bbox 483 887 2064 960">
    <p class='ocr_par' dir='ltr' id='par_1_9' title="bbox 483 887 2064 960">
     <span class='ocr_line' id='line_1_9' title="bbox 483 887 2064 960; baseline -0.001 -15"><span class='ocrx_word' id='word_1_50' title='bbox 483 898 603 946; x_wconf 84' lang='lat' dir='ltr'><strong>ctus</strong></span> <span class='ocrx_word' id='word_1_51' title='bbox 632 889 748 959; x_wconf 86' lang='lat' dir='ltr'><strong>ejus</strong></span> <span class='ocrx_word' id='word_1_52' title='bbox 777 889 1006 944; x_wconf 89' lang='lat' dir='ltr'><strong>actionis</strong></span> <span class='ocrx_word' id='word_1_53' title='bbox 1033 891 1302 960; x_wconf 75' lang='lat' dir='ltr'><strong>apparuit.</strong></span> <span class='ocrx_word' id='word_1_54' title='bbox 1356 887 1601 943; x_wconf 71' lang='lat' dir='ltr'><strong>Manibus</strong></span> <span class='ocrx_word' id='word_1_55' title='bbox 1630 889 1776 954; x_wconf 88' lang='lat' dir='ltr'><strong>meis,</strong></span> <span class='ocrx_word' id='word_1_56' title='bbox 1809 888 2064 958; x_wconf 81' lang='lat' dir='ltr'><strong>operibus</strong></span> 
     </span>
    </p>
   </div>
   <div class='ocr_carea' id='block_1_10' title="bbox 482 979 2066 1049">
    <p class='ocr_par' dir='ltr' id='par_1_10' title="bbox 482 979 2066 1049">
     <span class='ocr_line' id='line_1_10' title="bbox 482 979 2066 1049; baseline -0.002 -13"><span class='ocrx_word' id='word_1_57' title='bbox 482 982 612 1036; x_wconf 90' lang='lat' dir='ltr'><strong>dicit</strong></span> <span class='ocrx_word' id='word_1_58' title='bbox 637 979 811 1046; x_wconf 88' lang='lat' dir='ltr'><strong>bonis,</strong></span> <span class='ocrx_word' id='word_1_59' title='bbox 840 994 961 1049; x_wconf 74' lang='lat' dir='ltr'><strong>qua:</strong></span> <span class='ocrx_word' id='word_1_60' title='bbox 977 980 1173 1036; x_wconf 77' lang='lat' dir='ltr'><strong>divinis</strong></span> <span class='ocrx_word' id='word_1_61' title='bbox 1199 989 1494 1037; x_wconf 88' lang='lat' dir='ltr'><strong>noscuntur</strong></span> <span class='ocrx_word' id='word_1_62' title='bbox 1519 980 1811 1035; x_wconf 85' lang='lat' dir='ltr'><strong>convenire</strong></span> <span class='ocrx_word' id='word_1_63' title='bbox 1841 980 2066 1034; x_wconf 80' lang='lat' dir='ltr'><strong>manda-</strong></span> 
     </span>
    </p>
   </div>
   <div class='ocr_carea' id='block_1_11' title="bbox 480 1069 2065 1142">
    <p class='ocr_par' dir='ltr' id='par_1_11' title="bbox 480 1069 2065 1142">
     <span class='ocr_line' id='line_1_11' title="bbox 480 1069 2065 1142; baseline -0.001 -16"><span class='ocrx_word' id='word_1_64' title='bbox 480 1070 568 1126; x_wconf 90' lang='lat' dir='ltr'><strong>tis.</strong></span> <span class='ocrx_word' id='word_1_65' title='bbox 601 1069 768 1125; x_wconf 80' lang='lat' dir='ltr'><strong>Nocte</strong></span> <span class='ocrx_word' id='word_1_66' title='bbox 809 1070 993 1127; x_wconf 89' lang='lat' dir='ltr'><strong>mundi</strong></span> <span class='ocrx_word' id='word_1_67' title='bbox 1038 1070 1193 1127; x_wconf 78' lang='lat' dir='ltr'><strong>istius</strong></span> <span class='ocrx_word' id='word_1_68' title='bbox 1225 1069 1493 1142; x_wconf 86' lang='lat' dir='ltr'><strong>signiﬁcat</strong></span> <span class='ocrx_word' id='word_1_69' title='bbox 1515 1071 1709 1137; x_wconf 88' lang='lat' dir='ltr'><strong>vitam,</strong></span> <span class='ocrx_word' id='word_1_70' title='bbox 1737 1085 1856 1139; x_wconf 75' lang='lat' dir='ltr'><strong>qua:</strong></span> <span class='ocrx_word' id='word_1_71' title='bbox 1877 1085 2065 1140; x_wconf 62' lang='lat' dir='ltr'><strong>quam.</strong></span> 
     </span>
    </p>
   </div>
   <div class='ocr_carea' id='block_1_12' title="bbox 480 1165 2062 1236">
    <p class='ocr_par' dir='ltr' id='par_1_12' title="bbox 480 1165 2062 1236">
     <span class='ocr_line' id='line_1_12' title="bbox 480 1165 2062 1236; baseline -0.001 -15"><span class='ocrx_word' id='word_1_72' title='bbox 480 1166 564 1221; x_wconf 89' lang='lat' dir='ltr'><strong>vis</strong></span> <span class='ocrx_word' id='word_1_73' title='bbox 612 1165 785 1221; x_wconf 87' lang='lat' dir='ltr'><strong>lucem</strong></span> <span class='ocrx_word' id='word_1_74' title='bbox 839 1166 1036 1221; x_wconf 83' lang='lat' dir='ltr'><strong>habere</strong></span> <span class='ocrx_word' id='word_1_75' title='bbox 1064 1166 1327 1231; x_wconf 88' lang='lat' dir='ltr'><strong>videatur,</strong></span> <span class='ocrx_word' id='word_1_76' title='bbox 1373 1174 1710 1236; x_wconf 86' lang='lat' dir='ltr'><strong>peccatorum</strong></span> <span class='ocrx_word' id='word_1_77' title='bbox 1741 1174 1920 1220; x_wconf 89' lang='lat' dir='ltr'><strong>tamen</strong></span> <span class='ocrx_word' id='word_1_78' title='bbox 1964 1166 2062 1220; x_wconf 79' lang='lat' dir='ltr'><strong>nb-</strong></span> 
     </span>
    </p>
   </div>
   <div class='ocr_carea' id='block_1_13' title="bbox 481 1254 2059 1326">
    <p class='ocr_par' dir='ltr' id='par_1_13' title="bbox 481 1254 2059 1326">
     <span class='ocr_line' id='line_1_13' title="bbox 481 1254 2059 1326; baseline -0.002 -13"><span class='ocrx_word' id='word_1_79' title='bbox 481 1257 735 1313; x_wconf 85' lang='lat' dir='ltr'><strong>scuritate</strong></span> <span class='ocrx_word' id='word_1_80' title='bbox 765 1257 965 1313; x_wconf 90' lang='lat' dir='ltr'><strong>fuscata</strong></span> <span class='ocrx_word' id='word_1_81' title='bbox 988 1264 1092 1313; x_wconf 90' lang='lat' dir='ltr'><strong>est.</strong></span> <span class='ocrx_word' id='word_1_82' title='bbox 1120 1257 1311 1313; x_wconf 72' lang='lat' dir='ltr'><strong>Coram</strong></span> <span class='ocrx_word' id='word_1_83' title='bbox 1337 1273 1416 1326; x_wconf 87' lang='lat' dir='ltr'><strong>eo,</strong></span> <span class='ocrx_word' id='word_1_84' title='bbox 1451 1257 1504 1312; x_wconf 88' lang='lat' dir='ltr'><strong>id</strong></span> <span class='ocrx_word' id='word_1_85' title='bbox 1532 1266 1615 1313; x_wconf 90' lang='lat' dir='ltr'><strong>est</strong></span> <span class='ocrx_word' id='word_1_86' title='bbox 1637 1272 1741 1311; x_wconf 88' lang='lat' dir='ltr'><strong>non</strong></span> <span class='ocrx_word' id='word_1_87' title='bbox 1772 1254 1840 1312; x_wconf 89' lang='lat' dir='ltr'><strong>ad</strong></span> <span class='ocrx_word' id='word_1_88' title='bbox 1868 1255 2059 1311; x_wconf 85' lang='lat' dir='ltr'><strong>faciem</strong></span> 
     </span>
    </p>
   </div>
   <div class='ocr_carea' id='block_1_14' title="bbox 481 1348 2065 1419">
    <p class='ocr_par' dir='ltr' id='par_1_14' title="bbox 481 1348 2065 1419">
     <span class='ocr_line' id='line_1_14' title="bbox 481 1348 2065 1419; baseline -0.001 -15"><span class='ocrx_word' id='word_1_89' title='bbox 481 1348 789 1416; x_wconf 86' lang='lat' dir='ltr'><strong>hominum,</strong></span> <span class='ocrx_word' id='word_1_90' title='bbox 822 1349 914 1405; x_wconf 91' lang='lat' dir='ltr'><strong>sed</strong></span> <span class='ocrx_word' id='word_1_91' title='bbox 945 1351 999 1404; x_wconf 90' lang='lat' dir='ltr'><strong>ia</strong></span> <span class='ocrx_word' id='word_1_92' title='bbox 1028 1349 1375 1418; x_wconf 88' lang='lat' dir='ltr'><strong>abscondito,</strong></span> <span class='ocrx_word' id='word_1_93' title='bbox 1409 1351 1547 1406; x_wconf 86' lang='lat' dir='ltr'><strong>sicut</strong></span> <span class='ocrx_word' id='word_1_94' title='bbox 1578 1351 1692 1419; x_wconf 87' lang='lat' dir='ltr'><strong>ipse</strong></span> <span class='ocrx_word' id='word_1_95' title='bbox 1720 1348 1850 1404; x_wconf 89' lang='lat' dir='ltr'><strong>dicit</strong></span> <span class='ocrx_word' id='word_1_96' title='bbox 1882 1366 1897 1402; x_wconf 90' lang='lat'><strong>:</strong></span> <span class='ocrx_word' id='word_1_97' title='bbox 1949 1348 2065 1403; x_wconf 74' lang='lat' dir='ltr'><strong>No-</strong></span> 
     </span>
    </p>
   </div>
   <div class='ocr_carea' id='block_1_15' title="bbox 483 1439 2061 1512">
    <p class='ocr_par' dir='ltr' id='par_1_15' title="bbox 483 1439 2061 1512">
     <span class='ocr_line' id='line_1_15' title="bbox 483 1439 2061 1512; baseline -0.001 -18"><span class='ocrx_word' id='word_1_98' title='bbox 483 1441 571 1495; x_wconf 87' lang='lat' dir='ltr'><strong>lite</strong></span> <span class='ocrx_word' id='word_1_99' title='bbox 598 1442 765 1512; x_wconf 75' lang='lat' dir='ltr'><strong>facere</strong></span> <span class='ocrx_word' id='word_1_100' title='bbox 785 1439 1044 1512; x_wconf 76' lang='lat' dir='ltr'><strong>justitiam</strong></span> <span class='ocrx_word' id='word_1_101' title='bbox 1064 1450 1283 1496; x_wconf 80' lang='lat' dir='ltr'><strong>vestram</strong></span> <span class='ocrx_word' id='word_1_102' title='bbox 1320 1459 1494 1497; x_wconf 86' lang='lat' dir='ltr'><strong>coram</strong></span> <span class='ocrx_word' id='word_1_103' title='bbox 1530 1440 1820 1496; x_wconf 76' lang='lat' dir='ltr'><strong>hominibus</strong></span> <span class='ocrx_word' id='word_1_104' title='bbox 1847 1439 2061 1512; x_wconf 73' lang='lat' dir='ltr'><strong>(Matth.</strong></span> 
     </span>
    </p>
   </div>
   <div class='ocr_carea' id='block_1_16' title="bbox 2164 521 3765 592">
    <p class='ocr_par' dir='ltr' id='par_1_16' title="bbox 2164 521 3765 592">
     <span class='ocr_line' id='line_1_16' title="bbox 2164 521 3765 592; baseline 0.001 -16"><span class='ocrx_word' id='word_1_105' title='bbox 2164 521 2426 592; x_wconf 88' lang='lat' dir='ltr'><strong>profunda</strong></span> <span class='ocrx_word' id='word_1_106' title='bbox 2469 529 2627 578; x_wconf 88' lang='lat' dir='ltr'><strong>nocte</strong></span> <span class='ocrx_word' id='word_1_107' title='bbox 2655 537 2760 578; x_wconf 89' lang='lat' dir='ltr'><strong>non</strong></span> <span class='ocrx_word' id='word_1_108' title='bbox 2793 521 3023 578; x_wconf 80' lang='lat' dir='ltr'><strong>habebat</strong></span> <span class='ocrx_word' id='word_1_109' title='bbox 3052 522 3307 579; x_wconf 86' lang='lat' dir='ltr'><strong>solatium</strong></span> <span class='ocrx_word' id='word_1_110' title='bbox 3347 523 3567 577; x_wconf 86' lang='lat' dir='ltr'><strong>humani</strong></span> <span class='ocrx_word' id='word_1_111' title='bbox 3596 522 3765 577; x_wconf 79' lang='lat' dir='ltr'><strong>cello-</strong></span> 
     </span>
    </p>
   </div>
   <div class='ocr_carea' id='block_1_17' title="bbox 2163 610 3766 686">
    <p class='ocr_par' dir='ltr' id='par_1_17' title="bbox 2163 610 3766 686">
     <span class='ocr_line' id='line_1_17' title="bbox 2163 610 3766 686; baseline 0 -19"><span class='ocrx_word' id='word_1_112' title='bbox 2163 610 2272 683; x_wconf 84' lang='lat' dir='ltr'><strong>quii</strong></span> <span class='ocrx_word' id='word_1_113' title='bbox 2298 630 2313 667; x_wconf 90' lang='lat'><strong>:</strong></span> <span class='ocrx_word' id='word_1_114' title='bbox 2343 627 2449 685; x_wconf 87' lang='lat' dir='ltr'><strong>quo</strong></span> <span class='ocrx_word' id='word_1_115' title='bbox 2494 614 2737 684; x_wconf 83' lang='lat' dir='ltr'><strong>tctnpore</strong></span> <span class='ocrx_word' id='word_1_116' title='bbox 2781 614 2993 672; x_wconf 79' lang='lat' dir='ltr'><strong>cautius</strong></span> <span class='ocrx_word' id='word_1_117' title='bbox 3040 614 3241 685; x_wconf 86' lang='lat' dir='ltr'><strong>cogitat</strong></span> <span class='ocrx_word' id='word_1_118' title='bbox 3287 615 3596 686; x_wconf 85' lang='lat' dir='ltr'><strong>quicunque</strong></span> <span class='ocrx_word' id='word_1_119' title='bbox 3628 614 3766 670; x_wconf 84' lang='lat' dir='ltr'><strong>deli-</strong></span> 
     </span>
    </p>
   </div>
   <div class='ocr_carea' id='block_1_18' title="bbox 2166 702 2337 759">
    <p class='ocr_par' dir='ltr' id='par_1_18' title="bbox 2166 702 2337 759">
     <span class='ocr_line' id='line_1_18' title="bbox 2166 702 2337 759; baseline 0.012 -2"><span class='ocrx_word' id='word_1_120' title='bbox 2166 702 2337 759; x_wconf 91' lang='lat' dir='ltr'><strong>berat.</strong></span> 
     </span>
    </p>
   </div>
   <div class='ocr_carea' id='block_1_19' title="bbox 2235 802 3758 877">
    <p class='ocr_par' dir='ltr' id='par_1_19' title="bbox 2235 802 3758 877">
     <span class='ocr_line' id='line_1_19' title="bbox 2235 802 3758 877; baseline 0.001 -19"><span class='ocrx_word' id='word_1_121' title='bbox 2235 802 2388 859; x_wconf 85' lang='lat' dir='ltr'><strong>Vers.</strong></span> <span class='ocrx_word' id='word_1_122' title='bbox 2417 802 2470 859; x_wconf 81' lang='lat'><strong>5.</strong></span> <span class='ocrx_word' id='word_1_123' title='bbox 2509 802 2739 875; x_wconf 79' lang='lat' dir='ltr'><strong>Cogitavi</strong></span> <span class='ocrx_word' id='word_1_124' title='bbox 2780 804 2890 861; x_wconf 80' lang='lat' dir='ltr'><strong>dies</strong></span> <span class='ocrx_word' id='word_1_125' title='bbox 2931 807 3197 877; x_wconf 83' lang='lat' dir='ltr'><strong>antiquos,</strong></span> <span class='ocrx_word' id='word_1_126' title='bbox 3227 818 3276 862; x_wconf 86' lang='lat' dir='ltr'><strong>et</strong></span> <span class='ocrx_word' id='word_1_127' title='bbox 3312 822 3476 861; x_wconf 83' lang='lat' dir='ltr'><strong>annos</strong></span> <span class='ocrx_word' id='word_1_128' title='bbox 3516 804 3758 861; x_wconf 65' lang='lat' dir='ltr'><strong>attritos.</strong></span> 
     </span>
    </p>
   </div>
   <div class='ocr_carea' id='block_1_20' title="bbox 2166 890 3759 967">
    <p class='ocr_par' dir='ltr' id='par_1_20' title="bbox 2166 890 3759 967">
     <span class='ocr_line' id='line_1_20' title="bbox 2166 890 3759 967; baseline 0.004 -22"><span class='ocrx_word' id='word_1_129' title='bbox 2166 890 2467 962; x_wconf 91' lang='lat' dir='ltr'><strong>Ingreditur</strong></span> <span class='ocrx_word' id='word_1_130' title='bbox 2511 893 2917 949; x_wconf 87' lang='lat' dir='ltr'><strong>deliberativum</strong></span> <span class='ocrx_word' id='word_1_131' title='bbox 2966 895 3179 952; x_wconf 90' lang='lat' dir='ltr'><strong>dicendi</strong></span> <span class='ocrx_word' id='word_1_132' title='bbox 3208 909 3397 967; x_wconf 87' lang='lat' dir='ltr'><strong>genus,</strong></span> <span class='ocrx_word' id='word_1_133' title='bbox 3445 895 3589 966; x_wconf 91' lang='lat' dir='ltr'><strong>quod</strong></span> <span class='ocrx_word' id='word_1_134' title='bbox 3639 897 3759 951; x_wconf 81' lang='lat' dir='ltr'><strong>suis</strong></span> 
     </span>
    </p>
   </div>
   <div class='ocr_carea' id='block_1_21' title="bbox 2164 980 3765 1055">
    <p class='ocr_par' dir='ltr' id='par_1_21' title="bbox 2164 980 3765 1055">
     <span class='ocr_line' id='line_1_21' title="bbox 2164 980 3765 1055; baseline 0.003 -19"><span class='ocrx_word' id='word_1_135' title='bbox 2164 981 2422 1036; x_wconf 86' lang='lat' dir='ltr'><strong>membris</strong></span> <span class='ocrx_word' id='word_1_136' title='bbox 2450 983 2737 1054; x_wconf 75' lang='lat' dir='ltr'><strong>diligenter</strong></span> <span class='ocrx_word' id='word_1_137' title='bbox 2766 986 3097 1055; x_wconf 72' lang='lat' dir='ltr'><strong>esplicitum,</strong></span> <span class='ocrx_word' id='word_1_138' title='bbox 3140 986 3194 1040; x_wconf 89' lang='lat' dir='ltr'><strong>in</strong></span> <span class='ocrx_word' id='word_1_139' title='bbox 3243 985 3402 1054; x_wconf 75' lang='lat' dir='ltr'><strong>huius</strong></span> <span class='ocrx_word' id='word_1_140' title='bbox 3436 987 3608 1055; x_wconf 85' lang='lat' dir='ltr'><strong>partis</strong></span> <span class='ocrx_word' id='word_1_141' title='bbox 3657 980 3765 1042; x_wconf 73' lang='lat' dir='ltr'><strong>ﬁne</strong></span> 
     </span>
    </p>
   </div>
   <div class='ocr_carea' id='block_1_22' title="bbox 2166 1074 3767 1148">
    <p class='ocr_par' dir='ltr' id='par_1_22' title="bbox 2166 1074 3767 1148">
     <span class='ocr_line' id='line_1_22' title="bbox 2166 1074 3767 1148; baseline 0.003 -21"><span class='ocrx_word' id='word_1_142' title='bbox 2166 1075 2606 1130; x_wconf 85' lang='lat' dir='ltr'><strong>monstrabimus.</strong></span> <span class='ocrx_word' id='word_1_143' title='bbox 2653 1076 2791 1132; x_wconf 91' lang='lat' dir='ltr'><strong>Dicit</strong></span> <span class='ocrx_word' id='word_1_144' title='bbox 2829 1078 2976 1132; x_wconf 91' lang='lat' dir='ltr'><strong>enim</strong></span> <span class='ocrx_word' id='word_1_145' title='bbox 3001 1093 3165 1147; x_wconf 86' lang='lat' dir='ltr'><strong>quare</strong></span> <span class='ocrx_word' id='word_1_146' title='bbox 3205 1078 3451 1132; x_wconf 87' lang='lat' dir='ltr'><strong>turbatus</strong></span> <span class='ocrx_word' id='word_1_147' title='bbox 3474 1085 3559 1132; x_wconf 91' lang='lat' dir='ltr'><strong>est</strong></span> <span class='ocrx_word' id='word_1_148' title='bbox 3593 1074 3767 1148; x_wconf 58' lang='lat' dir='ltr'><strong>:quol</strong></span> 
     </span>
    </p>
   </div>
   <div class='ocr_carea' id='block_1_23' title="bbox 2166 1164 3763 1237">
    <p class='ocr_par' dir='ltr' id='par_1_23' title="bbox 2166 1164 3763 1237">
     <span class='ocr_line' id='line_1_23' title="bbox 2166 1164 3763 1237; baseline 0.003 -20"><span class='ocrx_word' id='word_1_149' title='bbox 2166 1165 2306 1218; x_wconf 90' lang='lat' dir='ltr'><strong>niam</strong></span> <span class='ocrx_word' id='word_1_150' title='bbox 2357 1164 2472 1218; x_wconf 81' lang='lat' dir='ltr'><strong>dies</strong></span> <span class='ocrx_word' id='word_1_151' title='bbox 2519 1166 2755 1236; x_wconf 83' lang='lat' dir='ltr'><strong>cogitavit</strong></span> <span class='ocrx_word' id='word_1_152' title='bbox 2793 1168 3050 1237; x_wconf 84' lang='lat' dir='ltr'><strong>antiquos,</strong></span> <span class='ocrx_word' id='word_1_153' title='bbox 3097 1167 3227 1222; x_wconf 73' lang='lat' dir='ltr'><strong>Atla:</strong></span> <span class='ocrx_word' id='word_1_154' title='bbox 3258 1166 3531 1233; x_wconf 81' lang='lat' dir='ltr'><strong>videlicet,</strong></span> <span class='ocrx_word' id='word_1_155' title='bbox 3562 1166 3763 1237; x_wconf 74' lang='lat' dir='ltr'><strong>quibus</strong></span> 
     </span>
    </p>
   </div>
   <div class='ocr_carea' id='block_1_24' title="bbox 2166 1251 3764 1324">
    <p class='ocr_par' dir='ltr' id='par_1_24' title="bbox 2166 1251 3764 1324">
     <span class='ocr_line' id='line_1_24' title="bbox 2166 1251 3764 1324; baseline 0.005 -19"><span class='ocrx_word' id='word_1_156' title='bbox 2166 1251 2458 1306; x_wconf 85' lang='lat' dir='ltr'><strong>humanum</strong></span> <span class='ocrx_word' id='word_1_157' title='bbox 2498 1264 2667 1323; x_wconf 88' lang='lat' dir='ltr'><strong>genus</strong></span> <span class='ocrx_word' id='word_1_158' title='bbox 2714 1257 2949 1324; x_wconf 85' lang='lat' dir='ltr'><strong>peccatis</strong></span> <span class='ocrx_word' id='word_1_159' title='bbox 2982 1256 3262 1312; x_wconf 87' lang='lat' dir='ltr'><strong>tenebatur</strong></span> <span class='ocrx_word' id='word_1_160' title='bbox 3302 1256 3591 1312; x_wconf 73' lang='lat' dir='ltr'><strong>obnoxium</strong></span> <span class='ocrx_word' id='word_1_161' title='bbox 3624 1274 3639 1312; x_wconf 92' lang='lat'><strong>:</strong></span> <span class='ocrx_word' id='word_1_162' title='bbox 3692 1256 3764 1313; x_wconf 87' lang='lat' dir='ltr'><strong>de</strong></span> 
     </span>
    </p>
   </div>
   <div class='ocr_carea' id='block_1_25' title="bbox 2166 1342 3764 1418">
    <p class='ocr_par' dir='ltr' id='par_1_25' title="bbox 2166 1342 3764 1418">
     <span class='ocr_line' id='line_1_25' title="bbox 2166 1342 3764 1418; baseline 0.003 -21"><span class='ocrx_word' id='word_1_163' title='bbox 2166 1344 2360 1412; x_wconf 81' lang='lat' dir='ltr'><strong>quibus</strong></span> <span class='ocrx_word' id='word_1_164' title='bbox 2407 1352 2461 1398; x_wconf 91' lang='lat' dir='ltr'><strong>et</strong></span> <span class='ocrx_word' id='word_1_165' title='bbox 2508 1344 2610 1399; x_wconf 80' lang='lat' dir='ltr'><strong>alio</strong></span> <span class='ocrx_word' id='word_1_166' title='bbox 2640 1343 2761 1399; x_wconf 89' lang='lat' dir='ltr'><strong>loco</strong></span> <span class='ocrx_word' id='word_1_167' title='bbox 2799 1344 2969 1400; x_wconf 84' lang='lat' dir='ltr'><strong>dicit:</strong></span> <span class='ocrx_word' id='word_1_168' title='bbox 3010 1344 3146 1400; x_wconf 85' lang='lat' dir='ltr'><strong>Ecce</strong></span> <span class='ocrx_word' id='word_1_169' title='bbox 3180 1355 3367 1400; x_wconf 86' lang='lat' dir='ltr'><strong>veteres</strong></span> <span class='ocrx_word' id='word_1_170' title='bbox 3394 1342 3616 1418; x_wconf 77' lang='lat' dir='ltr'><strong>posuisti</strong></span> <span class='ocrx_word' id='word_1_171' title='bbox 3651 1342 3764 1402; x_wconf 69' lang='lat' dir='ltr'><strong>dies</strong></span> 
     </span>
    </p>
   </div>
   <div class='ocr_carea' id='block_1_26' title="bbox 2165 1432 3764 1510">
    <p class='ocr_par' dir='ltr' id='par_1_26' title="bbox 2165 1432 3764 1510">
     <span class='ocr_line' id='line_1_26' title="bbox 2165 1432 3764 1510; baseline 0.004 -22"><span class='ocrx_word' id='word_1_172' title='bbox 2165 1432 2500 1506; x_wconf 83' lang='lat' dir='ltr'><strong>meos(Psal.</strong></span> <span class='ocrx_word' id='word_1_173' title='bbox 2532 1448 2762 1501; x_wconf 81' lang='lat' dir='ltr'><strong>xuvut,</strong></span> <span class='ocrx_word' id='word_1_174' title='bbox 2796 1436 2874 1507; x_wconf 89' lang='grc'><strong>6).</strong></span> <span class='ocrx_word' id='word_1_175' title='bbox 2938 1435 3044 1493; x_wconf 88' lang='lat' dir='ltr'><strong>Sed</strong></span> <span class='ocrx_word' id='word_1_176' title='bbox 3093 1439 3178 1493; x_wconf 89' lang='lat' dir='ltr'><strong>isti</strong></span> <span class='ocrx_word' id='word_1_177' title='bbox 3229 1441 3550 1509; x_wconf 87' lang='lat' dir='ltr'><strong>temporales</strong></span> <span class='ocrx_word' id='word_1_178' title='bbox 3595 1450 3764 1510; x_wconf 82' lang='lat' dir='ltr'><strong>atque</strong></span> 
     </span>
    </p>
   </div>
   <div class='ocr_carea' id='block_1_27' title="bbox 478 1525 3762 1602">
    <p class='ocr_par' dir='ltr' id='par_1_27' title="bbox 478 1525 3762 1602">
     <span class='ocr_line' id='line_1_27' title="bbox 478 1525 3762 1602; baseline 0.001 -15"><span class='ocrx_word' id='word_1_179' title='bbox 478 1545 555 1599; x_wconf 81' lang='lat' dir='ltr'><strong>vs,</strong></span> <span class='ocrx_word' id='word_1_180' title='bbox 587 1532 668 1602; x_wconf 80' lang='lat' dir='ltr'><strong>l),</strong></span> <span class='ocrx_word' id='word_1_181' title='bbox 696 1542 801 1587; x_wconf 89' lang='lat' dir='ltr'><strong>etc.</strong></span> <span class='ocrx_word' id='word_1_182' title='bbox 834 1532 930 1588; x_wconf 86' lang='lat' dir='ltr'><strong>Illo</strong></span> <span class='ocrx_word' id='word_1_183' title='bbox 956 1532 1105 1587; x_wconf 75' lang='lat' dir='ltr'><strong>enim</strong></span> <span class='ocrx_word' id='word_1_184' title='bbox 1133 1542 1399 1602; x_wconf 67' lang='lat' dir='ltr'><strong>prasente</strong></span> <span class='ocrx_word' id='word_1_185' title='bbox 1427 1533 1516 1598; x_wconf 87' lang='lat' dir='ltr'><strong>lit,</strong></span> <span class='ocrx_word' id='word_1_186' title='bbox 1541 1530 1759 1601; x_wconf 78' lang='lat' dir='ltr'><strong>quando</strong></span> <span class='ocrx_word' id='word_1_187' title='bbox 1795 1528 2064 1586; x_wconf 77' lang='lat' dir='ltr'><strong>humanus</strong></span> <span class='ocrx_word' id='word_1_188' title='bbox 2168 1525 2357 1582; x_wconf 87' lang='lat' dir='ltr'><strong>caduci</strong></span> <span class='ocrx_word' id='word_1_189' title='bbox 2388 1538 2536 1591; x_wconf 90' lang='lat' dir='ltr'><strong>sunt,</strong></span> <span class='ocrx_word' id='word_1_190' title='bbox 2571 1537 2625 1582; x_wconf 92' lang='lat' dir='ltr'><strong>et</strong></span> <span class='ocrx_word' id='word_1_191' title='bbox 2671 1527 2815 1583; x_wconf 89' lang='lat' dir='ltr'><strong>labili</strong></span> <span class='ocrx_word' id='word_1_192' title='bbox 2863 1529 3117 1586; x_wconf 84' lang='lat' dir='ltr'><strong>varietate</strong></span> <span class='ocrx_word' id='word_1_193' title='bbox 3154 1530 3385 1601; x_wconf 82' lang='lat' dir='ltr'><strong>fugitivi.</strong></span> <span class='ocrx_word' id='word_1_194' title='bbox 3435 1530 3541 1588; x_wconf 79' lang='lat' dir='ltr'><strong>Sed</strong></span> <span class='ocrx_word' id='word_1_195' title='bbox 3569 1542 3762 1589; x_wconf 87' lang='lat' dir='ltr'><strong>contra</strong></span> 
     </span>
    </p>
   </div>
   <div class='ocr_carea' id='block_1_28' title="bbox 481 1619 3764 1694">
    <p class='ocr_par' dir='ltr' id='par_1_28' title="bbox 481 1619 3764 1694">
     <span class='ocr_line' id='line_1_28' title="bbox 481 1619 3764 1694; baseline 0.001 -15"><span class='ocrx_word' id='word_1_196' title='bbox 481 1640 593 1681; x_wconf 83' lang='lat' dir='ltr'><strong>non</strong></span> <span class='ocrx_word' id='word_1_197' title='bbox 635 1624 913 1683; x_wconf 52' lang='lat' dir='ltr'><strong>ﬂectatur</strong></span> <span class='ocrx_word' id='word_1_198' title='bbox 963 1633 1243 1692; x_wconf 64' lang='lat' dir='ltr'><strong>aspectas»,</strong></span> <span class='ocrx_word' id='word_1_199' title='bbox 1287 1625 1529 1680; x_wconf 73' lang='lat' dir='ltr'><strong>utmis</strong></span> <span class='ocrx_word' id='word_1_200' title='bbox 1558 1624 1805 1679; x_wconf 72' lang='lat' dir='ltr'><strong>laudibus</strong></span> <span class='ocrx_word' id='word_1_201' title='bbox 1834 1624 2071 1679; x_wconf 71' lang='lat' dir='ltr'><strong>intuma“-</strong></span> <span class='ocrx_word' id='word_1_202' title='bbox 2168 1619 2277 1674; x_wconf 81' lang='lat' dir='ltr'><strong>tfies</strong></span> <span class='ocrx_word' id='word_1_203' title='bbox 2318 1621 2577 1691; x_wconf 77' lang='lat' dir='ltr'><strong>antiques,</strong></span> <span class='ocrx_word' id='word_1_204' title='bbox 2608 1634 2770 1676; x_wconf 84' lang='lat' dir='ltr'><strong>annos</strong></span> <span class='ocrx_word' id='word_1_205' title='bbox 2812 1622 2963 1691; x_wconf 89' lang='lat' dir='ltr'><strong>ponit</strong></span> <span class='ocrx_word' id='word_1_206' title='bbox 3008 1632 3260 1689; x_wconf 79' lang='lat' dir='ltr'><strong>teternos,</strong></span> <span class='ocrx_word' id='word_1_207' title='bbox 3311 1624 3434 1694; x_wconf 86' lang='lat' dir='ltr'><strong>quia</strong></span> <span class='ocrx_word' id='word_1_208' title='bbox 3482 1625 3622 1680; x_wconf 90' lang='lat' dir='ltr'><strong>sicut</strong></span> <span class='ocrx_word' id='word_1_209' title='bbox 3670 1627 3764 1682; x_wconf 88' lang='lat' dir='ltr'><strong>isti</strong></span> 
     </span>
    </p>
   </div>
   <div class='ocr_carea' id='block_1_29' title="bbox 479 1711 3766 1786">
    <p class='ocr_par' dir='ltr' id='par_1_29' title="bbox 479 1711 3766 1786">
     <span class='ocr_line' id='line_1_29' title="bbox 479 1711 3766 1786; baseline -0 -14"><span class='ocrx_word' id='word_1_210' title='bbox 479 1726 616 1784; x_wconf 83' lang='lat' dir='ltr'><strong>seat,</strong></span> <span class='ocrx_word' id='word_1_211' title='bbox 652 1730 773 1771; x_wconf 87' lang='lat' dir='ltr'><strong>cum</strong></span> <span class='ocrx_word' id='word_1_212' title='bbox 804 1730 865 1772; x_wconf 87' lang='lat' dir='ltr'><strong>se</strong></span> <span class='ocrx_word' id='word_1_213' title='bbox 890 1715 1088 1785; x_wconf 87' lang='lat' dir='ltr'><strong>aliquis</strong></span> <span class='ocrx_word' id='word_1_214' title='bbox 1118 1714 1243 1770; x_wconf 87' lang='lat' dir='ltr'><strong>boui</strong></span> <span class='ocrx_word' id='word_1_215' title='bbox 1269 1715 1555 1786; x_wconf 90' lang='lat' dir='ltr'><strong>quidquam</strong></span> <span class='ocrx_word' id='word_1_216' title='bbox 1599 1714 1791 1770; x_wconf 81' lang='lat' dir='ltr'><strong>fecisse</strong></span> <span class='ocrx_word' id='word_1_217' title='bbox 1818 1714 2064 1771; x_wconf 70' lang='lat' dir='ltr'><strong>dissensi-</strong></span> <span class='ocrx_word' id='word_1_218' title='bbox 2167 1721 2447 1767; x_wconf 57' lang='lat' dir='ltr'><strong>nomen»</strong></span> <span class='ocrx_word' id='word_1_219' title='bbox 2468 1720 2717 1781; x_wconf 79' lang='lat' dir='ltr'><strong>pereunt,</strong></span> <span class='ocrx_word' id='word_1_220' title='bbox 2735 1712 2817 1768; x_wconf 87' lang='lat' dir='ltr'><strong>sic</strong></span> <span class='ocrx_word' id='word_1_221' title='bbox 2836 1711 2999 1767; x_wconf 85' lang='lat' dir='ltr'><strong>futuri</strong></span> <span class='ocrx_word' id='word_1_222' title='bbox 3026 1716 3247 1784; x_wconf 85' lang='lat' dir='ltr'><strong>perenni</strong></span> <span class='ocrx_word' id='word_1_223' title='bbox 3272 1714 3609 1784; x_wconf 66' lang='lat' dir='ltr'><strong>longmvitate</strong></span> <span class='ocrx_word' id='word_1_224' title='bbox 3628 1731 3766 1771; x_wconf 59' lang='lat' dir='ltr'><strong>con.</strong></span> 
     </span>
    </p>
   </div>
   <div class='ocr_carea' id='block_1_30' title="bbox 480 1798 3766 1877">
    <p class='ocr_par' dir='ltr' id='par_1_30' title="bbox 480 1798 3766 1877">
     <span class='ocr_line' id='line_1_30' title="bbox 480 1798 3766 1877; baseline -0 -14"><span class='ocrx_word' id='word_1_225' title='bbox 480 1817 591 1863; x_wconf 89' lang='lat' dir='ltr'><strong>nat.</strong></span> <span class='ocrx_word' id='word_1_226' title='bbox 617 1808 885 1877; x_wconf 84' lang='lat' dir='ltr'><strong>sequitur,</strong></span> <span class='ocrx_word' id='word_1_227' title='bbox 911 1815 960 1862; x_wconf 82' lang='lat' dir='ltr'><strong>st</strong></span> <span class='ocrx_word' id='word_1_228' title='bbox 980 1821 1083 1859; x_wconf 89' lang='lat' dir='ltr'><strong>non</strong></span> <span class='ocrx_word' id='word_1_229' title='bbox 1103 1822 1219 1860; x_wconf 84' lang='lat' dir='ltr'><strong>sum</strong></span> <span class='ocrx_word' id='word_1_230' title='bbox 1240 1806 1500 1877; x_wconf 84' lang='lat' dir='ltr'><strong>deceptus.</strong></span> <span class='ocrx_word' id='word_1_231' title='bbox 1523 1804 1620 1861; x_wconf 85' lang='lat' dir='ltr'><strong>llle</strong></span> <span class='ocrx_word' id='word_1_232' title='bbox 1642 1818 1828 1862; x_wconf 79' lang='lat' dir='ltr'><strong>revera</strong></span> <span class='ocrx_word' id='word_1_233' title='bbox 1849 1812 1955 1860; x_wconf 84' lang='lat' dir='ltr'><strong>non</strong></span> <span class='ocrx_word' id='word_1_234' title='bbox 1971 1803 2063 1860; x_wconf 81' lang='lat' dir='ltr'><strong>de-</strong></span> <span class='ocrx_word' id='word_1_235' title='bbox 2094 1800 2139 1859; x_wconf 82' lang='grc' dir='ltr'><strong>Β</strong></span> <span class='ocrx_word' id='word_1_236' title='bbox 2167 1803 2364 1857; x_wconf 79' lang='lat' dir='ltr'><strong>sistunt</strong></span> <span class='ocrx_word' id='word_1_237' title='bbox 2392 1818 2407 1854; x_wconf 87' lang='lat'><strong>:</strong></span> <span class='ocrx_word' id='word_1_238' title='bbox 2436 1803 2491 1858; x_wconf 81' lang='lat' dir='ltr'><strong>ia</strong></span> <span class='ocrx_word' id='word_1_239' title='bbox 2519 1802 2637 1858; x_wconf 81' lang='lat' dir='ltr'><strong>istis</strong></span> <span class='ocrx_word' id='word_1_240' title='bbox 2673 1817 2821 1858; x_wconf 79' lang='lat' dir='ltr'><strong>mors</strong></span> <span class='ocrx_word' id='word_1_241' title='bbox 2855 1803 3187 1872; x_wconf 68' lang='lat' dir='ltr'><strong>dominatur,</strong></span> <span class='ocrx_word' id='word_1_242' title='bbox 3219 1804 3272 1860; x_wconf 88' lang='lat' dir='ltr'><strong>in</strong></span> <span class='ocrx_word' id='word_1_243' title='bbox 3307 1798 3412 1861; x_wconf 86' lang='lat' dir='ltr'><strong>illis</strong></span> <span class='ocrx_word' id='word_1_244' title='bbox 3438 1814 3627 1877; x_wconf 80' lang='lat' dir='ltr'><strong>regnat</strong></span> <span class='ocrx_word' id='word_1_245' title='bbox 3646 1806 3766 1863; x_wconf 86' lang='lat' dir='ltr'><strong>vita</strong></span> 
     </span>
    </p>
   </div>
   <div class='ocr_carea' id='block_1_31' title="bbox 478 1894 3763 1967">
    <p class='ocr_par' dir='ltr' id='par_1_31' title="bbox 478 1894 3763 1967">
     <span class='ocr_line' id='line_1_31' title="bbox 478 1894 3763 1967; baseline 0.001 -14"><span class='ocrx_word' id='word_1_246' title='bbox 478 1896 705 1967; x_wconf 84' lang='lat' dir='ltr'><strong>cipitur,</strong></span> <span class='ocrx_word' id='word_1_247' title='bbox 731 1897 818 1952; x_wconf 89' lang='lat' dir='ltr'><strong>cui</strong></span> <span class='ocrx_word' id='word_1_248' title='bbox 862 1897 1124 1967; x_wconf 89' lang='lat' dir='ltr'><strong>promissa</strong></span> <span class='ocrx_word' id='word_1_249' title='bbox 1152 1896 1514 1965; x_wconf 88' lang='lat' dir='ltr'><strong>complentur.</strong></span> <span class='ocrx_word' id='word_1_250' title='bbox 1544 1895 1847 1951; x_wconf 84' lang='lat' dir='ltr'><strong>Sollicitius</strong></span> <span class='ocrx_word' id='word_1_251' title='bbox 1884 1901 2063 1949; x_wconf 86' lang='lat' dir='ltr'><strong>autem</strong></span> <span class='ocrx_word' id='word_1_252' title='bbox 2166 1904 2462 1965; x_wconf 90' lang='lat' dir='ltr'><strong>perpetua;</strong></span> <span class='ocrx_word' id='word_1_253' title='bbox 2518 1895 2607 1949; x_wconf 89' lang='lat' dir='ltr'><strong>isti</strong></span> <span class='ocrx_word' id='word_1_254' title='bbox 2652 1894 2802 1950; x_wconf 84' lang='lat' dir='ltr'><strong>edaci</strong></span> <span class='ocrx_word' id='word_1_255' title='bbox 2853 1894 3070 1951; x_wconf 82' lang='lat' dir='ltr'><strong>tristitia</strong></span> <span class='ocrx_word' id='word_1_256' title='bbox 3118 1896 3499 1964; x_wconf 76' lang='lat' dir='ltr'><strong>cormduatur.</strong></span> <span class='ocrx_word' id='word_1_257' title='bbox 3546 1899 3603 1954; x_wconf 89' lang='lat' dir='ltr'><strong>ia</strong></span> <span class='ocrx_word' id='word_1_258' title='bbox 3650 1898 3763 1957; x_wconf 81' lang='lat' dir='ltr'><strong>illis</strong></span> 
     </span>
    </p>
   </div>
   <div class='ocr_carea' id='block_1_32' title="bbox 478 1983 3769 2061">
    <p class='ocr_par' dir='ltr' id='par_1_32' title="bbox 478 1983 3769 2061">
     <span class='ocr_line' id='line_1_32' title="bbox 478 1983 3769 2061; baseline 0.001 -19"><span class='ocrx_word' id='word_1_259' title='bbox 478 1988 892 2059; x_wconf 83' lang='lat' dir='ltr'><strong>perquirendum</strong></span> <span class='ocrx_word' id='word_1_260' title='bbox 958 1998 1044 2043; x_wconf 90' lang='lat' dir='ltr'><strong>est</strong></span> <span class='ocrx_word' id='word_1_261' title='bbox 1103 1992 1269 2059; x_wconf 88' lang='lat' dir='ltr'><strong>quare</strong></span> <span class='ocrx_word' id='word_1_262' title='bbox 1322 1987 1511 2043; x_wconf 86' lang='lat' dir='ltr'><strong>dicat:</strong></span> <span class='ocrx_word' id='word_1_263' title='bbox 1563 1986 1761 2059; x_wconf 88' lang='lat' dir='ltr'><strong>Negavi</strong></span> <span class='ocrx_word' id='word_1_264' title='bbox 1809 1988 2068 2042; x_wconf 85' lang='lat' dir='ltr'><strong>consolari</strong></span> <span class='ocrx_word' id='word_1_265' title='bbox 2160 1983 2290 2056; x_wconf 86' lang='lat' dir='ltr'><strong>justi</strong></span> <span class='ocrx_word' id='word_1_266' title='bbox 2316 2000 2503 2040; x_wconf 89' lang='lat' dir='ltr'><strong>secura</strong></span> <span class='ocrx_word' id='word_1_267' title='bbox 2534 1983 2784 2040; x_wconf 79' lang='lat' dir='ltr'><strong>felicitate</strong></span> <span class='ocrx_word' id='word_1_268' title='bbox 2812 1984 3149 2056; x_wconf 88' lang='lat' dir='ltr'><strong>gaudebunt;</strong></span> <span class='ocrx_word' id='word_1_269' title='bbox 3182 1987 3236 2041; x_wconf 90' lang='lat' dir='ltr'><strong>in</strong></span> <span class='ocrx_word' id='word_1_270' title='bbox 3266 1987 3385 2043; x_wconf 70' lang='lat' dir='ltr'><strong>istis</strong></span> <span class='ocrx_word' id='word_1_271' title='bbox 3406 1988 3645 2061; x_wconf 78' lang='lat' dir='ltr'><strong>denique</strong></span> <span class='ocrx_word' id='word_1_272' title='bbox 3674 1991 3769 2045; x_wconf 79' lang='lat' dir='ltr'><strong>fu-</strong></span> 
     </span>
    </p>
   </div>
   <div class='ocr_carea' id='block_1_33' title="bbox 479 2075 3769 2153">
    <p class='ocr_par' dir='ltr' id='par_1_33' title="bbox 479 2075 3769 2153">
     <span class='ocr_line' id='line_1_33' title="bbox 479 2075 3769 2153; baseline -0.001 -15"><span class='ocrx_word' id='word_1_273' title='bbox 479 2086 702 2138; x_wconf 87' lang='lat' dir='ltr'><strong>animam</strong></span> <span class='ocrx_word' id='word_1_274' title='bbox 724 2099 915 2151; x_wconf 83' lang='lat' dir='ltr'><strong>meam,</strong></span> <span class='ocrx_word' id='word_1_275' title='bbox 943 2083 1036 2153; x_wconf 91' lang='lat' dir='ltr'><strong>qui</strong></span> <span class='ocrx_word' id='word_1_276' title='bbox 1059 2082 1173 2153; x_wconf 85' lang='lat' dir='ltr'><strong>jam</strong></span> <span class='ocrx_word' id='word_1_277' title='bbox 1209 2081 1419 2136; x_wconf 90' lang='lat' dir='ltr'><strong>Domini</strong></span> <span class='ocrx_word' id='word_1_278' title='bbox 1445 2080 1901 2150; x_wconf 86' lang='lat' dir='ltr'><strong>contemplatione</strong></span> <span class='ocrx_word' id='word_1_279' title='bbox 1935 2093 2068 2149; x_wconf 85' lang='lat' dir='ltr'><strong>gau-</strong></span> <span class='ocrx_word' id='word_1_280' title='bbox 2165 2077 2243 2148; x_wconf 91' lang='lat' dir='ltr'><strong>git</strong></span> <span class='ocrx_word' id='word_1_281' title='bbox 2270 2090 2430 2132; x_wconf 90' lang='lat' dir='ltr'><strong>omne</strong></span> <span class='ocrx_word' id='word_1_282' title='bbox 2450 2075 2591 2147; x_wconf 86' lang='lat' dir='ltr'><strong>quod</strong></span> <span class='ocrx_word' id='word_1_283' title='bbox 2621 2075 2851 2141; x_wconf 79' lang='lat' dir='ltr'><strong>venerit,</strong></span> <span class='ocrx_word' id='word_1_284' title='bbox 2877 2076 2931 2130; x_wconf 84' lang='lat' dir='ltr'><strong>in</strong></span> <span class='ocrx_word' id='word_1_285' title='bbox 2962 2075 3068 2131; x_wconf 88' lang='lat' dir='ltr'><strong>illis</strong></span> <span class='ocrx_word' id='word_1_286' title='bbox 3098 2075 3262 2131; x_wconf 86' lang='lat' dir='ltr'><strong>stabit</strong></span> <span class='ocrx_word' id='word_1_287' title='bbox 3285 2078 3541 2148; x_wconf 88' lang='lat' dir='ltr'><strong>quidquid</strong></span> <span class='ocrx_word' id='word_1_288' title='bbox 3572 2089 3769 2135; x_wconf 51' lang='lat' dir='ltr'><strong>access</strong></span> 
     </span>
    </p>
   </div>
   <div class='ocr_carea' id='block_1_34' title="bbox 477 2166 3770 2247">
    <p class='ocr_par' dir='ltr' id='par_1_34' title="bbox 477 2166 3770 2247">
     <span class='ocr_line' id='line_1_34' title="bbox 477 2166 3770 2247; baseline -0.002 -14"><span class='ocrx_word' id='word_1_289' title='bbox 477 2176 661 2233; x_wconf 84' lang='lat' dir='ltr'><strong>debat.</strong></span> <span class='ocrx_word' id='word_1_290' title='bbox 710 2179 935 2235; x_wconf 84' lang='lat' dir='ltr'><strong>Sanctus</strong></span> <span class='ocrx_word' id='word_1_291' title='bbox 975 2178 1055 2232; x_wconf 92' lang='lat' dir='ltr'><strong>vir</strong></span> <span class='ocrx_word' id='word_1_292' title='bbox 1100 2174 1224 2247; x_wconf 85' lang='lat' dir='ltr'><strong>jure</strong></span> <span class='ocrx_word' id='word_1_293' title='bbox 1264 2186 1415 2246; x_wconf 85' lang='lat' dir='ltr'><strong>negat</strong></span> <span class='ocrx_word' id='word_1_294' title='bbox 1458 2175 1565 2231; x_wconf 84' lang='lat' dir='ltr'><strong>illis</strong></span> <span class='ocrx_word' id='word_1_295' title='bbox 1606 2175 1768 2231; x_wconf 89' lang='lat' dir='ltr'><strong>rebus</strong></span> <span class='ocrx_word' id='word_1_296' title='bbox 1808 2173 2068 2229; x_wconf 82' lang='lat' dir='ltr'><strong>consolari</strong></span> <span class='ocrx_word' id='word_1_297' title='bbox 2168 2168 2317 2223; x_wconf 82' lang='lat' dir='ltr'><strong>serit.</strong></span> <span class='ocrx_word' id='word_1_298' title='bbox 2350 2166 2457 2222; x_wconf 83' lang='lat' dir='ltr'><strong>Sed</strong></span> <span class='ocrx_word' id='word_1_299' title='bbox 2483 2167 2607 2237; x_wconf 88' lang='lat' dir='ltr'><strong>quid</strong></span> <span class='ocrx_word' id='word_1_300' title='bbox 2637 2175 2722 2222; x_wconf 94' lang='lat' dir='ltr'><strong>est</strong></span> <span class='ocrx_word' id='word_1_301' title='bbox 2753 2166 2877 2233; x_wconf 90' lang='lat' dir='ltr'><strong>hoc,</strong></span> <span class='ocrx_word' id='word_1_302' title='bbox 2907 2168 3047 2237; x_wconf 92' lang='lat' dir='ltr'><strong>quod</strong></span> <span class='ocrx_word' id='word_1_303' title='bbox 3079 2166 3183 2224; x_wconf 84' lang='lat' dir='ltr'><strong>iste</strong></span> <span class='ocrx_word' id='word_1_304' title='bbox 3211 2169 3292 2223; x_wconf 89' lang='lat' dir='ltr'><strong>vir</strong></span> <span class='ocrx_word' id='word_1_305' title='bbox 3323 2167 3436 2239; x_wconf 82' lang='lat' dir='ltr'><strong>jam</strong></span> <span class='ocrx_word' id='word_1_306' title='bbox 3469 2170 3580 2225; x_wconf 84' lang='lat' dir='ltr'><strong>Deo</strong></span> <span class='ocrx_word' id='word_1_307' title='bbox 3608 2168 3770 2225; x_wconf 84' lang='lat' dir='ltr'><strong>dedi-</strong></span> 
     </span>
    </p>
   </div>
   <div class='ocr_carea' id='block_1_35' title="bbox 478 2250 3767 2341">
    <p class='ocr_par' dir='ltr' id='par_1_35' title="bbox 478 2250 3767 2341">
     <span class='ocr_line' id='line_1_35' title="bbox 478 2250 3767 2341; baseline -0.004 -16"><span class='ocrx_word' id='word_1_308' title='bbox 478 2270 705 2325; x_wconf 84' lang='lat' dir='ltr'><strong>auimam</strong></span> <span class='ocrx_word' id='word_1_309' title='bbox 737 2283 909 2337; x_wconf 87' lang='lat' dir='ltr'><strong>suam,</strong></span> <span class='ocrx_word' id='word_1_310' title='bbox 942 2282 1064 2341; x_wconf 66' lang='lat' dir='ltr'><strong>quae</strong></span> <span class='ocrx_word' id='word_1_311' title='bbox 1096 2266 1346 2324; x_wconf 84' lang='lat' dir='ltr'><strong>humanis</strong></span> <span class='ocrx_word' id='word_1_312' title='bbox 1382 2265 1670 2321; x_wconf 83' lang='lat' dir='ltr'><strong>desideriis</strong></span> <span class='ocrx_word' id='word_1_313' title='bbox 1698 2272 2064 2335; x_wconf 87' lang='lat' dir='ltr'><strong>appetuntur;</strong></span> <span class='ocrx_word' id='word_1_314' title='bbox 2174 2266 2282 2324; x_wconf 88' lang='lat' dir='ltr'><strong>tus,</strong></span> <span class='ocrx_word' id='word_1_315' title='bbox 2313 2266 2500 2312; x_wconf 89' lang='lat' dir='ltr'><strong>contra</strong></span> <span class='ocrx_word' id='word_1_316' title='bbox 2525 2257 2631 2311; x_wconf 87' lang='lat' dir='ltr'><strong>dies</strong></span> <span class='ocrx_word' id='word_1_317' title='bbox 2656 2257 2894 2327; x_wconf 84' lang='lat' dir='ltr'><strong>antiquos</strong></span> <span class='ocrx_word' id='word_1_318' title='bbox 2915 2258 3270 2312; x_wconf 85' lang='lat' dir='ltr'><strong>:eternitatem</strong></span> <span class='ocrx_word' id='word_1_319' title='bbox 3295 2250 3767 2327; x_wconf 76' lang='lat' dir='ltr'><strong>ponitannorum?</strong></span> 
     </span>
    </p>
   </div>
   <div class='ocr_carea' id='block_1_36' title="bbox 477 2348 3772 2434">
    <p class='ocr_par' dir='ltr' id='par_1_36' title="bbox 477 2348 3772 2434">
     <span class='ocr_line' id='line_1_36' title="bbox 477 2348 3772 2434; baseline -0.003 -15"><span class='ocrx_word' id='word_1_320' title='bbox 477 2371 539 2419; x_wconf 87' lang='lat' dir='ltr'><strong>ut</strong></span> <span class='ocrx_word' id='word_1_321' title='bbox 565 2363 609 2417; x_wconf 86' lang='lat' dir='ltr'><strong>si</strong></span> <span class='ocrx_word' id='word_1_322' title='bbox 633 2364 880 2434; x_wconf 76' lang='lat' dir='ltr'><strong>fatigatur</strong></span> <span class='ocrx_word' id='word_1_323' title='bbox 904 2360 1115 2431; x_wconf 75' lang='lat' dir='ltr'><strong>vigiliis,</strong></span> <span class='ocrx_word' id='word_1_324' title='bbox 1147 2360 1433 2416; x_wconf 85' lang='lat' dir='ltr'><strong>remissam</strong></span> <span class='ocrx_word' id='word_1_325' title='bbox 1465 2356 1801 2427; x_wconf 85' lang='lat' dir='ltr'><strong>vagationem</strong></span> <span class='ocrx_word' id='word_1_326' title='bbox 1829 2362 2065 2425; x_wconf 67' lang='lat' dir='ltr'><strong>quaerat;</strong></span> <span class='ocrx_word' id='word_1_327' title='bbox 2167 2348 2439 2422; x_wconf 80' lang='lat' dir='ltr'><strong>Cogitabat</strong></span> <span class='ocrx_word' id='word_1_328' title='bbox 2478 2349 2620 2403; x_wconf 87' lang='lat' dir='ltr'><strong>enim</strong></span> <span class='ocrx_word' id='word_1_329' title='bbox 2672 2363 2769 2405; x_wconf 92' lang='lat' dir='ltr'><strong>cur</strong></span> <span class='ocrx_word' id='word_1_330' title='bbox 2812 2348 3054 2405; x_wconf 87' lang='lat' dir='ltr'><strong>labentes</strong></span> <span class='ocrx_word' id='word_1_331' title='bbox 3109 2348 3237 2417; x_wconf 84' lang='lat' dir='ltr'><strong>dies,</strong></span> <span class='ocrx_word' id='word_1_332' title='bbox 3290 2359 3346 2405; x_wconf 93' lang='lat' dir='ltr'><strong>et</strong></span> <span class='ocrx_word' id='word_1_333' title='bbox 3389 2365 3523 2420; x_wconf 90' lang='lat' dir='ltr'><strong>quos</strong></span> <span class='ocrx_word' id='word_1_334' title='bbox 3571 2358 3772 2408; x_wconf 63' lang='lat' dir='ltr'><strong>tenere</strong></span> 
     </span>
    </p>
   </div>
   <div class='ocr_carea' id='block_1_37' title="bbox 476 2438 3759 2525">
    <p class='ocr_par' dir='ltr' id='par_1_37' title="bbox 476 2438 3759 2525">
     <span class='ocr_line' id='line_1_37' title="bbox 476 2438 3759 2525; baseline -0.005 -14"><span class='ocrx_word' id='word_1_335' title='bbox 476 2457 528 2511; x_wconf 80' lang='lat' dir='ltr'><strong>si</strong></span> <span class='ocrx_word' id='word_1_336' title='bbox 551 2456 789 2525; x_wconf 87' lang='lat' dir='ltr'><strong>jejuniis,</strong></span> <span class='ocrx_word' id='word_1_337' title='bbox 813 2469 1007 2525; x_wconf 90' lang='lat' dir='ltr'><strong>corpus</strong></span> <span class='ocrx_word' id='word_1_338' title='bbox 1039 2464 1195 2509; x_wconf 87' lang='lat' dir='ltr'><strong>suum</strong></span> <span class='ocrx_word' id='word_1_339' title='bbox 1224 2465 1462 2523; x_wconf 86' lang='lat' dir='ltr'><strong>congrua</strong></span> <span class='ocrx_word' id='word_1_340' title='bbox 1506 2449 1779 2505; x_wconf 87' lang='lat' dir='ltr'><strong>hilaritate</strong></span> <span class='ocrx_word' id='word_1_341' title='bbox 1816 2447 2065 2513; x_wconf 80' lang='lat' dir='ltr'><strong>reﬁciat;</strong></span> <span class='ocrx_word' id='word_1_342' title='bbox 2170 2440 2532 2509; x_wconf 83' lang='lat' dir='ltr'><strong>ttemopossit,</strong></span> <span class='ocrx_word' id='word_1_343' title='bbox 2557 2447 2831 2508; x_wconf 88' lang='lat' dir='ltr'><strong>tantopere</strong></span> <span class='ocrx_word' id='word_1_344' title='bbox 2847 2438 3397 2510; x_wconf 68' lang='lat' dir='ltr'><strong>desideretetqurerat</strong></span> <span class='ocrx_word' id='word_1_345' title='bbox 3414 2439 3759 2506; x_wconf 85' lang='lat' dir='ltr'><strong>humanitas;</strong></span> 
     </span>
    </p>
   </div>
   <div class='ocr_carea' id='block_1_38' title="bbox 482 2538 2070 2613">
    <p class='ocr_par' dir='ltr' id='par_1_38' title="bbox 482 2538 2070 2613">
     <span class='ocr_line' id='line_1_38' title="bbox 482 2538 2070 2613; baseline -0.006 -9"><span class='ocrx_word' id='word_1_346' title='bbox 482 2547 529 2604; x_wconf 88' lang='lat' dir='ltr'><strong>si</strong></span> <span class='ocrx_word' id='word_1_347' title='bbox 558 2550 721 2603; x_wconf 69' lang='lat' dir='ltr'><strong>tristis</strong></span> <span class='ocrx_word' id='word_1_348' title='bbox 736 2552 852 2613; x_wconf 82' lang='lat' dir='ltr'><strong>est,</strong></span> <span class='ocrx_word' id='word_1_349' title='bbox 892 2549 1190 2603; x_wconf 87' lang='lat' dir='ltr'><strong>amicorum</strong></span> <span class='ocrx_word' id='word_1_350' title='bbox 1228 2541 1754 2601; x_wconf 78' lang='lat' dir='ltr'><strong>confabulationibus</strong></span> <span class='ocrx_word' id='word_1_351' title='bbox 1779 2538 2070 2596; x_wconf 72' lang='lat' dir='ltr'><strong>transfera-</strong></span> 
     </span>
    </p>
   </div>
   <div class='ocr_carea' id='block_1_39' title="bbox 482 2633 2067 2703">
    <p class='ocr_par' dir='ltr' id='par_1_39' title="bbox 482 2633 2067 2703">
     <span class='ocr_line' id='line_1_39' title="bbox 482 2633 2067 2703; baseline -0.004 -9"><span class='ocrx_word' id='word_1_352' title='bbox 482 2636 593 2695; x_wconf 84' lang='lat' dir='ltr'><strong>tur.</strong></span> <span class='ocrx_word' id='word_1_353' title='bbox 625 2639 715 2694; x_wconf 89' lang='lat' dir='ltr'><strong>Isti</strong></span> <span class='ocrx_word' id='word_1_354' title='bbox 745 2652 873 2694; x_wconf 89' lang='lat' dir='ltr'><strong>vero</strong></span> <span class='ocrx_word' id='word_1_355' title='bbox 903 2654 1004 2693; x_wconf 91' lang='lat' dir='ltr'><strong>una</strong></span> <span class='ocrx_word' id='word_1_356' title='bbox 1037 2637 1137 2692; x_wconf 86' lang='lat' dir='ltr'><strong>fuit</strong></span> <span class='ocrx_word' id='word_1_357' title='bbox 1176 2636 1492 2703; x_wconf 72' lang='lat' dir='ltr'><strong>consolatio,</strong></span> <span class='ocrx_word' id='word_1_358' title='bbox 1533 2633 1884 2691; x_wconf 85' lang='lat' dir='ltr'><strong>intentionem</strong></span> <span class='ocrx_word' id='word_1_359' title='bbox 1914 2644 2067 2688; x_wconf 87' lang='lat' dir='ltr'><strong>suam</strong></span> 
     </span>
    </p>
   </div>
   <div class='ocr_carea' id='block_1_40' title="bbox 483 2728 1298 2799">
    <p class='ocr_par' dir='ltr' id='par_1_40' title="bbox 483 2728 1298 2799">
     <span class='ocr_line' id='line_1_40' title="bbox 483 2728 1298 2799; baseline -0.005 -17"><span class='ocrx_word' id='word_1_360' title='bbox 483 2734 686 2799; x_wconf 80' lang='lat' dir='ltr'><strong>ponere</strong></span> <span class='ocrx_word' id='word_1_361' title='bbox 714 2730 930 2796; x_wconf 73' lang='lat' dir='ltr'><strong>Semper</strong></span> <span class='ocrx_word' id='word_1_362' title='bbox 958 2729 1011 2783; x_wconf 91' lang='lat' dir='ltr'><strong>in</strong></span> <span class='ocrx_word' id='word_1_363' title='bbox 1047 2728 1298 2783; x_wconf 88' lang='lat' dir='ltr'><strong>Domino.</strong></span> 
     </span>
    </p>
   </div>
   <div class='ocr_carea' id='block_1_41' title="bbox 550 2815 2071 2892">
    <p class='ocr_par' dir='ltr' id='par_1_41' title="bbox 550 2815 2071 2892">
     <span class='ocr_line' id='line_1_41' title="bbox 550 2815 2071 2892; baseline -0.006 -15"><span class='ocrx_word' id='word_1_364' title='bbox 550 2819 705 2877; x_wconf 78' lang='lat' dir='ltr'><strong>Vers.</strong></span> <span class='ocrx_word' id='word_1_365' title='bbox 733 2824 786 2879; x_wconf 66' lang='grc' dir='ltr'><strong>δ’.</strong></span> <span class='ocrx_word' id='word_1_366' title='bbox 830 2819 1029 2875; x_wconf 76' lang='lat' dir='ltr'><strong>Memor</strong></span> <span class='ocrx_word' id='word_1_367' title='bbox 1058 2822 1133 2892; x_wconf 83' lang='lat' dir='ltr'><strong>fui</strong></span> <span class='ocrx_word' id='word_1_368' title='bbox 1166 2818 1260 2874; x_wconf 89' lang='lat' dir='ltr'><strong>Dei</strong></span> <span class='ocrx_word' id='word_1_369' title='bbox 1288 2827 1337 2873; x_wconf 87' lang='lat' dir='ltr'><strong>et</strong></span> <span class='ocrx_word' id='word_1_370' title='bbox 1370 2818 1647 2873; x_wconf 73' lang='lat' dir='ltr'><strong>delectatus</strong></span> <span class='ocrx_word' id='word_1_371' title='bbox 1687 2831 1835 2882; x_wconf 82' lang='lat' dir='ltr'><strong>sum;</strong></span> <span class='ocrx_word' id='word_1_372' title='bbox 1873 2815 2071 2870; x_wconf 57' lang='lat' dir='ltr'><strong>nereia</strong></span> 
     </span>
    </p>
   </div>
   <div class='ocr_carea' id='block_1_42' title="bbox 479 2903 2072 2982">
    <p class='ocr_par' dir='ltr' id='par_1_42' title="bbox 479 2903 2072 2982">
     <span class='ocr_line' id='line_1_42' title="bbox 479 2903 2072 2982; baseline -0.006 -13"><span class='ocrx_word' id='word_1_373' title='bbox 479 2923 616 2969; x_wconf 88' lang='lat' dir='ltr'><strong>tatus</strong></span> <span class='ocrx_word' id='word_1_374' title='bbox 661 2930 796 2981; x_wconf 89' lang='lat' dir='ltr'><strong>sum,</strong></span> <span class='ocrx_word' id='word_1_375' title='bbox 832 2921 881 2967; x_wconf 92' lang='lat' dir='ltr'><strong>et</strong></span> <span class='ocrx_word' id='word_1_376' title='bbox 935 2913 1115 2982; x_wconf 75' lang='lat' dir='ltr'><strong>defecit</strong></span> <span class='ocrx_word' id='word_1_377' title='bbox 1161 2911 1422 2982; x_wconf 78' lang='lat' dir='ltr'><strong>paulisper</strong></span> <span class='ocrx_word' id='word_1_378' title='bbox 1475 2910 1687 2979; x_wconf 83' lang='lat' dir='ltr'><strong>spiritus</strong></span> <span class='ocrx_word' id='word_1_379' title='bbox 1724 2922 1887 2960; x_wconf 76' lang='lat' dir='ltr'><strong>meus.</strong></span> <span class='ocrx_word' id='word_1_380' title='bbox 1931 2903 2072 2961; x_wconf 83' lang='lat' dir='ltr'><strong>Ecce</strong></span> 
     </span>
    </p>
   </div>
   <div class='ocr_carea' id='block_1_43' title="bbox 479 2995 2073 3078">
    <p class='ocr_par' dir='ltr' id='par_1_43' title="bbox 479 2995 2073 3078">
     <span class='ocr_line' id='line_1_43' title="bbox 479 2995 2073 3078; baseline -0.006 -18"><span class='ocrx_word' id='word_1_381' title='bbox 479 3004 929 3078; x_wconf 89' lang='lat' dir='ltr'><strong>quemadmodum</strong></span> <span class='ocrx_word' id='word_1_382' title='bbox 958 3004 1188 3059; x_wconf 89' lang='lat' dir='ltr'><strong>refectus</strong></span> <span class='ocrx_word' id='word_1_383' title='bbox 1216 3010 1321 3067; x_wconf 87' lang='lat' dir='ltr'><strong>est,</strong></span> <span class='ocrx_word' id='word_1_384' title='bbox 1351 3000 1444 3071; x_wconf 91' lang='lat' dir='ltr'><strong>qui</strong></span> <span class='ocrx_word' id='word_1_385' title='bbox 1466 2998 1752 3054; x_wconf 86' lang='lat' dir='ltr'><strong>mundanis</strong></span> <span class='ocrx_word' id='word_1_386' title='bbox 1772 2996 1936 3053; x_wconf 88' lang='lat' dir='ltr'><strong>rebus</strong></span> <span class='ocrx_word' id='word_1_387' title='bbox 1955 2995 2073 3051; x_wconf 78' lang='lat' dir='ltr'><strong>ani-</strong></span> 
     </span>
    </p>
   </div>
   <div class='ocr_carea' id='block_1_44' title="bbox 481 3086 2070 3159">
    <p class='ocr_par' dir='ltr' id='par_1_44' title="bbox 481 3086 2070 3159">
     <span class='ocr_line' id='line_1_44' title="bbox 481 3086 2070 3159; baseline -0.006 -8"><span class='ocrx_word' id='word_1_388' title='bbox 481 3110 624 3151; x_wconf 90' lang='lat' dir='ltr'><strong>mam</strong></span> <span class='ocrx_word' id='word_1_389' title='bbox 665 3109 815 3149; x_wconf 87' lang='lat' dir='ltr'><strong>suam</strong></span> <span class='ocrx_word' id='word_1_390' title='bbox 844 3094 1172 3149; x_wconf 88' lang='lat' dir='ltr'><strong>consolatam</strong></span> <span class='ocrx_word' id='word_1_391' title='bbox 1221 3092 1385 3146; x_wconf 88' lang='lat' dir='ltr'><strong>fuisse</strong></span> <span class='ocrx_word' id='word_1_392' title='bbox 1426 3088 1733 3159; x_wconf 74' lang='lat' dir='ltr'><strong>denegavit.</strong></span> <span class='ocrx_word' id='word_1_393' title='bbox 1769 3086 1903 3142; x_wconf 84' lang='lat' dir='ltr'><strong>Nam</strong></span> <span class='ocrx_word' id='word_1_394' title='bbox 1948 3100 2070 3141; x_wconf 91' lang='lat' dir='ltr'><strong>cum</strong></span> 
     </span>
    </p>
   </div>
   <div class='ocr_carea' id='block_1_45' title="bbox 482 3164 2144 3247">
    <p class='ocr_par' dir='ltr' id='par_1_45' title="bbox 482 3164 2144 3247">
     <span class='ocr_line' id='line_1_45' title="bbox 482 3164 2144 3247; baseline -0.008 -8"><span class='ocrx_word' id='word_1_395' title='bbox 482 3180 580 3239; x_wconf 77' lang='lat' dir='ltr'><strong>Dei</strong></span> <span class='ocrx_word' id='word_1_396' title='bbox 610 3199 849 3238; x_wconf 87' lang='lat' dir='ltr'><strong>memores</strong></span> <span class='ocrx_word' id='word_1_397' title='bbox 875 3190 1068 3247; x_wconf 67' lang='lat' dir='ltr'><strong>suetus,</strong></span> <span class='ocrx_word' id='word_1_398' title='bbox 1118 3183 1280 3237; x_wconf 78' lang='lat' dir='ltr'><strong>totius</strong></span> <span class='ocrx_word' id='word_1_399' title='bbox 1310 3194 1532 3236; x_wconf 90' lang='lat' dir='ltr'><strong>munere</strong></span> <span class='ocrx_word' id='word_1_400' title='bbox 1575 3178 1860 3235; x_wconf 82' lang='lat' dir='ltr'><strong>suavitatis</strong></span> <span class='ocrx_word' id='word_1_401' title='bbox 1886 3176 2070 3245; x_wconf 74' lang='lat' dir='ltr'><strong>esple-</strong></span> <span class='ocrx_word' id='word_1_402' title='bbox 2096 3164 2144 3226; x_wconf 84' lang='lat' dir='ltr'><strong><em>C</em></strong></span> 
     </span>
    </p>
   </div>
   <div class='ocr_carea' id='block_1_46' title="bbox 481 3269 2070 3343">
    <p class='ocr_par' dir='ltr' id='par_1_46' title="bbox 481 3269 2070 3343">
     <span class='ocr_line' id='line_1_46' title="bbox 481 3269 2070 3343; baseline -0.004 -14"><span class='ocrx_word' id='word_1_403' title='bbox 481 3286 634 3339; x_wconf 85' lang='lat' dir='ltr'><strong>mur;</strong></span> <span class='ocrx_word' id='word_1_404' title='bbox 670 3284 767 3329; x_wconf 88' lang='lat' dir='ltr'><strong>nec</strong></span> <span class='ocrx_word' id='word_1_405' title='bbox 797 3282 969 3343; x_wconf 88' lang='lat' dir='ltr'><strong>potest</strong></span> <span class='ocrx_word' id='word_1_406' title='bbox 1005 3272 1205 3342; x_wconf 87' lang='lat' dir='ltr'><strong>aliquid</strong></span> <span class='ocrx_word' id='word_1_407' title='bbox 1247 3286 1344 3343; x_wconf 91' lang='lat' dir='ltr'><strong>par</strong></span> <span class='ocrx_word' id='word_1_408' title='bbox 1380 3272 1525 3336; x_wconf 82' lang='lat' dir='ltr'><strong>esse,</strong></span> <span class='ocrx_word' id='word_1_409' title='bbox 1556 3269 1772 3341; x_wconf 90' lang='lat' dir='ltr'><strong>quando</strong></span> <span class='ocrx_word' id='word_1_410' title='bbox 1811 3283 1911 3324; x_wconf 87' lang='lat' dir='ltr'><strong>nos</strong></span> <span class='ocrx_word' id='word_1_411' title='bbox 1951 3283 2070 3324; x_wconf 76' lang='lat' dir='ltr'><strong>ete-</strong></span> 
     </span>
    </p>
   </div>
   <div class='ocr_carea' id='block_1_47' title="bbox 481 3362 2070 3436">
    <p class='ocr_par' dir='ltr' id='par_1_47' title="bbox 481 3362 2070 3436">
     <span class='ocr_line' id='line_1_47' title="bbox 481 3362 2070 3436; baseline -0.004 -17"><span class='ocrx_word' id='word_1_412' title='bbox 481 3365 621 3436; x_wconf 86' lang='lat' dir='ltr'><strong>perit</strong></span> <span class='ocrx_word' id='word_1_413' title='bbox 644 3364 809 3435; x_wconf 89' lang='lat' dir='ltr'><strong>gratia</strong></span> <span class='ocrx_word' id='word_1_414' title='bbox 841 3363 1020 3418; x_wconf 88' lang='lat' dir='ltr'><strong>divina</strong></span> <span class='ocrx_word' id='word_1_415' title='bbox 1056 3364 1274 3419; x_wconf 88' lang='lat' dir='ltr'><strong>satiare.</strong></span> <span class='ocrx_word' id='word_1_416' title='bbox 1314 3363 1588 3433; x_wconf 84' lang='lat' dir='ltr'><strong>Sequitur,</strong></span> <span class='ocrx_word' id='word_1_417' title='bbox 1624 3362 1929 3417; x_wconf 71' lang='lat' dir='ltr'><strong>exercitatus</strong></span> <span class='ocrx_word' id='word_1_418' title='bbox 1955 3376 2070 3413; x_wconf 83' lang='lat' dir='ltr'><strong>sum</strong></span> 
     </span>
    </p>
   </div>
   <div class='ocr_carea' id='block_1_48' title="bbox 481 3451 2070 3526">
    <p class='ocr_par' dir='ltr' id='par_1_48' title="bbox 481 3451 2070 3526">
     <span class='ocr_line' id='line_1_48' title="bbox 481 3451 2070 3526; baseline -0.003 -14"><span class='ocrx_word' id='word_1_419' title='bbox 481 3466 531 3513; x_wconf 78' lang='lat' dir='ltr'><strong>et</strong></span> <span class='ocrx_word' id='word_1_420' title='bbox 555 3456 738 3526; x_wconf 72' lang='lat' dir='ltr'><strong>defecit</strong></span> <span class='ocrx_word' id='word_1_421' title='bbox 762 3456 1021 3526; x_wconf 82' lang='lat' dir='ltr'><strong>paulisper</strong></span> <span class='ocrx_word' id='word_1_422' title='bbox 1040 3456 1251 3526; x_wconf 84' lang='lat' dir='ltr'><strong>spiritus</strong></span> <span class='ocrx_word' id='word_1_423' title='bbox 1288 3468 1449 3509; x_wconf 80' lang='lat' dir='ltr'><strong>meus.</strong></span> <span class='ocrx_word' id='word_1_424' title='bbox 1487 3453 1838 3508; x_wconf 74' lang='lat' dir='ltr'><strong>Exercitatum</strong></span> <span class='ocrx_word' id='word_1_425' title='bbox 1857 3466 1916 3507; x_wconf 91' lang='lat' dir='ltr'><strong>se</strong></span> <span class='ocrx_word' id='word_1_426' title='bbox 1941 3451 2070 3507; x_wconf 83' lang='lat' dir='ltr'><strong>dicit</strong></span> 
     </span>
    </p>
   </div>
   <div class='ocr_carea' id='block_1_49' title="bbox 484 3545 2070 3616">
    <p class='ocr_par' dir='ltr' id='par_1_49' title="bbox 484 3545 2070 3616">
     <span class='ocr_line' id='line_1_49' title="bbox 484 3545 2070 3616; baseline -0.003 -11"><span class='ocrx_word' id='word_1_427' title='bbox 484 3548 541 3605; x_wconf 79' lang='lat' dir='ltr'><strong>in</strong></span> <span class='ocrx_word' id='word_1_428' title='bbox 579 3548 667 3603; x_wconf 86' lang='lat' dir='ltr'><strong>illa</strong></span> <span class='ocrx_word' id='word_1_429' title='bbox 700 3546 1151 3616; x_wconf 82' lang='lat' dir='ltr'><strong>contemplatione</strong></span> <span class='ocrx_word' id='word_1_430' title='bbox 1175 3545 1376 3610; x_wconf 88' lang='lat' dir='ltr'><strong>divina,</strong></span> <span class='ocrx_word' id='word_1_431' title='bbox 1418 3559 1541 3599; x_wconf 90' lang='lat' dir='ltr'><strong>cum</strong></span> <span class='ocrx_word' id='word_1_432' title='bbox 1575 3551 1830 3599; x_wconf 86' lang='lat' dir='ltr'><strong>tractaret</strong></span> <span class='ocrx_word' id='word_1_433' title='bbox 1847 3558 1955 3613; x_wconf 89' lang='lat' dir='ltr'><strong>qua</strong></span> <span class='ocrx_word' id='word_1_434' title='bbox 1980 3558 2070 3600; x_wconf 79' lang='lat' dir='ltr'><strong>sa-</strong></span> 
     </span>
    </p>
   </div>
   <div class='ocr_carea' id='block_1_50' title="bbox 482 3635 2070 3710">
    <p class='ocr_par' dir='ltr' id='par_1_50' title="bbox 482 3635 2070 3710">
     <span class='ocr_line' id='line_1_50' title="bbox 482 3635 2070 3710; baseline -0.004 -15"><span class='ocrx_word' id='word_1_435' title='bbox 482 3639 681 3710; x_wconf 89' lang='lat' dir='ltr'><strong>pientia</strong></span> <span class='ocrx_word' id='word_1_436' title='bbox 710 3647 897 3694; x_wconf 83' lang='lat' dir='ltr'><strong>cuncta</strong></span> <span class='ocrx_word' id='word_1_437' title='bbox 927 3637 1198 3708; x_wconf 85' lang='lat' dir='ltr'><strong>disponat,</strong></span> <span class='ocrx_word' id='word_1_438' title='bbox 1232 3636 1370 3707; x_wconf 86' lang='lat' dir='ltr'><strong>quali</strong></span> <span class='ocrx_word' id='word_1_439' title='bbox 1399 3635 1637 3705; x_wconf 86' lang='lat' dir='ltr'><strong>potentia</strong></span> <span class='ocrx_word' id='word_1_440' title='bbox 1665 3635 1915 3690; x_wconf 86' lang='lat' dir='ltr'><strong>universa</strong></span> <span class='ocrx_word' id='word_1_441' title='bbox 1939 3649 2070 3690; x_wconf 88' lang='lat' dir='ltr'><strong>con-</strong></span> 
     </span>
    </p>
   </div>
   <div class='ocr_carea' id='block_1_51' title="bbox 482 3724 2070 3794">
    <p class='ocr_par' dir='ltr' id='par_1_51' title="bbox 482 3724 2070 3794">
     <span class='ocr_line' id='line_1_51' title="bbox 482 3724 2070 3794; baseline -0.003 -9"><span class='ocrx_word' id='word_1_442' title='bbox 482 3732 684 3785; x_wconf 89' lang='lat' dir='ltr'><strong>tineat:</strong></span> <span class='ocrx_word' id='word_1_443' title='bbox 710 3729 890 3784; x_wconf 88' lang='lat' dir='ltr'><strong>omnia</strong></span> <span class='ocrx_word' id='word_1_444' title='bbox 930 3727 1090 3783; x_wconf 85' lang='lat' dir='ltr'><strong>simul</strong></span> <span class='ocrx_word' id='word_1_445' title='bbox 1117 3728 1343 3794; x_wconf 87' lang='lat' dir='ltr'><strong>faciens,</strong></span> <span class='ocrx_word' id='word_1_446' title='bbox 1391 3737 1449 3783; x_wconf 91' lang='lat' dir='ltr'><strong>et</strong></span> <span class='ocrx_word' id='word_1_447' title='bbox 1490 3734 1597 3782; x_wconf 91' lang='lat' dir='ltr'><strong>tam</strong></span> <span class='ocrx_word' id='word_1_448' title='bbox 1642 3725 1808 3780; x_wconf 81' lang='lat' dir='ltr'><strong>multa</strong></span> <span class='ocrx_word' id='word_1_449' title='bbox 1839 3724 2070 3781; x_wconf 87' lang='lat' dir='ltr'><strong>mirabili</strong></span> 
     </span>
    </p>
   </div>
   <div class='ocr_carea' id='block_1_52' title="bbox 481 3817 2070 3890">
    <p class='ocr_par' dir='ltr' id='par_1_52' title="bbox 481 3817 2070 3890">
     <span class='ocr_line' id='line_1_52' title="bbox 481 3817 2070 3890; baseline -0.004 -12"><span class='ocrx_word' id='word_1_450' title='bbox 481 3821 820 3878; x_wconf 89' lang='lat' dir='ltr'><strong>ordinatione</strong></span> <span class='ocrx_word' id='word_1_451' title='bbox 842 3819 1180 3890; x_wconf 88' lang='lat' dir='ltr'><strong>dispensans.</strong></span> <span class='ocrx_word' id='word_1_452' title='bbox 1208 3817 1274 3873; x_wconf 85' lang='lat' dir='ltr'><strong>Et</strong></span> <span class='ocrx_word' id='word_1_453' title='bbox 1300 3832 1525 3875; x_wconf 89' lang='lat' dir='ltr'><strong>necesse</strong></span> <span class='ocrx_word' id='word_1_454' title='bbox 1544 3827 1662 3875; x_wconf 87' lang='lat' dir='ltr'><strong>erat</strong></span> <span class='ocrx_word' id='word_1_455' title='bbox 1686 3824 1745 3872; x_wconf 93' lang='lat' dir='ltr'><strong>ut</strong></span> <span class='ocrx_word' id='word_1_456' title='bbox 1767 3817 2070 3872; x_wconf 84' lang='lat' dir='ltr'><strong>intellectus</strong></span> 
     </span>
    </p>
   </div>
   <div class='ocr_carea' id='block_1_53' title="bbox 481 3905 2071 3984">
    <p class='ocr_par' dir='ltr' id='par_1_53' title="bbox 481 3905 2071 3984">
     <span class='ocr_line' id='line_1_53' title="bbox 481 3905 2071 3984; baseline -0.006 -15"><span class='ocrx_word' id='word_1_457' title='bbox 481 3912 600 3984; x_wconf 88' lang='lat' dir='ltr'><strong>ejus</strong></span> <span class='ocrx_word' id='word_1_458' title='bbox 621 3912 897 3980; x_wconf 86' lang='lat' dir='ltr'><strong>deficeret,</strong></span> <span class='ocrx_word' id='word_1_459' title='bbox 923 3924 1045 3967; x_wconf 90' lang='lat' dir='ltr'><strong>cum</strong></span> <span class='ocrx_word' id='word_1_460' title='bbox 1064 3925 1123 3966; x_wconf 91' lang='lat' dir='ltr'><strong>se</strong></span> <span class='ocrx_word' id='word_1_461' title='bbox 1155 3909 1208 3965; x_wconf 92' lang='lat' dir='ltr'><strong>in</strong></span> <span class='ocrx_word' id='word_1_462' title='bbox 1231 3923 1336 3965; x_wconf 90' lang='lat' dir='ltr'><strong>una</strong></span> <span class='ocrx_word' id='word_1_463' title='bbox 1366 3906 1748 3965; x_wconf 87' lang='lat' dir='ltr'><strong>retractatione</strong></span> <span class='ocrx_word' id='word_1_464' title='bbox 1776 3914 1887 3961; x_wconf 92' lang='lat' dir='ltr'><strong>tam</strong></span> <span class='ocrx_word' id='word_1_465' title='bbox 1917 3905 2071 3961; x_wconf 91' lang='lat' dir='ltr'><strong>innu-</strong></span> 
     </span>
    </p>
   </div>
   <div class='ocr_carea' id='block_1_54' title="bbox 481 3999 2068 4076">
    <p class='ocr_par' dir='ltr' id='par_1_54' title="bbox 481 3999 2068 4076">
     <span class='ocr_line' id='line_1_54' title="bbox 481 3999 2068 4076; baseline -0.007 -12"><span class='ocrx_word' id='word_1_466' title='bbox 481 4007 778 4071; x_wconf 88' lang='lat' dir='ltr'><strong>merabilia,</strong></span> <span class='ocrx_word' id='word_1_467' title='bbox 809 4015 915 4061; x_wconf 89' lang='lat' dir='ltr'><strong>tam</strong></span> <span class='ocrx_word' id='word_1_468' title='bbox 970 4005 1205 4076; x_wconf 73' lang='lat' dir='ltr'><strong>ingentia</strong></span> <span class='ocrx_word' id='word_1_469' title='bbox 1254 4010 1704 4075; x_wconf 71' lang='lat' dir='ltr'><strong>congregassent,</strong></span> <span class='ocrx_word' id='word_1_470' title='bbox 1756 4001 1895 4056; x_wconf 80' lang='lat' dir='ltr'><strong>sicut</strong></span> <span class='ocrx_word' id='word_1_471' title='bbox 1944 3999 2068 4055; x_wconf 89' lang='lat' dir='ltr'><strong>alibi</strong></span> 
     </span>
    </p>
   </div>
   <div class='ocr_carea' id='block_1_55' title="bbox 480 4091 2067 4171">
    <p class='ocr_par' dir='ltr' id='par_1_55' title="bbox 480 4091 2067 4171">
     <span class='ocr_line' id='line_1_55' title="bbox 480 4091 2067 4171; baseline -0.007 -17"><span class='ocrx_word' id='word_1_472' title='bbox 480 4098 714 4171; x_wconf 89' lang='lat' dir='ltr'><strong>legitur:</strong></span> <span class='ocrx_word' id='word_1_473' title='bbox 744 4097 1077 4153; x_wconf 86' lang='lat' dir='ltr'><strong>Consideravi</strong></span> <span class='ocrx_word' id='word_1_474' title='bbox 1106 4113 1260 4168; x_wconf 89' lang='lat' dir='ltr'><strong>apera</strong></span> <span class='ocrx_word' id='word_1_475' title='bbox 1297 4106 1405 4163; x_wconf 91' lang='lat' dir='ltr'><strong>tua,</strong></span> <span class='ocrx_word' id='word_1_476' title='bbox 1436 4106 1485 4151; x_wconf 91' lang='lat' dir='ltr'><strong>et</strong></span> <span class='ocrx_word' id='word_1_477' title='bbox 1517 4095 1699 4165; x_wconf 68' lang='grc' dir='ltr'><strong>επραυὶ</strong></span> <span class='ocrx_word' id='word_1_478' title='bbox 1723 4091 1948 4164; x_wconf 85' lang='lat' dir='ltr'><strong>(Habac.</strong></span> <span class='ocrx_word' id='word_1_479' title='bbox 1979 4104 2067 4156; x_wconf 85' lang='lat' dir='ltr'><strong>ut,</strong></span> 
     </span>
    </p>
   </div>
   <div class='ocr_carea' id='block_1_56' title="bbox 478 4182 2069 4259">
    <p class='ocr_par' dir='ltr' id='par_1_56' title="bbox 478 4182 2069 4259">
     <span class='ocr_line' id='line_1_56' title="bbox 478 4182 2069 4259; baseline -0.003 -18"><span class='ocrx_word' id='word_1_480' title='bbox 478 4187 561 4258; x_wconf 76' lang='lat'><strong>2).</strong></span> <span class='ocrx_word' id='word_1_481' title='bbox 593 4189 735 4245; x_wconf 87' lang='lat' dir='ltr'><strong>Bene</strong></span> <span class='ocrx_word' id='word_1_482' title='bbox 777 4198 955 4245; x_wconf 89' lang='lat' dir='ltr'><strong>autem</strong></span> <span class='ocrx_word' id='word_1_483' title='bbox 1006 4189 1205 4258; x_wconf 91' lang='lat' dir='ltr'><strong>posuit,</strong></span> <span class='ocrx_word' id='word_1_484' title='bbox 1252 4189 1536 4259; x_wconf 80' lang='lat' dir='ltr'><strong>paulisper,</strong></span> <span class='ocrx_word' id='word_1_485' title='bbox 1586 4186 1840 4257; x_wconf 90' lang='lat' dir='ltr'><strong>quoniam</strong></span> <span class='ocrx_word' id='word_1_486' title='bbox 1871 4183 1971 4238; x_wconf 89' lang='lat' dir='ltr'><strong>etsi</strong></span> <span class='ocrx_word' id='word_1_487' title='bbox 2003 4182 2069 4236; x_wconf 86' lang='lat' dir='ltr'><strong>ad</strong></span> 
     </span>
    </p>
   </div>
   <div class='ocr_carea' id='block_1_57' title="bbox 480 4276 2071 4352">
    <p class='ocr_par' dir='ltr' id='par_1_57' title="bbox 480 4276 2071 4352">
     <span class='ocr_line' id='line_1_57' title="bbox 480 4276 2071 4352; baseline -0.004 -17"><span class='ocrx_word' id='word_1_488' title='bbox 480 4291 691 4351; x_wconf 88' lang='lat' dir='ltr'><strong>tempus</strong></span> <span class='ocrx_word' id='word_1_489' title='bbox 728 4282 874 4336; x_wconf 88' lang='lat' dir='ltr'><strong>visus</strong></span> <span class='ocrx_word' id='word_1_490' title='bbox 900 4288 984 4336; x_wconf 92' lang='lat' dir='ltr'><strong>est</strong></span> <span class='ocrx_word' id='word_1_491' title='bbox 1012 4280 1277 4352; x_wconf 77' lang='lat' dir='ltr'><strong>defecisse,</strong></span> <span class='ocrx_word' id='word_1_492' title='bbox 1308 4280 1469 4350; x_wconf 92' lang='lat' dir='ltr'><strong>paulo</strong></span> <span class='ocrx_word' id='word_1_493' title='bbox 1497 4288 1618 4349; x_wconf 89' lang='lat' dir='ltr'><strong>post</strong></span> <span class='ocrx_word' id='word_1_494' title='bbox 1642 4276 1955 4347; x_wconf 89' lang='lat' dir='ltr'><strong>intelligitur</strong></span> <span class='ocrx_word' id='word_1_495' title='bbox 1975 4288 2071 4344; x_wconf 87' lang='lat' dir='ltr'><strong>pu-</strong></span> 
     </span>
    </p>
   </div>
   <div class='ocr_carea' id='block_1_58' title="bbox 482 4373 935 4429">
    <p class='ocr_par' dir='ltr' id='par_1_58' title="bbox 482 4373 935 4429">
     <span class='ocr_line' id='line_1_58' title="bbox 482 4373 935 4429; baseline -0.002 -1"><span class='ocrx_word' id='word_1_496' title='bbox 482 4373 651 4429; x_wconf 82' lang='lat' dir='ltr'><strong>taisse</strong></span> <span class='ocrx_word' id='word_1_497' title='bbox 680 4374 935 4429; x_wconf 81' lang='lat' dir='ltr'><strong>recreari.</strong></span> 
     </span>
    </p>
   </div>
   <div class='ocr_carea' id='block_1_59' title="bbox 549 4462 2067 4535">
    <p class='ocr_par' dir='ltr' id='par_1_59' title="bbox 549 4462 2067 4535">
     <span class='ocr_line' id='line_1_59' title="bbox 549 4462 2067 4535; baseline -0.001 -15"><span class='ocrx_word' id='word_1_498' title='bbox 549 4462 705 4522; x_wconf 78' lang='lat' dir='ltr'><strong>Vera.</strong></span> <span class='ocrx_word' id='word_1_499' title='bbox 736 4464 790 4520; x_wconf 76' lang='grc'><strong>4.</strong></span> <span class='ocrx_word' id='word_1_500' title='bbox 832 4465 1248 4535; x_wconf 80' lang='lat' dir='ltr'><strong>Anticipaventnt</strong></span> <span class='ocrx_word' id='word_1_501' title='bbox 1277 4465 1477 4535; x_wconf 86' lang='lat' dir='ltr'><strong>vigilias</strong></span> <span class='ocrx_word' id='word_1_502' title='bbox 1497 4463 1634 4518; x_wconf 90' lang='lat' dir='ltr'><strong>oculi</strong></span> <span class='ocrx_word' id='word_1_503' title='bbox 1658 4465 1757 4518; x_wconf 90' lang='lat' dir='ltr'><strong>mei</strong></span> <span class='ocrx_word' id='word_1_504' title='bbox 1786 4479 1806 4517; x_wconf 90' lang='lat'><strong><em>:</em></strong></span> <span class='ocrx_word' id='word_1_505' title='bbox 1836 4462 2067 4519; x_wconf 77' lang='lat' dir='ltr'><strong>turbatus</strong></span> 
     </span>
    </p>
   </div>
   <div class='ocr_carea' id='block_1_60' title="bbox 2170 2526 3771 2601">
    <p class='ocr_par' dir='ltr' id='par_1_60' title="bbox 2170 2526 3771 2601">
     <span class='ocr_line' id='line_1_60' title="bbox 2170 2526 3771 2601; baseline -0.004 -13"><span class='ocrx_word' id='word_1_506' title='bbox 2170 2541 2226 2588; x_wconf 89' lang='lat' dir='ltr'><strong>et</strong></span> <span class='ocrx_word' id='word_1_507' title='bbox 2253 2532 2379 2587; x_wconf 88' lang='lat' dir='ltr'><strong>illos</strong></span> <span class='ocrx_word' id='word_1_508' title='bbox 2422 2538 2639 2586; x_wconf 75' lang='lat' dir='ltr'><strong>‘a&#39;ternos</strong></span> <span class='ocrx_word' id='word_1_509' title='bbox 2668 2531 2761 2601; x_wconf 92' lang='lat' dir='ltr'><strong>qui</strong></span> <span class='ocrx_word' id='word_1_510' title='bbox 2801 2526 2902 2585; x_wconf 84' lang='lat' dir='ltr'><strong>soli</strong></span> <span class='ocrx_word' id='word_1_511' title='bbox 2925 2529 3080 2586; x_wconf 89' lang='lat' dir='ltr'><strong>nobis</strong></span> <span class='ocrx_word' id='word_1_512' title='bbox 3117 2539 3242 2585; x_wconf 88' lang='lat' dir='ltr'><strong>sunt</strong></span> <span class='ocrx_word' id='word_1_513' title='bbox 3269 2529 3575 2599; x_wconf 85' lang='lat' dir='ltr'><strong>specialiter</strong></span> <span class='ocrx_word' id='word_1_514' title='bbox 3600 2536 3771 2600; x_wconf 64' lang='lat' dir='ltr'><strong>appe‘é</strong></span> 
     </span>
    </p>
   </div>
   <div class='ocr_carea' id='block_1_61' title="bbox 2172 2622 3765 2695">
    <p class='ocr_par' dir='ltr' id='par_1_61' title="bbox 2172 2622 3765 2695">
     <span class='ocr_line' id='line_1_61' title="bbox 2172 2622 3765 2695; baseline -0.003 -14"><span class='ocrx_word' id='word_1_515' title='bbox 2172 2623 2319 2681; x_wconf 85' lang='lat' dir='ltr'><strong>tendi</strong></span> <span class='ocrx_word' id='word_1_516' title='bbox 2347 2624 2697 2695; x_wconf 85' lang='lat' dir='ltr'><strong>negligamus,</strong></span> <span class='ocrx_word' id='word_1_517' title='bbox 2728 2631 3157 2688; x_wconf 87' lang='lat' dir='ltr'><strong>contemnamus,</strong></span> <span class='ocrx_word' id='word_1_518' title='bbox 3185 2635 3285 2678; x_wconf 91' lang='lat' dir='ltr'><strong>nec</strong></span> <span class='ocrx_word' id='word_1_519' title='bbox 3304 2622 3589 2678; x_wconf 89' lang='lat' dir='ltr'><strong>credamus</strong></span> <span class='ocrx_word' id='word_1_520' title='bbox 3616 2626 3765 2687; x_wconf 77' lang='lat' dir='ltr'><strong>esse.</strong></span> 
     </span>
    </p>
   </div>
   <div class='ocr_carea' id='block_1_62' title="bbox 2171 2708 3769 2785">
    <p class='ocr_par' dir='ltr' id='par_1_62' title="bbox 2171 2708 3769 2785">
     <span class='ocr_line' id='line_1_62' title="bbox 2171 2708 3769 2785; baseline -0.002 -11"><span class='ocrx_word' id='word_1_521' title='bbox 2171 2716 2298 2774; x_wconf 89' lang='lat' dir='ltr'><strong>dum</strong></span> <span class='ocrx_word' id='word_1_522' title='bbox 2325 2730 2422 2773; x_wconf 88' lang='lat' dir='ltr'><strong>eos</strong></span> <span class='ocrx_word' id='word_1_523' title='bbox 2457 2716 2784 2785; x_wconf 75' lang='lat' dir='ltr'><strong>imprtesenti</strong></span> <span class='ocrx_word' id='word_1_524' title='bbox 2828 2730 2932 2771; x_wconf 90' lang='lat' dir='ltr'><strong>non</strong></span> <span class='ocrx_word' id='word_1_525' title='bbox 2964 2716 3207 2771; x_wconf 87' lang='lat' dir='ltr'><strong>valemus</strong></span> <span class='ocrx_word' id='word_1_526' title='bbox 3242 2715 3522 2785; x_wconf 83' lang='lat' dir='ltr'><strong>aspicere?</strong></span> <span class='ocrx_word' id='word_1_527' title='bbox 3571 2708 3769 2773; x_wconf 65' lang='lat' dir='ltr'><strong>Merito</strong></span> 
     </span>
    </p>
   </div>
   <div class='ocr_carea' id='block_1_63' title="bbox 2173 2800 3765 2881">
    <p class='ocr_par' dir='ltr' id='par_1_63' title="bbox 2173 2800 3765 2881">
     <span class='ocr_line' id='line_1_63' title="bbox 2173 2800 3765 2881; baseline -0.001 -14"><span class='ocrx_word' id='word_1_528' title='bbox 2173 2825 2302 2881; x_wconf 87' lang='lat' dir='ltr'><strong>ergo</strong></span> <span class='ocrx_word' id='word_1_529' title='bbox 2323 2800 2554 2866; x_wconf 77' lang='lat' dir='ltr'><strong>turbatus</strong></span> <span class='ocrx_word' id='word_1_530' title='bbox 2582 2812 2686 2875; x_wconf 81' lang='lat' dir='ltr'><strong>est,</strong></span> <span class='ocrx_word' id='word_1_531' title='bbox 2715 2809 2803 2880; x_wconf 90' lang='lat' dir='ltr'><strong>qui</strong></span> <span class='ocrx_word' id='word_1_532' title='bbox 2832 2818 2937 2864; x_wconf 87' lang='lat' dir='ltr'><strong>tam</strong></span> <span class='ocrx_word' id='word_1_533' title='bbox 2965 2808 3144 2879; x_wconf 85' lang='lat' dir='ltr'><strong>pravis</strong></span> <span class='ocrx_word' id='word_1_534' title='bbox 3169 2810 3606 2880; x_wconf 78' lang='lat' dir='ltr'><strong>persuaaidnilius</strong></span> <span class='ocrx_word' id='word_1_535' title='bbox 3637 2822 3765 2880; x_wconf 79' lang='lat' dir='ltr'><strong>pec-</strong></span> 
     </span>
    </p>
   </div>
   <div class='ocr_carea' id='block_1_64' title="bbox 2172 2900 3052 2974">
    <p class='ocr_par' dir='ltr' id='par_1_64' title="bbox 2172 2900 3052 2974">
     <span class='ocr_line' id='line_1_64' title="bbox 2172 2900 3052 2974; baseline -0.005 -15"><span class='ocrx_word' id='word_1_536' title='bbox 2172 2912 2383 2959; x_wconf 85' lang='lat' dir='ltr'><strong>catores</strong></span> <span class='ocrx_word' id='word_1_537' title='bbox 2402 2911 2733 2974; x_wconf 82' lang='lat' dir='ltr'><strong>cegnoverat</strong></span> <span class='ocrx_word' id='word_1_538' title='bbox 2754 2900 3052 2971; x_wconf 72' lang='lat' dir='ltr'><strong>subiacere.</strong></span> 
     </span>
    </p>
   </div>
   <div class='ocr_carea' id='block_1_65' title="bbox 2247 2997 3769 3067">
    <p class='ocr_par' dir='ltr' id='par_1_65' title="bbox 2247 2997 3769 3067">
     <span class='ocr_line' id='line_1_65' title="bbox 2247 2997 3769 3067; baseline -0.001 -12"><span class='ocrx_word' id='word_1_539' title='bbox 2247 3000 2403 3058; x_wconf 66' lang='grc' dir='ltr'>νει-ι.</span> <span class='ocrx_word' id='word_1_540' title='bbox 2434 3000 2488 3056; x_wconf 88' lang='lat'><strong>6.</strong></span> <span class='ocrx_word' id='word_1_541' title='bbox 2530 2999 2597 3055; x_wconf 86' lang='lat' dir='ltr'><strong>In</strong></span> <span class='ocrx_word' id='word_1_542' title='bbox 2626 3009 2788 3054; x_wconf 82' lang='lat' dir='ltr'><strong>mente</strong></span> <span class='ocrx_word' id='word_1_543' title='bbox 2818 2999 2975 3054; x_wconf 86' lang='lat' dir='ltr'><strong>habui</strong></span> <span class='ocrx_word' id='word_1_544' title='bbox 2989 2998 3011 3067; x_wconf 64' lang='grc' dir='ltr'><strong><em>ζ</em></strong></span> <span class='ocrx_word' id='word_1_545' title='bbox 3052 3006 3099 3054; x_wconf 91' lang='lat' dir='ltr'><strong>et</strong></span> <span class='ocrx_word' id='word_1_546' title='bbox 3148 2997 3425 3053; x_wconf 86' lang='lat' dir='ltr'><strong>meditatus</strong></span> <span class='ocrx_word' id='word_1_547' title='bbox 3470 3007 3585 3052; x_wconf 79' lang='lat' dir='ltr'><strong>sunt</strong></span> <span class='ocrx_word' id='word_1_548' title='bbox 3624 3005 3769 3054; x_wconf 77' lang='lat' dir='ltr'><strong>nocte</strong></span> 
     </span>
    </p>
   </div>
   <div class='ocr_carea' id='block_1_66' title="bbox 2176 3091 3759 3161">
    <p class='ocr_par' dir='ltr' id='par_1_66' title="bbox 2176 3091 3759 3161">
     <span class='ocr_line' id='line_1_66' title="bbox 2176 3091 3759 3161; baseline -0.001 -16"><span class='ocrx_word' id='word_1_549' title='bbox 2176 3107 2295 3146; x_wconf 85' lang='lat' dir='ltr'><strong>eum</strong></span> <span class='ocrx_word' id='word_1_550' title='bbox 2323 3092 2476 3148; x_wconf 78' lang='lat' dir='ltr'><strong>corde</strong></span> <span class='ocrx_word' id='word_1_551' title='bbox 2503 3102 2613 3148; x_wconf 83' lang='lat' dir='ltr'><strong>meo</strong></span> <span class='ocrx_word' id='word_1_552' title='bbox 2636 3108 2655 3147; x_wconf 91' lang='lat'><strong><em>:</em></strong></span> <span class='ocrx_word' id='word_1_553' title='bbox 2694 3092 3012 3147; x_wconf 70' lang='lat' dir='ltr'><strong>exercitabar</strong></span> <span class='ocrx_word' id='word_1_554' title='bbox 3035 3100 3082 3146; x_wconf 86' lang='lat' dir='ltr'><strong>et</strong></span> <span class='ocrx_word' id='word_1_555' title='bbox 3111 3091 3414 3146; x_wconf 83' lang='lat' dir='ltr'><strong>ventilabam</strong></span> <span class='ocrx_word' id='word_1_556' title='bbox 3448 3092 3503 3146; x_wconf 88' lang='lat' dir='ltr'><strong>in</strong></span> <span class='ocrx_word' id='word_1_557' title='bbox 3549 3106 3631 3146; x_wconf 78' lang='lat' dir='ltr'><strong>me</strong></span> <span class='ocrx_word' id='word_1_558' title='bbox 3661 3092 3759 3161; x_wconf 70' lang='grc' dir='ltr'>ερὶι</span> 
     </span>
    </p>
   </div>
   <div class='ocr_carea' id='block_1_67' title="bbox 2174 3181 3768 3256">
    <p class='ocr_par' dir='ltr' id='par_1_67' title="bbox 2174 3181 3768 3256">
     <span class='ocr_line' id='line_1_67' title="bbox 2174 3181 3768 3256; baseline 0.003 -19"><span class='ocrx_word' id='word_1_559' title='bbox 2174 3184 2331 3237; x_wconf 87' lang='lat' dir='ltr'><strong>ritum</strong></span> <span class='ocrx_word' id='word_1_560' title='bbox 2356 3198 2545 3237; x_wconf 84' lang='lat' dir='ltr'><strong>meum.</strong></span> <span class='ocrx_word' id='word_1_561' title='bbox 2574 3182 2746 3252; x_wconf 85' lang='lat' dir='ltr'><strong>Caput</strong></span> <span class='ocrx_word' id='word_1_562' title='bbox 2769 3182 2923 3237; x_wconf 89' lang='lat' dir='ltr'><strong>istius</strong></span> <span class='ocrx_word' id='word_1_563' title='bbox 2936 3196 3122 3238; x_wconf 82' lang='lat' dir='ltr'><strong>versus</strong></span> <span class='ocrx_word' id='word_1_564' title='bbox 3145 3181 3409 3253; x_wconf 88' lang='lat' dir='ltr'><strong>superiori</strong></span> <span class='ocrx_word' id='word_1_565' title='bbox 3428 3182 3768 3256; x_wconf 78' lang='lat' dir='ltr'><strong>jungendum</strong></span> 
     </span>
    </p>
   </div>
   <div class='ocr_carea' id='block_1_68' title="bbox 2172 3272 3768 3344">
    <p class='ocr_par' dir='ltr' id='par_1_68' title="bbox 2172 3272 3768 3344">
     <span class='ocr_line' id='line_1_68' title="bbox 2172 3272 3768 3344; baseline 0.001 -15"><span class='ocrx_word' id='word_1_566' title='bbox 2172 3283 2276 3329; x_wconf 86' lang='lat' dir='ltr'><strong>est.</strong></span> <span class='ocrx_word' id='word_1_567' title='bbox 2311 3272 2408 3328; x_wconf 82' lang='lat' dir='ltr'><strong>Est</strong></span> <span class='ocrx_word' id='word_1_568' title='bbox 2434 3274 2578 3329; x_wconf 91' lang='lat' dir='ltr'><strong>enim</strong></span> <span class='ocrx_word' id='word_1_569' title='bbox 2610 3275 2682 3329; x_wconf 89' lang='lat' dir='ltr'><strong>ita</strong></span> <span class='ocrx_word' id='word_1_570' title='bbox 2712 3291 2725 3326; x_wconf 91' lang='lat'><strong>:</strong></span> <span class='ocrx_word' id='word_1_571' title='bbox 2759 3272 2823 3327; x_wconf 85' lang='lat' dir='ltr'><strong>Et</strong></span> <span class='ocrx_word' id='word_1_572' title='bbox 2863 3284 3025 3328; x_wconf 84' lang='lat' dir='ltr'><strong>annos</strong></span> <span class='ocrx_word' id='word_1_573' title='bbox 3052 3282 3267 3328; x_wconf 68' lang='lat' dir='ltr'><strong>internas</strong></span> <span class='ocrx_word' id='word_1_574' title='bbox 3304 3275 3359 3327; x_wconf 85' lang='lat' dir='ltr'><strong>in</strong></span> <span class='ocrx_word' id='word_1_575' title='bbox 3382 3284 3551 3329; x_wconf 82' lang='lat' dir='ltr'><strong>mente</strong></span> <span class='ocrx_word' id='word_1_576' title='bbox 3573 3275 3768 3344; x_wconf 76' lang='lat' dir='ltr'><strong>habui;</strong></span> 
     </span>
    </p>
   </div>
   <div class='ocr_carea' id='block_1_69' title="bbox 2173 3362 3767 3436">
    <p class='ocr_par' dir='ltr' id='par_1_69' title="bbox 2173 3362 3767 3436">
     <span class='ocr_line' id='line_1_69' title="bbox 2173 3362 3767 3436; baseline 0.001 -17"><span class='ocrx_word' id='word_1_577' title='bbox 2173 3378 2280 3420; x_wconf 91' lang='lat' dir='ltr'><strong>non</strong></span> <span class='ocrx_word' id='word_1_578' title='bbox 2307 3364 2445 3420; x_wconf 82' lang='lat' dir='ltr'><strong>sicut</strong></span> <span class='ocrx_word' id='word_1_579' title='bbox 2474 3364 2642 3430; x_wconf 82' lang='lat' dir='ltr'><strong>stulti,</strong></span> <span class='ocrx_word' id='word_1_580' title='bbox 2670 3364 2759 3433; x_wconf 90' lang='lat' dir='ltr'><strong>qui</strong></span> <span class='ocrx_word' id='word_1_581' title='bbox 2789 3362 2892 3419; x_wconf 87' lang='lat' dir='ltr'><strong>hoc</strong></span> <span class='ocrx_word' id='word_1_582' title='bbox 2918 3363 3057 3434; x_wconf 89' lang='lat' dir='ltr'><strong>quod</strong></span> <span class='ocrx_word' id='word_1_583' title='bbox 3070 3364 3313 3431; x_wconf 90' lang='lat' dir='ltr'><strong>audiunt,</strong></span> <span class='ocrx_word' id='word_1_584' title='bbox 3331 3379 3503 3435; x_wconf 84' lang='lat' dir='ltr'><strong>neque</strong></span> <span class='ocrx_word' id='word_1_585' title='bbox 3515 3364 3767 3436; x_wconf 85' lang='lat' dir='ltr'><strong>credunt,</strong></span> 
     </span>
    </p>
   </div>
   <div class='ocr_carea' id='block_1_70' title="bbox 2173 3455 3767 3527">
    <p class='ocr_par' dir='ltr' id='par_1_70' title="bbox 2173 3455 3767 3527">
     <span class='ocr_line' id='line_1_70' title="bbox 2173 3455 3767 3527; baseline -0.001 -15"><span class='ocrx_word' id='word_1_586' title='bbox 2173 3471 2347 3527; x_wconf 86' lang='lat' dir='ltr'><strong>neque</strong></span> <span class='ocrx_word' id='word_1_587' title='bbox 2360 3455 2413 3510; x_wconf 90' lang='lat' dir='ltr'><strong>in</strong></span> <span class='ocrx_word' id='word_1_588' title='bbox 2430 3471 2525 3511; x_wconf 90' lang='lat' dir='ltr'><strong>sua</strong></span> <span class='ocrx_word' id='word_1_589' title='bbox 2541 3458 2794 3513; x_wconf 90' lang='lat' dir='ltr'><strong>memoria</strong></span> <span class='ocrx_word' id='word_1_590' title='bbox 2808 3466 3091 3526; x_wconf 89' lang='lat' dir='ltr'><strong>reponunt,</strong></span> <span class='ocrx_word' id='word_1_591' title='bbox 3108 3456 3203 3512; x_wconf 90' lang='lat' dir='ltr'><strong>sed</strong></span> <span class='ocrx_word' id='word_1_592' title='bbox 3224 3456 3476 3511; x_wconf 87' lang='lat' dir='ltr'><strong>oblivioni</strong></span> <span class='ocrx_word' id='word_1_593' title='bbox 3491 3459 3767 3525; x_wconf 87' lang='lat' dir='ltr'><strong>mandant,</strong></span> 
     </span>
    </p>
   </div>
   <div class='ocr_carea' id='block_1_71' title="bbox 2172 3549 3766 3624">
    <p class='ocr_par' dir='ltr' id='par_1_71' title="bbox 2172 3549 3766 3624">
     <span class='ocr_line' id='line_1_71' title="bbox 2172 3549 3766 3624; baseline 0 -19"><span class='ocrx_word' id='word_1_594' title='bbox 2172 3550 2314 3624; x_wconf 86' lang='lat' dir='ltr'><strong>quod</strong></span> <span class='ocrx_word' id='word_1_595' title='bbox 2344 3550 2697 3622; x_wconf 84' lang='lat' dir='ltr'><strong>negligentius</strong></span> <span class='ocrx_word' id='word_1_596' title='bbox 2720 3560 3059 3619; x_wconf 87' lang='lat' dir='ltr'><strong>acceperunt.</strong></span> <span class='ocrx_word' id='word_1_597' title='bbox 3091 3549 3194 3604; x_wconf 87' lang='lat' dir='ltr'><strong>Iste</strong></span> <span class='ocrx_word' id='word_1_598' title='bbox 3216 3550 3357 3604; x_wconf 91' lang='lat' dir='ltr'><strong>enim</strong></span> <span class='ocrx_word' id='word_1_599' title='bbox 3402 3551 3457 3604; x_wconf 85' lang='lat' dir='ltr'><strong>in</strong></span> <span class='ocrx_word' id='word_1_600' title='bbox 3480 3560 3652 3605; x_wconf 84' lang='lat' dir='ltr'><strong>mente</strong></span> <span class='ocrx_word' id='word_1_601' title='bbox 3675 3553 3766 3605; x_wconf 78' lang='lat' dir='ltr'><strong>ha-</strong></span> 
     </span>
    </p>
   </div>
   <div class='ocr_carea' id='block_1_72' title="bbox 2172 3639 3765 3711">
    <p class='ocr_par' dir='ltr' id='par_1_72' title="bbox 2172 3639 3765 3711">
     <span class='ocr_line' id='line_1_72' title="bbox 2172 3639 3765 3711; baseline -0.001 -14"><span class='ocrx_word' id='word_1_602' title='bbox 2172 3643 2280 3697; x_wconf 86' lang='lat' dir='ltr'><strong>buit</strong></span> <span class='ocrx_word' id='word_1_603' title='bbox 2309 3658 2471 3696; x_wconf 86' lang='lat' dir='ltr'><strong>annos</strong></span> <span class='ocrx_word' id='word_1_604' title='bbox 2497 3650 2737 3708; x_wconf 70' lang='lat' dir='ltr'><strong>intentos,</strong></span> <span class='ocrx_word' id='word_1_605' title='bbox 2767 3639 3021 3711; x_wconf 89' lang='lat' dir='ltr'><strong>quoniam</strong></span> <span class='ocrx_word' id='word_1_606' title='bbox 3058 3639 3310 3695; x_wconf 84' lang='lat' dir='ltr'><strong>credebat</strong></span> <span class='ocrx_word' id='word_1_607' title='bbox 3332 3654 3453 3695; x_wconf 83' lang='lat' dir='ltr'><strong>esse</strong></span> <span class='ocrx_word' id='word_1_608' title='bbox 3483 3651 3765 3696; x_wconf 85' lang='lat' dir='ltr'><strong>venturos.</strong></span> 
     </span>
    </p>
   </div>
   <div class='ocr_carea' id='block_1_73' title="bbox 2174 3731 3766 3802">
    <p class='ocr_par' dir='ltr' id='par_1_73' title="bbox 2174 3731 3766 3802">
     <span class='ocr_line' id='line_1_73' title="bbox 2174 3731 3766 3802; baseline -0.001 -13"><span class='ocrx_word' id='word_1_609' title='bbox 2174 3734 2462 3789; x_wconf 72' lang='lat' dir='ltr'><strong>Meditatur</strong></span> <span class='ocrx_word' id='word_1_610' title='bbox 2489 3734 2650 3789; x_wconf 87' lang='lat' dir='ltr'><strong>etiam</strong></span> <span class='ocrx_word' id='word_1_611' title='bbox 2673 3748 2787 3787; x_wconf 87' lang='lat' dir='ltr'><strong>cum</strong></span> <span class='ocrx_word' id='word_1_612' title='bbox 2813 3731 2966 3786; x_wconf 85' lang='lat' dir='ltr'><strong>corde</strong></span> <span class='ocrx_word' id='word_1_613' title='bbox 2990 3748 3105 3798; x_wconf 88' lang='lat' dir='ltr'><strong>suo,</strong></span> <span class='ocrx_word' id='word_1_614' title='bbox 3136 3734 3225 3802; x_wconf 86' lang='lat' dir='ltr'><strong>qui</strong></span> <span class='ocrx_word' id='word_1_615' title='bbox 3256 3733 3486 3788; x_wconf 84' lang='lat' dir='ltr'><strong>animam</strong></span> <span class='ocrx_word' id='word_1_616' title='bbox 3508 3748 3663 3787; x_wconf 87' lang='lat' dir='ltr'><strong>suam</strong></span> <span class='ocrx_word' id='word_1_617' title='bbox 3693 3733 3766 3789; x_wconf 64' lang='lat' dir='ltr'><strong>fac</strong></span> 
     </span>
    </p>
   </div>
   <div class='ocr_carea' id='block_1_74' title="bbox 2171 3821 3767 3897">
    <p class='ocr_par' dir='ltr' id='par_1_74' title="bbox 2171 3821 3767 3897">
     <span class='ocr_line' id='line_1_74' title="bbox 2171 3821 3767 3897; baseline -0.001 -16"><span class='ocrx_word' id='word_1_618' title='bbox 2171 3822 2253 3881; x_wconf 65' lang='lat' dir='ltr'><strong>cit&#39;</strong></span> <span class='ocrx_word' id='word_1_619' title='bbox 2274 3824 2477 3897; x_wconf 90' lang='lat' dir='ltr'><strong>aliquid</strong></span> <span class='ocrx_word' id='word_1_620' title='bbox 2522 3838 2643 3879; x_wconf 90' lang='lat' dir='ltr'><strong>cum</strong></span> <span class='ocrx_word' id='word_1_621' title='bbox 2692 3824 2898 3878; x_wconf 90' lang='lat' dir='ltr'><strong>ratione</strong></span> <span class='ocrx_word' id='word_1_622' title='bbox 2938 3831 3188 3878; x_wconf 89' lang='lat' dir='ltr'><strong>tractare.</strong></span> <span class='ocrx_word' id='word_1_623' title='bbox 3219 3821 3352 3878; x_wconf 89' lang='lat' dir='ltr'><strong>Cum</strong></span> <span class='ocrx_word' id='word_1_624' title='bbox 3392 3823 3481 3879; x_wconf 88' lang='lat' dir='ltr'><strong>illa</strong></span> <span class='ocrx_word' id='word_1_625' title='bbox 3506 3824 3654 3878; x_wconf 89' lang='lat' dir='ltr'><strong>enim</strong></span> <span class='ocrx_word' id='word_1_626' title='bbox 3689 3824 3767 3879; x_wconf 91' lang='lat' dir='ltr'><strong>lo-</strong></span> 
     </span>
    </p>
   </div>
   <div class='ocr_carea' id='block_1_75' title="bbox 2171 3914 3766 3988">
    <p class='ocr_par' dir='ltr' id='par_1_75' title="bbox 2171 3914 3766 3988">
     <span class='ocr_line' id='line_1_75' title="bbox 2171 3914 3766 3988; baseline -0.001 -16"><span class='ocrx_word' id='word_1_627' title='bbox 2171 3918 2388 3988; x_wconf 91' lang='lat' dir='ltr'><strong>quimur</strong></span> <span class='ocrx_word' id='word_1_628' title='bbox 2435 3915 2603 3982; x_wconf 89' lang='lat' dir='ltr'><strong>taciti,</strong></span> <span class='ocrx_word' id='word_1_629' title='bbox 2655 3929 2776 3970; x_wconf 90' lang='lat' dir='ltr'><strong>cum</strong></span> <span class='ocrx_word' id='word_1_630' title='bbox 2826 3914 2914 3969; x_wconf 87' lang='lat' dir='ltr'><strong>illa</strong></span> <span class='ocrx_word' id='word_1_631' title='bbox 2943 3929 3257 3970; x_wconf 75' lang='lat' dir='ltr'><strong>exercemur</strong></span> <span class='ocrx_word' id='word_1_632' title='bbox 3291 3914 3489 3985; x_wconf 89' lang='lat' dir='ltr'><strong>quieti,</strong></span> <span class='ocrx_word' id='word_1_633' title='bbox 3538 3914 3766 3971; x_wconf 87' lang='lat' dir='ltr'><strong>necsoli</strong></span> 
     </span>
    </p>
   </div>
   <div class='ocr_carea' id='block_1_76' title="bbox 2172 4004 3764 4080">
    <p class='ocr_par' dir='ltr' id='par_1_76' title="bbox 2172 4004 3764 4080">
     <span class='ocr_line' id='line_1_76' title="bbox 2172 4004 3764 4080; baseline -0.001 -17"><span class='ocrx_word' id='word_1_634' title='bbox 2172 4023 2375 4076; x_wconf 87' lang='lat' dir='ltr'><strong>sumus,</strong></span> <span class='ocrx_word' id='word_1_635' title='bbox 2406 4009 2618 4080; x_wconf 91' lang='lat' dir='ltr'><strong>quando</strong></span> <span class='ocrx_word' id='word_1_636' title='bbox 2645 4021 2765 4062; x_wconf 90' lang='lat' dir='ltr'><strong>cum</strong></span> <span class='ocrx_word' id='word_1_637' title='bbox 2818 4006 2936 4076; x_wconf 90' lang='lat' dir='ltr'><strong>ipsa</strong></span> <span class='ocrx_word' id='word_1_638' title='bbox 2964 4016 3209 4076; x_wconf 88' lang='lat' dir='ltr'><strong>suscepta</strong></span> <span class='ocrx_word' id='word_1_639' title='bbox 3242 4004 3593 4061; x_wconf 87' lang='lat' dir='ltr'><strong>altercatione</strong></span> <span class='ocrx_word' id='word_1_640' title='bbox 3631 4020 3764 4061; x_wconf 85' lang='lat' dir='ltr'><strong>eon-</strong></span> 
     </span>
    </p>
   </div>
   <div class='ocr_carea' id='block_1_77' title="bbox 2171 4096 3765 4174">
    <p class='ocr_par' dir='ltr' id='par_1_77' title="bbox 2171 4096 3765 4174">
     <span class='ocr_line' id='line_1_77' title="bbox 2171 4096 3765 4174; baseline -0.005 -16"><span class='ocrx_word' id='word_1_641' title='bbox 2171 4101 2424 4174; x_wconf 83' lang='lat' dir='ltr'><strong>ﬂigimus.</strong></span> <span class='ocrx_word' id='word_1_642' title='bbox 2471 4101 2746 4171; x_wconf 87' lang='lat' dir='ltr'><strong>Sequitur,</strong></span> <span class='ocrx_word' id='word_1_643' title='bbox 2790 4097 3112 4153; x_wconf 72' lang='lat' dir='ltr'><strong>exercitabar</strong></span> <span class='ocrx_word' id='word_1_644' title='bbox 3145 4105 3198 4151; x_wconf 91' lang='lat' dir='ltr'><strong>et</strong></span> <span class='ocrx_word' id='word_1_645' title='bbox 3234 4096 3542 4151; x_wconf 80' lang='lat' dir='ltr'><strong>ventilabam</strong></span> <span class='ocrx_word' id='word_1_646' title='bbox 3586 4096 3642 4151; x_wconf 81' lang='lat' dir='ltr'><strong>in</strong></span> <span class='ocrx_word' id='word_1_647' title='bbox 3690 4112 3765 4150; x_wconf 79' lang='lat' dir='ltr'><strong>tle</strong></span> 
     </span>
    </p>
   </div>
   <div class='ocr_carea' id='block_1_78' title="bbox 2171 4186 3763 4263">
    <p class='ocr_par' dir='ltr' id='par_1_78' title="bbox 2171 4186 3763 4263">
     <span class='ocr_line' id='line_1_78' title="bbox 2171 4186 3763 4263; baseline -0.004 -15"><span class='ocrx_word' id='word_1_648' title='bbox 2171 4194 2406 4263; x_wconf 85' lang='lat' dir='ltr'><strong>spiritum</strong></span> <span class='ocrx_word' id='word_1_649' title='bbox 2438 4207 2627 4247; x_wconf 84' lang='lat' dir='ltr'><strong>meum.</strong></span> <span class='ocrx_word' id='word_1_650' title='bbox 2662 4189 2885 4259; x_wconf 80' lang='lat' dir='ltr'><strong>Proprie</strong></span> <span class='ocrx_word' id='word_1_651' title='bbox 2915 4198 3065 4244; x_wconf 90' lang='lat' dir='ltr'><strong>actus</strong></span> <span class='ocrx_word' id='word_1_652' title='bbox 3096 4189 3209 4256; x_wconf 85' lang='lat' dir='ltr'><strong>ipse</strong></span> <span class='ocrx_word' id='word_1_653' title='bbox 3231 4186 3643 4243; x_wconf 87' lang='lat' dir='ltr'><strong>deliberationis</strong></span> <span class='ocrx_word' id='word_1_654' title='bbox 3667 4200 3763 4241; x_wconf 83' lang='lat' dir='ltr'><strong>ex-</strong></span> 
     </span>
    </p>
   </div>
   <div class='ocr_carea' id='block_1_79' title="bbox 2175 4279 3766 4355">
    <p class='ocr_par' dir='ltr' id='par_1_79' title="bbox 2175 4279 3766 4355">
     <span class='ocr_line' id='line_1_79' title="bbox 2175 4279 3766 4355; baseline -0.006 -16"><span class='ocrx_word' id='word_1_655' title='bbox 2175 4285 2442 4355; x_wconf 89' lang='lat' dir='ltr'><strong>primitur.</strong></span> <span class='ocrx_word' id='word_1_656' title='bbox 2474 4283 2805 4338; x_wconf 84' lang='lat' dir='ltr'><strong>Esercemur</strong></span> <span class='ocrx_word' id='word_1_657' title='bbox 2833 4280 3000 4345; x_wconf 90' lang='lat' dir='ltr'><strong>enim,</strong></span> <span class='ocrx_word' id='word_1_658' title='bbox 3032 4279 3247 4347; x_wconf 76' lang='lat' dir='ltr'><strong>quando</strong></span> <span class='ocrx_word' id='word_1_659' title='bbox 3287 4293 3383 4348; x_wconf 85' lang='lat' dir='ltr'><strong>per</strong></span> <span class='ocrx_word' id='word_1_660' title='bbox 3429 4280 3766 4334; x_wconf 79' lang='lat' dir='ltr'><strong>retractatio-</strong></span> 
     </span>
    </p>
   </div>
   <div class='ocr_carea' id='block_1_80' title="bbox 2175 4368 3765 4441">
    <p class='ocr_par' dir='ltr' id='par_1_80' title="bbox 2175 4368 3765 4441">
     <span class='ocr_line' id='line_1_80' title="bbox 2175 4368 3765 4441; baseline -0.004 -12"><span class='ocrx_word' id='word_1_661' title='bbox 2175 4389 2271 4431; x_wconf 87' lang='lat' dir='ltr'><strong>nes</strong></span> <span class='ocrx_word' id='word_1_662' title='bbox 2294 4376 2601 4429; x_wconf 89' lang='lat' dir='ltr'><strong>innumeras</strong></span> <span class='ocrx_word' id='word_1_663' title='bbox 2622 4382 2930 4436; x_wconf 71' lang='lat' dir='ltr'><strong>aestuamus,</strong></span> <span class='ocrx_word' id='word_1_664' title='bbox 2953 4378 3006 4426; x_wconf 90' lang='lat' dir='ltr'><strong>et</strong></span> <span class='ocrx_word' id='word_1_665' title='bbox 3027 4372 3181 4441; x_wconf 89' lang='lat' dir='ltr'><strong>quasi</strong></span> <span class='ocrx_word' id='word_1_666' title='bbox 3205 4370 3259 4425; x_wconf 91' lang='lat' dir='ltr'><strong>in</strong></span> <span class='ocrx_word' id='word_1_667' title='bbox 3289 4368 3537 4439; x_wconf 61' lang='lat' dir='ltr'><strong>palaestra</strong></span> <span class='ocrx_word' id='word_1_668' title='bbox 3571 4370 3765 4424; x_wconf 72' lang='lat' dir='ltr'><strong>animae</strong></span> 
     </span>
    </p>
   </div>
   <div class='ocr_carea' id='block_1_81' title="bbox 2174 4459 3762 4537">
    <p class='ocr_par' dir='ltr' id='par_1_81' title="bbox 2174 4459 3762 4537">
     <span class='ocr_line' id='line_1_81' title="bbox 2174 4459 3762 4537; baseline -0.005 -16"><span class='ocrx_word' id='word_1_669' title='bbox 2174 4466 2440 4537; x_wconf 74' lang='lat' dir='ltr'><strong>Spirituali</strong></span> <span class='ocrx_word' id='word_1_670' title='bbox 2488 4464 2890 4520; x_wconf 85' lang='lat' dir='ltr'><strong>concertatione</strong></span> <span class='ocrx_word' id='word_1_671' title='bbox 2932 4461 3235 4533; x_wconf 87' lang='lat' dir='ltr'><strong>fatigamur.</strong></span> <span class='ocrx_word' id='word_1_672' title='bbox 3271 4459 3567 4516; x_wconf 79' lang='lat' dir='ltr'><strong>Ventilatur</strong></span> <span class='ocrx_word' id='word_1_673' title='bbox 3586 4472 3762 4515; x_wconf 88' lang='lat' dir='ltr'><strong>autem</strong></span> 
     </span>
    </p>
   </div>
   <div class='ocr_carea' id='block_1_82' title="bbox 477 4538 3763 4627">
    <p class='ocr_par' dir='ltr' id='par_1_82' title="bbox 477 4538 3763 4627">
     <span class='ocr_line' id='line_1_82' title="bbox 477 4538 3763 4627; baseline -0.003 -11"><span class='ocrx_word' id='word_1_674' title='bbox 477 4576 615 4626; x_wconf 82' lang='lat' dir='ltr'><strong>sum,</strong></span> <span class='ocrx_word' id='word_1_675' title='bbox 645 4566 693 4613; x_wconf 92' lang='lat' dir='ltr'><strong>et</strong></span> <span class='ocrx_word' id='word_1_676' title='bbox 722 4574 824 4613; x_wconf 89' lang='lat' dir='ltr'><strong>non</strong></span> <span class='ocrx_word' id='word_1_677' title='bbox 850 4574 966 4612; x_wconf 89' lang='lat' dir='ltr'><strong>sum</strong></span> <span class='ocrx_word' id='word_1_678' title='bbox 991 4559 1211 4613; x_wconf 88' lang='lat' dir='ltr'><strong>locutus.</strong></span> <span class='ocrx_word' id='word_1_679' title='bbox 1249 4556 1404 4613; x_wconf 83' lang='lat' dir='ltr'><strong>Venit</strong></span> <span class='ocrx_word' id='word_1_680' title='bbox 1429 4555 1497 4611; x_wconf 89' lang='lat' dir='ltr'><strong>ad</strong></span> <span class='ocrx_word' id='word_1_681' title='bbox 1532 4556 1825 4611; x_wconf 87' lang='lat' dir='ltr'><strong>secundam</strong></span> <span class='ocrx_word' id='word_1_682' title='bbox 1874 4568 2065 4610; x_wconf 88' lang='lat' dir='ltr'><strong>narra-</strong></span> <span class='ocrx_word' id='word_1_683' title='bbox 2098 4538 2149 4598; x_wconf 82' lang='lat' dir='ltr'><strong>D</strong></span> <span class='ocrx_word' id='word_1_684' title='bbox 2174 4557 2409 4627; x_wconf 77' lang='lat' dir='ltr'><strong>spiritus,</strong></span> <span class='ocrx_word' id='word_1_685' title='bbox 2437 4570 2560 4611; x_wconf 92' lang='lat' dir='ltr'><strong>cum</strong></span> <span class='ocrx_word' id='word_1_686' title='bbox 2588 4555 2692 4610; x_wconf 88' lang='lat' dir='ltr'><strong>huc</strong></span> <span class='ocrx_word' id='word_1_687' title='bbox 2720 4562 2881 4625; x_wconf 86' lang='lat' dir='ltr'><strong>atque</strong></span> <span class='ocrx_word' id='word_1_688' title='bbox 2912 4552 3035 4608; x_wconf 92' lang='lat' dir='ltr'><strong>illuc</strong></span> <span class='ocrx_word' id='word_1_689' title='bbox 3056 4552 3110 4608; x_wconf 92' lang='lat' dir='ltr'><strong>in</strong></span> <span class='ocrx_word' id='word_1_690' title='bbox 3138 4551 3283 4608; x_wconf 86' lang='lat' dir='ltr'><strong>venti</strong></span> <span class='ocrx_word' id='word_1_691' title='bbox 3310 4566 3462 4607; x_wconf 92' lang='lat' dir='ltr'><strong>more</strong></span> <span class='ocrx_word' id='word_1_692' title='bbox 3482 4552 3763 4607; x_wconf 88' lang='lat' dir='ltr'><strong>celerrima</strong></span> 
     </span>
    </p>
   </div>
   <div class='ocr_carea' id='block_1_83' title="bbox 478 4647 2068 4721">
    <p class='ocr_par' dir='ltr' id='par_1_83' title="bbox 478 4647 2068 4721">
     <span class='ocr_line' id='line_1_83' title="bbox 478 4647 2068 4721; baseline -0.004 -13"><span class='ocrx_word' id='word_1_693' title='bbox 478 4651 716 4720; x_wconf 83' lang='lat' dir='ltr'><strong>tionem,</strong></span> <span class='ocrx_word' id='word_1_694' title='bbox 762 4651 814 4707; x_wconf 87' lang='lat' dir='ltr'><strong>in</strong></span> <span class='ocrx_word' id='word_1_695' title='bbox 846 4666 949 4721; x_wconf 87' lang='lat' dir='ltr'><strong>qua</strong></span> <span class='ocrx_word' id='word_1_696' title='bbox 993 4650 1377 4721; x_wconf 88' lang='lat' dir='ltr'><strong>cogitationum</strong></span> <span class='ocrx_word' id='word_1_697' title='bbox 1426 4662 1643 4703; x_wconf 84' lang='lat' dir='ltr'><strong>suarum</strong></span> <span class='ocrx_word' id='word_1_698' title='bbox 1692 4658 1857 4703; x_wconf 73' lang='lat' dir='ltr'><strong>aestus</strong></span> <span class='ocrx_word' id='word_1_699' title='bbox 1904 4647 2068 4719; x_wconf 70' lang='lat'><strong>260</strong></span> 
     </span>
    </p>
   </div>
   <div class='ocr_carea' id='block_1_84' title="bbox 478 4738 2063 4811">
    <p class='ocr_par' dir='ltr' id='par_1_84' title="bbox 478 4738 2063 4811">
     <span class='ocr_line' id='line_1_84' title="bbox 478 4738 2063 4811; baseline -0.004 -11"><span class='ocrx_word' id='word_1_700' title='bbox 478 4752 779 4800; x_wconf 85' lang='lat' dir='ltr'><strong>enumerat.</strong></span> <span class='ocrx_word' id='word_1_701' title='bbox 808 4741 949 4798; x_wconf 88' lang='lat' dir='ltr'><strong>Dicit</strong></span> <span class='ocrx_word' id='word_1_702' title='bbox 974 4742 1115 4798; x_wconf 86' lang='lat' dir='ltr'><strong>enim</strong></span> <span class='ocrx_word' id='word_1_703' title='bbox 1142 4742 1315 4795; x_wconf 88' lang='lat' dir='ltr'><strong>oculos</strong></span> <span class='ocrx_word' id='word_1_704' title='bbox 1354 4756 1475 4795; x_wconf 89' lang='lat' dir='ltr'><strong>suos</strong></span> <span class='ocrx_word' id='word_1_705' title='bbox 1514 4738 1823 4810; x_wconf 84' lang='lat' dir='ltr'><strong>anticipasse</strong></span> <span class='ocrx_word' id='word_1_706' title='bbox 1841 4739 2063 4811; x_wconf 86' lang='lat' dir='ltr'><strong>vigilias,</strong></span> 
     </span>
    </p>
   </div>
   <div class='ocr_carea' id='block_1_85' title="bbox 477 4832 2061 4905">
    <p class='ocr_par' dir='ltr' id='par_1_85' title="bbox 477 4832 2061 4905">
     <span class='ocr_line' id='line_1_85' title="bbox 477 4832 2061 4905; baseline -0.002 -14"><span class='ocrx_word' id='word_1_707' title='bbox 477 4851 610 4905; x_wconf 86' lang='lat' dir='ltr'><strong>quas</strong></span> <span class='ocrx_word' id='word_1_708' title='bbox 640 4838 693 4891; x_wconf 90' lang='lat' dir='ltr'><strong>in</strong></span> <span class='ocrx_word' id='word_1_709' title='bbox 720 4836 813 4892; x_wconf 91' lang='lat' dir='ltr'><strong>Dei</strong></span> <span class='ocrx_word' id='word_1_710' title='bbox 839 4836 1086 4892; x_wconf 89' lang='lat' dir='ltr'><strong>laudibus</strong></span> <span class='ocrx_word' id='word_1_711' title='bbox 1112 4835 1427 4891; x_wconf 90' lang='lat' dir='ltr'><strong>solemniter</strong></span> <span class='ocrx_word' id='word_1_712' title='bbox 1445 4833 1751 4889; x_wconf 80' lang='lat' dir='ltr'><strong>exhibebat.</strong></span> <span class='ocrx_word' id='word_1_713' title='bbox 1776 4832 1909 4888; x_wconf 89' lang='lat' dir='ltr'><strong>Istas</strong></span> <span class='ocrx_word' id='word_1_714' title='bbox 1934 4847 2061 4889; x_wconf 83' lang='lat' dir='ltr'><strong>usus</strong></span> 
     </span>
    </p>
   </div>
   <div class='ocr_carea' id='block_1_86' title="bbox 478 4924 2061 4986">
    <p class='ocr_par' dir='ltr' id='par_1_86' title="bbox 478 4924 2061 4986">
     <span class='ocr_line' id='line_1_86' title="bbox 478 4924 2061 4986; baseline -0.003 -1"><span class='ocrx_word' id='word_1_715' title='bbox 478 4939 661 4985; x_wconf 88' lang='lat' dir='ltr'><strong>noster</strong></span> <span class='ocrx_word' id='word_1_716' title='bbox 690 4930 967 4986; x_wconf 85' lang='lat' dir='ltr'><strong>consuevit</strong></span> <span class='ocrx_word' id='word_1_717' title='bbox 1001 4944 1197 4985; x_wconf 91' lang='lat' dir='ltr'><strong>vocare</strong></span> <span class='ocrx_word' id='word_1_718' title='bbox 1245 4937 1558 4983; x_wconf 88' lang='lat' dir='ltr'><strong>nocturnos.</strong></span> <span class='ocrx_word' id='word_1_719' title='bbox 1602 4925 1715 4980; x_wconf 87' lang='lat' dir='ltr'><strong>Hoc</strong></span> <span class='ocrx_word' id='word_1_720' title='bbox 1759 4925 1903 4980; x_wconf 88' lang='lat' dir='ltr'><strong>enim</strong></span> <span class='ocrx_word' id='word_1_721' title='bbox 1953 4924 2061 4981; x_wconf 88' lang='lat' dir='ltr'><strong>illis</strong></span> 
     </span>
    </p>
   </div>
   <div class='ocr_carea' id='block_1_87' title="bbox 477 5017 2064 5094">
    <p class='ocr_par' dir='ltr' id='par_1_87' title="bbox 477 5017 2064 5094">
     <span class='ocr_line' id='line_1_87' title="bbox 477 5017 2064 5094; baseline 0 -20"><span class='ocrx_word' id='word_1_722' title='bbox 477 5034 699 5076; x_wconf 84' lang='lat' dir='ltr'><strong>necesse</strong></span> <span class='ocrx_word' id='word_1_723' title='bbox 722 5031 806 5076; x_wconf 90' lang='lat' dir='ltr'><strong>est</strong></span> <span class='ocrx_word' id='word_1_724' title='bbox 843 5023 1177 5094; x_wconf 88' lang='lat' dir='ltr'><strong>contingere,</strong></span> <span class='ocrx_word' id='word_1_725' title='bbox 1218 5021 1308 5092; x_wconf 89' lang='lat' dir='ltr'><strong>qui</strong></span> <span class='ocrx_word' id='word_1_726' title='bbox 1335 5021 1403 5076; x_wconf 85' lang='lat' dir='ltr'><strong>ad</strong></span> <span class='ocrx_word' id='word_1_727' title='bbox 1444 5017 1749 5090; x_wconf 88' lang='lat' dir='ltr'><strong>spirituales</strong></span> <span class='ocrx_word' id='word_1_728' title='bbox 1782 5018 2064 5089; x_wconf 83' lang='lat' dir='ltr'><strong>cogitatio—</strong></span> 
     </span>
    </p>
   </div>
   <div class='ocr_carea' id='block_1_88' title="bbox 476 5114 2060 5187">
    <p class='ocr_par' dir='ltr' id='par_1_88' title="bbox 476 5114 2060 5187">
     <span class='ocr_line' id='line_1_88' title="bbox 476 5114 2060 5187; baseline 0 -19"><span class='ocrx_word' id='word_1_729' title='bbox 476 5127 573 5168; x_wconf 87' lang='lat' dir='ltr'><strong>nes</strong></span> <span class='ocrx_word' id='word_1_730' title='bbox 598 5126 813 5184; x_wconf 89' lang='lat' dir='ltr'><strong>semper</strong></span> <span class='ocrx_word' id='word_1_731' title='bbox 841 5115 1031 5171; x_wconf 90' lang='lat' dir='ltr'><strong>intenti</strong></span> <span class='ocrx_word' id='word_1_732' title='bbox 1049 5124 1193 5172; x_wconf 90' lang='lat' dir='ltr'><strong>sunt.</strong></span> <span class='ocrx_word' id='word_1_733' title='bbox 1227 5115 1420 5171; x_wconf 78' lang='lat' dir='ltr'><strong>Reddit</strong></span> <span class='ocrx_word' id='word_1_734' title='bbox 1444 5117 1584 5170; x_wconf 87' lang='lat' dir='ltr'><strong>enim</strong></span> <span class='ocrx_word' id='word_1_735' title='bbox 1612 5130 1740 5172; x_wconf 90' lang='lat' dir='ltr'><strong>cura</strong></span> <span class='ocrx_word' id='word_1_736' title='bbox 1773 5114 2060 5187; x_wconf 91' lang='lat' dir='ltr'><strong>pervigiles</strong></span> 
     </span>
    </p>
   </div>
   <div class='ocr_carea' id='block_1_89' title="bbox 475 5204 2063 5278">
    <p class='ocr_par' dir='ltr' id='par_1_89' title="bbox 475 5204 2063 5278">
     <span class='ocr_line' id='line_1_89' title="bbox 475 5204 2063 5278; baseline 0.001 -21"><span class='ocrx_word' id='word_1_737' title='bbox 475 5215 698 5271; x_wconf 85' lang='lat' dir='ltr'><strong>sensus,</strong></span> <span class='ocrx_word' id='word_1_738' title='bbox 731 5218 828 5257; x_wconf 90' lang='lat' dir='ltr'><strong>nec</strong></span> <span class='ocrx_word' id='word_1_739' title='bbox 847 5218 1095 5260; x_wconf 88' lang='lat' dir='ltr'><strong>somnum</strong></span> <span class='ocrx_word' id='word_1_740' title='bbox 1124 5205 1359 5276; x_wconf 85' lang='lat' dir='ltr'><strong>capiunt,</strong></span> <span class='ocrx_word' id='word_1_741' title='bbox 1390 5206 1492 5262; x_wconf 83' lang='lat' dir='ltr'><strong>nisi</strong></span> <span class='ocrx_word' id='word_1_742' title='bbox 1518 5206 1609 5278; x_wconf 92' lang='lat' dir='ltr'><strong>qui</strong></span> <span class='ocrx_word' id='word_1_743' title='bbox 1632 5206 1879 5262; x_wconf 81' lang='lat' dir='ltr'><strong>universa</strong></span> <span class='ocrx_word' id='word_1_744' title='bbox 1912 5204 2063 5261; x_wconf 88' lang='lat' dir='ltr'><strong>solli-</strong></span> 
     </span>
    </p>
   </div>
   <div class='ocr_carea' id='block_1_90' title="bbox 474 5294 2059 5368">
    <p class='ocr_par' dir='ltr' id='par_1_90' title="bbox 474 5294 2059 5368">
     <span class='ocr_line' id='line_1_90' title="bbox 474 5294 2059 5368; baseline 0.001 -18"><span class='ocrx_word' id='word_1_745' title='bbox 474 5294 714 5351; x_wconf 88' lang='lat' dir='ltr'><strong>citudine</strong></span> <span class='ocrx_word' id='word_1_746' title='bbox 738 5306 1045 5353; x_wconf 86' lang='lat' dir='ltr'><strong>vacuantur.</strong></span> <span class='ocrx_word' id='word_1_747' title='bbox 1067 5299 1338 5368; x_wconf 88' lang='lat' dir='ltr'><strong>Sequitur,</strong></span> <span class='ocrx_word' id='word_1_748' title='bbox 1362 5299 1589 5354; x_wconf 86' lang='lat' dir='ltr'><strong>turbatus</strong></span> <span class='ocrx_word' id='word_1_749' title='bbox 1605 5316 1741 5366; x_wconf 86' lang='lat' dir='ltr'><strong>sum,</strong></span> <span class='ocrx_word' id='word_1_750' title='bbox 1761 5311 1806 5354; x_wconf 88' lang='lat' dir='ltr'><strong>et</strong></span> <span class='ocrx_word' id='word_1_751' title='bbox 1828 5315 1930 5353; x_wconf 83' lang='lat' dir='ltr'><strong>non</strong></span> <span class='ocrx_word' id='word_1_752' title='bbox 1947 5315 2059 5353; x_wconf 86' lang='lat' dir='ltr'><strong>sum</strong></span> 
     </span>
    </p>
   </div>
   <div class='ocr_carea' id='block_1_91' title="bbox 474 5384 2055 5459">
    <p class='ocr_par' dir='ltr' id='par_1_91' title="bbox 474 5384 2055 5459">
     <span class='ocr_line' id='line_1_91' title="bbox 474 5384 2055 5459; baseline 0.002 -21"><span class='ocrx_word' id='word_1_753' title='bbox 474 5384 695 5440; x_wconf 74' lang='lat' dir='ltr'><strong>locutus.</strong></span> <span class='ocrx_word' id='word_1_754' title='bbox 738 5384 984 5441; x_wconf 90' lang='lat' dir='ltr'><strong>Ostendit</strong></span> <span class='ocrx_word' id='word_1_755' title='bbox 1010 5402 1193 5441; x_wconf 87' lang='lat' dir='ltr'><strong>revera</strong></span> <span class='ocrx_word' id='word_1_756' title='bbox 1250 5398 1459 5459; x_wconf 89' lang='lat' dir='ltr'><strong>tempus</strong></span> <span class='ocrx_word' id='word_1_757' title='bbox 1517 5390 1683 5445; x_wconf 90' lang='lat' dir='ltr'><strong>fuisse</strong></span> <span class='ocrx_word' id='word_1_758' title='bbox 1713 5397 2055 5449; x_wconf 89' lang='lat' dir='ltr'><strong>nocturnum,</strong></span> 
     </span>
    </p>
   </div>
   <div class='ocr_carea' id='block_1_92' title="bbox 476 5477 2058 5549">
    <p class='ocr_par' dir='ltr' id='par_1_92' title="bbox 476 5477 2058 5549">
     <span class='ocr_line' id='line_1_92' title="bbox 476 5477 2058 5549; baseline 0.003 -20"><span class='ocrx_word' id='word_1_759' title='bbox 476 5477 687 5544; x_wconf 88' lang='lat' dir='ltr'><strong>quando</strong></span> <span class='ocrx_word' id='word_1_760' title='bbox 712 5478 828 5546; x_wconf 89' lang='lat' dir='ltr'><strong>ipse</strong></span> <span class='ocrx_word' id='word_1_761' title='bbox 873 5480 1031 5533; x_wconf 72' lang='lat' dir='ltr'><strong>horno</strong></span> <span class='ocrx_word' id='word_1_762' title='bbox 1061 5479 1365 5549; x_wconf 85' lang='lat' dir='ltr'><strong>recogitans</strong></span> <span class='ocrx_word' id='word_1_763' title='bbox 1395 5481 1556 5535; x_wconf 88' lang='lat' dir='ltr'><strong>animi</strong></span> <span class='ocrx_word' id='word_1_764' title='bbox 1591 5482 1673 5535; x_wconf 91' lang='lat' dir='ltr'><strong>sui</strong></span> <span class='ocrx_word' id='word_1_765' title='bbox 1704 5488 1915 5535; x_wconf 89' lang='lat' dir='ltr'><strong>secreta</strong></span> <span class='ocrx_word' id='word_1_766' title='bbox 1939 5494 2058 5548; x_wconf 88' lang='lat' dir='ltr'><strong>per-</strong></span> 
     </span>
    </p>
   </div>
   <div class='ocr_carea' id='block_1_93' title="bbox 475 5566 2057 5643">
    <p class='ocr_par' dir='ltr' id='par_1_93' title="bbox 475 5566 2057 5643">
     <span class='ocr_line' id='line_1_93' title="bbox 475 5566 2057 5643; baseline 0.005 -24"><span class='ocrx_word' id='word_1_767' title='bbox 475 5566 659 5636; x_wconf 88' lang='lat' dir='ltr'><strong>quirit.</strong></span> <span class='ocrx_word' id='word_1_768' title='bbox 691 5567 947 5624; x_wconf 82' lang='lat' dir='ltr'><strong>Turbatus</strong></span> <span class='ocrx_word' id='word_1_769' title='bbox 976 5579 1049 5624; x_wconf 85' lang='lat' dir='ltr'><strong>est</strong></span> <span class='ocrx_word' id='word_1_770' title='bbox 1072 5571 1264 5640; x_wconf 88' lang='lat' dir='ltr'><strong>quippe</strong></span> <span class='ocrx_word' id='word_1_771' title='bbox 1287 5572 1660 5628; x_wconf 86' lang='lat' dir='ltr'><strong>recordatione</strong></span> <span class='ocrx_word' id='word_1_772' title='bbox 1690 5572 2023 5643; x_wconf 86' lang='lat' dir='ltr'><strong>peccantium</strong></span> <span class='ocrx_word' id='word_1_773' title='bbox 2040 5611 2057 5640; x_wconf 93' lang='lat'><strong>,</strong></span> 
     </span>
    </p>
   </div>
   <div class='ocr_carea' id='block_1_94' title="bbox 475 5658 2057 5734">
    <p class='ocr_par' dir='ltr' id='par_1_94' title="bbox 475 5658 2057 5734">
     <span class='ocr_line' id='line_1_94' title="bbox 475 5658 2057 5734; baseline 0.007 -26"><span class='ocrx_word' id='word_1_774' title='bbox 475 5658 597 5729; x_wconf 83' lang='lat' dir='ltr'><strong>quia</strong></span> <span class='ocrx_word' id='word_1_775' title='bbox 635 5658 923 5715; x_wconf 88' lang='lat' dir='ltr'><strong>humanum</strong></span> <span class='ocrx_word' id='word_1_776' title='bbox 969 5677 1137 5732; x_wconf 86' lang='lat' dir='ltr'><strong>genus</strong></span> <span class='ocrx_word' id='word_1_777' title='bbox 1166 5664 1218 5717; x_wconf 92' lang='lat' dir='ltr'><strong>in</strong></span> <span class='ocrx_word' id='word_1_778' title='bbox 1259 5663 1576 5719; x_wconf 89' lang='lat' dir='ltr'><strong>delictorum</strong></span> <span class='ocrx_word' id='word_1_779' title='bbox 1612 5663 1905 5734; x_wconf 67' lang='lat' dir='ltr'><strong>praecipitia</strong></span> <span class='ocrx_word' id='word_1_780' title='bbox 1935 5679 2057 5719; x_wconf 88' lang='lat' dir='ltr'><strong>cor-</strong></span> 
     </span>
    </p>
   </div>
   <div class='ocr_carea' id='block_1_95' title="bbox 476 5748 2053 5827">
    <p class='ocr_par' dir='ltr' id='par_1_95' title="bbox 476 5748 2053 5827">
     <span class='ocr_line' id='line_1_95' title="bbox 476 5748 2053 5827; baseline 0.004 -23"><span class='ocrx_word' id='word_1_781' title='bbox 476 5748 682 5818; x_wconf 85' lang='lat' dir='ltr'><strong>ruebat,</strong></span> <span class='ocrx_word' id='word_1_782' title='bbox 710 5760 763 5807; x_wconf 90' lang='lat' dir='ltr'><strong>et</strong></span> <span class='ocrx_word' id='word_1_783' title='bbox 784 5751 873 5824; x_wconf 87' lang='lat' dir='ltr'><strong>pio</strong></span> <span class='ocrx_word' id='word_1_784' title='bbox 896 5750 1083 5810; x_wconf 88' lang='lat' dir='ltr'><strong>dolore</strong></span> <span class='ocrx_word' id='word_1_785' title='bbox 1122 5768 1221 5825; x_wconf 90' lang='lat' dir='ltr'><strong>pro</strong></span> <span class='ocrx_word' id='word_1_786' title='bbox 1259 5754 1380 5812; x_wconf 88' lang='lat' dir='ltr'><strong>aliis</strong></span> <span class='ocrx_word' id='word_1_787' title='bbox 1418 5756 1772 5825; x_wconf 83' lang='lat' dir='ltr'><strong>cruciabatur,</strong></span> <span class='ocrx_word' id='word_1_788' title='bbox 1820 5756 1909 5827; x_wconf 88' lang='lat' dir='ltr'><strong>qui</strong></span> <span class='ocrx_word' id='word_1_789' title='bbox 1941 5754 2053 5827; x_wconf 83' lang='lat' dir='ltr'><strong>jam</strong></span> 
     </span>
    </p>
   </div>
   <div class='ocr_carea' id='block_1_96' title="bbox 2171 4644 3767 4719">
    <p class='ocr_par' dir='ltr' id='par_1_96' title="bbox 2171 4644 3767 4719">
     <span class='ocr_line' id='line_1_96' title="bbox 2171 4644 3767 4719; baseline -0.003 -14"><span class='ocrx_word' id='word_1_790' title='bbox 2171 4648 2493 4719; x_wconf 89' lang='lat' dir='ltr'><strong>cogitatione</strong></span> <span class='ocrx_word' id='word_1_791' title='bbox 2547 4647 2888 4702; x_wconf 84' lang='lat' dir='ltr'><strong>transfertur.</strong></span> <span class='ocrx_word' id='word_1_792' title='bbox 2944 4645 3178 4715; x_wconf 87' lang='lat' dir='ltr'><strong>Spiritus</strong></span> <span class='ocrx_word' id='word_1_793' title='bbox 3262 4645 3403 4699; x_wconf 90' lang='lat' dir='ltr'><strong>enim</strong></span> <span class='ocrx_word' id='word_1_794' title='bbox 3465 4644 3637 4700; x_wconf 84' lang='lat' dir='ltr'><strong>virtus</strong></span> <span class='ocrx_word' id='word_1_795' title='bbox 3683 4654 3767 4700; x_wconf 85' lang='lat' dir='ltr'><strong>est</strong></span> 
     </span>
    </p>
   </div>
   <div class='ocr_carea' id='block_1_97' title="bbox 2172 4736 3621 4811">
    <p class='ocr_par' dir='ltr' id='par_1_97' title="bbox 2172 4736 3621 4811">
     <span class='ocr_line' id='line_1_97' title="bbox 2172 4736 3621 4811; baseline -0.003 -16"><span class='ocrx_word' id='word_1_796' title='bbox 2172 4742 2388 4805; x_wconf 86' lang='lat' dir='ltr'><strong>animae,</strong></span> <span class='ocrx_word' id='word_1_797' title='bbox 2417 4755 2537 4811; x_wconf 79' lang='lat' dir='ltr'><strong>qua:</strong></span> <span class='ocrx_word' id='word_1_798' title='bbox 2568 4738 2893 4794; x_wconf 86' lang='lat' dir='ltr'><strong>intentiones</strong></span> <span class='ocrx_word' id='word_1_799' title='bbox 2917 4737 3038 4807; x_wconf 89' lang='lat' dir='ltr'><strong>ejus</strong></span> <span class='ocrx_word' id='word_1_800' title='bbox 3067 4736 3290 4807; x_wconf 90' lang='lat' dir='ltr'><strong>implere</strong></span> <span class='ocrx_word' id='word_1_801' title='bbox 3316 4736 3621 4792; x_wconf 89' lang='lat' dir='ltr'><strong>contendit.</strong></span> 
     </span>
    </p>
   </div>
   <div class='ocr_carea' id='block_1_98' title="bbox 2238 4836 3764 4910">
    <p class='ocr_par' dir='ltr' id='par_1_98' title="bbox 2238 4836 3764 4910">
     <span class='ocr_line' id='line_1_98' title="bbox 2238 4836 3764 4910; baseline -0.005 -12"><span class='ocrx_word' id='word_1_802' title='bbox 2238 4840 2393 4897; x_wconf 76' lang='lat' dir='ltr'><strong>Vera.</strong></span> <span class='ocrx_word' id='word_1_803' title='bbox 2428 4841 2482 4894; x_wconf 87' lang='grc'><strong>’1.</strong></span> <span class='ocrx_word' id='word_1_804' title='bbox 2521 4838 2591 4894; x_wconf 85' lang='grc' dir='ltr'>Ει</span> <span class='ocrx_word' id='word_1_805' title='bbox 2619 4839 2729 4894; x_wconf 74' lang='lat' dir='ltr'><strong>dixi</strong></span> <span class='ocrx_word' id='word_1_806' title='bbox 2754 4854 2777 4896; x_wconf 91' lang='lat'><strong><em>:</em></strong></span> <span class='ocrx_word' id='word_1_807' title='bbox 2822 4836 3075 4908; x_wconf 78' lang='lat' dir='ltr'><strong>Nunquid</strong></span> <span class='ocrx_word' id='word_1_808' title='bbox 3126 4839 3181 4893; x_wconf 80' lang='lat' dir='ltr'><strong>in</strong></span> <span class='ocrx_word' id='word_1_809' title='bbox 3233 4846 3482 4893; x_wconf 73' lang='lat' dir='ltr'><strong>cateruam</strong></span> <span class='ocrx_word' id='word_1_810' title='bbox 3527 4837 3764 4910; x_wconf 83' lang='lat' dir='ltr'><strong>projiciet</strong></span> 
     </span>
    </p>
   </div>
   <div class='ocr_carea' id='block_1_99' title="bbox 2169 4928 3765 5004">
    <p class='ocr_par' dir='ltr' id='par_1_99' title="bbox 2169 4928 3765 5004">
     <span class='ocr_line' id='line_1_99' title="bbox 2169 4928 3765 5004; baseline -0.004 -16"><span class='ocrx_word' id='word_1_811' title='bbox 2169 4933 2325 4999; x_wconf 88' lang='lat' dir='ltr'><strong>Deus,</strong></span> <span class='ocrx_word' id='word_1_812' title='bbox 2379 4943 2467 4987; x_wconf 90' lang='lat' dir='ltr'><strong>aut</strong></span> <span class='ocrx_word' id='word_1_813' title='bbox 2499 4947 2600 4986; x_wconf 86' lang='lat' dir='ltr'><strong>non</strong></span> <span class='ocrx_word' id='word_1_814' title='bbox 2627 4940 2848 5004; x_wconf 87' lang='lat' dir='ltr'><strong>apponet</strong></span> <span class='ocrx_word' id='word_1_815' title='bbox 2889 4940 2942 4985; x_wconf 92' lang='lat' dir='ltr'><strong>ut</strong></span> <span class='ocrx_word' id='word_1_816' title='bbox 2980 4930 3344 5003; x_wconf 85' lang='lat' dir='ltr'><strong>beneplaeitum</strong></span> <span class='ocrx_word' id='word_1_817' title='bbox 3388 4930 3454 4983; x_wconf 86' lang='lat' dir='ltr'><strong>sit</strong></span> <span class='ocrx_word' id='word_1_818' title='bbox 3479 4930 3527 4985; x_wconf 87' lang='lat' dir='ltr'><strong>ei</strong></span> <span class='ocrx_word' id='word_1_819' title='bbox 3571 4928 3765 4983; x_wconf 76' lang='lat' dir='ltr'><strong>adhuc?</strong></span> 
     </span>
    </p>
   </div>
   <div class='ocr_carea' id='block_1_100' title="bbox 2165 5021 3764 5092">
    <p class='ocr_par' dir='ltr' id='par_1_100' title="bbox 2165 5021 3764 5092">
     <span class='ocr_line' id='line_1_100' title="bbox 2165 5021 3764 5092; baseline -0.003 -12"><span class='ocrx_word' id='word_1_820' title='bbox 2165 5023 2298 5081; x_wconf 89' lang='lat' dir='ltr'><strong>Cum</strong></span> <span class='ocrx_word' id='word_1_821' title='bbox 2329 5025 2430 5079; x_wconf 90' lang='lat' dir='ltr'><strong>iste</strong></span> <span class='ocrx_word' id='word_1_822' title='bbox 2457 5022 2631 5092; x_wconf 70' lang='grc' dir='ltr'>Λεαρή</span> <span class='ocrx_word' id='word_1_823' title='bbox 2664 5023 2962 5079; x_wconf 89' lang='lat' dir='ltr'><strong>transilitor</strong></span> <span class='ocrx_word' id='word_1_824' title='bbox 2984 5022 3236 5078; x_wconf 86' lang='lat' dir='ltr'><strong>vitiorum</strong></span> <span class='ocrx_word' id='word_1_825' title='bbox 3268 5024 3434 5077; x_wconf 88' lang='lat' dir='ltr'><strong>totius</strong></span> <span class='ocrx_word' id='word_1_826' title='bbox 3467 5021 3657 5077; x_wconf 90' lang='lat' dir='ltr'><strong>mundi</strong></span> <span class='ocrx_word' id='word_1_827' title='bbox 3685 5035 3764 5075; x_wconf 87' lang='lat' dir='ltr'><strong>co-</strong></span> 
     </span>
    </p>
   </div>
   <div class='ocr_carea' id='block_1_101' title="bbox 2163 5113 3761 5186">
    <p class='ocr_par' dir='ltr' id='par_1_101' title="bbox 2163 5113 3761 5186">
     <span class='ocr_line' id='line_1_101' title="bbox 2163 5113 3761 5186; baseline -0.003 -14"><span class='ocrx_word' id='word_1_828' title='bbox 2163 5117 2357 5186; x_wconf 83' lang='lat' dir='ltr'><strong>gitaret</strong></span> <span class='ocrx_word' id='word_1_829' title='bbox 2376 5114 2673 5185; x_wconf 88' lang='lat' dir='ltr'><strong>angustias,</strong></span> <span class='ocrx_word' id='word_1_830' title='bbox 2694 5122 2750 5170; x_wconf 93' lang='lat' dir='ltr'><strong>et</strong></span> <span class='ocrx_word' id='word_1_831' title='bbox 2770 5114 2989 5184; x_wconf 89' lang='lat' dir='ltr'><strong>spiritus</strong></span> <span class='ocrx_word' id='word_1_832' title='bbox 3023 5114 3141 5184; x_wconf 83' lang='lat' dir='ltr'><strong>ejus</strong></span> <span class='ocrx_word' id='word_1_833' title='bbox 3171 5113 3368 5170; x_wconf 85' lang='lat' dir='ltr'><strong>divinis</strong></span> <span class='ocrx_word' id='word_1_834' title='bbox 3402 5113 3761 5169; x_wconf 87' lang='lat' dir='ltr'><strong>meditationi-</strong></span> 
     </span>
    </p>
   </div>
   <div class='ocr_carea' id='block_1_102' title="bbox 2166 5207 3756 5278">
    <p class='ocr_par' dir='ltr' id='par_1_102' title="bbox 2166 5207 3756 5278">
     <span class='ocr_line' id='line_1_102' title="bbox 2166 5207 3756 5278; baseline -0.004 -13"><span class='ocrx_word' id='word_1_835' title='bbox 2166 5210 2265 5265; x_wconf 87' lang='lat' dir='ltr'><strong>bus</strong></span> <span class='ocrx_word' id='word_1_836' title='bbox 2306 5216 2668 5277; x_wconf 81' lang='lat' dir='ltr'><strong>exerceretur,</strong></span> <span class='ocrx_word' id='word_1_837' title='bbox 2710 5208 2884 5263; x_wconf 76' lang='lat' dir='ltr'><strong>dixit:</strong></span> <span class='ocrx_word' id='word_1_838' title='bbox 2934 5207 3184 5278; x_wconf 74' lang='lat' dir='ltr'><strong>Nunquid</strong></span> <span class='ocrx_word' id='word_1_839' title='bbox 3232 5207 3372 5263; x_wconf 81' lang='lat' dir='ltr'><strong>Deus</strong></span> <span class='ocrx_word' id='word_1_840' title='bbox 3414 5209 3468 5262; x_wconf 83' lang='lat' dir='ltr'><strong>in</strong></span> <span class='ocrx_word' id='word_1_841' title='bbox 3508 5217 3756 5262; x_wconf 70' lang='lat' dir='ltr'><strong>clericus:</strong></span> 
     </span>
    </p>
   </div>
   <div class='ocr_carea' id='block_1_103' title="bbox 2165 5299 3758 5373">
    <p class='ocr_par' dir='ltr' id='par_1_103' title="bbox 2165 5299 3758 5373">
     <span class='ocr_line' id='line_1_103' title="bbox 2165 5299 3758 5373; baseline -0.002 -19"><span class='ocrx_word' id='word_1_842' title='bbox 2165 5301 2399 5373; x_wconf 84' lang='lat' dir='ltr'><strong>projiciet</strong></span> <span class='ocrx_word' id='word_1_843' title='bbox 2427 5314 2596 5371; x_wconf 88' lang='lat' dir='ltr'><strong>genus</strong></span> <span class='ocrx_word' id='word_1_844' title='bbox 2628 5299 2943 5367; x_wconf 87' lang='lat' dir='ltr'><strong>humanum,</strong></span> <span class='ocrx_word' id='word_1_845' title='bbox 2971 5308 3156 5354; x_wconf 90' lang='lat' dir='ltr'><strong>utnon</strong></span> <span class='ocrx_word' id='word_1_846' title='bbox 3186 5299 3237 5355; x_wconf 85' lang='lat' dir='ltr'><strong>ei</strong></span> <span class='ocrx_word' id='word_1_847' title='bbox 3258 5300 3523 5355; x_wconf 85' lang='lat' dir='ltr'><strong>adventus</strong></span> <span class='ocrx_word' id='word_1_848' title='bbox 3547 5299 3634 5354; x_wconf 90' lang='lat' dir='ltr'><strong>sui</strong></span> <span class='ocrx_word' id='word_1_849' title='bbox 3665 5299 3758 5351; x_wconf 83' lang='lat' dir='ltr'><strong>mi-</strong></span> 
     </span>
    </p>
   </div>
   <div class='ocr_carea' id='block_1_104' title="bbox 2165 5387 3755 5462">
    <p class='ocr_par' dir='ltr' id='par_1_104' title="bbox 2165 5387 3755 5462">
     <span class='ocr_line' id='line_1_104' title="bbox 2165 5387 3755 5462; baseline -0.004 -15"><span class='ocrx_word' id='word_1_850' title='bbox 2165 5392 2430 5448; x_wconf 88' lang='lat' dir='ltr'><strong>seratione</strong></span> <span class='ocrx_word' id='word_1_851' title='bbox 2455 5390 2784 5462; x_wconf 81' lang='lat' dir='ltr'><strong>prospiciat?</strong></span> <span class='ocrx_word' id='word_1_852' title='bbox 2808 5391 2902 5445; x_wconf 90' lang='lat' dir='ltr'><strong>llle</strong></span> <span class='ocrx_word' id='word_1_853' title='bbox 2938 5391 3082 5445; x_wconf 90' lang='lat' dir='ltr'><strong>enim</strong></span> <span class='ocrx_word' id='word_1_854' title='bbox 3108 5389 3222 5460; x_wconf 84' lang='lat' dir='ltr'><strong>jam</strong></span> <span class='ocrx_word' id='word_1_855' title='bbox 3245 5389 3505 5446; x_wconf 81' lang='lat' dir='ltr'><strong>beneficia</strong></span> <span class='ocrx_word' id='word_1_856' title='bbox 3547 5387 3755 5445; x_wconf 88' lang='lat' dir='ltr'><strong>Domini</strong></span> 
     </span>
    </p>
   </div>
   <div class='ocr_carea' id='block_1_105' title="bbox 2164 5479 3756 5552">
    <p class='ocr_par' dir='ltr' id='par_1_105' title="bbox 2164 5479 3756 5552">
     <span class='ocr_line' id='line_1_105' title="bbox 2164 5479 3756 5552; baseline -0.002 -14"><span class='ocrx_word' id='word_1_857' title='bbox 2164 5481 2339 5538; x_wconf 86' lang='lat' dir='ltr'><strong>futura</strong></span> <span class='ocrx_word' id='word_1_858' title='bbox 2383 5482 2667 5549; x_wconf 87' lang='lat' dir='ltr'><strong>sentiebat,</strong></span> <span class='ocrx_word' id='word_1_859' title='bbox 2699 5480 2790 5552; x_wconf 88' lang='lat' dir='ltr'><strong>qui</strong></span> <span class='ocrx_word' id='word_1_860' title='bbox 2835 5480 2904 5537; x_wconf 92' lang='lat' dir='ltr'><strong>de</strong></span> <span class='ocrx_word' id='word_1_861' title='bbox 2944 5480 3180 5537; x_wconf 82' lang='lat' dir='ltr'><strong>ctelestis</strong></span> <span class='ocrx_word' id='word_1_862' title='bbox 3218 5479 3609 5537; x_wconf 69' lang='lat' dir='ltr'><strong>misericordia:</strong></span> <span class='ocrx_word' id='word_1_863' title='bbox 3638 5492 3756 5550; x_wconf 55' lang='lat' dir='ltr'><strong>pro.</strong></span> 
     </span>
    </p>
   </div>
   <div class='ocr_carea' id='block_1_106' title="bbox 2165 5572 3750 5644">
    <p class='ocr_par' dir='ltr' id='par_1_106' title="bbox 2165 5572 3750 5644">
     <span class='ocr_line' id='line_1_106' title="bbox 2165 5572 3750 5644; baseline -0.003 -15"><span class='ocrx_word' id='word_1_864' title='bbox 2165 5574 2327 5629; x_wconf 88' lang='lat' dir='ltr'><strong>missa</strong></span> <span class='ocrx_word' id='word_1_865' title='bbox 2360 5574 2560 5644; x_wconf 84' lang='lat' dir='ltr'><strong>pietate</strong></span> <span class='ocrx_word' id='word_1_866' title='bbox 2603 5574 2888 5629; x_wconf 86' lang='lat' dir='ltr'><strong>tractabat.</strong></span> <span class='ocrx_word' id='word_1_867' title='bbox 2937 5572 3211 5643; x_wconf 84' lang='lat' dir='ltr'><strong>Sequitur,</strong></span> <span class='ocrx_word' id='word_1_868' title='bbox 3253 5580 3343 5625; x_wconf 88' lang='lat' dir='ltr'><strong>aut</strong></span> <span class='ocrx_word' id='word_1_869' title='bbox 3373 5588 3479 5626; x_wconf 84' lang='lat' dir='ltr'><strong>non</strong></span> <span class='ocrx_word' id='word_1_870' title='bbox 3505 5580 3750 5643; x_wconf 74' lang='lat' dir='ltr'><strong>apponet,</strong></span> 
     </span>
    </p>
   </div>
   <div class='ocr_carea' id='block_1_107' title="bbox 2166 5662 3749 5734">
    <p class='ocr_par' dir='ltr' id='par_1_107' title="bbox 2166 5662 3749 5734">
     <span class='ocr_line' id='line_1_107' title="bbox 2166 5662 3749 5734; baseline 0 -17"><span class='ocrx_word' id='word_1_871' title='bbox 2166 5673 2221 5718; x_wconf 89' lang='lat' dir='ltr'><strong>ut</strong></span> <span class='ocrx_word' id='word_1_872' title='bbox 2251 5663 2613 5734; x_wconf 86' lang='lat' dir='ltr'><strong>beneplacitum</strong></span> <span class='ocrx_word' id='word_1_873' title='bbox 2640 5663 2704 5717; x_wconf 90' lang='lat' dir='ltr'><strong>sit</strong></span> <span class='ocrx_word' id='word_1_874' title='bbox 2726 5662 2773 5717; x_wconf 88' lang='lat' dir='ltr'><strong>ei</strong></span> <span class='ocrx_word' id='word_1_875' title='bbox 2818 5662 2989 5716; x_wconf 79' lang='lat' dir='ltr'><strong>adhuc</strong></span> <span class='ocrx_word' id='word_1_876' title='bbox 3022 5664 3047 5718; x_wconf 69' lang='grc' dir='ltr'><em>ἵ</em></span> <span class='ocrx_word' id='word_1_877' title='bbox 3073 5662 3217 5717; x_wconf 87' lang='lat' dir='ltr'><strong>Istud</strong></span> <span class='ocrx_word' id='word_1_878' title='bbox 3253 5678 3375 5727; x_wconf 76' lang='lat' dir='ltr'><strong>non,</strong></span> <span class='ocrx_word' id='word_1_879' title='bbox 3416 5676 3749 5733; x_wconf 78' lang='lat' dir='ltr'><strong>nequaquam</strong></span> 
     </span>
    </p>
   </div>
   <div class='ocr_carea' id='block_1_108' title="bbox 2167 5754 3743 5828">
    <p class='ocr_par' dir='ltr' id='par_1_108' title="bbox 2167 5754 3743 5828">
     <span class='ocr_line' id='line_1_108' title="bbox 2167 5754 3743 5828; baseline -0.002 -16"><span class='ocrx_word' id='word_1_880' title='bbox 2167 5757 2431 5828; x_wconf 85' lang='lat' dir='ltr'><strong>negantis,</strong></span> <span class='ocrx_word' id='word_1_881' title='bbox 2462 5755 2559 5812; x_wconf 84' lang='lat' dir='ltr'><strong>sed</strong></span> <span class='ocrx_word' id='word_1_882' title='bbox 2600 5756 2779 5826; x_wconf 89' lang='lat' dir='ltr'><strong>potius</strong></span> <span class='ocrx_word' id='word_1_883' title='bbox 2825 5754 3140 5812; x_wconf 85' lang='lat' dir='ltr'><strong>aflirmantis</strong></span> <span class='ocrx_word' id='word_1_884' title='bbox 3178 5763 3279 5811; x_wconf 91' lang='lat' dir='ltr'><strong>est.</strong></span> <span class='ocrx_word' id='word_1_885' title='bbox 3316 5755 3553 5815; x_wconf 77' lang='lat' dir='ltr'><strong>Apponet</strong></span> <span class='ocrx_word' id='word_1_886' title='bbox 3580 5754 3743 5820; x_wconf 81' lang='lat' dir='ltr'><strong>enim,</strong></span> 
     </span>
    </p>
   </div>
  </div>
