  <div class='ocr_page' id='page_1' title='image "/cluster/home/n/w/nwhite01/storage/ocr_20150623/70/hvd.32044015469356/281.png"; bbox 0 0 4036 6342; ppageno 0'>
   <div class='ocr_carea' id='block_1_1' title="bbox 520 326 614 380">
    <p class='ocr_par' dir='ltr' id='par_1_1' title="bbox 520 326 614 380">
     <span class='ocr_line' id='line_1_1' title="bbox 520 326 614 380; baseline 0 -1"><span class='ocrx_word' id='word_1_1' title='bbox 520 326 614 380; x_wconf 72' lang='lat'><strong>551</strong></span> 
     </span>
    </p>
   </div>
   <div class='ocr_carea' id='block_1_2' title="bbox 1725 321 2560 378">
    <p class='ocr_par' dir='ltr' id='par_1_2' title="bbox 1725 321 2560 378">
     <span class='ocr_line' id='line_1_2' title="bbox 1725 321 2560 378; baseline 0 0"><span class='ocrx_word' id='word_1_2' title='bbox 1725 323 1796 378; x_wconf 78' lang='grc' dir='ltr'><strong>Μ.</strong></span> <span class='ocrx_word' id='word_1_3' title='bbox 1839 321 2117 378; x_wconf 66' lang='grc' dir='ltr'><strong>Αυῐιειιι</strong></span> <span class='ocrx_word' id='word_1_4' title='bbox 2154 321 2560 378; x_wconf 68' lang='grc' dir='ltr'><strong>ΒΛΞΞΙΟΟΟΒΙ</strong></span> 
     </span>
    </p>
   </div>
   <div class='ocr_carea' id='block_1_3' title="bbox 3633 303 3788 379">
    <p class='ocr_par' dir='ltr' id='par_1_3' title="bbox 3633 303 3788 379">
     <span class='ocr_line' id='line_1_3' title="bbox 3633 303 3788 379; baseline -0.006 0"><span class='ocrx_word' id='word_1_5' title='bbox 3633 303 3648 321; x_wconf 89' lang='grc'><strong><em>“</em></strong></span> <span class='ocrx_word' id='word_1_6' title='bbox 3687 324 3788 379; x_wconf 65' lang='lat' dir='ltr'><strong>es:</strong></span> 
     </span>
    </p>
   </div>
   <div class='ocr_carea' id='block_1_4' title="bbox 519 433 3780 508">
    <p class='ocr_par' dir='ltr' id='par_1_4' title="bbox 519 433 3780 508">
     <span class='ocr_line' id='line_1_4' title="bbox 519 433 3780 508; baseline 0.001 -14"><span class='ocrx_word' id='word_1_7' title='bbox 519 441 706 494; x_wconf 79' lang='lat' dir='ltr'><strong>iterata</strong></span> <span class='ocrx_word' id='word_1_8' title='bbox 719 436 1007 508; x_wconf 71' lang='lat' dir='ltr'><strong>praeconia.</strong></span> <span class='ocrx_word' id='word_1_9' title='bbox 1027 436 1264 505; x_wconf 78' lang='lat' dir='ltr'><strong>Apparet</strong></span> <span class='ocrx_word' id='word_1_10' title='bbox 1290 434 1482 506; x_wconf 86' lang='lat' dir='ltr'><strong>quippe</strong></span> <span class='ocrx_word' id='word_1_11' title='bbox 1512 443 1753 490; x_wconf 89' lang='lat' dir='ltr'><strong>sanetum</strong></span> <span class='ocrx_word' id='word_1_12' title='bbox 1779 435 1953 489; x_wconf 86' lang='lat' dir='ltr'><strong>virum</strong></span> <span class='ocrx_word' id='word_1_13' title='bbox 1982 448 2101 489; x_wconf 58' lang='lat' dir='ltr'><strong>cer.</strong></span> <span class='ocrx_word' id='word_1_14' title='bbox 2130 438 2182 497; x_wconf 74' lang='grc' dir='ltr'><strong>Α</strong></span> <span class='ocrx_word' id='word_1_15' title='bbox 2208 451 2274 491; x_wconf 92' lang='lat' dir='ltr'><strong>ne</strong></span> <span class='ocrx_word' id='word_1_16' title='bbox 2304 435 2531 491; x_wconf 79' lang='lat' dir='ltr'><strong>haberes</strong></span> <span class='ocrx_word' id='word_1_17' title='bbox 2559 433 2862 504; x_wconf 79' lang='lat' dir='ltr'><strong>ambiguum</strong></span> <span class='ocrx_word' id='word_1_18' title='bbox 2898 451 3057 507; x_wconf 85' lang='lat' dir='ltr'><strong>quem</strong></span> <span class='ocrx_word' id='word_1_19' title='bbox 3088 436 3339 507; x_wconf 87' lang='lat' dir='ltr'><strong>populum</strong></span> <span class='ocrx_word' id='word_1_20' title='bbox 3389 437 3659 506; x_wconf 65' lang='lat' dir='ltr'><strong>liberarit,</strong></span> <span class='ocrx_word' id='word_1_21' title='bbox 3701 454 3780 496; x_wconf 88' lang='lat' dir='ltr'><strong>se-</strong></span> 
     </span>
    </p>
   </div>
   <div class='ocr_carea' id='block_1_5' title="bbox 518 525 2099 597">
    <p class='ocr_par' dir='ltr' id='par_1_5' title="bbox 518 525 2099 597">
     <span class='ocr_line' id='line_1_5' title="bbox 518 525 2099 597; baseline -0.005 -12"><span class='ocrx_word' id='word_1_22' title='bbox 518 531 721 585; x_wconf 86' lang='lat' dir='ltr'><strong>tissima</strong></span> <span class='ocrx_word' id='word_1_23' title='bbox 750 529 910 586; x_wconf 87' lang='lat' dir='ltr'><strong>fuisse</strong></span> <span class='ocrx_word' id='word_1_24' title='bbox 932 527 1241 597; x_wconf 88' lang='lat' dir='ltr'><strong>pollicitum.</strong></span> <span class='ocrx_word' id='word_1_25' title='bbox 1274 526 1492 581; x_wconf 84' lang='lat' dir='ltr'><strong>Constat</strong></span> <span class='ocrx_word' id='word_1_26' title='bbox 1514 526 1655 580; x_wconf 91' lang='lat' dir='ltr'><strong>enim</strong></span> <span class='ocrx_word' id='word_1_27' title='bbox 1687 535 1741 581; x_wconf 91' lang='lat' dir='ltr'><strong>et</strong></span> <span class='ocrx_word' id='word_1_28' title='bbox 1786 525 1933 579; x_wconf 76' lang='lat' dir='ltr'><strong>libris</strong></span> <span class='ocrx_word' id='word_1_29' title='bbox 1978 540 2099 580; x_wconf 91' lang='lat' dir='ltr'><strong>eum</strong></span> 
     </span>
    </p>
   </div>
   <div class='ocr_carea' id='block_1_6' title="bbox 519 615 2102 693">
    <p class='ocr_par' dir='ltr' id='par_1_6' title="bbox 519 615 2102 693">
     <span class='ocr_line' id='line_1_6' title="bbox 519 615 2102 693; baseline -0.006 -14"><span class='ocrx_word' id='word_1_30' title='bbox 519 635 575 679; x_wconf 83' lang='lat' dir='ltr'><strong>et</strong></span> <span class='ocrx_word' id='word_1_31' title='bbox 603 621 854 693; x_wconf 84' lang='lat' dir='ltr'><strong>operibus</strong></span> <span class='ocrx_word' id='word_1_32' title='bbox 880 620 1168 684; x_wconf 81' lang='lat' dir='ltr'><strong>eruditum,</strong></span> <span class='ocrx_word' id='word_1_33' title='bbox 1199 617 1411 688; x_wconf 85' lang='lat' dir='ltr'><strong>quando</strong></span> <span class='ocrx_word' id='word_1_34' title='bbox 1439 617 1506 671; x_wconf 88' lang='lat' dir='ltr'><strong>ad</strong></span> <span class='ocrx_word' id='word_1_35' title='bbox 1535 626 1781 685; x_wconf 89' lang='lat' dir='ltr'><strong>paternas</strong></span> <span class='ocrx_word' id='word_1_36' title='bbox 1808 617 1990 671; x_wconf 88' lang='lat' dir='ltr'><strong>laudes</strong></span> <span class='ocrx_word' id='word_1_37' title='bbox 2017 615 2102 671; x_wconf 63' lang='lat' dir='ltr'><strong>deo</strong></span> 
     </span>
    </p>
   </div>
   <div class='ocr_carea' id='block_1_7' title="bbox 518 708 2100 780">
    <p class='ocr_par' dir='ltr' id='par_1_7' title="bbox 518 708 2100 780">
     <span class='ocr_line' id='line_1_7' title="bbox 518 708 2100 780; baseline -0.008 -9"><span class='ocrx_word' id='word_1_38' title='bbox 518 724 643 771; x_wconf 86' lang='lat' dir='ltr'><strong>vota</strong></span> <span class='ocrx_word' id='word_1_39' title='bbox 668 714 1028 770; x_wconf 73' lang='lat' dir='ltr'><strong>exsultatione</strong></span> <span class='ocrx_word' id='word_1_40' title='bbox 1056 711 1316 780; x_wconf 91' lang='lat' dir='ltr'><strong>prorupit.</strong></span> <span class='ocrx_word' id='word_1_41' title='bbox 1350 710 1487 764; x_wconf 90' lang='lat' dir='ltr'><strong>Dicit</strong></span> <span class='ocrx_word' id='word_1_42' title='bbox 1514 710 1656 765; x_wconf 89' lang='lat' dir='ltr'><strong>enim</strong></span> <span class='ocrx_word' id='word_1_43' title='bbox 1677 725 1691 763; x_wconf 91' lang='lat'><strong>:</strong></span> <span class='ocrx_word' id='word_1_44' title='bbox 1714 708 1869 773; x_wconf 83' lang='lat' dir='ltr'><strong>Deus,</strong></span> <span class='ocrx_word' id='word_1_45' title='bbox 1897 709 1953 761; x_wconf 87' lang='lat' dir='ltr'><strong>in</strong></span> <span class='ocrx_word' id='word_1_46' title='bbox 1976 724 2100 761; x_wconf 87' lang='lat' dir='ltr'><strong>san-</strong></span> 
     </span>
    </p>
   </div>
   <div class='ocr_carea' id='block_1_8' title="bbox 520 800 2103 869">
    <p class='ocr_par' dir='ltr' id='par_1_8' title="bbox 520 800 2103 869">
     <span class='ocr_line' id='line_1_8' title="bbox 520 800 2103 869; baseline -0.006 -7"><span class='ocrx_word' id='word_1_47' title='bbox 520 821 599 863; x_wconf 85' lang='lat' dir='ltr'><strong>cto</strong></span> <span class='ocrx_word' id='word_1_48' title='bbox 629 809 709 862; x_wconf 82' lang='lat' dir='ltr'><strong>oia</strong></span> <span class='ocrx_word' id='word_1_49' title='bbox 736 817 843 861; x_wconf 83' lang='lat' dir='ltr'><strong>tua.</strong></span> <span class='ocrx_word' id='word_1_50' title='bbox 874 806 1119 868; x_wconf 86' lang='lat' dir='ltr'><strong>Sanctus,</strong></span> <span class='ocrx_word' id='word_1_51' title='bbox 1152 803 1394 857; x_wconf 84' lang='lat' dir='ltr'><strong>Christus</strong></span> <span class='ocrx_word' id='word_1_52' title='bbox 1422 811 1502 856; x_wconf 89' lang='lat' dir='ltr'><strong>est</strong></span> <span class='ocrx_word' id='word_1_53' title='bbox 1529 802 1802 866; x_wconf 80' lang='lat' dir='ltr'><strong>Dominus,</strong></span> <span class='ocrx_word' id='word_1_54' title='bbox 1821 800 2103 869; x_wconf 82' lang='lat' dir='ltr'><strong>sicut‘ipse</strong></span> 
     </span>
    </p>
   </div>
   <div class='ocr_carea' id='block_1_9' title="bbox 519 895 2102 964">
    <p class='ocr_par' dir='ltr' id='par_1_9' title="bbox 519 895 2102 964">
     <span class='ocr_line' id='line_1_9' title="bbox 519 895 2102 964; baseline -0.006 -10"><span class='ocrx_word' id='word_1_55' title='bbox 519 901 649 955; x_wconf 81' lang='lat' dir='ltr'><strong>dicit</strong></span> <span class='ocrx_word' id='word_1_56' title='bbox 682 916 694 951; x_wconf 87' lang='lat'><strong>:</strong></span> <span class='ocrx_word' id='word_1_57' title='bbox 725 898 939 952; x_wconf 78' lang='lat' dir='ltr'><strong>Custodi</strong></span> <span class='ocrx_word' id='word_1_58' title='bbox 975 897 1204 950; x_wconf 87' lang='lat' dir='ltr'><strong>animum</strong></span> <span class='ocrx_word' id='word_1_59' title='bbox 1252 909 1439 961; x_wconf 87' lang='lat' dir='ltr'><strong>meam,</strong></span> <span class='ocrx_word' id='word_1_60' title='bbox 1466 895 1709 964; x_wconf 81' lang='lat' dir='ltr'><strong>quoniam</strong></span> <span class='ocrx_word' id='word_1_61' title='bbox 1755 904 1966 947; x_wconf 82' lang='lat' dir='ltr'><strong>sanctus</strong></span> <span class='ocrx_word' id='word_1_62' title='bbox 1991 909 2102 946; x_wconf 89' lang='lat' dir='ltr'><strong>sum</strong></span> 
     </span>
    </p>
   </div>
   <div class='ocr_carea' id='block_1_10' title="bbox 522 982 2100 1061">
    <p class='ocr_par' dir='ltr' id='par_1_10' title="bbox 522 982 2100 1061">
     <span class='ocr_line' id='line_1_10' title="bbox 522 982 2100 1061; baseline -0.004 -18"><span class='ocrx_word' id='word_1_63' title='bbox 522 988 694 1061; x_wconf 85' lang='lat' dir='ltr'><strong>(Psal.</strong></span> <span class='ocrx_word' id='word_1_64' title='bbox 727 1003 919 1052; x_wconf 78' lang='lat' dir='ltr'><strong>uxxv,</strong></span> <span class='ocrx_word' id='word_1_65' title='bbox 945 985 1023 1057; x_wconf 71' lang='grc' dir='ltr'><strong>Ξ).</strong></span> <span class='ocrx_word' id='word_1_66' title='bbox 1050 987 1192 1040; x_wconf 84' lang='lat' dir='ltr'><strong>idem</strong></span> <span class='ocrx_word' id='word_1_67' title='bbox 1212 988 1323 1055; x_wconf 90' lang='lat' dir='ltr'><strong>ipse</strong></span> <span class='ocrx_word' id='word_1_68' title='bbox 1342 987 1472 1038; x_wconf 79' lang='lat' dir='ltr'><strong>viam</strong></span> <span class='ocrx_word' id='word_1_69' title='bbox 1492 999 1552 1039; x_wconf 86' lang='lat' dir='ltr'><strong>se</strong></span> <span class='ocrx_word' id='word_1_70' title='bbox 1578 983 1796 1051; x_wconf 89' lang='lat' dir='ltr'><strong>dieit,ut</strong></span> <span class='ocrx_word' id='word_1_71' title='bbox 1821 994 1905 1037; x_wconf 89' lang='lat' dir='ltr'><strong>est</strong></span> <span class='ocrx_word' id='word_1_72' title='bbox 1933 982 2059 1037; x_wconf 88' lang='lat' dir='ltr'><strong>illud</strong></span> <span class='ocrx_word' id='word_1_73' title='bbox 2086 1000 2100 1035; x_wconf 87' lang='lat'><strong>:</strong></span> 
     </span>
    </p>
   </div>
   <div class='ocr_carea' id='block_1_11' title="bbox 520 1074 2103 1150">
    <p class='ocr_par' dir='ltr' id='par_1_11' title="bbox 520 1074 2103 1150">
     <span class='ocr_line' id='line_1_11' title="bbox 520 1074 2103 1150; baseline -0.005 -15"><span class='ocrx_word' id='word_1_74' title='bbox 520 1081 633 1150; x_wconf 83' lang='lat' dir='ltr'><strong>Ego</strong></span> <span class='ocrx_word' id='word_1_75' title='bbox 658 1096 774 1134; x_wconf 89' lang='lat' dir='ltr'><strong>sum</strong></span> <span class='ocrx_word' id='word_1_76' title='bbox 802 1080 905 1144; x_wconf 78' lang='lat' dir='ltr'><strong>via,</strong></span> <span class='ocrx_word' id='word_1_77' title='bbox 928 1078 1134 1141; x_wconf 82' lang='lat' dir='ltr'><strong>ueritas,</strong></span> <span class='ocrx_word' id='word_1_78' title='bbox 1157 1086 1202 1131; x_wconf 88' lang='lat' dir='ltr'><strong>et</strong></span> <span class='ocrx_word' id='word_1_79' title='bbox 1229 1078 1339 1130; x_wconf 87' lang='lat' dir='ltr'><strong>vita</strong></span> <span class='ocrx_word' id='word_1_80' title='bbox 1359 1074 1536 1143; x_wconf 90' lang='lat' dir='ltr'><strong>(Ioan.</strong></span> <span class='ocrx_word' id='word_1_81' title='bbox 1574 1090 1681 1139; x_wconf 85' lang='lat' dir='ltr'><strong>xtv,</strong></span> <span class='ocrx_word' id='word_1_82' title='bbox 1711 1075 1791 1143; x_wconf 85' lang='lat'><strong>6).</strong></span> <span class='ocrx_word' id='word_1_83' title='bbox 1824 1075 1929 1131; x_wconf 83' lang='lat' dir='ltr'><strong>Sed</strong></span> <span class='ocrx_word' id='word_1_84' title='bbox 1981 1088 2103 1129; x_wconf 89' lang='lat' dir='ltr'><strong>cum</strong></span> 
     </span>
    </p>
   </div>
   <div class='ocr_carea' id='block_1_12' title="bbox 521 1167 2106 1239">
    <p class='ocr_par' dir='ltr' id='par_1_12' title="bbox 521 1167 2106 1239">
     <span class='ocr_line' id='line_1_12' title="bbox 521 1167 2106 1239; baseline -0.003 -12"><span class='ocrx_word' id='word_1_85' title='bbox 521 1173 686 1228; x_wconf 87' lang='lat' dir='ltr'><strong>fidem</strong></span> <span class='ocrx_word' id='word_1_86' title='bbox 733 1172 1034 1227; x_wconf 85' lang='lat' dir='ltr'><strong>hominibus</strong></span> <span class='ocrx_word' id='word_1_87' title='bbox 1084 1169 1332 1239; x_wconf 78' lang='lat' dir='ltr'><strong>przebuit,</strong></span> <span class='ocrx_word' id='word_1_88' title='bbox 1383 1183 1484 1238; x_wconf 85' lang='lat' dir='ltr'><strong>qua</strong></span> <span class='ocrx_word' id='word_1_89' title='bbox 1534 1168 1691 1223; x_wconf 79' lang='lat' dir='ltr'><strong>Pater</strong></span> <span class='ocrx_word' id='word_1_90' title='bbox 1723 1167 2106 1237; x_wconf 82' lang='lat' dir='ltr'><strong>perfectissime</strong></span> 
     </span>
    </p>
   </div>
   <div class='ocr_carea' id='block_1_13' title="bbox 521 1260 2103 1331">
    <p class='ocr_par' dir='ltr' id='par_1_13' title="bbox 521 1260 2103 1331">
     <span class='ocr_line' id='line_1_13' title="bbox 521 1260 2103 1331; baseline -0.006 -7"><span class='ocrx_word' id='word_1_91' title='bbox 521 1275 854 1330; x_wconf 86' lang='lat' dir='ltr'><strong>nosceretur,</strong></span> <span class='ocrx_word' id='word_1_92' title='bbox 884 1266 965 1317; x_wconf 78' lang='lat' dir='ltr'><strong>ria</strong></span> <span class='ocrx_word' id='word_1_93' title='bbox 992 1263 1163 1317; x_wconf 85' lang='lat' dir='ltr'><strong>Patris</strong></span> <span class='ocrx_word' id='word_1_94' title='bbox 1186 1262 1332 1331; x_wconf 91' lang='lat' dir='ltr'><strong>juste</strong></span> <span class='ocrx_word' id='word_1_95' title='bbox 1361 1260 1574 1325; x_wconf 88' lang='lat' dir='ltr'><strong>dicitur,</strong></span> <span class='ocrx_word' id='word_1_96' title='bbox 1628 1260 1751 1329; x_wconf 88' lang='lat' dir='ltr'><strong>quia</strong></span> <span class='ocrx_word' id='word_1_97' title='bbox 1784 1274 1879 1329; x_wconf 90' lang='lat' dir='ltr'><strong>per</strong></span> <span class='ocrx_word' id='word_1_98' title='bbox 1906 1260 2103 1328; x_wconf 84' lang='lat' dir='ltr'><strong>ipsum.</strong></span> 
     </span>
    </p>
   </div>
   <div class='ocr_carea' id='block_1_14' title="bbox 524 1350 2105 1429">
    <p class='ocr_par' dir='ltr' id='par_1_14' title="bbox 524 1350 2105 1429">
     <span class='ocr_line' id='line_1_14' title="bbox 524 1350 2105 1429; baseline -0.006 -17"><span class='ocrx_word' id='word_1_99' title='bbox 524 1358 967 1429; x_wconf 81' lang='lat' dir='ltr'><strong>quemadmodum</strong></span> <span class='ocrx_word' id='word_1_100' title='bbox 1000 1355 1233 1408; x_wconf 80' lang='lat' dir='ltr'><strong>Trinitas</strong></span> <span class='ocrx_word' id='word_1_101' title='bbox 1279 1354 1565 1416; x_wconf 89' lang='lat' dir='ltr'><strong>coleretur,</strong></span> <span class='ocrx_word' id='word_1_102' title='bbox 1606 1354 1930 1420; x_wconf 83' lang='lat' dir='ltr'><strong>accepimus.</strong></span> <span class='ocrx_word' id='word_1_103' title='bbox 1988 1350 2105 1418; x_wconf 92' lang='lat' dir='ltr'><strong>Ipse</strong></span> 
     </span>
    </p>
   </div>
   <div class='ocr_carea' id='block_1_15' title="bbox 523 1441 2104 1513">
    <p class='ocr_par' dir='ltr' id='par_1_15' title="bbox 523 1441 2104 1513">
     <span class='ocr_line' id='line_1_15' title="bbox 523 1441 2104 1513; baseline -0.006 -9"><span class='ocrx_word' id='word_1_104' title='bbox 523 1449 666 1504; x_wconf 91' lang='lat' dir='ltr'><strong>enim</strong></span> <span class='ocrx_word' id='word_1_105' title='bbox 699 1448 864 1501; x_wconf 82' lang='lat' dir='ltr'><strong>dixit:</strong></span> <span class='ocrx_word' id='word_1_106' title='bbox 893 1445 994 1510; x_wconf 86' lang='lat' dir='ltr'><strong>Ite,</strong></span> <span class='ocrx_word' id='word_1_107' title='bbox 1012 1446 1266 1513; x_wconf 81' lang='lat' dir='ltr'><strong>baptizate</strong></span> <span class='ocrx_word' id='word_1_108' title='bbox 1294 1461 1465 1497; x_wconf 85' lang='lat' dir='ltr'><strong>omnes</strong></span> <span class='ocrx_word' id='word_1_109' title='bbox 1493 1452 1663 1513; x_wconf 84' lang='lat' dir='ltr'><strong>gentes</strong></span> <span class='ocrx_word' id='word_1_110' title='bbox 1684 1444 1738 1496; x_wconf 91' lang='lat' dir='ltr'><strong>in</strong></span> <span class='ocrx_word' id='word_1_111' title='bbox 1765 1443 1968 1496; x_wconf 79' lang='lat' dir='ltr'><strong>nomine</strong></span> <span class='ocrx_word' id='word_1_112' title='bbox 1996 1441 2104 1495; x_wconf 89' lang='lat' dir='ltr'><strong>Pa-</strong></span> 
     </span>
    </p>
   </div>
   <div class='ocr_carea' id='block_1_16' title="bbox 523 1533 2107 1609">
    <p class='ocr_par' dir='ltr' id='par_1_16' title="bbox 523 1533 2107 1609">
     <span class='ocr_line' id='line_1_16' title="bbox 523 1533 2107 1609; baseline -0.004 -16"><span class='ocrx_word' id='word_1_113' title='bbox 523 1542 637 1599; x_wconf 83' lang='lat' dir='ltr'><strong>tris.</strong></span> <span class='ocrx_word' id='word_1_114' title='bbox 660 1548 706 1594; x_wconf 89' lang='lat' dir='ltr'><strong>et</strong></span> <span class='ocrx_word' id='word_1_115' title='bbox 732 1538 879 1604; x_wconf 83' lang='lat' dir='ltr'><strong>Filii,</strong></span> <span class='ocrx_word' id='word_1_116' title='bbox 903 1548 947 1593; x_wconf 90' lang='lat' dir='ltr'><strong>et</strong></span> <span class='ocrx_word' id='word_1_117' title='bbox 982 1540 1206 1609; x_wconf 86' lang='lat' dir='ltr'><strong>Spiritus</strong></span> <span class='ocrx_word' id='word_1_118' title='bbox 1232 1538 1394 1591; x_wconf 81' lang='lat' dir='ltr'><strong>sancti</strong></span> <span class='ocrx_word' id='word_1_119' title='bbox 1423 1535 1640 1604; x_wconf 81' lang='lat' dir='ltr'><strong>(Matth.</strong></span> <span class='ocrx_word' id='word_1_120' title='bbox 1667 1551 1847 1601; x_wconf 76' lang='lat' dir='ltr'><strong>xxvnt,</strong></span> <span class='ocrx_word' id='word_1_121' title='bbox 1877 1533 1987 1604; x_wconf 77' lang='grc'><strong>19).</strong></span> <span class='ocrx_word' id='word_1_122' title='bbox 2008 1534 2107 1590; x_wconf 86' lang='lat' dir='ltr'><strong>Se-</strong></span> 
     </span>
    </p>
   </div>
   <div class='ocr_carea' id='block_1_17' title="bbox 523 1627 2108 1702">
    <p class='ocr_par' dir='ltr' id='par_1_17' title="bbox 523 1627 2108 1702">
     <span class='ocr_line' id='line_1_17' title="bbox 523 1627 2108 1702; baseline -0.003 -16"><span class='ocrx_word' id='word_1_123' title='bbox 523 1633 721 1702; x_wconf 87' lang='lat' dir='ltr'><strong>quitur,</strong></span> <span class='ocrx_word' id='word_1_124' title='bbox 749 1632 861 1701; x_wconf 84' lang='lat' dir='ltr'><strong>quis</strong></span> <span class='ocrx_word' id='word_1_125' title='bbox 893 1631 1027 1685; x_wconf 82' lang='lat' dir='ltr'><strong>Deus</strong></span> <span class='ocrx_word' id='word_1_126' title='bbox 1046 1647 1258 1699; x_wconf 79' lang='lat' dir='ltr'><strong>magnus</strong></span> <span class='ocrx_word' id='word_1_127' title='bbox 1286 1630 1414 1683; x_wconf 80' lang='lat' dir='ltr'><strong>sicut</strong></span> <span class='ocrx_word' id='word_1_128' title='bbox 1433 1629 1570 1682; x_wconf 91' lang='lat' dir='ltr'><strong>Deus</strong></span> <span class='ocrx_word' id='word_1_129' title='bbox 1592 1628 1801 1682; x_wconf 83' lang='lat' dir='ltr'><strong>noster?</strong></span> <span class='ocrx_word' id='word_1_130' title='bbox 1824 1627 1939 1681; x_wconf 84' lang='lat' dir='ltr'><strong>Iam</strong></span> <span class='ocrx_word' id='word_1_131' title='bbox 1957 1627 2108 1696; x_wconf 87' lang='lat' dir='ltr'><strong>quasi</strong></span> 
     </span>
    </p>
   </div>
   <div class='ocr_carea' id='block_1_18' title="bbox 524 1721 2111 1791">
    <p class='ocr_par' dir='ltr' id='par_1_18' title="bbox 524 1721 2111 1791">
     <span class='ocr_line' id='line_1_18' title="bbox 524 1721 2111 1791; baseline -0.003 -13"><span class='ocrx_word' id='word_1_132' title='bbox 524 1724 788 1788; x_wconf 89' lang='lat' dir='ltr'><strong>eruditus,</strong></span> <span class='ocrx_word' id='word_1_133' title='bbox 814 1725 865 1777; x_wconf 92' lang='lat' dir='ltr'><strong>in</strong></span> <span class='ocrx_word' id='word_1_134' title='bbox 895 1723 1094 1791; x_wconf 89' lang='lat' dir='ltr'><strong>Spiritu</strong></span> <span class='ocrx_word' id='word_1_135' title='bbox 1124 1732 1310 1776; x_wconf 89' lang='lat' dir='ltr'><strong>sancto</strong></span> <span class='ocrx_word' id='word_1_136' title='bbox 1341 1722 1495 1776; x_wconf 73' lang='lat' dir='ltr'><strong>lmtus</strong></span> <span class='ocrx_word' id='word_1_137' title='bbox 1516 1721 1764 1786; x_wconf 81' lang='lat' dir='ltr'><strong>exsultat,</strong></span> <span class='ocrx_word' id='word_1_138' title='bbox 1792 1722 2111 1790; x_wconf 86' lang='lat' dir='ltr'><strong>potentiam-</strong></span> 
     </span>
    </p>
   </div>
   <div class='ocr_carea' id='block_1_19' title="bbox 2207 526 3786 601">
    <p class='ocr_par' dir='ltr' id='par_1_19' title="bbox 2207 526 3786 601">
     <span class='ocr_line' id='line_1_19' title="bbox 2207 526 3786 601; baseline 0.003 -20"><span class='ocrx_word' id='word_1_139' title='bbox 2207 528 2407 597; x_wconf 88' lang='lat' dir='ltr'><strong>quitur,</strong></span> <span class='ocrx_word' id='word_1_140' title='bbox 2437 528 2573 595; x_wconf 75' lang='lat' dir='ltr'><strong>ﬁlios</strong></span> <span class='ocrx_word' id='word_1_141' title='bbox 2617 526 2783 584; x_wconf 83' lang='lat' dir='ltr'><strong>Israel</strong></span> <span class='ocrx_word' id='word_1_142' title='bbox 2812 538 2858 583; x_wconf 89' lang='lat' dir='ltr'><strong>et</strong></span> <span class='ocrx_word' id='word_1_143' title='bbox 2887 527 3104 600; x_wconf 83' lang='lat' dir='ltr'><strong>Ioseph.</strong></span> <span class='ocrx_word' id='word_1_144' title='bbox 3153 526 3415 601; x_wconf 82' lang='lat' dir='ltr'><strong>Populum</strong></span> <span class='ocrx_word' id='word_1_145' title='bbox 3463 545 3608 601; x_wconf 60' lang='lat' dir='ltr'><strong>sape</strong></span> <span class='ocrx_word' id='word_1_146' title='bbox 3650 532 3786 587; x_wconf 73' lang='lat' dir='ltr'><strong>dixi-</strong></span> 
     </span>
    </p>
   </div>
   <div class='ocr_carea' id='block_1_20' title="bbox 2203 613 3795 690">
    <p class='ocr_par' dir='ltr' id='par_1_20' title="bbox 2203 613 3795 690">
     <span class='ocr_line' id='line_1_20' title="bbox 2203 613 3795 690; baseline 0.003 -19"><span class='ocrx_word' id='word_1_147' title='bbox 2203 633 2322 673; x_wconf 87' lang='lat' dir='ltr'><strong>mus</strong></span> <span class='ocrx_word' id='word_1_148' title='bbox 2351 617 2624 674; x_wconf 89' lang='lat' dir='ltr'><strong>intellcctu</strong></span> <span class='ocrx_word' id='word_1_149' title='bbox 2668 613 2922 687; x_wconf 83' lang='lat' dir='ltr'><strong>pluralem</strong></span> <span class='ocrx_word' id='word_1_150' title='bbox 2953 635 3232 675; x_wconf 91' lang='lat' dir='ltr'><strong>numerum</strong></span> <span class='ocrx_word' id='word_1_151' title='bbox 3261 621 3566 685; x_wconf 89' lang='lat' dir='ltr'><strong>continere,</strong></span> <span class='ocrx_word' id='word_1_152' title='bbox 3606 626 3795 690; x_wconf 78' lang='lat' dir='ltr'><strong>quani-</strong></span> 
     </span>
    </p>
   </div>
   <div class='ocr_carea' id='block_1_21' title="bbox 2200 708 3797 778">
    <p class='ocr_par' dir='ltr' id='par_1_21' title="bbox 2200 708 3797 778">
     <span class='ocr_line' id='line_1_21' title="bbox 2200 708 3797 778; baseline 0.001 -16"><span class='ocrx_word' id='word_1_153' title='bbox 2200 709 2282 762; x_wconf 89' lang='lat' dir='ltr'><strong>vis</strong></span> <span class='ocrx_word' id='word_1_154' title='bbox 2326 708 2666 776; x_wconf 74' lang='lat' dir='ltr'><strong>singulariter</strong></span> <span class='ocrx_word' id='word_1_155' title='bbox 2695 710 2934 778; x_wconf 86' lang='lat' dir='ltr'><strong>prolatus</strong></span> <span class='ocrx_word' id='word_1_156' title='bbox 2971 724 3093 764; x_wconf 89' lang='lat' dir='ltr'><strong>esse</strong></span> <span class='ocrx_word' id='word_1_157' title='bbox 3148 709 3414 764; x_wconf 90' lang='lat' dir='ltr'><strong>videatur.</strong></span> <span class='ocrx_word' id='word_1_158' title='bbox 3462 709 3797 778; x_wconf 75' lang='lat' dir='ltr'><strong>Quapropter</strong></span> 
     </span>
    </p>
   </div>
   <div class='ocr_carea' id='block_1_22' title="bbox 2203 801 3796 873">
    <p class='ocr_par' dir='ltr' id='par_1_22' title="bbox 2203 801 3796 873">
     <span class='ocr_line' id='line_1_22' title="bbox 2203 801 3796 873; baseline 0.002 -18"><span class='ocrx_word' id='word_1_159' title='bbox 2203 803 2337 869; x_wconf 83' lang='lat' dir='ltr'><strong>ﬁlios</strong></span> <span class='ocrx_word' id='word_1_160' title='bbox 2362 801 2525 855; x_wconf 80' lang='lat' dir='ltr'><strong>Israel</strong></span> <span class='ocrx_word' id='word_1_161' title='bbox 2554 802 2713 873; x_wconf 75' lang='grc'><strong>262</strong></span> <span class='ocrx_word' id='word_1_162' title='bbox 2733 802 3006 857; x_wconf 89' lang='lat' dir='ltr'><strong>Iudaicam</strong></span> <span class='ocrx_word' id='word_1_163' title='bbox 3039 803 3270 872; x_wconf 88' lang='lat' dir='ltr'><strong>plebem,</strong></span> <span class='ocrx_word' id='word_1_164' title='bbox 3298 817 3420 872; x_wconf 72' lang='lat' dir='ltr'><strong>qua:</strong></span> <span class='ocrx_word' id='word_1_165' title='bbox 3464 811 3644 858; x_wconf 82' lang='lat' dir='ltr'><strong>tamen</strong></span> <span class='ocrx_word' id='word_1_166' title='bbox 3672 810 3796 858; x_wconf 70' lang='lat' dir='ltr'><strong>cre-</strong></span> 
     </span>
    </p>
   </div>
   <div class='ocr_carea' id='block_1_23' title="bbox 2204 894 3802 963">
    <p class='ocr_par' dir='ltr' id='par_1_23' title="bbox 2204 894 3802 963">
     <span class='ocr_line' id='line_1_23' title="bbox 2204 894 3802 963; baseline 0.001 -14"><span class='ocrx_word' id='word_1_167' title='bbox 2204 896 2360 959; x_wconf 86' lang='lat' dir='ltr'><strong>didit,</strong></span> <span class='ocrx_word' id='word_1_168' title='bbox 2390 895 2648 949; x_wconf 83' lang='lat' dir='ltr'><strong>debemus</strong></span> <span class='ocrx_word' id='word_1_169' title='bbox 2691 895 2974 963; x_wconf 78' lang='lat' dir='ltr'><strong>accipere;</strong></span> <span class='ocrx_word' id='word_1_170' title='bbox 3006 894 3201 962; x_wconf 90' lang='lat' dir='ltr'><strong>Ioseph</strong></span> <span class='ocrx_word' id='word_1_171' title='bbox 3250 896 3476 949; x_wconf 84' lang='lat' dir='ltr'><strong>alteram</strong></span> <span class='ocrx_word' id='word_1_172' title='bbox 3506 909 3627 963; x_wconf 59' lang='lat' dir='ltr'><strong>quae</strong></span> <span class='ocrx_word' id='word_1_173' title='bbox 3655 895 3802 950; x_wconf 80' lang='lat' dir='ltr'><strong>venit</strong></span> 
     </span>
    </p>
   </div>
   <div class='ocr_carea' id='block_1_24' title="bbox 2203 974 3801 1056">
    <p class='ocr_par' dir='ltr' id='par_1_24' title="bbox 2203 974 3801 1056">
     <span class='ocr_line' id='line_1_24' title="bbox 2203 974 3801 1056; baseline -0.001 -16"><span class='ocrx_word' id='word_1_174' title='bbox 2203 1001 2270 1041; x_wconf 83' lang='lat' dir='ltr'><strong>ex</strong></span> <span class='ocrx_word' id='word_1_175' title='bbox 2305 985 2572 1055; x_wconf 79' lang='lat' dir='ltr'><strong>gentibus.</strong></span> <span class='ocrx_word' id='word_1_176' title='bbox 2621 984 2726 1041; x_wconf 90' lang='lat' dir='ltr'><strong>Sed</strong></span> <span class='ocrx_word' id='word_1_177' title='bbox 2756 986 2870 1040; x_wconf 84' lang='lat' dir='ltr'><strong>sive</strong></span> <span class='ocrx_word' id='word_1_178' title='bbox 2919 1002 3039 1056; x_wconf 66' lang='lat' dir='ltr'><strong>quae</strong></span> <span class='ocrx_word' id='word_1_179' title='bbox 3067 985 3302 1040; x_wconf 85' lang='lat' dir='ltr'><strong>credidit</strong></span> <span class='ocrx_word' id='word_1_180' title='bbox 3332 985 3400 1038; x_wconf 87' lang='lat' dir='ltr'><strong>de</strong></span> <span class='ocrx_word' id='word_1_181' title='bbox 3428 982 3653 1049; x_wconf 65' lang='lat' dir='ltr'><strong>Iudaeis,</strong></span> <span class='ocrx_word' id='word_1_182' title='bbox 3684 974 3801 1039; x_wconf 69' lang='lat' dir='ltr'><strong>Sive</strong></span> 
     </span>
    </p>
   </div>
   <div class='ocr_carea' id='block_1_25' title="bbox 2203 1076 3803 1150">
    <p class='ocr_par' dir='ltr' id='par_1_25' title="bbox 2203 1076 3803 1150">
     <span class='ocr_line' id='line_1_25' title="bbox 2203 1076 3803 1150; baseline -0.003 -16"><span class='ocrx_word' id='word_1_183' title='bbox 2203 1095 2322 1150; x_wconf 75' lang='lat' dir='ltr'><strong>quze</strong></span> <span class='ocrx_word' id='word_1_184' title='bbox 2350 1080 2416 1133; x_wconf 91' lang='lat' dir='ltr'><strong>de</strong></span> <span class='ocrx_word' id='word_1_185' title='bbox 2440 1078 2677 1149; x_wconf 90' lang='lat' dir='ltr'><strong>gentium</strong></span> <span class='ocrx_word' id='word_1_186' title='bbox 2718 1079 2998 1133; x_wconf 90' lang='lat' dir='ltr'><strong>vocatione</strong></span> <span class='ocrx_word' id='word_1_187' title='bbox 3041 1079 3263 1133; x_wconf 86' lang='lat' dir='ltr'><strong>collecta</strong></span> <span class='ocrx_word' id='word_1_188' title='bbox 3292 1086 3396 1141; x_wconf 88' lang='lat' dir='ltr'><strong>est,</strong></span> <span class='ocrx_word' id='word_1_189' title='bbox 3424 1090 3563 1131; x_wconf 92' lang='lat' dir='ltr'><strong>unus</strong></span> <span class='ocrx_word' id='word_1_190' title='bbox 3590 1086 3674 1130; x_wconf 89' lang='lat' dir='ltr'><strong>est</strong></span> <span class='ocrx_word' id='word_1_191' title='bbox 3709 1076 3803 1131; x_wconf 88' lang='lat' dir='ltr'><strong>Dei</strong></span> 
     </span>
    </p>
   </div>
   <div class='ocr_carea' id='block_1_26' title="bbox 2206 1166 3805 1241">
    <p class='ocr_par' dir='ltr' id='par_1_26' title="bbox 2206 1166 3805 1241">
     <span class='ocr_line' id='line_1_26' title="bbox 2206 1166 3805 1241; baseline 0.001 -19"><span class='ocrx_word' id='word_1_192' title='bbox 2206 1170 2459 1241; x_wconf 84' lang='lat' dir='ltr'><strong>populus;</strong></span> <span class='ocrx_word' id='word_1_193' title='bbox 2504 1171 2747 1239; x_wconf 85' lang='lat' dir='ltr'><strong>quamvis</strong></span> <span class='ocrx_word' id='word_1_194' title='bbox 2778 1177 3022 1237; x_wconf 90' lang='lat' dir='ltr'><strong>tempore</strong></span> <span class='ocrx_word' id='word_1_195' title='bbox 3051 1168 3388 1224; x_wconf 88' lang='lat' dir='ltr'><strong>credulitatis</strong></span> <span class='ocrx_word' id='word_1_196' title='bbox 3436 1184 3549 1224; x_wconf 63' lang='lat' dir='ltr'><strong>sum</strong></span> <span class='ocrx_word' id='word_1_197' title='bbox 3598 1166 3805 1223; x_wconf 85' lang='lat' dir='ltr'><strong>divisus</strong></span> 
     </span>
    </p>
   </div>
   <div class='ocr_carea' id='block_1_27' title="bbox 2208 1252 3808 1329">
    <p class='ocr_par' dir='ltr' id='par_1_27' title="bbox 2208 1252 3808 1329">
     <span class='ocr_line' id='line_1_27' title="bbox 2208 1252 3808 1329; baseline -0.001 -14"><span class='ocrx_word' id='word_1_198' title='bbox 2208 1275 2328 1315; x_wconf 87' lang='lat' dir='ltr'><strong>esse</strong></span> <span class='ocrx_word' id='word_1_199' title='bbox 2368 1259 2636 1325; x_wconf 88' lang='lat' dir='ltr'><strong>videatur,</strong></span> <span class='ocrx_word' id='word_1_200' title='bbox 2666 1260 2801 1313; x_wconf 89' lang='lat' dir='ltr'><strong>sicut</strong></span> <span class='ocrx_word' id='word_1_201' title='bbox 2840 1260 2892 1313; x_wconf 93' lang='lat' dir='ltr'><strong>in</strong></span> <span class='ocrx_word' id='word_1_202' title='bbox 2937 1260 3223 1329; x_wconf 82' lang='lat' dir='ltr'><strong>Evangelio</strong></span> <span class='ocrx_word' id='word_1_203' title='bbox 3265 1260 3433 1315; x_wconf 87' lang='lat' dir='ltr'><strong>dicit:</strong></span> <span class='ocrx_word' id='word_1_204' title='bbox 3470 1260 3606 1314; x_wconf 89' lang='lat' dir='ltr'><strong>Sunt</strong></span> <span class='ocrx_word' id='word_1_205' title='bbox 3635 1252 3808 1314; x_wconf 76' lang='lat' dir='ltr'><strong>autem</strong></span> 
     </span>
    </p>
   </div>
   <div class='ocr_carea' id='block_1_28' title="bbox 2206 1346 3811 1423">
    <p class='ocr_par' dir='ltr' id='par_1_28' title="bbox 2206 1346 3811 1423">
     <span class='ocr_line' id='line_1_28' title="bbox 2206 1346 3811 1423; baseline 0 -16"><span class='ocrx_word' id='word_1_206' title='bbox 2206 1370 2318 1407; x_wconf 82' lang='lat' dir='ltr'><strong>oves</strong></span> <span class='ocrx_word' id='word_1_207' title='bbox 2353 1362 2465 1423; x_wconf 66' lang='lat' dir='ltr'><strong>quae</strong></span> <span class='ocrx_word' id='word_1_208' title='bbox 2493 1361 2592 1407; x_wconf 84' lang='lat' dir='ltr'><strong>non</strong></span> <span class='ocrx_word' id='word_1_209' title='bbox 2622 1357 2736 1406; x_wconf 82' lang='lat' dir='ltr'><strong>sunt</strong></span> <span class='ocrx_word' id='word_1_210' title='bbox 2763 1368 2825 1406; x_wconf 75' lang='lat' dir='ltr'><strong>ea:</strong></span> <span class='ocrx_word' id='word_1_211' title='bbox 2849 1352 2946 1405; x_wconf 86' lang='lat' dir='ltr'><strong>hoc</strong></span> <span class='ocrx_word' id='word_1_212' title='bbox 2968 1352 3108 1415; x_wconf 86' lang='lat' dir='ltr'><strong>ovili,</strong></span> <span class='ocrx_word' id='word_1_213' title='bbox 3144 1363 3189 1405; x_wconf 90' lang='lat' dir='ltr'><strong>et</strong></span> <span class='ocrx_word' id='word_1_214' title='bbox 3230 1362 3427 1422; x_wconf 85' lang='lat' dir='ltr'><strong>0p0rtet</strong></span> <span class='ocrx_word' id='word_1_215' title='bbox 3470 1366 3549 1407; x_wconf 88' lang='lat' dir='ltr'><strong>me</strong></span> <span class='ocrx_word' id='word_1_216' title='bbox 3594 1368 3683 1407; x_wconf 86' lang='lat' dir='ltr'><strong>eas</strong></span> <span class='ocrx_word' id='word_1_217' title='bbox 3713 1346 3811 1406; x_wconf 38' lang='lat' dir='ltr'><strong>ad;</strong></span> 
     </span>
    </p>
   </div>
   <div class='ocr_carea' id='block_1_29' title="bbox 2207 1439 3807 1516">
    <p class='ocr_par' dir='ltr' id='par_1_29' title="bbox 2207 1439 3807 1516">
     <span class='ocr_line' id='line_1_29' title="bbox 2207 1439 3807 1516; baseline 0.001 -19"><span class='ocrx_word' id='word_1_218' title='bbox 2207 1445 2411 1509; x_wconf 83' lang='lat' dir='ltr'><strong>ducere,</strong></span> <span class='ocrx_word' id='word_1_219' title='bbox 2442 1455 2499 1498; x_wconf 90' lang='lat' dir='ltr'><strong>ut</strong></span> <span class='ocrx_word' id='word_1_220' title='bbox 2535 1447 2600 1499; x_wconf 90' lang='lat' dir='ltr'><strong>sit</strong></span> <span class='ocrx_word' id='word_1_221' title='bbox 2633 1461 2770 1499; x_wconf 87' lang='lat' dir='ltr'><strong>unus</strong></span> <span class='ocrx_word' id='word_1_222' title='bbox 2794 1460 2921 1515; x_wconf 81' lang='lat' dir='ltr'><strong>grea:</strong></span> <span class='ocrx_word' id='word_1_223' title='bbox 2946 1453 2993 1498; x_wconf 86' lang='lat' dir='ltr'><strong>et</strong></span> <span class='ocrx_word' id='word_1_224' title='bbox 3019 1462 3150 1497; x_wconf 90' lang='lat' dir='ltr'><strong>unus</strong></span> <span class='ocrx_word' id='word_1_225' title='bbox 3173 1439 3357 1499; x_wconf 85' lang='lat' dir='ltr'><strong>Pastor</strong></span> <span class='ocrx_word' id='word_1_226' title='bbox 3387 1442 3567 1516; x_wconf 90' lang='lat' dir='ltr'><strong>(Ioan.</strong></span> <span class='ocrx_word' id='word_1_227' title='bbox 3596 1461 3648 1510; x_wconf 71' lang='grc' dir='ltr'><strong>ι,</strong></span> <span class='ocrx_word' id='word_1_228' title='bbox 3689 1442 3807 1515; x_wconf 75' lang='lat' dir='ltr'><strong>ili).</strong></span> 
     </span>
    </p>
   </div>
   <div class='ocr_carea' id='block_1_30' title="bbox 2218 1526 3811 1605">
    <p class='ocr_par' dir='ltr' id='par_1_30' title="bbox 2218 1526 3811 1605">
     <span class='ocr_line' id='line_1_30' title="bbox 2218 1526 3811 1605; baseline 0 -14"><span class='ocrx_word' id='word_1_229' title='bbox 2218 1536 2349 1592; x_wconf 75' lang='lat' dir='ltr'><strong>Nam</strong></span> <span class='ocrx_word' id='word_1_230' title='bbox 2382 1536 2597 1591; x_wconf 87' lang='lat' dir='ltr'><strong>nomine</strong></span> <span class='ocrx_word' id='word_1_231' title='bbox 2644 1535 2859 1604; x_wconf 87' lang='lat' dir='ltr'><strong>Ioseph,</strong></span> <span class='ocrx_word' id='word_1_232' title='bbox 2906 1533 3140 1605; x_wconf 82' lang='lat' dir='ltr'><strong>gentium</strong></span> <span class='ocrx_word' id='word_1_233' title='bbox 3183 1526 3339 1591; x_wconf 83' lang='lat' dir='ltr'><strong>tidem</strong></span> <span class='ocrx_word' id='word_1_234' title='bbox 3383 1551 3489 1590; x_wconf 92' lang='lat' dir='ltr'><strong>non</strong></span> <span class='ocrx_word' id='word_1_235' title='bbox 3542 1528 3811 1591; x_wconf 87' lang='lat' dir='ltr'><strong>inconve-</strong></span> 
     </span>
    </p>
   </div>
   <div class='ocr_carea' id='block_1_31' title="bbox 2211 1623 3813 1696">
    <p class='ocr_par' dir='ltr' id='par_1_31' title="bbox 2211 1623 3813 1696">
     <span class='ocr_line' id='line_1_31' title="bbox 2211 1623 3813 1696; baseline -0.001 -14"><span class='ocrx_word' id='word_1_236' title='bbox 2211 1629 2415 1682; x_wconf 87' lang='lat' dir='ltr'><strong>nienter</strong></span> <span class='ocrx_word' id='word_1_237' title='bbox 2441 1627 2765 1681; x_wconf 84' lang='lat' dir='ltr'><strong>advertimus</strong></span> <span class='ocrx_word' id='word_1_238' title='bbox 2785 1667 2802 1693; x_wconf 92' lang='lat'><strong>,</strong></span> <span class='ocrx_word' id='word_1_239' title='bbox 2834 1628 2956 1696; x_wconf 85' lang='lat' dir='ltr'><strong>quia</strong></span> <span class='ocrx_word' id='word_1_240' title='bbox 3004 1626 3102 1681; x_wconf 85' lang='lat' dir='ltr'><strong>iste</strong></span> <span class='ocrx_word' id='word_1_241' title='bbox 3128 1623 3342 1696; x_wconf 76' lang='lat' dir='ltr'><strong>Ioseph,</strong></span> <span class='ocrx_word' id='word_1_242' title='bbox 3393 1627 3636 1696; x_wconf 80' lang='lat' dir='ltr'><strong>quamvis</strong></span> <span class='ocrx_word' id='word_1_243' title='bbox 3663 1624 3813 1681; x_wconf 80' lang='lat' dir='ltr'><strong>filius</strong></span> 
     </span>
    </p>
   </div>
   <div class='ocr_carea' id='block_1_32' title="bbox 2214 1716 3815 1788">
    <p class='ocr_par' dir='ltr' id='par_1_32' title="bbox 2214 1716 3815 1788">
     <span class='ocr_line' id='line_1_32' title="bbox 2214 1716 3815 1788; baseline 0.001 -17"><span class='ocrx_word' id='word_1_244' title='bbox 2214 1716 2375 1773; x_wconf 91' lang='lat' dir='ltr'><strong>fuerit</strong></span> <span class='ocrx_word' id='word_1_245' title='bbox 2404 1716 2570 1772; x_wconf 82' lang='lat' dir='ltr'><strong>Iacob</strong></span> <span class='ocrx_word' id='word_1_246' title='bbox 2597 1720 2685 1787; x_wconf 90' lang='lat' dir='ltr'><strong>qui</strong></span> <span class='ocrx_word' id='word_1_247' title='bbox 2722 1719 2895 1787; x_wconf 91' lang='lat' dir='ltr'><strong>primo</strong></span> <span class='ocrx_word' id='word_1_248' title='bbox 2920 1726 3139 1772; x_wconf 87' lang='lat' dir='ltr'><strong>vocatus</strong></span> <span class='ocrx_word' id='word_1_249' title='bbox 3164 1727 3247 1771; x_wconf 91' lang='lat' dir='ltr'><strong>est</strong></span> <span class='ocrx_word' id='word_1_250' title='bbox 3270 1717 3453 1784; x_wconf 86' lang='lat' dir='ltr'><strong>Israel,</strong></span> <span class='ocrx_word' id='word_1_251' title='bbox 3480 1728 3657 1774; x_wconf 84' lang='lat' dir='ltr'><strong>tamen</strong></span> <span class='ocrx_word' id='word_1_252' title='bbox 3687 1716 3815 1788; x_wconf 81' lang='lat' dir='ltr'><strong>quia</strong></span> 
     </span>
    </p>
   </div>
   <div class='ocr_carea' id='block_1_33' title="bbox 524 1810 3818 1888">
    <p class='ocr_par' dir='ltr' id='par_1_33' title="bbox 524 1810 3818 1888">
     <span class='ocr_line' id='line_1_33' title="bbox 524 1810 3818 1888; baseline -0.002 -16"><span class='ocrx_word' id='word_1_253' title='bbox 524 1832 630 1888; x_wconf 90' lang='lat' dir='ltr'><strong>que</strong></span> <span class='ocrx_word' id='word_1_254' title='bbox 680 1816 885 1872; x_wconf 92' lang='lat' dir='ltr'><strong>Domini</strong></span> <span class='ocrx_word' id='word_1_255' title='bbox 938 1815 1201 1871; x_wconf 86' lang='lat' dir='ltr'><strong>universis</strong></span> <span class='ocrx_word' id='word_1_256' title='bbox 1260 1815 1549 1885; x_wconf 61' lang='lat' dir='ltr'><strong>praeferens</strong></span> <span class='ocrx_word' id='word_1_257' title='bbox 1606 1813 1928 1878; x_wconf 87' lang='lat' dir='ltr'><strong>simulacris,</strong></span> <span class='ocrx_word' id='word_1_258' title='bbox 1988 1827 2112 1882; x_wconf 72' lang='lat' dir='ltr'><strong>qua:</strong></span> <span class='ocrx_word' id='word_1_259' title='bbox 2142 1815 2185 1869; x_wconf 88' lang='grc' dir='ltr'><strong>Β</strong></span> <span class='ocrx_word' id='word_1_260' title='bbox 2218 1810 2439 1865; x_wconf 86' lang='lat' dir='ltr'><strong>traditus</strong></span> <span class='ocrx_word' id='word_1_261' title='bbox 2466 1821 2547 1865; x_wconf 89' lang='lat' dir='ltr'><strong>est</strong></span> <span class='ocrx_word' id='word_1_262' title='bbox 2572 1825 2601 1864; x_wconf 89' lang='lat' dir='ltr'><strong>a</strong></span> <span class='ocrx_word' id='word_1_263' title='bbox 2633 1812 2882 1865; x_wconf 73' lang='lat' dir='ltr'><strong>fratribus</strong></span> <span class='ocrx_word' id='word_1_264' title='bbox 2907 1820 2960 1865; x_wconf 91' lang='lat' dir='ltr'><strong>et</strong></span> <span class='ocrx_word' id='word_1_265' title='bbox 2986 1811 3233 1880; x_wconf 79' lang='lat' dir='ltr'><strong>pervenit</strong></span> <span class='ocrx_word' id='word_1_266' title='bbox 3258 1811 3323 1865; x_wconf 88' lang='lat' dir='ltr'><strong>ad</strong></span> <span class='ocrx_word' id='word_1_267' title='bbox 3343 1820 3555 1881; x_wconf 80' lang='lat' dir='ltr'><strong>gentes,</strong></span> <span class='ocrx_word' id='word_1_268' title='bbox 3591 1812 3679 1867; x_wconf 90' lang='lat' dir='ltr'><strong>ubi</strong></span> <span class='ocrx_word' id='word_1_269' title='bbox 3716 1812 3818 1865; x_wconf 57' lang='lat' dir='ltr'><strong>ho;</strong></span> 
     </span>
    </p>
   </div>
   <div class='ocr_carea' id='block_1_34' title="bbox 525 1905 2109 1977">
    <p class='ocr_par' dir='ltr' id='par_1_34' title="bbox 525 1905 2109 1977">
     <span class='ocr_line' id='line_1_34' title="bbox 525 1905 2109 1977; baseline -0.003 -16"><span class='ocrx_word' id='word_1_270' title='bbox 525 1906 655 1961; x_wconf 85' lang='lat' dir='ltr'><strong>falsa</strong></span> <span class='ocrx_word' id='word_1_271' title='bbox 688 1907 1030 1977; x_wconf 82' lang='lat' dir='ltr'><strong>persuasione</strong></span> <span class='ocrx_word' id='word_1_272' title='bbox 1058 1907 1109 1961; x_wconf 87' lang='lat' dir='ltr'><strong>in</strong></span> <span class='ocrx_word' id='word_1_273' title='bbox 1139 1915 1278 1961; x_wconf 87' lang='lat' dir='ltr'><strong>terra</strong></span> <span class='ocrx_word' id='word_1_274' title='bbox 1310 1907 1648 1969; x_wconf 74' lang='lat' dir='ltr'><strong>colebantur;</strong></span> <span class='ocrx_word' id='word_1_275' title='bbox 1677 1906 1761 1958; x_wconf 86' lang='lat' dir='ltr'><strong>illa</strong></span> <span class='ocrx_word' id='word_1_276' title='bbox 1786 1905 1928 1959; x_wconf 90' lang='lat' dir='ltr'><strong>enim</strong></span> <span class='ocrx_word' id='word_1_277' title='bbox 1954 1910 2109 1958; x_wconf 89' lang='lat' dir='ltr'><strong>erant</strong></span> 
     </span>
    </p>
   </div>
   <div class='ocr_carea' id='block_1_35' title="bbox 523 1996 2109 2065">
    <p class='ocr_par' dir='ltr' id='par_1_35' title="bbox 523 1996 2109 2065">
     <span class='ocr_line' id='line_1_35' title="bbox 523 1996 2109 2065; baseline -0.003 -12"><span class='ocrx_word' id='word_1_278' title='bbox 523 1998 803 2063; x_wconf 88' lang='lat' dir='ltr'><strong>vilissima,</strong></span> <span class='ocrx_word' id='word_1_279' title='bbox 831 1998 1059 2062; x_wconf 86' lang='lat' dir='ltr'><strong>infirma,</strong></span> <span class='ocrx_word' id='word_1_280' title='bbox 1094 1996 1470 2065; x_wconf 85' lang='lat' dir='ltr'><strong>despicienda;</strong></span> <span class='ocrx_word' id='word_1_281' title='bbox 1524 1996 1780 2050; x_wconf 90' lang='lat' dir='ltr'><strong>Dominus</strong></span> <span class='ocrx_word' id='word_1_282' title='bbox 1806 2003 1984 2049; x_wconf 89' lang='lat' dir='ltr'><strong>autem</strong></span> <span class='ocrx_word' id='word_1_283' title='bbox 2012 2010 2109 2048; x_wconf 91' lang='lat' dir='ltr'><strong>no-</strong></span> 
     </span>
    </p>
   </div>
   <div class='ocr_carea' id='block_1_36' title="bbox 523 2084 2107 2157">
    <p class='ocr_par' dir='ltr' id='par_1_36' title="bbox 523 2084 2107 2157">
     <span class='ocr_line' id='line_1_36' title="bbox 523 2084 2107 2157; baseline -0.004 -14"><span class='ocrx_word' id='word_1_284' title='bbox 523 2097 636 2143; x_wconf 78' lang='lat' dir='ltr'><strong>ster</strong></span> <span class='ocrx_word' id='word_1_285' title='bbox 661 2103 902 2157; x_wconf 82' lang='lat' dir='ltr'><strong>magnus,</strong></span> <span class='ocrx_word' id='word_1_286' title='bbox 928 2087 1080 2142; x_wconf 85' lang='lat' dir='ltr'><strong>fortis</strong></span> <span class='ocrx_word' id='word_1_287' title='bbox 1107 2095 1161 2140; x_wconf 87' lang='lat' dir='ltr'><strong>et</strong></span> <span class='ocrx_word' id='word_1_288' title='bbox 1207 2086 1481 2149; x_wconf 86' lang='lat' dir='ltr'><strong>terribilis,</strong></span> <span class='ocrx_word' id='word_1_289' title='bbox 1525 2086 1703 2139; x_wconf 88' lang='lat' dir='ltr'><strong>omnia</strong></span> <span class='ocrx_word' id='word_1_290' title='bbox 1735 2084 1936 2139; x_wconf 83' lang='lat' dir='ltr'><strong>faciens</strong></span> <span class='ocrx_word' id='word_1_291' title='bbox 1955 2098 2107 2153; x_wconf 66' lang='lat' dir='ltr'><strong>qua:-</strong></span> 
     </span>
    </p>
   </div>
   <div class='ocr_carea' id='block_1_37' title="bbox 525 2177 2109 2250">
    <p class='ocr_par' dir='ltr' id='par_1_37' title="bbox 525 2177 2109 2250">
     <span class='ocr_line' id='line_1_37' title="bbox 525 2177 2109 2250; baseline -0.003 -15"><span class='ocrx_word' id='word_1_292' title='bbox 525 2195 736 2250; x_wconf 80' lang='lat' dir='ltr'><strong>cunque</strong></span> <span class='ocrx_word' id='word_1_293' title='bbox 779 2180 892 2234; x_wconf 79' lang='lat' dir='ltr'><strong>vult</strong></span> <span class='ocrx_word' id='word_1_294' title='bbox 940 2180 993 2233; x_wconf 90' lang='lat' dir='ltr'><strong>in</strong></span> <span class='ocrx_word' id='word_1_295' title='bbox 1048 2179 1186 2234; x_wconf 74' lang='lat' dir='ltr'><strong>cmlo</strong></span> <span class='ocrx_word' id='word_1_296' title='bbox 1234 2188 1288 2233; x_wconf 91' lang='lat' dir='ltr'><strong>et</strong></span> <span class='ocrx_word' id='word_1_297' title='bbox 1329 2179 1381 2232; x_wconf 91' lang='lat' dir='ltr'><strong>in</strong></span> <span class='ocrx_word' id='word_1_298' title='bbox 1426 2188 1587 2232; x_wconf 89' lang='lat' dir='ltr'><strong>terra.</strong></span> <span class='ocrx_word' id='word_1_299' title='bbox 1622 2178 1761 2245; x_wconf 85' lang='lat' dir='ltr'><strong>Ergo</strong></span> <span class='ocrx_word' id='word_1_300' title='bbox 1804 2177 1889 2231; x_wconf 91' lang='lat' dir='ltr'><strong>hic</strong></span> <span class='ocrx_word' id='word_1_301' title='bbox 1921 2192 2109 2231; x_wconf 86' lang='lat' dir='ltr'><strong>versus</strong></span> 
     </span>
    </p>
   </div>
   <div class='ocr_carea' id='block_1_38' title="bbox 527 2268 2109 2339">
    <p class='ocr_par' dir='ltr' id='par_1_38' title="bbox 527 2268 2109 2339">
     <span class='ocr_line' id='line_1_38' title="bbox 527 2268 2109 2339; baseline -0.004 -13"><span class='ocrx_word' id='word_1_302' title='bbox 527 2282 715 2326; x_wconf 88' lang='lat' dir='ltr'><strong>contra</strong></span> <span class='ocrx_word' id='word_1_303' title='bbox 748 2271 868 2326; x_wconf 89' lang='lat' dir='ltr'><strong>illos</strong></span> <span class='ocrx_word' id='word_1_304' title='bbox 898 2270 1248 2339; x_wconf 87' lang='lat' dir='ltr'><strong>increpandos</strong></span> <span class='ocrx_word' id='word_1_305' title='bbox 1277 2269 1488 2332; x_wconf 90' lang='lat' dir='ltr'><strong>dicitur,</strong></span> <span class='ocrx_word' id='word_1_306' title='bbox 1521 2269 1609 2338; x_wconf 85' lang='lat' dir='ltr'><strong>qui</strong></span> <span class='ocrx_word' id='word_1_307' title='bbox 1639 2268 1813 2322; x_wconf 90' lang='lat' dir='ltr'><strong>adhuc</strong></span> <span class='ocrx_word' id='word_1_308' title='bbox 1838 2269 2109 2335; x_wconf 83' lang='lat' dir='ltr'><strong>supersti-</strong></span> 
     </span>
    </p>
   </div>
   <div class='ocr_carea' id='block_1_39' title="bbox 529 2359 2109 2430">
    <p class='ocr_par' dir='ltr' id='par_1_39' title="bbox 529 2359 2109 2430">
     <span class='ocr_line' id='line_1_39' title="bbox 529 2359 2109 2430; baseline -0.003 -13"><span class='ocrx_word' id='word_1_309' title='bbox 529 2363 731 2417; x_wconf 84' lang='lat' dir='ltr'><strong>tionum</strong></span> <span class='ocrx_word' id='word_1_310' title='bbox 778 2377 961 2417; x_wconf 88' lang='lat' dir='ltr'><strong>errore</strong></span> <span class='ocrx_word' id='word_1_311' title='bbox 1008 2362 1379 2426; x_wconf 68' lang='lat' dir='ltr'><strong>cmcabantnr;</strong></span> <span class='ocrx_word' id='word_1_312' title='bbox 1440 2369 1496 2414; x_wconf 93' lang='lat' dir='ltr'><strong>ut</strong></span> <span class='ocrx_word' id='word_1_313' title='bbox 1545 2359 1784 2415; x_wconf 85' lang='lat' dir='ltr'><strong>infelices</strong></span> <span class='ocrx_word' id='word_1_314' title='bbox 1816 2368 2109 2430; x_wconf 80' lang='lat' dir='ltr'><strong>agnoscant</strong></span> 
     </span>
    </p>
   </div>
   <div class='ocr_carea' id='block_1_40' title="bbox 528 2452 2113 2522">
    <p class='ocr_par' dir='ltr' id='par_1_40' title="bbox 528 2452 2113 2522">
     <span class='ocr_line' id='line_1_40' title="bbox 528 2452 2113 2522; baseline -0.001 -16"><span class='ocrx_word' id='word_1_315' title='bbox 528 2465 689 2521; x_wconf 88' lang='lat' dir='ltr'><strong>quem</strong></span> <span class='ocrx_word' id='word_1_316' title='bbox 719 2452 1006 2521; x_wconf 83' lang='lat' dir='ltr'><strong>refugiunt,</strong></span> <span class='ocrx_word' id='word_1_317' title='bbox 1038 2468 1173 2522; x_wconf 92' lang='lat' dir='ltr'><strong>quos</strong></span> <span class='ocrx_word' id='word_1_318' title='bbox 1205 2461 1517 2520; x_wconf 87' lang='lat' dir='ltr'><strong>sequuntur.</strong></span> <span class='ocrx_word' id='word_1_319' title='bbox 1546 2452 1654 2506; x_wconf 87' lang='lat' dir='ltr'><strong>lloc</strong></span> <span class='ocrx_word' id='word_1_320' title='bbox 1676 2452 1892 2506; x_wconf 88' lang='lat' dir='ltr'><strong>schema</strong></span> <span class='ocrx_word' id='word_1_321' title='bbox 1921 2452 2113 2505; x_wconf 91' lang='lat' dir='ltr'><strong>dicitur</strong></span> 
     </span>
    </p>
   </div>
   <div class='ocr_carea' id='block_1_41' title="bbox 530 2542 2113 2627">
    <p class='ocr_par' dir='ltr' id='par_1_41' title="bbox 530 2542 2113 2627">
     <span class='ocr_line' id='line_1_41' title="bbox 530 2542 2113 2627; baseline 0.003 -33"><span class='ocrx_word' id='word_1_322' title='bbox 530 2542 902 2611; x_wconf 81' lang='lat' dir='ltr'><strong>syndyasmos.</strong></span> <span class='ocrx_word' id='word_1_323' title='bbox 926 2544 1065 2627; x_wconf 72' lang='lat' dir='ltr'><strong>quod</strong></span> <span class='ocrx_word' id='word_1_324' title='bbox 1096 2543 1282 2597; x_wconf 86' lang='lat' dir='ltr'><strong>Latine</strong></span> <span class='ocrx_word' id='word_1_325' title='bbox 1311 2542 1696 2625; x_wconf 73' lang='lat' dir='ltr'><strong>interpretatur</strong></span> <span class='ocrx_word' id='word_1_326' title='bbox 1722 2542 1959 2608; x_wconf 82' lang='lat' dir='ltr'><strong>collatio,</strong></span> <span class='ocrx_word' id='word_1_327' title='bbox 1999 2542 2113 2598; x_wconf 87' lang='lat' dir='ltr'><strong>sive</strong></span> 
     </span>
    </p>
   </div>
   <div class='ocr_carea' id='block_1_42' title="bbox 531 2617 2111 2707">
    <p class='ocr_par' dir='ltr' id='par_1_42' title="bbox 531 2617 2111 2707">
     <span class='ocr_line' id='line_1_42' title="bbox 531 2617 2111 2707; baseline 0 -20"><span class='ocrx_word' id='word_1_328' title='bbox 531 2635 870 2705; x_wconf 81' lang='lat' dir='ltr'><strong>conjunctio;</strong></span> <span class='ocrx_word' id='word_1_329' title='bbox 897 2617 1159 2707; x_wconf 42' lang='lat' dir='ltr'><strong>lit-agnem</strong></span> <span class='ocrx_word' id='word_1_330' title='bbox 1185 2650 1253 2690; x_wconf 82' lang='lat' dir='ltr'><strong>ex</strong></span> <span class='ocrx_word' id='word_1_331' title='bbox 1275 2617 2111 2704; x_wconf 70' lang='lat' dir='ltr'><strong>comparationecontrariorum,</strong></span> 
     </span>
    </p>
   </div>
   <div class='ocr_carea' id='block_1_43' title="bbox 531 2726 2110 2795">
    <p class='ocr_par' dir='ltr' id='par_1_43' title="bbox 531 2726 2110 2795">
     <span class='ocr_line' id='line_1_43' title="bbox 531 2726 2110 2795; baseline 0.003 -17"><span class='ocrx_word' id='word_1_332' title='bbox 531 2726 745 2795; x_wconf 82' lang='lat' dir='ltr'><strong>quando</strong></span> <span class='ocrx_word' id='word_1_333' title='bbox 771 2736 863 2781; x_wconf 89' lang='lat' dir='ltr'><strong>aut</strong></span> <span class='ocrx_word' id='word_1_334' title='bbox 902 2741 1162 2795; x_wconf 67' lang='lat' dir='ltr'><strong>personae,</strong></span> <span class='ocrx_word' id='word_1_335' title='bbox 1194 2740 1284 2783; x_wconf 88' lang='lat' dir='ltr'><strong>aut</strong></span> <span class='ocrx_word' id='word_1_336' title='bbox 1312 2743 1486 2784; x_wconf 72' lang='lat' dir='ltr'><strong>causa:</strong></span> <span class='ocrx_word' id='word_1_337' title='bbox 1528 2729 1641 2784; x_wconf 89' lang='lat' dir='ltr'><strong>sive</strong></span> <span class='ocrx_word' id='word_1_338' title='bbox 1673 2728 1725 2784; x_wconf 88' lang='lat' dir='ltr'><strong>in</strong></span> <span class='ocrx_word' id='word_1_339' title='bbox 1765 2728 2110 2795; x_wconf 78' lang='lat' dir='ltr'><strong>contrarium,</strong></span> 
     </span>
    </p>
   </div>
   <div class='ocr_carea' id='block_1_44' title="bbox 530 2819 1359 2891">
    <p class='ocr_par' dir='ltr' id='par_1_44' title="bbox 530 2819 1359 2891">
     <span class='ocr_line' id='line_1_44' title="bbox 530 2819 1359 2891; baseline 0.004 -16"><span class='ocrx_word' id='word_1_340' title='bbox 530 2819 645 2875; x_wconf 87' lang='lat' dir='ltr'><strong>sive</strong></span> <span class='ocrx_word' id='word_1_341' title='bbox 678 2819 730 2874; x_wconf 89' lang='lat' dir='ltr'><strong>in</strong></span> <span class='ocrx_word' id='word_1_342' title='bbox 755 2819 932 2887; x_wconf 84' lang='lat' dir='ltr'><strong>simile</strong></span> <span class='ocrx_word' id='word_1_343' title='bbox 958 2832 1359 2891; x_wconf 84' lang='lat' dir='ltr'><strong>comparantur.</strong></span> 
     </span>
    </p>
   </div>
   <div class='ocr_carea' id='block_1_45' title="bbox 601 2911 2117 2987">
    <p class='ocr_par' dir='ltr' id='par_1_45' title="bbox 601 2911 2117 2987">
     <span class='ocr_line' id='line_1_45' title="bbox 601 2911 2117 2987; baseline 0.002 -21"><span class='ocrx_word' id='word_1_344' title='bbox 601 2911 758 2967; x_wconf 77' lang='lat' dir='ltr'><strong>Vers.</strong></span> <span class='ocrx_word' id='word_1_345' title='bbox 777 2911 863 2967; x_wconf 74' lang='lat' dir='ltr'><strong>H.</strong></span> <span class='ocrx_word' id='word_1_346' title='bbox 892 2912 971 2967; x_wconf 85' lang='lat' dir='ltr'><strong>Tu</strong></span> <span class='ocrx_word' id='word_1_347' title='bbox 989 2930 1063 2980; x_wconf 86' lang='lat' dir='ltr'><strong>es,</strong></span> <span class='ocrx_word' id='word_1_348' title='bbox 1093 2913 1248 2982; x_wconf 91' lang='lat' dir='ltr'><strong>Deus,</strong></span> <span class='ocrx_word' id='word_1_349' title='bbox 1269 2917 1357 2986; x_wconf 83' lang='lat' dir='ltr'><strong>qui</strong></span> <span class='ocrx_word' id='word_1_350' title='bbox 1383 2917 1509 2987; x_wconf 78' lang='lat' dir='ltr'><strong>facis</strong></span> <span class='ocrx_word' id='word_1_351' title='bbox 1530 2916 1788 2970; x_wconf 86' lang='lat' dir='ltr'><strong>mirabilia</strong></span> <span class='ocrx_word' id='word_1_352' title='bbox 1815 2916 1952 2971; x_wconf 86' lang='lat' dir='ltr'><strong>solus</strong></span> <span class='ocrx_word' id='word_1_353' title='bbox 1972 2931 1994 2971; x_wconf 91' lang='lat'><strong><em>:</em></strong></span> <span class='ocrx_word' id='word_1_354' title='bbox 2020 2926 2117 2969; x_wconf 81' lang='lat' dir='ltr'><strong>no-</strong></span> 
     </span>
    </p>
   </div>
   <div class='ocr_carea' id='block_1_46' title="bbox 532 3004 2117 3073">
    <p class='ocr_par' dir='ltr' id='par_1_46' title="bbox 532 3004 2117 3073">
     <span class='ocr_line' id='line_1_46' title="bbox 532 3004 2117 3073; baseline 0.002 -17"><span class='ocrx_word' id='word_1_355' title='bbox 532 3011 635 3056; x_wconf 81' lang='lat' dir='ltr'><strong>tam</strong></span> <span class='ocrx_word' id='word_1_356' title='bbox 667 3004 830 3072; x_wconf 78' lang='lat' dir='ltr'><strong>fecisti</strong></span> <span class='ocrx_word' id='word_1_357' title='bbox 857 3004 910 3056; x_wconf 88' lang='lat' dir='ltr'><strong>in</strong></span> <span class='ocrx_word' id='word_1_358' title='bbox 941 3006 1145 3073; x_wconf 85' lang='lat' dir='ltr'><strong>populis</strong></span> <span class='ocrx_word' id='word_1_359' title='bbox 1186 3007 1421 3059; x_wconf 81' lang='lat' dir='ltr'><strong>virtutem</strong></span> <span class='ocrx_word' id='word_1_360' title='bbox 1466 3016 1629 3061; x_wconf 85' lang='lat' dir='ltr'><strong>tuam.</strong></span> <span class='ocrx_word' id='word_1_361' title='bbox 1677 3008 1807 3062; x_wconf 84' lang='lat' dir='ltr'><strong>Cum</strong></span> <span class='ocrx_word' id='word_1_362' title='bbox 1847 3007 2008 3062; x_wconf 89' lang='lat' dir='ltr'><strong>dicit:</strong></span> <span class='ocrx_word' id='word_1_363' title='bbox 2042 3006 2117 3059; x_wconf 83' lang='lat' dir='ltr'><strong>Tu</strong></span> 
     </span>
    </p>
   </div>
   <div class='ocr_carea' id='block_1_47' title="bbox 537 3092 2117 3164">
    <p class='ocr_par' dir='ltr' id='par_1_47' title="bbox 537 3092 2117 3164">
     <span class='ocr_line' id='line_1_47' title="bbox 537 3092 2117 3164; baseline 0.004 -18"><span class='ocrx_word' id='word_1_364' title='bbox 537 3109 611 3158; x_wconf 86' lang='lat' dir='ltr'><strong>es,</strong></span> <span class='ocrx_word' id='word_1_365' title='bbox 639 3092 796 3161; x_wconf 88' lang='lat' dir='ltr'><strong>Deus,</strong></span> <span class='ocrx_word' id='word_1_366' title='bbox 831 3096 1120 3150; x_wconf 77' lang='lat' dir='ltr'><strong>essentiam</strong></span> <span class='ocrx_word' id='word_1_367' title='bbox 1150 3096 1345 3150; x_wconf 53' lang='lat' dir='ltr'><strong>divina:</strong></span> <span class='ocrx_word' id='word_1_368' title='bbox 1378 3097 1669 3164; x_wconf 84' lang='lat' dir='ltr'><strong>Maje-tatis</strong></span> <span class='ocrx_word' id='word_1_369' title='bbox 1698 3098 1954 3163; x_wconf 87' lang='lat' dir='ltr'><strong>ostendit;</strong></span> <span class='ocrx_word' id='word_1_370' title='bbox 1980 3099 2117 3153; x_wconf 91' lang='lat' dir='ltr'><strong>sicut</strong></span> 
     </span>
    </p>
   </div>
   <div class='ocr_carea' id='block_1_48' title="bbox 533 3273 2116 3349">
    <p class='ocr_par' dir='ltr' id='par_1_48' title="bbox 533 3273 2116 3349">
     <span class='ocr_line' id='line_1_48' title="bbox 533 3273 2116 3349; baseline 0.003 -20"><span class='ocrx_word' id='word_1_371' title='bbox 533 3273 679 3330; x_wconf 85' lang='lat' dir='ltr'><strong>enim</strong></span> <span class='ocrx_word' id='word_1_372' title='bbox 706 3275 807 3345; x_wconf 68' lang='lat' dir='ltr'><strong>ipsi</strong></span> <span class='ocrx_word' id='word_1_373' title='bbox 840 3278 1052 3346; x_wconf 86' lang='lat' dir='ltr'><strong>pr0prie</strong></span> <span class='ocrx_word' id='word_1_374' title='bbox 1094 3279 1361 3345; x_wconf 89' lang='lat' dir='ltr'><strong>convenit,</strong></span> <span class='ocrx_word' id='word_1_375' title='bbox 1395 3280 1485 3349; x_wconf 88' lang='lat' dir='ltr'><strong>qui</strong></span> <span class='ocrx_word' id='word_1_376' title='bbox 1514 3288 1571 3332; x_wconf 91' lang='lat' dir='ltr'><strong>ut</strong></span> <span class='ocrx_word' id='word_1_377' title='bbox 1596 3280 1686 3344; x_wconf 89' lang='lat' dir='ltr'><strong>sit,</strong></span> <span class='ocrx_word' id='word_1_378' title='bbox 1721 3279 1921 3334; x_wconf 90' lang='lat' dir='ltr'><strong>nullius</strong></span> <span class='ocrx_word' id='word_1_379' title='bbox 1964 3279 2116 3349; x_wconf 87' lang='lat' dir='ltr'><strong>adju—</strong></span> 
     </span>
    </p>
   </div>
   <div class='ocr_carea' id='block_1_49' title="bbox 535 3367 2118 3441">
    <p class='ocr_par' dir='ltr' id='par_1_49' title="bbox 535 3367 2118 3441">
     <span class='ocr_line' id='line_1_49' title="bbox 535 3367 2118 3441; baseline 0.003 -21"><span class='ocrx_word' id='word_1_380' title='bbox 535 3368 674 3421; x_wconf 86' lang='lat' dir='ltr'><strong>torio</strong></span> <span class='ocrx_word' id='word_1_381' title='bbox 716 3367 1058 3434; x_wconf 85' lang='lat' dir='ltr'><strong>continetur;</strong></span> <span class='ocrx_word' id='word_1_382' title='bbox 1106 3369 1198 3423; x_wconf 90' lang='lat' dir='ltr'><strong>sed</strong></span> <span class='ocrx_word' id='word_1_383' title='bbox 1247 3380 1449 3425; x_wconf 63' lang='lat' dir='ltr'><strong>natura:</strong></span> <span class='ocrx_word' id='word_1_384' title='bbox 1492 3386 1603 3424; x_wconf 64' lang='lat' dir='ltr'><strong>sua:</strong></span> <span class='ocrx_word' id='word_1_385' title='bbox 1633 3370 1867 3440; x_wconf 89' lang='lat' dir='ltr'><strong>potentia</strong></span> <span class='ocrx_word' id='word_1_386' title='bbox 1904 3386 2118 3441; x_wconf 86' lang='lat' dir='ltr'><strong>semper</strong></span> 
     </span>
    </p>
   </div>
   <div class='ocr_carea' id='block_1_50' title="bbox 535 3460 2116 3531">
    <p class='ocr_par' dir='ltr' id='par_1_50' title="bbox 535 3460 2116 3531">
     <span class='ocr_line' id='line_1_50' title="bbox 535 3460 2116 3531; baseline 0.005 -20"><span class='ocrx_word' id='word_1_387' title='bbox 535 3471 780 3524; x_wconf 82' lang='lat' dir='ltr'><strong>magnus,</strong></span> <span class='ocrx_word' id='word_1_388' title='bbox 828 3471 1039 3527; x_wconf 88' lang='lat' dir='ltr'><strong>semper</strong></span> <span class='ocrx_word' id='word_1_389' title='bbox 1082 3460 1346 3528; x_wconf 87' lang='lat' dir='ltr'><strong>excelsus,</strong></span> <span class='ocrx_word' id='word_1_390' title='bbox 1396 3475 1609 3531; x_wconf 90' lang='lat' dir='ltr'><strong>semper</strong></span> <span class='ocrx_word' id='word_1_391' title='bbox 1662 3460 2116 3521; x_wconf 86' lang='lat' dir='ltr'><strong>incommutabilis</strong></span> 
     </span>
    </p>
   </div>
   <div class='ocr_carea' id='block_1_51' title="bbox 536 3549 2116 3622">
    <p class='ocr_par' dir='ltr' id='par_1_51' title="bbox 536 3549 2116 3622">
     <span class='ocr_line' id='line_1_51' title="bbox 536 3549 2116 3622; baseline 0.005 -21"><span class='ocrx_word' id='word_1_392' title='bbox 536 3555 863 3616; x_wconf 86' lang='lat' dir='ltr'><strong>perseverat.</strong></span> <span class='ocrx_word' id='word_1_393' title='bbox 916 3549 1250 3617; x_wconf 83' lang='lat' dir='ltr'><strong>Quapropter</strong></span> <span class='ocrx_word' id='word_1_394' title='bbox 1285 3550 1398 3618; x_wconf 71' lang='lat' dir='ltr'><strong>ipse</strong></span> <span class='ocrx_word' id='word_1_395' title='bbox 1441 3560 1523 3605; x_wconf 89' lang='lat' dir='ltr'><strong>est</strong></span> <span class='ocrx_word' id='word_1_396' title='bbox 1577 3555 1663 3620; x_wconf 87' lang='lat' dir='ltr'><strong>qui</strong></span> <span class='ocrx_word' id='word_1_397' title='bbox 1692 3554 1816 3622; x_wconf 82' lang='lat' dir='ltr'><strong>facit</strong></span> <span class='ocrx_word' id='word_1_398' title='bbox 1862 3554 2116 3609; x_wconf 87' lang='lat' dir='ltr'><strong>mirabilia</strong></span> 
     </span>
    </p>
   </div>
   <div class='ocr_carea' id='block_1_52' title="bbox 534 3636 2115 3715">
    <p class='ocr_par' dir='ltr' id='par_1_52' title="bbox 534 3636 2115 3715">
     <span class='ocr_line' id='line_1_52' title="bbox 534 3636 2115 3715; baseline 0.006 -24"><span class='ocrx_word' id='word_1_399' title='bbox 534 3636 694 3691; x_wconf 86' lang='lat' dir='ltr'><strong>solus.</strong></span> <span class='ocrx_word' id='word_1_400' title='bbox 743 3636 876 3692; x_wconf 83' lang='lat' dir='ltr'><strong>Nam</strong></span> <span class='ocrx_word' id='word_1_401' title='bbox 923 3637 1048 3693; x_wconf 87' lang='lat' dir='ltr'><strong>licet</strong></span> <span class='ocrx_word' id='word_1_402' title='bbox 1076 3638 1190 3693; x_wconf 62' lang='lat' dir='ltr'><strong>hinc</strong></span> <span class='ocrx_word' id='word_1_403' title='bbox 1226 3649 1281 3695; x_wconf 90' lang='lat' dir='ltr'><strong>et</strong></span> <span class='ocrx_word' id='word_1_404' title='bbox 1325 3642 1525 3696; x_wconf 88' lang='lat' dir='ltr'><strong>sanctis</strong></span> <span class='ocrx_word' id='word_1_405' title='bbox 1578 3644 1689 3697; x_wconf 89' lang='lat' dir='ltr'><strong>suis</strong></span> <span class='ocrx_word' id='word_1_406' title='bbox 1742 3644 1920 3700; x_wconf 86' lang='lat' dir='ltr'><strong>facere</strong></span> <span class='ocrx_word' id='word_1_407' title='bbox 1972 3660 2115 3715; x_wconf 68' lang='lat' dir='ltr'><strong>smpe</strong></span> 
     </span>
    </p>
   </div>
   <div class='ocr_carea' id='block_1_53' title="bbox 538 3727 2117 3806">
    <p class='ocr_par' dir='ltr' id='par_1_53' title="bbox 538 3727 2117 3806">
     <span class='ocr_line' id='line_1_53' title="bbox 538 3727 2117 3806; baseline 0.007 -24"><span class='ocrx_word' id='word_1_408' title='bbox 538 3727 863 3797; x_wconf 65' lang='lat' dir='ltr'><strong>praestiterit,</strong></span> <span class='ocrx_word' id='word_1_409' title='bbox 889 3730 1035 3784; x_wconf 87' lang='lat' dir='ltr'><strong>solus</strong></span> <span class='ocrx_word' id='word_1_410' title='bbox 1060 3738 1236 3785; x_wconf 88' lang='lat' dir='ltr'><strong>tamen</strong></span> <span class='ocrx_word' id='word_1_411' title='bbox 1258 3740 1339 3786; x_wconf 88' lang='lat' dir='ltr'><strong>est</strong></span> <span class='ocrx_word' id='word_1_412' title='bbox 1363 3734 1451 3802; x_wconf 91' lang='lat' dir='ltr'><strong>qui</strong></span> <span class='ocrx_word' id='word_1_413' title='bbox 1484 3732 1754 3789; x_wconf 86' lang='lat' dir='ltr'><strong>mirabiles</strong></span> <span class='ocrx_word' id='word_1_414' title='bbox 1776 3739 2117 3806; x_wconf 88' lang='lat' dir='ltr'><strong>operationes</strong></span> 
     </span>
    </p>
   </div>
   <div class='ocr_carea' id='block_1_54' title="bbox 535 3818 2116 3884">
    <p class='ocr_par' dir='ltr' id='par_1_54' title="bbox 535 3818 2116 3884">
     <span class='ocr_line' id='line_1_54' title="bbox 535 3818 2116 3884; baseline 0.008 -12"><span class='ocrx_word' id='word_1_415' title='bbox 535 3819 602 3874; x_wconf 90' lang='lat' dir='ltr'><strong>ad</strong></span> <span class='ocrx_word' id='word_1_416' title='bbox 633 3818 878 3875; x_wconf 76' lang='lat' dir='ltr'><strong>effectum</strong></span> <span class='ocrx_word' id='word_1_417' title='bbox 908 3834 1021 3875; x_wconf 61' lang='lat' dir='ltr'><strong>suae</strong></span> <span class='ocrx_word' id='word_1_418' title='bbox 1062 3821 1352 3879; x_wconf 86' lang='lat' dir='ltr'><strong>voluntatis</strong></span> <span class='ocrx_word' id='word_1_419' title='bbox 1394 3824 1637 3881; x_wconf 86' lang='lat' dir='ltr'><strong>adducit.</strong></span> <span class='ocrx_word' id='word_1_420' title='bbox 1687 3826 1793 3883; x_wconf 90' lang='lat' dir='ltr'><strong>Sed</strong></span> <span class='ocrx_word' id='word_1_421' title='bbox 1842 3827 2116 3884; x_wconf 87' lang='lat' dir='ltr'><strong>videamus</strong></span> 
     </span>
    </p>
   </div>
   <div class='ocr_carea' id='block_1_55' title="bbox 535 3910 2117 3986">
    <p class='ocr_par' dir='ltr' id='par_1_55' title="bbox 535 3910 2117 3986">
     <span class='ocr_line' id='line_1_55' title="bbox 535 3910 2117 3986; baseline 0.006 -21"><span class='ocrx_word' id='word_1_422' title='bbox 535 3924 701 3979; x_wconf 89' lang='lat' dir='ltr'><strong>quare</strong></span> <span class='ocrx_word' id='word_1_423' title='bbox 720 3910 933 3978; x_wconf 77' lang='lat' dir='ltr'><strong>dixerit,</strong></span> <span class='ocrx_word' id='word_1_424' title='bbox 959 3913 1122 3977; x_wconf 84' lang='lat' dir='ltr'><strong>solus,</strong></span> <span class='ocrx_word' id='word_1_425' title='bbox 1144 3927 1265 3968; x_wconf 91' lang='lat' dir='ltr'><strong>cum</strong></span> <span class='ocrx_word' id='word_1_426' title='bbox 1295 3926 1348 3970; x_wconf 90' lang='lat' dir='ltr'><strong>et</strong></span> <span class='ocrx_word' id='word_1_427' title='bbox 1378 3914 1546 3970; x_wconf 89' lang='lat' dir='ltr'><strong>Filius</strong></span> <span class='ocrx_word' id='word_1_428' title='bbox 1569 3926 1623 3971; x_wconf 90' lang='lat' dir='ltr'><strong>et</strong></span> <span class='ocrx_word' id='word_1_429' title='bbox 1648 3918 1878 3986; x_wconf 87' lang='lat' dir='ltr'><strong>Spiritus</strong></span> <span class='ocrx_word' id='word_1_430' title='bbox 1901 3931 2117 3975; x_wconf 84' lang='lat' dir='ltr'><strong>sanctus</strong></span> 
     </span>
    </p>
   </div>
   <div class='ocr_carea' id='block_1_56' title="bbox 534 4005 2115 4079">
    <p class='ocr_par' dir='ltr' id='par_1_56' title="bbox 534 4005 2115 4079">
     <span class='ocr_line' id='line_1_56' title="bbox 534 4005 2115 4079; baseline 0.006 -25"><span class='ocrx_word' id='word_1_431' title='bbox 534 4012 890 4071; x_wconf 89' lang='lat' dir='ltr'><strong>cooperentur</strong></span> <span class='ocrx_word' id='word_1_432' title='bbox 937 4005 988 4058; x_wconf 93' lang='lat' dir='ltr'><strong>in</strong></span> <span class='ocrx_word' id='word_1_433' title='bbox 1044 4005 1328 4060; x_wconf 81' lang='lat' dir='ltr'><strong>omnibus?</strong></span> <span class='ocrx_word' id='word_1_434' title='bbox 1383 4006 1540 4061; x_wconf 87' lang='lat' dir='ltr'><strong>Solus</strong></span> <span class='ocrx_word' id='word_1_435' title='bbox 1588 4007 1741 4074; x_wconf 84' lang='lat' dir='ltr'><strong>dixit,</strong></span> <span class='ocrx_word' id='word_1_436' title='bbox 1781 4011 1901 4079; x_wconf 81' lang='lat' dir='ltr'><strong>quia</strong></span> <span class='ocrx_word' id='word_1_437' title='bbox 1936 4010 2115 4065; x_wconf 83' lang='lat' dir='ltr'><strong>&#39;l‘rini-</strong></span> 
     </span>
    </p>
   </div>
   <div class='ocr_carea' id='block_1_57' title="bbox 535 4095 2121 4163">
    <p class='ocr_par' dir='ltr' id='par_1_57' title="bbox 535 4095 2121 4163">
     <span class='ocr_line' id='line_1_57' title="bbox 535 4095 2121 4163; baseline 0.006 -18"><span class='ocrx_word' id='word_1_438' title='bbox 535 4098 698 4147; x_wconf 85' lang='lat' dir='ltr'><strong>tatem</strong></span> <span class='ocrx_word' id='word_1_439' title='bbox 726 4103 961 4148; x_wconf 88' lang='lat' dir='ltr'><strong>sanctam</strong></span> <span class='ocrx_word' id='word_1_440' title='bbox 990 4109 1153 4149; x_wconf 91' lang='lat' dir='ltr'><strong>unum</strong></span> <span class='ocrx_word' id='word_1_441' title='bbox 1175 4095 1479 4163; x_wconf 86' lang='lat' dir='ltr'><strong>Dominum,</strong></span> <span class='ocrx_word' id='word_1_442' title='bbox 1511 4114 1672 4153; x_wconf 90' lang='lat' dir='ltr'><strong>unum</strong></span> <span class='ocrx_word' id='word_1_443' title='bbox 1703 4098 1873 4153; x_wconf 90' lang='lat' dir='ltr'><strong>Deum</strong></span> <span class='ocrx_word' id='word_1_444' title='bbox 1916 4101 2121 4155; x_wconf 71' lang='lat' dir='ltr'><strong>voraci-</strong></span> 
     </span>
    </p>
   </div>
   <div class='ocr_carea' id='block_1_58' title="bbox 536 4184 2123 4257">
    <p class='ocr_par' dir='ltr' id='par_1_58' title="bbox 536 4184 2123 4257">
     <span class='ocr_line' id='line_1_58' title="bbox 536 4184 2123 4257; baseline 0.005 -19"><span class='ocrx_word' id='word_1_445' title='bbox 536 4191 618 4238; x_wconf 85' lang='lat' dir='ltr'><strong>ter</strong></span> <span class='ocrx_word' id='word_1_446' title='bbox 641 4184 982 4251; x_wconf 81' lang='lat' dir='ltr'><strong>confitemur,</strong></span> <span class='ocrx_word' id='word_1_447' title='bbox 1014 4187 1153 4241; x_wconf 88' lang='lat' dir='ltr'><strong>sicut</strong></span> <span class='ocrx_word' id='word_1_448' title='bbox 1183 4187 1297 4257; x_wconf 91' lang='lat' dir='ltr'><strong>ipse</strong></span> <span class='ocrx_word' id='word_1_449' title='bbox 1325 4190 1490 4244; x_wconf 88' lang='lat' dir='ltr'><strong>dicit:</strong></span> <span class='ocrx_word' id='word_1_450' title='bbox 1519 4190 1679 4253; x_wconf 81' lang='lat' dir='ltr'><strong>Audi,</strong></span> <span class='ocrx_word' id='word_1_451' title='bbox 1704 4191 1872 4246; x_wconf 81' lang='lat' dir='ltr'><strong>Israel</strong></span> <span class='ocrx_word' id='word_1_452' title='bbox 1900 4191 2123 4246; x_wconf 86' lang='lat' dir='ltr'><strong>:Domi-</strong></span> 
     </span>
    </p>
   </div>
   <div class='ocr_carea' id='block_1_59' title="bbox 538 4272 2118 4353">
    <p class='ocr_par' dir='ltr' id='par_1_59' title="bbox 538 4272 2118 4353">
     <span class='ocr_line' id='line_1_59' title="bbox 538 4272 2118 4353; baseline 0.008 -29"><span class='ocrx_word' id='word_1_453' title='bbox 538 4288 633 4325; x_wconf 87' lang='lat' dir='ltr'><strong>nus</strong></span> <span class='ocrx_word' id='word_1_454' title='bbox 666 4272 802 4326; x_wconf 85' lang='lat' dir='ltr'><strong>Deus</strong></span> <span class='ocrx_word' id='word_1_455' title='bbox 836 4284 972 4338; x_wconf 89' lang='lat' dir='ltr'><strong>tuus,</strong></span> <span class='ocrx_word' id='word_1_456' title='bbox 1002 4274 1141 4330; x_wconf 85' lang='lat' dir='ltr'><strong>Deus</strong></span> <span class='ocrx_word' id='word_1_457' title='bbox 1169 4295 1301 4332; x_wconf 89' lang='lat' dir='ltr'><strong>unus</strong></span> <span class='ocrx_word' id='word_1_458' title='bbox 1320 4290 1392 4332; x_wconf 90' lang='lat' dir='ltr'><strong>est</strong></span> <span class='ocrx_word' id='word_1_459' title='bbox 1419 4280 1596 4350; x_wconf 89' lang='lat' dir='ltr'><strong>(Deut.</strong></span> <span class='ocrx_word' id='word_1_460' title='bbox 1630 4298 1679 4335; x_wconf 78' lang='lat' dir='ltr'><strong>vr</strong></span> <span class='ocrx_word' id='word_1_461' title='bbox 1698 4322 1711 4345; x_wconf 92' lang='lat'><strong>,</strong></span> <span class='ocrx_word' id='word_1_462' title='bbox 1737 4283 1817 4350; x_wconf 70' lang='grc'><strong>4).</strong></span> <span class='ocrx_word' id='word_1_463' title='bbox 1843 4286 2118 4353; x_wconf 80' lang='lat' dir='ltr'><strong>Sequitur,</strong></span> 
     </span>
    </p>
   </div>
   <div class='ocr_carea' id='block_1_60' title="bbox 539 4363 2119 4438">
    <p class='ocr_par' dir='ltr' id='par_1_60' title="bbox 539 4363 2119 4438">
     <span class='ocr_line' id='line_1_60' title="bbox 539 4363 2119 4438; baseline 0.009 -25"><span class='ocrx_word' id='word_1_464' title='bbox 539 4370 713 4414; x_wconf 86' lang='lat' dir='ltr'><strong>notam</strong></span> <span class='ocrx_word' id='word_1_465' title='bbox 738 4363 898 4432; x_wconf 80' lang='lat' dir='ltr'><strong>fecisti</strong></span> <span class='ocrx_word' id='word_1_466' title='bbox 916 4369 977 4436; x_wconf 70' lang='lat' dir='ltr'><strong>in</strong></span> <span class='ocrx_word' id='word_1_467' title='bbox 1002 4368 1206 4435; x_wconf 83' lang='lat' dir='ltr'><strong>papulis</strong></span> <span class='ocrx_word' id='word_1_468' title='bbox 1235 4369 1469 4422; x_wconf 79' lang='lat' dir='ltr'><strong>virtutem</strong></span> <span class='ocrx_word' id='word_1_469' title='bbox 1507 4380 1672 4434; x_wconf 88' lang='lat' dir='ltr'><strong>tuam,</strong></span> <span class='ocrx_word' id='word_1_470' title='bbox 1703 4372 1753 4426; x_wconf 90' lang='lat' dir='ltr'><strong>id</strong></span> <span class='ocrx_word' id='word_1_471' title='bbox 1785 4381 1886 4438; x_wconf 86' lang='lat' dir='ltr'><strong>est,</strong></span> <span class='ocrx_word' id='word_1_472' title='bbox 1914 4388 2036 4428; x_wconf 90' lang='lat' dir='ltr'><strong>cum</strong></span> <span class='ocrx_word' id='word_1_473' title='bbox 2068 4374 2119 4427; x_wconf 88' lang='lat' dir='ltr'><strong>in</strong></span> 
     </span>
    </p>
   </div>
   <div class='ocr_carea' id='block_1_61' title="bbox 2209 1900 3816 1973">
    <p class='ocr_par' dir='ltr' id='par_1_61' title="bbox 2209 1900 3816 1973">
     <span class='ocr_line' id='line_1_61' title="bbox 2209 1900 3816 1973; baseline 0.002 -16"><span class='ocrx_word' id='word_1_474' title='bbox 2209 1902 2463 1957; x_wconf 85' lang='lat' dir='ltr'><strong>norabilis</strong></span> <span class='ocrx_word' id='word_1_475' title='bbox 2495 1902 2789 1957; x_wconf 86' lang='lat' dir='ltr'><strong>habebatur</strong></span> <span class='ocrx_word' id='word_1_476' title='bbox 2833 1912 2887 1957; x_wconf 91' lang='lat' dir='ltr'><strong>et</strong></span> <span class='ocrx_word' id='word_1_477' title='bbox 2934 1912 3148 1973; x_wconf 90' lang='lat' dir='ltr'><strong>potens,</strong></span> <span class='ocrx_word' id='word_1_478' title='bbox 3202 1903 3276 1958; x_wconf 89' lang='lat' dir='ltr'><strong>ita</strong></span> <span class='ocrx_word' id='word_1_479' title='bbox 3323 1915 3381 1957; x_wconf 95' lang='lat' dir='ltr'><strong>ut</strong></span> <span class='ocrx_word' id='word_1_480' title='bbox 3422 1904 3540 1973; x_wconf 85' lang='lat' dir='ltr'><strong>ejus</strong></span> <span class='ocrx_word' id='word_1_481' title='bbox 3589 1900 3816 1960; x_wconf 88' lang='lat' dir='ltr'><strong>arbitrio</strong></span> 
     </span>
    </p>
   </div>
   <div class='ocr_carea' id='block_1_62' title="bbox 2211 1987 3813 2071">
    <p class='ocr_par' dir='ltr' id='par_1_62' title="bbox 2211 1987 3813 2071">
     <span class='ocr_line' id='line_1_62' title="bbox 2211 1987 3813 2071; baseline 0.002 -23"><span class='ocrx_word' id='word_1_482' title='bbox 2211 1987 2585 2064; x_wconf 62' lang='lat' dir='ltr'><strong>Egyptiorum</strong></span> <span class='ocrx_word' id='word_1_483' title='bbox 2631 2003 2769 2048; x_wconf 87' lang='lat' dir='ltr'><strong>terra</strong></span> <span class='ocrx_word' id='word_1_484' title='bbox 2799 2004 3093 2063; x_wconf 78' lang='lat' dir='ltr'><strong>regeretur,</strong></span> <span class='ocrx_word' id='word_1_485' title='bbox 3128 1996 3517 2071; x_wconf 83' lang='lat' dir='ltr'><strong>rationabiliter</strong></span> <span class='ocrx_word' id='word_1_486' title='bbox 3547 1996 3666 2066; x_wconf 88' lang='lat' dir='ltr'><strong>ejus</strong></span> <span class='ocrx_word' id='word_1_487' title='bbox 3712 2013 3813 2052; x_wconf 78' lang='lat' dir='ltr'><strong>no-</strong></span> 
     </span>
    </p>
   </div>
   <div class='ocr_carea' id='block_1_63' title="bbox 2212 2086 3817 2157">
    <p class='ocr_par' dir='ltr' id='par_1_63' title="bbox 2212 2086 3817 2157">
     <span class='ocr_line' id='line_1_63' title="bbox 2212 2086 3817 2157; baseline 0.003 -17"><span class='ocrx_word' id='word_1_488' title='bbox 2212 2087 2356 2140; x_wconf 87' lang='lat' dir='ltr'><strong>mine</strong></span> <span class='ocrx_word' id='word_1_489' title='bbox 2382 2098 2571 2157; x_wconf 88' lang='lat' dir='ltr'><strong>gentes</strong></span> <span class='ocrx_word' id='word_1_490' title='bbox 2600 2087 2925 2151; x_wconf 88' lang='lat' dir='ltr'><strong>indicantur,</strong></span> <span class='ocrx_word' id='word_1_491' title='bbox 2976 2103 3095 2157; x_wconf 72' lang='lat' dir='ltr'><strong>qua:</strong></span> <span class='ocrx_word' id='word_1_492' title='bbox 3145 2088 3369 2143; x_wconf 83' lang='lat' dir='ltr'><strong>Domino</strong></span> <span class='ocrx_word' id='word_1_493' title='bbox 3415 2086 3687 2144; x_wconf 82' lang='lat' dir='ltr'><strong>salvatori</strong></span> <span class='ocrx_word' id='word_1_494' title='bbox 3718 2092 3817 2146; x_wconf 84' lang='lat' dir='ltr'><strong>de-</strong></span> 
     </span>
    </p>
   </div>
   <div class='ocr_carea' id='block_1_64' title="bbox 2210 2170 3816 2249">
    <p class='ocr_par' dir='ltr' id='par_1_64' title="bbox 2210 2170 3816 2249">
     <span class='ocr_line' id='line_1_64' title="bbox 2210 2170 3816 2249; baseline 0.003 -18"><span class='ocrx_word' id='word_1_495' title='bbox 2210 2188 2330 2233; x_wconf 92' lang='lat' dir='ltr'><strong>vota</strong></span> <span class='ocrx_word' id='word_1_496' title='bbox 2375 2188 2552 2235; x_wconf 88' lang='lat' dir='ltr'><strong>mente</strong></span> <span class='ocrx_word' id='word_1_497' title='bbox 2596 2179 2958 2234; x_wconf 83' lang='lat' dir='ltr'><strong>crediderunt.</strong></span> <span class='ocrx_word' id='word_1_498' title='bbox 2989 2179 3119 2233; x_wconf 85' lang='lat' dir='ltr'><strong>Nam</strong></span> <span class='ocrx_word' id='word_1_499' title='bbox 3155 2192 3208 2233; x_wconf 89' lang='lat' dir='ltr'><strong>et</strong></span> <span class='ocrx_word' id='word_1_500' title='bbox 3252 2180 3424 2249; x_wconf 90' lang='lat' dir='ltr'><strong>ipsum</strong></span> <span class='ocrx_word' id='word_1_501' title='bbox 3469 2197 3668 2237; x_wconf 89' lang='lat' dir='ltr'><strong>nomen</strong></span> <span class='ocrx_word' id='word_1_502' title='bbox 3713 2170 3816 2236; x_wconf 64' lang='lat' dir='ltr'><strong>Ios</strong></span> 
     </span>
    </p>
   </div>
   <div class='ocr_carea' id='block_1_65' title="bbox 2208 2274 3818 2345">
    <p class='ocr_par' dir='ltr' id='par_1_65' title="bbox 2208 2274 3818 2345">
     <span class='ocr_line' id='line_1_65' title="bbox 2208 2274 3818 2345; baseline 0.001 -15"><span class='ocrx_word' id='word_1_503' title='bbox 2208 2276 2332 2345; x_wconf 79' lang='lat' dir='ltr'><strong>septi</strong></span> <span class='ocrx_word' id='word_1_504' title='bbox 2375 2276 2878 2343; x_wconf 88' lang='lat' dir='ltr'><strong>indicatcrcseens,</strong></span> <span class='ocrx_word' id='word_1_505' title='bbox 2932 2274 3076 2345; x_wconf 91' lang='lat' dir='ltr'><strong>quod</strong></span> <span class='ocrx_word' id='word_1_506' title='bbox 3130 2275 3376 2343; x_wconf 77' lang='lat' dir='ltr'><strong>gentibus</strong></span> <span class='ocrx_word' id='word_1_507' title='bbox 3430 2275 3818 2332; x_wconf 83' lang='lat' dir='ltr'><strong>convenienter</strong></span> 
     </span>
    </p>
   </div>
   <div class='ocr_carea' id='block_1_66' title="bbox 2218 2370 3815 2440">
    <p class='ocr_par' dir='ltr' id='par_1_66' title="bbox 2218 2370 3815 2440">
     <span class='ocr_line' id='line_1_66' title="bbox 2218 2370 3815 2440; baseline -0.001 -14"><span class='ocrx_word' id='word_1_508' title='bbox 2218 2380 2453 2440; x_wconf 90' lang='lat' dir='ltr'><strong>aptatur,</strong></span> <span class='ocrx_word' id='word_1_509' title='bbox 2483 2387 2545 2426; x_wconf 81' lang='lat' dir='ltr'><strong>ex</strong></span> <span class='ocrx_word' id='word_1_510' title='bbox 2578 2372 2769 2438; x_wconf 89' lang='lat' dir='ltr'><strong>quibus</strong></span> <span class='ocrx_word' id='word_1_511' title='bbox 2808 2370 3003 2426; x_wconf 84' lang='lat' dir='ltr'><strong>Christi</strong></span> <span class='ocrx_word' id='word_1_512' title='bbox 3052 2370 3292 2425; x_wconf 86' lang='lat' dir='ltr'><strong>Ecclesia</strong></span> <span class='ocrx_word' id='word_1_513' title='bbox 3318 2384 3532 2440; x_wconf 88' lang='lat' dir='ltr'><strong>semper</strong></span> <span class='ocrx_word' id='word_1_514' title='bbox 3563 2381 3815 2440; x_wconf 77' lang='lat' dir='ltr'><strong>augetur.</strong></span> 
     </span>
    </p>
   </div>
   <div class='ocr_carea' id='block_1_67' title="bbox 2222 2442 3815 2530">
    <p class='ocr_par' dir='ltr' id='par_1_67' title="bbox 2222 2442 3815 2530">
     <span class='ocr_line' id='line_1_67' title="bbox 2222 2442 3815 2530; baseline -0.001 -14"><span class='ocrx_word' id='word_1_515' title='bbox 2222 2453 2364 2530; x_wconf 73' lang='lat' dir='ltr'><strong>Ergo</strong></span> <span class='ocrx_word' id='word_1_516' title='bbox 2394 2477 2583 2516; x_wconf 87' lang='lat' dir='ltr'><strong>sensus</strong></span> <span class='ocrx_word' id='word_1_517' title='bbox 2612 2442 2714 2516; x_wconf 86' lang='lat' dir='ltr'><strong>iste</strong></span> <span class='ocrx_word' id='word_1_518' title='bbox 2731 2468 2843 2523; x_wconf 83' lang='lat' dir='ltr'><strong>est;</strong></span> <span class='ocrx_word' id='word_1_519' title='bbox 2875 2460 2996 2529; x_wconf 89' lang='lat' dir='ltr'><strong>quia</strong></span> <span class='ocrx_word' id='word_1_520' title='bbox 3023 2469 3077 2514; x_wconf 90' lang='lat' dir='ltr'><strong>et</strong></span> <span class='ocrx_word' id='word_1_521' title='bbox 3103 2459 3170 2513; x_wconf 89' lang='lat' dir='ltr'><strong>de</strong></span> <span class='ocrx_word' id='word_1_522' title='bbox 3197 2461 3392 2529; x_wconf 89' lang='lat' dir='ltr'><strong>populo</strong></span> <span class='ocrx_word' id='word_1_523' title='bbox 3416 2458 3815 2529; x_wconf 87' lang='lat' dir='ltr'><strong>lsraelitarum,</strong></span> 
     </span>
    </p>
   </div>
   <div class='ocr_carea' id='block_1_68' title="bbox 2214 2544 3817 2624">
    <p class='ocr_par' dir='ltr' id='par_1_68' title="bbox 2214 2544 3817 2624">
     <span class='ocr_line' id='line_1_68' title="bbox 2214 2544 3817 2624; baseline -0.001 -14"><span class='ocrx_word' id='word_1_524' title='bbox 2214 2568 2269 2610; x_wconf 85' lang='lat' dir='ltr'><strong>et</strong></span> <span class='ocrx_word' id='word_1_525' title='bbox 2297 2554 2363 2609; x_wconf 91' lang='lat' dir='ltr'><strong>de</strong></span> <span class='ocrx_word' id='word_1_526' title='bbox 2389 2555 2624 2624; x_wconf 89' lang='lat' dir='ltr'><strong>gentium</strong></span> <span class='ocrx_word' id='word_1_527' title='bbox 2665 2554 3077 2623; x_wconf 72' lang='lat' dir='ltr'><strong>congregatione</strong></span> <span class='ocrx_word' id='word_1_528' title='bbox 3099 2552 3326 2607; x_wconf 81' lang='lat' dir='ltr'><strong>liberavit</strong></span> <span class='ocrx_word' id='word_1_529' title='bbox 3372 2568 3466 2608; x_wconf 89' lang='lat' dir='ltr'><strong>eos</strong></span> <span class='ocrx_word' id='word_1_530' title='bbox 3518 2554 3571 2605; x_wconf 88' lang='lat' dir='ltr'><strong>in</strong></span> <span class='ocrx_word' id='word_1_531' title='bbox 3602 2544 3817 2608; x_wconf 79' lang='lat' dir='ltr'><strong>brachio</strong></span> 
     </span>
    </p>
   </div>
   <div class='ocr_carea' id='block_1_69' title="bbox 2215 2630 3817 2717">
    <p class='ocr_par' dir='ltr' id='par_1_69' title="bbox 2215 2630 3817 2717">
     <span class='ocr_line' id='line_1_69' title="bbox 2215 2630 3817 2717; baseline 0.001 -15"><span class='ocrx_word' id='word_1_532' title='bbox 2215 2662 2333 2712; x_wconf 90' lang='lat' dir='ltr'><strong>suo,</strong></span> <span class='ocrx_word' id='word_1_533' title='bbox 2364 2630 2415 2701; x_wconf 86' lang='lat' dir='ltr'><strong>id</strong></span> <span class='ocrx_word' id='word_1_534' title='bbox 2441 2656 2522 2702; x_wconf 87' lang='lat' dir='ltr'><strong>est</strong></span> <span class='ocrx_word' id='word_1_535' title='bbox 2546 2647 2598 2700; x_wconf 94' lang='lat' dir='ltr'><strong>in</strong></span> <span class='ocrx_word' id='word_1_536' title='bbox 2629 2646 2853 2700; x_wconf 90' lang='lat' dir='ltr'><strong>Domino</strong></span> <span class='ocrx_word' id='word_1_537' title='bbox 2884 2632 3181 2710; x_wconf 86' lang='lat' dir='ltr'><strong>Salvatore,</strong></span> <span class='ocrx_word' id='word_1_538' title='bbox 3214 2646 3302 2716; x_wconf 92' lang='lat' dir='ltr'><strong>qui</strong></span> <span class='ocrx_word' id='word_1_539' title='bbox 3324 2646 3373 2701; x_wconf 90' lang='lat' dir='ltr'><strong>ei</strong></span> <span class='ocrx_word' id='word_1_540' title='bbox 3411 2634 3639 2703; x_wconf 86' lang='lat' dir='ltr'><strong>credere</strong></span> <span class='ocrx_word' id='word_1_541' title='bbox 3678 2636 3817 2717; x_wconf 88' lang='lat' dir='ltr'><strong>puro</strong></span> 
     </span>
    </p>
   </div>
   <div class='ocr_carea' id='block_1_70' title="bbox 2221 2738 2735 2815">
    <p class='ocr_par' dir='ltr' id='par_1_70' title="bbox 2221 2738 2735 2815">
     <span class='ocr_line' id='line_1_70' title="bbox 2221 2738 2735 2815; baseline -0.012 -17"><span class='ocrx_word' id='word_1_542' title='bbox 2221 2738 2387 2798; x_wconf 89' lang='lat' dir='ltr'><strong>corde</strong></span> <span class='ocrx_word' id='word_1_543' title='bbox 2416 2741 2735 2815; x_wconf 82' lang='lat' dir='ltr'><strong>maluerunt.</strong></span> 
     </span>
    </p>
   </div>
   <div class='ocr_carea' id='block_1_71' title="bbox 2296 2822 3819 2901">
    <p class='ocr_par' dir='ltr' id='par_1_71' title="bbox 2296 2822 3819 2901">
     <span class='ocr_line' id='line_1_71' title="bbox 2296 2822 3819 2901; baseline -0.001 -15"><span class='ocrx_word' id='word_1_544' title='bbox 2296 2822 2449 2887; x_wconf 63' lang='lat' dir='ltr'><strong>Yers.</strong></span> <span class='ocrx_word' id='word_1_545' title='bbox 2504 2832 2591 2887; x_wconf 77' lang='grc'><strong>16.</strong></span> <span class='ocrx_word' id='word_1_546' title='bbox 2639 2830 2891 2885; x_wconf 85' lang='lat' dir='ltr'><strong>Viderunt</strong></span> <span class='ocrx_word' id='word_1_547' title='bbox 2956 2839 3004 2884; x_wconf 92' lang='lat' dir='ltr'><strong>te</strong></span> <span class='ocrx_word' id='word_1_548' title='bbox 3032 2845 3200 2901; x_wconf 59' lang='lat' dir='ltr'><strong>aqua,</strong></span> <span class='ocrx_word' id='word_1_549' title='bbox 3253 2828 3423 2895; x_wconf 73' lang='lat' dir='ltr'><strong>Deus;</strong></span> <span class='ocrx_word' id='word_1_550' title='bbox 3475 2829 3711 2900; x_wconf 61' lang='lat' dir='ltr'><strong>uiderunt</strong></span> <span class='ocrx_word' id='word_1_551' title='bbox 3771 2838 3819 2885; x_wconf 81' lang='lat' dir='ltr'><strong>ts</strong></span> 
     </span>
    </p>
   </div>
   <div class='ocr_carea' id='block_1_72' title="bbox 2220 2921 3819 2993">
    <p class='ocr_par' dir='ltr' id='par_1_72' title="bbox 2220 2921 3819 2993">
     <span class='ocr_line' id='line_1_72' title="bbox 2220 2921 3819 2993; baseline 0 -15"><span class='ocrx_word' id='word_1_552' title='bbox 2220 2941 2365 2993; x_wconf 68' lang='lat' dir='ltr'><strong>aqua</strong></span> <span class='ocrx_word' id='word_1_553' title='bbox 2393 2940 2412 2980; x_wconf 91' lang='lat'><strong><em>:</em></strong></span> <span class='ocrx_word' id='word_1_554' title='bbox 2441 2935 2489 2979; x_wconf 87' lang='lat' dir='ltr'><strong>et</strong></span> <span class='ocrx_word' id='word_1_555' title='bbox 2521 2926 2797 2978; x_wconf 88' lang='lat' dir='ltr'><strong>timuerunt</strong></span> <span class='ocrx_word' id='word_1_556' title='bbox 2823 2965 2837 2989; x_wconf 93' lang='lat'><strong>,</strong></span> <span class='ocrx_word' id='word_1_557' title='bbox 2866 2930 2916 2978; x_wconf 88' lang='lat' dir='ltr'><strong>et</strong></span> <span class='ocrx_word' id='word_1_558' title='bbox 2943 2923 3255 2977; x_wconf 67' lang='lat' dir='ltr'><strong>conturbata</strong></span> <span class='ocrx_word' id='word_1_559' title='bbox 3290 2931 3409 2976; x_wconf 88' lang='lat' dir='ltr'><strong>sunt</strong></span> <span class='ocrx_word' id='word_1_560' title='bbox 3433 2923 3625 2992; x_wconf 79' lang='lat' dir='ltr'><strong>abyssi.</strong></span> <span class='ocrx_word' id='word_1_561' title='bbox 3657 2921 3819 2979; x_wconf 82' lang='lat' dir='ltr'><strong>Venit</strong></span> 
     </span>
    </p>
   </div>
   <div class='ocr_carea' id='block_1_73' title="bbox 2219 3013 3817 3086">
    <p class='ocr_par' dir='ltr' id='par_1_73' title="bbox 2219 3013 3817 3086">
     <span class='ocr_line' id='line_1_73' title="bbox 2219 3013 3817 3086; baseline -0.001 -16"><span class='ocrx_word' id='word_1_562' title='bbox 2219 3016 2287 3070; x_wconf 87' lang='lat' dir='ltr'><strong>ad</strong></span> <span class='ocrx_word' id='word_1_563' title='bbox 2330 3026 2572 3086; x_wconf 89' lang='lat' dir='ltr'><strong>quartam</strong></span> <span class='ocrx_word' id='word_1_564' title='bbox 2603 3015 2988 3081; x_wconf 85' lang='lat' dir='ltr'><strong>narratiOnem,</strong></span> <span class='ocrx_word' id='word_1_565' title='bbox 3044 3014 3136 3069; x_wconf 88' lang='lat' dir='ltr'><strong>ubi</strong></span> <span class='ocrx_word' id='word_1_566' title='bbox 3161 3015 3271 3083; x_wconf 81' lang='lat' dir='ltr'><strong>jam</strong></span> <span class='ocrx_word' id='word_1_567' title='bbox 3302 3013 3454 3067; x_wconf 68' lang='lat' dir='ltr'><strong>laetus</strong></span> <span class='ocrx_word' id='word_1_568' title='bbox 3483 3015 3651 3069; x_wconf 82' lang='lat' dir='ltr'><strong>refert</strong></span> <span class='ocrx_word' id='word_1_569' title='bbox 3674 3028 3817 3085; x_wconf 82' lang='lat' dir='ltr'><strong>quas</strong></span> 
     </span>
    </p>
   </div>
   <div class='ocr_carea' id='block_1_74' title="bbox 533 3103 3818 3257">
    <p class='ocr_par' dir='ltr' id='par_1_74' title="bbox 533 3103 3818 3257">
     <span class='ocr_line' id='line_1_74' title="bbox 537 3103 3818 3176; baseline 0 -16"><span class='ocrx_word' id='word_1_570' title='bbox 537 3109 611 3158; x_wconf 63' lang='grc'><strong>⁸³,</strong></span> <span class='ocrx_word' id='word_1_571' title='bbox 639 3103 796 3161; x_wconf 69' lang='grc' dir='ltr'><strong>νινε,</strong></span> <span class='ocrx_word' id='word_1_572' title='bbox 831 3103 1120 3150; x_wconf 53' lang='lat' dir='ltr'><strong>essentiam</strong></span> <span class='ocrx_word' id='word_1_573' title='bbox 1150 3103 1345 3150; x_wconf 58' lang='grc' dir='ltr'><strong>σῖνίηαε</strong></span> <span class='ocrx_word' id='word_1_574' title='bbox 1378 3103 1669 3164; x_wconf 59' lang='grc' dir='ltr'><strong>Μθὶθαιθιίε</strong></span> <span class='ocrx_word' id='word_1_575' title='bbox 1698 3103 1954 3163; x_wconf 71' lang='grc' dir='ltr'><strong>οειεηιιίις</strong></span> <span class='ocrx_word' id='word_1_576' title='bbox 1980 3103 2117 3153; x_wconf 69' lang='lat' dir='ltr'><strong>Sic“!</strong></span> <span class='ocrx_word' id='word_1_577' title='bbox 2166 3154 2186 3176; x_wconf 73' lang='lat'><strong>,</strong></span> <span class='ocrx_word' id='word_1_578' title='bbox 2220 3108 2441 3163; x_wconf 78' lang='lat' dir='ltr'><strong>virtutes</strong></span> <span class='ocrx_word' id='word_1_579' title='bbox 2493 3104 2692 3162; x_wconf 87' lang='lat' dir='ltr'><strong>Christi</strong></span> <span class='ocrx_word' id='word_1_580' title='bbox 2736 3106 2946 3160; x_wconf 89' lang='lat' dir='ltr'><strong>Domini</strong></span> <span class='ocrx_word' id='word_1_581' title='bbox 2978 3105 3227 3175; x_wconf 67' lang='lat' dir='ltr'><strong>maiestas</strong></span> <span class='ocrx_word' id='word_1_582' title='bbox 3250 3103 3503 3159; x_wconf 75' lang='lat' dir='ltr'><strong>eﬂecerit.</strong></span> <span class='ocrx_word' id='word_1_583' title='bbox 3559 3103 3691 3159; x_wconf 83' lang='lat' dir='ltr'><strong>Nam</strong></span> <span class='ocrx_word' id='word_1_584' title='bbox 3746 3104 3818 3160; x_wconf 82' lang='lat' dir='ltr'><strong>de</strong></span> 
     </span>
     <span class='ocr_line' id='line_1_75' title="bbox 533 3160 3818 3257; baseline 0.001 -5"><span class='ocrx_word' id='word_1_585' title='bbox 533 3182 649 3252; x_wconf 62' lang='lat' dir='ltr'><strong>ipse</strong></span> <span class='ocrx_word' id='word_1_586' title='bbox 676 3182 803 3237; x_wconf 66' lang='lat' dir='ltr'><strong>die“</strong></span> <span class='ocrx_word' id='word_1_587' title='bbox 826 3201 840 3237; x_wconf 74' lang='grc'>³</span> <span class='ocrx_word' id='word_1_588' title='bbox 866 3183 977 3254; x_wconf 75' lang='lat' dir='ltr'><strong>E90</strong></span> <span class='ocrx_word' id='word_1_589' title='bbox 1023 3202 1135 3239; x_wconf 56' lang='lat' dir='ltr'><strong>sum</strong></span> <span class='ocrx_word' id='word_1_590' title='bbox 1179 3186 1268 3257; x_wconf 74' lang='grc' dir='ltr'><strong><em>(Ιυί</em></strong></span> <span class='ocrx_word' id='word_1_591' title='bbox 1315 3202 1427 3239; x_wconf 65' lang='lat' dir='ltr'><strong>sum</strong></span> <span class='ocrx_word' id='word_1_592' title='bbox 1457 3185 1654 3257; x_wconf 63' lang='grc' dir='ltr'><strong>(Εεοάο</strong></span> <span class='ocrx_word' id='word_1_593' title='bbox 1705 3202 1792 3250; x_wconf 76' lang='grc' dir='ltr'><strong>ιιι»</strong></span> <span class='ocrx_word' id='word_1_594' title='bbox 1828 3186 1939 3256; x_wconf 72' lang='grc' dir='ltr'><strong>Η)⁸</strong></span> <span class='ocrx_word' id='word_1_595' title='bbox 1992 3185 2117 3241; x_wconf 70' lang='grc' dir='ltr'><strong>Εδδε</strong></span> <span class='ocrx_word' id='word_1_596' title='bbox 2143 3160 2188 3217; x_wconf 68' lang='grc'><strong>(³</strong></span> <span class='ocrx_word' id='word_1_597' title='bbox 2220 3220 2325 3257; x_wconf 88' lang='lat' dir='ltr'><strong>auo</strong></span> <span class='ocrx_word' id='word_1_598' title='bbox 2356 3204 2501 3257; x_wconf 81' lang='lat' dir='ltr'><strong>prius</strong></span> <span class='ocrx_word' id='word_1_599' title='bbox 2531 3203 2780 3257; x_wconf 80' lang='lat' dir='ltr'><strong>dixerat:</strong></span> <span class='ocrx_word' id='word_1_600' title='bbox 2817 3201 3007 3256; x_wconf 84' lang='lat' dir='ltr'><strong>Notam</strong></span> <span class='ocrx_word' id='word_1_601' title='bbox 3046 3202 3209 3257; x_wconf 79' lang='lat' dir='ltr'><strong>fecisti</strong></span> <span class='ocrx_word' id='word_1_602' title='bbox 3254 3201 3310 3253; x_wconf 89' lang='lat' dir='ltr'><strong>in</strong></span> <span class='ocrx_word' id='word_1_603' title='bbox 3352 3199 3554 3257; x_wconf 77' lang='lat' dir='ltr'><strong>populis</strong></span> <span class='ocrx_word' id='word_1_604' title='bbox 3578 3200 3818 3255; x_wconf 65' lang='lat' dir='ltr'><strong>virtutem</strong></span> 
     </span>
    </p>
   </div>
   <div class='ocr_carea' id='block_1_75' title="bbox 532 3196 2117 3257">
    <p class='ocr_par' dir='ltr' id='par_1_75' title="bbox 532 3196 2117 3257">
     <span class='ocr_line' id='line_1_76' title="bbox 532 3196 2117 3257; baseline 0.003 -21"><span class='ocrx_word' id='word_1_605' title='bbox 532 3196 649 3252; x_wconf 78' lang='lat' dir='ltr'><strong>Ipse</strong></span> <span class='ocrx_word' id='word_1_606' title='bbox 676 3196 977 3254; x_wconf 64' lang='lat' dir='ltr'><strong>aletlus‘go</strong></span> <span class='ocrx_word' id='word_1_607' title='bbox 1023 3202 1135 3239; x_wconf 84' lang='lat' dir='ltr'><strong>sum</strong></span> <span class='ocrx_word' id='word_1_608' title='bbox 1179 3196 1268 3257; x_wconf 84' lang='lat' dir='ltr'><strong>qui</strong></span> <span class='ocrx_word' id='word_1_609' title='bbox 1315 3202 1427 3239; x_wconf 84' lang='lat' dir='ltr'><strong>sum</strong></span> <span class='ocrx_word' id='word_1_610' title='bbox 1457 3196 1654 3257; x_wconf 65' lang='lat' dir='ltr'><strong>(Exod.</strong></span> <span class='ocrx_word' id='word_1_611' title='bbox 1705 3202 1792 3250; x_wconf 88' lang='lat' dir='ltr'><strong>Ill,</strong></span> <span class='ocrx_word' id='word_1_612' title='bbox 1828 3196 1939 3256; x_wconf 75' lang='grc' dir='ltr'><strong>Η).</strong></span> <span class='ocrx_word' id='word_1_613' title='bbox 1992 3196 2117 3241; x_wconf 73' lang='lat' dir='ltr'><strong>Esse</strong></span> 
     </span>
    </p>
   </div>
   <div class='ocr_carea' id='block_1_76' title="bbox 2220 3199 3819 3274">
    <p class='ocr_par' dir='ltr' id='par_1_76' title="bbox 2220 3199 3819 3274">
     <span class='ocr_line' id='line_1_77' title="bbox 2220 3199 3819 3274; baseline 0 -19"><span class='ocrx_word' id='word_1_614' title='bbox 2220 3220 2325 3274; x_wconf 90' lang='lat' dir='ltr'><strong>quo</strong></span> <span class='ocrx_word' id='word_1_615' title='bbox 2356 3204 2501 3272; x_wconf 89' lang='lat' dir='ltr'><strong>prius</strong></span> <span class='ocrx_word' id='word_1_616' title='bbox 2531 3203 2739 3257; x_wconf 87' lang='lat' dir='ltr'><strong>dixerat</strong></span> <span class='ocrx_word' id='word_1_617' title='bbox 2767 3219 2780 3255; x_wconf 90' lang='lat'><strong>:</strong></span> <span class='ocrx_word' id='word_1_618' title='bbox 2817 3201 3007 3256; x_wconf 84' lang='lat' dir='ltr'><strong>Notam</strong></span> <span class='ocrx_word' id='word_1_619' title='bbox 3045 3202 3209 3271; x_wconf 86' lang='lat' dir='ltr'><strong>fecisti</strong></span> <span class='ocrx_word' id='word_1_620' title='bbox 3254 3201 3310 3253; x_wconf 89' lang='lat' dir='ltr'><strong>in</strong></span> <span class='ocrx_word' id='word_1_621' title='bbox 3350 3199 3554 3270; x_wconf 83' lang='lat' dir='ltr'><strong>populis</strong></span> <span class='ocrx_word' id='word_1_622' title='bbox 3578 3200 3819 3255; x_wconf 64' lang='lat' dir='ltr'><strong>virtutem</strong></span> 
     </span>
    </p>
   </div>
   <div class='ocr_carea' id='block_1_77' title="bbox 2219 3289 3815 3361">
    <p class='ocr_par' dir='ltr' id='par_1_77' title="bbox 2219 3289 3815 3361">
     <span class='ocr_line' id='line_1_78' title="bbox 2219 3289 3815 3361; baseline -0.003 -11"><span class='ocrx_word' id='word_1_623' title='bbox 2219 3305 2387 3359; x_wconf 88' lang='lat' dir='ltr'><strong>tuam,</strong></span> <span class='ocrx_word' id='word_1_624' title='bbox 2423 3308 2564 3348; x_wconf 90' lang='lat' dir='ltr'><strong>nunc</strong></span> <span class='ocrx_word' id='word_1_625' title='bbox 2592 3293 2721 3348; x_wconf 91' lang='lat' dir='ltr'><strong>dicit</strong></span> <span class='ocrx_word' id='word_1_626' title='bbox 2748 3293 2817 3348; x_wconf 82' lang='lat' dir='ltr'><strong>de</strong></span> <span class='ocrx_word' id='word_1_627' title='bbox 2854 3292 3006 3361; x_wconf 90' lang='lat' dir='ltr'><strong>ipso:</strong></span> <span class='ocrx_word' id='word_1_628' title='bbox 3050 3291 3293 3352; x_wconf 79' lang='lat' dir='ltr'><strong>Viderunt</strong></span> <span class='ocrx_word' id='word_1_629' title='bbox 3330 3297 3382 3343; x_wconf 85' lang='lat' dir='ltr'><strong>te</strong></span> <span class='ocrx_word' id='word_1_630' title='bbox 3417 3305 3587 3358; x_wconf 65' lang='lat' dir='ltr'><strong>aqum,</strong></span> <span class='ocrx_word' id='word_1_631' title='bbox 3647 3289 3815 3346; x_wconf 73' lang='lat' dir='ltr'><strong>Deus.</strong></span> 
     </span>
    </p>
   </div>
   <div class='ocr_carea' id='block_1_78' title="bbox 2220 3378 3817 3453">
    <p class='ocr_par' dir='ltr' id='par_1_78' title="bbox 2220 3378 3817 3453">
     <span class='ocr_line' id='line_1_79' title="bbox 2220 3378 3817 3453; baseline -0.004 -12"><span class='ocrx_word' id='word_1_632' title='bbox 2220 3384 2321 3442; x_wconf 89' lang='lat' dir='ltr'><strong>Per</strong></span> <span class='ocrx_word' id='word_1_633' title='bbox 2366 3400 2529 3452; x_wconf 88' lang='lat' dir='ltr'><strong>aquas</strong></span> <span class='ocrx_word' id='word_1_634' title='bbox 2578 3384 2807 3453; x_wconf 87' lang='lat' dir='ltr'><strong>populos</strong></span> <span class='ocrx_word' id='word_1_635' title='bbox 2853 3381 3139 3451; x_wconf 77' lang='lat' dir='ltr'><strong>significari</strong></span> <span class='ocrx_word' id='word_1_636' title='bbox 3195 3380 3503 3450; x_wconf 87' lang='lat' dir='ltr'><strong>frequenter</strong></span> <span class='ocrx_word' id='word_1_637' title='bbox 3532 3378 3817 3449; x_wconf 75' lang='lat' dir='ltr'><strong>Scriptura</strong></span> 
     </span>
    </p>
   </div>
   <div class='ocr_carea' id='block_1_79' title="bbox 2221 3471 3818 3544">
    <p class='ocr_par' dir='ltr' id='par_1_79' title="bbox 2221 3471 3818 3544">
     <span class='ocr_line' id='line_1_80' title="bbox 2221 3471 3818 3544; baseline -0.004 -12"><span class='ocrx_word' id='word_1_638' title='bbox 2221 3477 2398 3532; x_wconf 82' lang='lat' dir='ltr'><strong>divina</strong></span> <span class='ocrx_word' id='word_1_639' title='bbox 2430 3481 2676 3539; x_wconf 88' lang='lat' dir='ltr'><strong>testatur,</strong></span> <span class='ocrx_word' id='word_1_640' title='bbox 2707 3473 2918 3544; x_wconf 86' lang='lat' dir='ltr'><strong>quando</strong></span> <span class='ocrx_word' id='word_1_641' title='bbox 2945 3486 3037 3528; x_wconf 85' lang='lat' dir='ltr'><strong>eas</strong></span> <span class='ocrx_word' id='word_1_642' title='bbox 3085 3478 3139 3526; x_wconf 88' lang='lat' dir='ltr'><strong>et</strong></span> <span class='ocrx_word' id='word_1_643' title='bbox 3186 3471 3372 3526; x_wconf 84' lang='lat' dir='ltr'><strong>videre</strong></span> <span class='ocrx_word' id='word_1_644' title='bbox 3424 3478 3818 3525; x_wconf 84' lang='lat' dir='ltr'><strong>commemorat</strong></span> 
     </span>
    </p>
   </div>
   <div class='ocr_carea' id='block_1_80' title="bbox 2216 3556 3818 3637">
    <p class='ocr_par' dir='ltr' id='par_1_80' title="bbox 2216 3556 3818 3637">
     <span class='ocr_line' id='line_1_81' title="bbox 2216 3556 3818 3637; baseline -0.004 -14"><span class='ocrx_word' id='word_1_645' title='bbox 2216 3577 2271 3623; x_wconf 88' lang='lat' dir='ltr'><strong>et</strong></span> <span class='ocrx_word' id='word_1_646' title='bbox 2299 3568 2507 3623; x_wconf 90' lang='lat' dir='ltr'><strong>timere.</strong></span> <span class='ocrx_word' id='word_1_647' title='bbox 2557 3568 2689 3637; x_wconf 73' lang='lat' dir='ltr'><strong>Ipsa:</strong></span> <span class='ocrx_word' id='word_1_648' title='bbox 2720 3572 2843 3620; x_wconf 90' lang='lat' dir='ltr'><strong>sunt</strong></span> <span class='ocrx_word' id='word_1_649' title='bbox 2871 3564 3012 3619; x_wconf 89' lang='lat' dir='ltr'><strong>enim</strong></span> <span class='ocrx_word' id='word_1_650' title='bbox 3043 3574 3191 3633; x_wconf 67' lang='lat' dir='ltr'><strong>aqua</strong></span> <span class='ocrx_word' id='word_1_651' title='bbox 3220 3556 3344 3631; x_wconf 53' lang='lat' dir='ltr'><strong>&quot;qua:</strong></span> <span class='ocrx_word' id='word_1_652' title='bbox 3375 3574 3538 3617; x_wconf 88' lang='lat' dir='ltr'><strong>sensu</strong></span> <span class='ocrx_word' id='word_1_653' title='bbox 3572 3560 3818 3617; x_wconf 65' lang='lat' dir='ltr'><strong>rationa-</strong></span> 
     </span>
    </p>
   </div>
   <div class='ocr_carea' id='block_1_81' title="bbox 2220 3655 3814 3728">
    <p class='ocr_par' dir='ltr' id='par_1_81' title="bbox 2220 3655 3814 3728">
     <span class='ocr_line' id='line_1_82' title="bbox 2220 3655 3814 3728; baseline -0.004 -13"><span class='ocrx_word' id='word_1_654' title='bbox 2220 3661 2313 3717; x_wconf 91' lang='lat' dir='ltr'><strong>bili</strong></span> <span class='ocrx_word' id='word_1_655' title='bbox 2357 3661 2638 3717; x_wconf 88' lang='lat' dir='ltr'><strong>Dominum</strong></span> <span class='ocrx_word' id='word_1_656' title='bbox 2697 3671 3020 3728; x_wconf 81' lang='lat' dir='ltr'><strong>cognoscere</strong></span> <span class='ocrx_word' id='word_1_657' title='bbox 3067 3655 3151 3709; x_wconf 91' lang='lat' dir='ltr'><strong>vel</strong></span> <span class='ocrx_word' id='word_1_658' title='bbox 3200 3662 3440 3709; x_wconf 89' lang='lat' dir='ltr'><strong>metuere</strong></span> <span class='ocrx_word' id='word_1_659' title='bbox 3494 3660 3814 3722; x_wconf 73' lang='lat' dir='ltr'><strong>potuerunt.</strong></span> 
     </span>
    </p>
   </div>
   <div class='ocr_carea' id='block_1_82' title="bbox 2222 3747 3819 3821">
    <p class='ocr_par' dir='ltr' id='par_1_82' title="bbox 2222 3747 3819 3821">
     <span class='ocr_line' id='line_1_83' title="bbox 2222 3747 3819 3821; baseline -0.004 -13"><span class='ocrx_word' id='word_1_660' title='bbox 2222 3752 2352 3808; x_wconf 79' lang='lat' dir='ltr'><strong>Nam</strong></span> <span class='ocrx_word' id='word_1_661' title='bbox 2387 3752 2503 3807; x_wconf 90' lang='lat' dir='ltr'><strong>vide</strong></span> <span class='ocrx_word' id='word_1_662' title='bbox 2535 3751 2661 3821; x_wconf 91' lang='lat' dir='ltr'><strong>quid</strong></span> <span class='ocrx_word' id='word_1_663' title='bbox 2688 3749 2927 3805; x_wconf 88' lang='lat' dir='ltr'><strong>addidit:</strong></span> <span class='ocrx_word' id='word_1_664' title='bbox 2968 3747 3217 3802; x_wconf 84' lang='lat' dir='ltr'><strong>Viderunt</strong></span> <span class='ocrx_word' id='word_1_665' title='bbox 3255 3756 3302 3800; x_wconf 87' lang='lat' dir='ltr'><strong>te</strong></span> <span class='ocrx_word' id='word_1_666' title='bbox 3328 3762 3496 3815; x_wconf 64' lang='lat' dir='ltr'><strong>aqua,</strong></span> <span class='ocrx_word' id='word_1_667' title='bbox 3541 3755 3589 3801; x_wconf 75' lang='lat' dir='ltr'><strong>et</strong></span> <span class='ocrx_word' id='word_1_668' title='bbox 3629 3748 3819 3802; x_wconf 66' lang='lat' dir='ltr'><strong>timue-</strong></span> 
     </span>
    </p>
   </div>
   <div class='ocr_carea' id='block_1_83' title="bbox 2221 3835 3817 3912">
    <p class='ocr_par' dir='ltr' id='par_1_83' title="bbox 2221 3835 3817 3912">
     <span class='ocr_line' id='line_1_84' title="bbox 2221 3835 3817 3912; baseline -0.003 -14"><span class='ocrx_word' id='word_1_669' title='bbox 2221 3843 2615 3912; x_wconf 86' lang='lat' dir='ltr'><strong>runt;qnando</strong></span> <span class='ocrx_word' id='word_1_670' title='bbox 2647 3843 2826 3911; x_wconf 91' lang='lat' dir='ltr'><strong>utique</strong></span> <span class='ocrx_word' id='word_1_671' title='bbox 2876 3841 2930 3894; x_wconf 89' lang='lat' dir='ltr'><strong>in</strong></span> <span class='ocrx_word' id='word_1_672' title='bbox 2973 3840 3129 3894; x_wconf 87' lang='lat' dir='ltr'><strong>bruto</strong></span> <span class='ocrx_word' id='word_1_673' title='bbox 3170 3835 3441 3894; x_wconf 78' lang='lat' dir='ltr'><strong>elementd</strong></span> <span class='ocrx_word' id='word_1_674' title='bbox 3468 3855 3575 3894; x_wconf 93' lang='lat' dir='ltr'><strong>non</strong></span> <span class='ocrx_word' id='word_1_675' title='bbox 3604 3845 3817 3908; x_wconf 72' lang='lat' dir='ltr'><strong>poterat</strong></span> 
     </span>
    </p>
   </div>
   <div class='ocr_carea' id='block_1_84' title="bbox 2227 3932 3812 4002">
    <p class='ocr_par' dir='ltr' id='par_1_84' title="bbox 2227 3932 3812 4002">
     <span class='ocr_line' id='line_1_85' title="bbox 2227 3932 3812 4002; baseline -0.003 -11"><span class='ocrx_word' id='word_1_676' title='bbox 2227 3936 2484 4002; x_wconf 77' lang='lat' dir='ltr'><strong>evenire,</strong></span> <span class='ocrx_word' id='word_1_677' title='bbox 2541 3944 2599 3989; x_wconf 93' lang='lat' dir='ltr'><strong>ut</strong></span> <span class='ocrx_word' id='word_1_678' title='bbox 2655 3938 2853 3988; x_wconf 87' lang='lat' dir='ltr'><strong>tantam</strong></span> <span class='ocrx_word' id='word_1_679' title='bbox 2906 3932 3280 3985; x_wconf 86' lang='lat' dir='ltr'><strong>miraculorum</strong></span> <span class='ocrx_word' id='word_1_680' title='bbox 3321 3932 3812 3988; x_wconf 75' lang='lat' dir='ltr'><strong>manifes‘tationcm</strong></span> 
     </span>
    </p>
   </div>
   <div class='ocr_carea' id='block_1_85' title="bbox 2225 4025 3817 4097">
    <p class='ocr_par' dir='ltr' id='par_1_85' title="bbox 2225 4025 3817 4097">
     <span class='ocr_line' id='line_1_86' title="bbox 2225 4025 3817 4097; baseline -0.002 -15"><span class='ocrx_word' id='word_1_681' title='bbox 2225 4033 2685 4097; x_wconf 70' lang='lat' dir='ltr'><strong>Cognoscerentet</strong></span> <span class='ocrx_word' id='word_1_682' title='bbox 2731 4027 3005 4079; x_wconf 89' lang='lat' dir='ltr'><strong>timerent.</strong></span> <span class='ocrx_word' id='word_1_683' title='bbox 3041 4025 3313 4094; x_wconf 79' lang='lat' dir='ltr'><strong>Sequitdr,</strong></span> <span class='ocrx_word' id='word_1_684' title='bbox 3359 4034 3405 4079; x_wconf 90' lang='lat' dir='ltr'><strong>et</strong></span> <span class='ocrx_word' id='word_1_685' title='bbox 3452 4026 3674 4079; x_wconf 73' lang='lat' dir='ltr'><strong>turbata:</strong></span> <span class='ocrx_word' id='word_1_686' title='bbox 3697 4026 3817 4080; x_wconf 66' lang='lat' dir='ltr'><strong>sunt</strong></span> 
     </span>
    </p>
   </div>
   <div class='ocr_carea' id='block_1_86' title="bbox 2223 4116 3812 4191">
    <p class='ocr_par' dir='ltr' id='par_1_86' title="bbox 2223 4116 3812 4191">
     <span class='ocr_line' id='line_1_87' title="bbox 2223 4116 3812 4191; baseline 0 -17"><span class='ocrx_word' id='word_1_687' title='bbox 2223 4120 2423 4191; x_wconf 81' lang='lat' dir='ltr'><strong>abyssi;</strong></span> <span class='ocrx_word' id='word_1_688' title='bbox 2452 4120 2502 4174; x_wconf 93' lang='lat' dir='ltr'><strong>id</strong></span> <span class='ocrx_word' id='word_1_689' title='bbox 2531 4130 2631 4185; x_wconf 89' lang='lat' dir='ltr'><strong>est,</strong></span> <span class='ocrx_word' id='word_1_690' title='bbox 2658 4119 2880 4187; x_wconf 81' lang='lat' dir='ltr'><strong>populos</strong></span> <span class='ocrx_word' id='word_1_691' title='bbox 2920 4127 2974 4171; x_wconf 91' lang='lat' dir='ltr'><strong>et</strong></span> <span class='ocrx_word' id='word_1_692' title='bbox 3029 4116 3080 4170; x_wconf 92' lang='lat' dir='ltr'><strong>in</strong></span> <span class='ocrx_word' id='word_1_693' title='bbox 3129 4119 3231 4171; x_wconf 85' lang='lat' dir='ltr'><strong>hoc</strong></span> <span class='ocrx_word' id='word_1_694' title='bbox 3277 4128 3527 4172; x_wconf 84' lang='lat' dir='ltr'><strong>sermone</strong></span> <span class='ocrx_word' id='word_1_695' title='bbox 3554 4119 3812 4174; x_wconf 84' lang='lat' dir='ltr'><strong>debemus</strong></span> 
     </span>
    </p>
   </div>
   <div class='ocr_carea' id='block_1_87' title="bbox 2224 4208 3811 4278">
    <p class='ocr_par' dir='ltr' id='par_1_87' title="bbox 2224 4208 3811 4278">
     <span class='ocr_line' id='line_1_88' title="bbox 2224 4208 3811 4278; baseline -0.002 -13"><span class='ocrx_word' id='word_1_696' title='bbox 2224 4210 2622 4266; x_wconf 88' lang='lat' dir='ltr'><strong>numerosiores</strong></span> <span class='ocrx_word' id='word_1_697' title='bbox 2671 4209 2971 4276; x_wconf 80' lang='lat' dir='ltr'><strong>advertere,</strong></span> <span class='ocrx_word' id='word_1_698' title='bbox 3016 4208 3104 4277; x_wconf 87' lang='lat' dir='ltr'><strong>qui</strong></span> <span class='ocrx_word' id='word_1_699' title='bbox 3140 4222 3288 4262; x_wconf 89' lang='lat' dir='ltr'><strong>more</strong></span> <span class='ocrx_word' id='word_1_700' title='bbox 3328 4208 3514 4278; x_wconf 89' lang='lat' dir='ltr'><strong>liquidi</strong></span> <span class='ocrx_word' id='word_1_701' title='bbox 3560 4210 3811 4265; x_wconf 86' lang='lat' dir='ltr'><strong>elementi</strong></span> 
     </span>
    </p>
   </div>
   <div class='ocr_carea' id='block_1_88' title="bbox 2224 4296 3811 4355">
    <p class='ocr_par' dir='ltr' id='par_1_88' title="bbox 2224 4296 3811 4355">
     <span class='ocr_line' id='line_1_89' title="bbox 2224 4296 3811 4355; baseline 0.001 -2"><span class='ocrx_word' id='word_1_702' title='bbox 2224 4301 2469 4355; x_wconf 84' lang='lat' dir='ltr'><strong>vitiorum</strong></span> <span class='ocrx_word' id='word_1_703' title='bbox 2520 4300 2732 4354; x_wconf 86' lang='lat' dir='ltr'><strong>flatibus</strong></span> <span class='ocrx_word' id='word_1_704' title='bbox 2775 4308 3198 4353; x_wconf 74' lang='lat' dir='ltr'><strong>Commoventur.</strong></span> <span class='ocrx_word' id='word_1_705' title='bbox 3250 4296 3357 4352; x_wconf 90' lang='lat' dir='ltr'><strong>Sed</strong></span> <span class='ocrx_word' id='word_1_706' title='bbox 3412 4296 3646 4353; x_wconf 90' lang='lat' dir='ltr'><strong>feliciter</strong></span> <span class='ocrx_word' id='word_1_707' title='bbox 3692 4309 3811 4354; x_wconf 62' lang='lat' dir='ltr'><strong>tunc</strong></span> 
     </span>
    </p>
   </div>
   <div class='ocr_carea' id='block_1_89' title="bbox 2225 4386 3809 4456">
    <p class='ocr_par' dir='ltr' id='par_1_89' title="bbox 2225 4386 3809 4456">
     <span class='ocr_line' id='line_1_90' title="bbox 2225 4386 3809 4456; baseline 0 -13"><span class='ocrx_word' id='word_1_708' title='bbox 2225 4390 2410 4443; x_wconf 85' lang='lat' dir='ltr'><strong>turbati</strong></span> <span class='ocrx_word' id='word_1_709' title='bbox 2438 4389 2577 4451; x_wconf 75' lang='lat' dir='ltr'><strong>sunt,</strong></span> <span class='ocrx_word' id='word_1_710' title='bbox 2608 4387 2819 4456; x_wconf 90' lang='lat' dir='ltr'><strong>quando</strong></span> <span class='ocrx_word' id='word_1_711' title='bbox 2847 4387 2910 4441; x_wconf 88' lang='lat' dir='ltr'><strong>ad</strong></span> <span class='ocrx_word' id='word_1_712' title='bbox 2942 4386 3315 4440; x_wconf 75' lang='lat' dir='ltr'><strong>Conversionis</strong></span> <span class='ocrx_word' id='word_1_713' title='bbox 3342 4386 3517 4440; x_wconf 87' lang='lat' dir='ltr'><strong>studia</strong></span> <span class='ocrx_word' id='word_1_714' title='bbox 3546 4403 3809 4455; x_wconf 82' lang='lat' dir='ltr'><strong>pervene-</strong></span> 
     </span>
    </p>
   </div>
   <div class='ocr_carea' id='block_1_90' title="bbox 541 4451 2112 4557">
    <p class='ocr_par' dir='ltr' id='par_1_90' title="bbox 541 4451 2112 4533">
     <span class='ocr_line' id='line_1_91' title="bbox 541 4451 2112 4533; baseline 0.01 -28"><span class='ocrx_word' id='word_1_715' title='bbox 541 4451 683 4507; x_wconf 89' lang='lat' dir='ltr'><strong>hunc</strong></span> <span class='ocrx_word' id='word_1_716' title='bbox 705 4453 959 4507; x_wconf 88' lang='lat' dir='ltr'><strong>tnundum</strong></span> <span class='ocrx_word' id='word_1_717' title='bbox 984 4455 1123 4509; x_wconf 88' lang='lat' dir='ltr'><strong>misit</strong></span> <span class='ocrx_word' id='word_1_718' title='bbox 1151 4457 1430 4513; x_wconf 60' lang='lat' dir='ltr'><strong>Dominum</strong></span> <span class='ocrx_word' id='word_1_719' title='bbox 1460 4462 1816 4530; x_wconf 89' lang='lat' dir='ltr'><strong>Salvatorem,</strong></span> <span class='ocrx_word' id='word_1_720' title='bbox 1844 4465 1957 4533; x_wconf 92' lang='lat' dir='ltr'><strong>qui,</strong></span> <span class='ocrx_word' id='word_1_721' title='bbox 1983 4466 2112 4520; x_wconf 91' lang='lat' dir='ltr'><strong>sicul</strong></span> 
     </span>
    </p>
   </div>
   <div class='ocr_carea' id='block_1_91' title="bbox 2218 4451 3807 4557">
    <p class='ocr_par' dir='ltr' id='par_1_91' title="bbox 2225 4451 3807 4548">
     <span class='ocr_line' id='line_1_92' title="bbox 2225 4451 3807 4548; baseline 0 -14"><span class='ocrx_word' id='word_1_722' title='bbox 2225 4489 2365 4534; x_wconf 92' lang='lat' dir='ltr'><strong>runt.</strong></span> <span class='ocrx_word' id='word_1_723' title='bbox 2402 4480 2466 4533; x_wconf 87' lang='lat' dir='ltr'><strong>Et</strong></span> <span class='ocrx_word' id='word_1_724' title='bbox 2498 4451 2716 4533; x_wconf 84' lang='lat' dir='ltr'><strong>intende</strong></span> <span class='ocrx_word' id='word_1_725' title='bbox 2746 4478 2886 4546; x_wconf 88' lang='lat' dir='ltr'><strong>quod</strong></span> <span class='ocrx_word' id='word_1_726' title='bbox 2915 4478 3293 4547; x_wconf 80' lang='lat' dir='ltr'><strong>subsequentia</strong></span> <span class='ocrx_word' id='word_1_727' title='bbox 3339 4492 3509 4548; x_wconf 89' lang='lat' dir='ltr'><strong>usque</strong></span> <span class='ocrx_word' id='word_1_728' title='bbox 3548 4451 3616 4533; x_wconf 78' lang='lat' dir='ltr'><strong>ad</strong></span> <span class='ocrx_word' id='word_1_729' title='bbox 3650 4480 3807 4534; x_wconf 80' lang='lat' dir='ltr'><strong>ﬁnem</strong></span> 
     </span>
    </p>
   </div>
   <div class='ocr_carea' id='block_1_92' title="bbox 538 4543 2113 4624">
    <p class='ocr_par' dir='ltr' id='par_1_92' title="bbox 538 4543 2113 4624">
     <span class='ocr_line' id='line_1_93' title="bbox 538 4543 2113 4624; baseline 0.007 -25"><span class='ocrx_word' id='word_1_730' title='bbox 538 4543 668 4600; x_wconf 87' lang='lat' dir='ltr'><strong>dicit</strong></span> <span class='ocrx_word' id='word_1_731' title='bbox 692 4544 1001 4612; x_wconf 83' lang='lat' dir='ltr'><strong>Apostolus,</strong></span> <span class='ocrx_word' id='word_1_732' title='bbox 1029 4545 1122 4600; x_wconf 87' lang='lat' dir='ltr'><strong>Dei</strong></span> <span class='ocrx_word' id='word_1_733' title='bbox 1146 4548 1306 4602; x_wconf 80' lang='lat' dir='ltr'><strong>virtus</strong></span> <span class='ocrx_word' id='word_1_734' title='bbox 1325 4559 1417 4616; x_wconf 86' lang='lat' dir='ltr'><strong>est,</strong></span> <span class='ocrx_word' id='word_1_735' title='bbox 1443 4559 1490 4603; x_wconf 90' lang='lat' dir='ltr'><strong>et</strong></span> <span class='ocrx_word' id='word_1_736' title='bbox 1522 4550 1615 4604; x_wconf 85' lang='lat' dir='ltr'><strong>Dei</strong></span> <span class='ocrx_word' id='word_1_737' title='bbox 1642 4553 1895 4622; x_wconf 84' lang='lat' dir='ltr'><strong>sapientia</strong></span> <span class='ocrx_word' id='word_1_738' title='bbox 1916 4553 1966 4624; x_wconf 84' lang='grc' dir='ltr'><strong>(Ι</strong></span> <span class='ocrx_word' id='word_1_739' title='bbox 1994 4554 2113 4609; x_wconf 88' lang='lat' dir='ltr'><strong>Cor.</strong></span> 
     </span>
    </p>
   </div>
   <div class='ocr_carea' id='block_1_93' title="bbox 539 4632 2116 4709">
    <p class='ocr_par' dir='ltr' id='par_1_93' title="bbox 539 4632 2116 4709">
     <span class='ocr_line' id='line_1_94' title="bbox 539 4632 2116 4709; baseline 0.008 -20"><span class='ocrx_word' id='word_1_740' title='bbox 539 4649 593 4702; x_wconf 89' lang='lat' dir='ltr'><strong>t,</strong></span> <span class='ocrx_word' id='word_1_741' title='bbox 622 4634 739 4704; x_wconf 72' lang='grc'><strong>24).</strong></span> <span class='ocrx_word' id='word_1_742' title='bbox 769 4632 965 4689; x_wconf 87' lang='lat' dir='ltr'><strong>Notum</strong></span> <span class='ocrx_word' id='word_1_743' title='bbox 992 4637 1133 4692; x_wconf 91' lang='lat' dir='ltr'><strong>enim</strong></span> <span class='ocrx_word' id='word_1_744' title='bbox 1178 4638 1317 4707; x_wconf 84' lang='lat' dir='ltr'><strong>fecit,</strong></span> <span class='ocrx_word' id='word_1_745' title='bbox 1348 4641 1560 4709; x_wconf 90' lang='lat' dir='ltr'><strong>quando</strong></span> <span class='ocrx_word' id='word_1_746' title='bbox 1585 4658 1705 4697; x_wconf 88' lang='lat' dir='ltr'><strong>eum</strong></span> <span class='ocrx_word' id='word_1_747' title='bbox 1730 4651 1785 4699; x_wconf 87' lang='lat' dir='ltr'><strong>et</strong></span> <span class='ocrx_word' id='word_1_748' title='bbox 1818 4644 1895 4699; x_wconf 91' lang='lat' dir='ltr'><strong>illi</strong></span> <span class='ocrx_word' id='word_1_749' title='bbox 1929 4657 2116 4701; x_wconf 90' lang='lat' dir='ltr'><strong>notum</strong></span> 
     </span>
    </p>
   </div>
   <div class='ocr_carea' id='block_1_94' title="bbox 541 4727 2118 4799">
    <p class='ocr_par' dir='ltr' id='par_1_94' title="bbox 541 4727 2118 4799">
     <span class='ocr_line' id='line_1_95' title="bbox 541 4727 2118 4799; baseline 0.008 -17"><span class='ocrx_word' id='word_1_750' title='bbox 541 4727 841 4787; x_wconf 85' lang='lat' dir='ltr'><strong>habuerunt</strong></span> <span class='ocrx_word' id='word_1_751' title='bbox 866 4728 954 4798; x_wconf 94' lang='lat' dir='ltr'><strong>qui</strong></span> <span class='ocrx_word' id='word_1_752' title='bbox 982 4728 1118 4793; x_wconf 79' lang='lat' dir='ltr'><strong>facie</strong></span> <span class='ocrx_word' id='word_1_753' title='bbox 1141 4741 1294 4791; x_wconf 87' lang='lat' dir='ltr'><strong>lenus</strong></span> <span class='ocrx_word' id='word_1_754' title='bbox 1318 4733 1587 4799; x_wconf 63' lang='lat' dir='ltr'><strong>sciebant,</strong></span> <span class='ocrx_word' id='word_1_755' title='bbox 1620 4745 1675 4790; x_wconf 90' lang='lat' dir='ltr'><strong>et</strong></span> <span class='ocrx_word' id='word_1_756' title='bbox 1703 4737 1779 4791; x_wconf 92' lang='lat' dir='ltr'><strong>illi</strong></span> <span class='ocrx_word' id='word_1_757' title='bbox 1803 4738 1962 4794; x_wconf 81' lang='lat' dir='ltr'><strong>altius</strong></span> <span class='ocrx_word' id='word_1_758' title='bbox 1989 4755 2118 4794; x_wconf 91' lang='lat' dir='ltr'><strong>con-</strong></span> 
     </span>
    </p>
   </div>
   <div class='ocr_carea' id='block_1_95' title="bbox 542 4823 2121 4893">
    <p class='ocr_par' dir='ltr' id='par_1_95' title="bbox 542 4823 2121 4893">
     <span class='ocr_line' id='line_1_96' title="bbox 542 4823 2121 4893; baseline 0.008 -19"><span class='ocrx_word' id='word_1_759' title='bbox 542 4823 781 4891; x_wconf 79' lang='lat' dir='ltr'><strong>temptati</strong></span> <span class='ocrx_word' id='word_1_760' title='bbox 805 4832 948 4888; x_wconf 88' lang='lat' dir='ltr'><strong>sunt,</strong></span> <span class='ocrx_word' id='word_1_761' title='bbox 980 4824 1070 4893; x_wconf 94' lang='lat' dir='ltr'><strong>qui</strong></span> <span class='ocrx_word' id='word_1_762' title='bbox 1118 4841 1241 4880; x_wconf 85' lang='lat' dir='ltr'><strong>eum</strong></span> <span class='ocrx_word' id='word_1_763' title='bbox 1280 4826 1452 4883; x_wconf 89' lang='lat' dir='ltr'><strong>Patris</strong></span> <span class='ocrx_word' id='word_1_764' title='bbox 1501 4829 1689 4884; x_wconf 83' lang='lat' dir='ltr'><strong>Filium</strong></span> <span class='ocrx_word' id='word_1_765' title='bbox 1747 4831 1889 4886; x_wconf 86' lang='lat' dir='ltr'><strong>fideli</strong></span> <span class='ocrx_word' id='word_1_766' title='bbox 1938 4844 2121 4887; x_wconf 86' lang='lat' dir='ltr'><strong>mente</strong></span> 
     </span>
    </p>
   </div>
   <div class='ocr_carea' id='block_1_96' title="bbox 539 4915 2119 4993">
    <p class='ocr_par' dir='ltr' id='par_1_96' title="bbox 539 4915 2119 4993">
     <span class='ocr_line' id='line_1_97' title="bbox 539 4915 2119 4993; baseline 0.008 -26"><span class='ocrx_word' id='word_1_767' title='bbox 539 4915 903 4971; x_wconf 88' lang='lat' dir='ltr'><strong>crediderunt.</strong></span> <span class='ocrx_word' id='word_1_768' title='bbox 936 4917 1101 4975; x_wconf 84' lang='lat' dir='ltr'><strong>Notus</strong></span> <span class='ocrx_word' id='word_1_769' title='bbox 1125 4933 1253 4991; x_wconf 80' lang='lat' dir='ltr'><strong>ergo</strong></span> <span class='ocrx_word' id='word_1_770' title='bbox 1281 4920 1449 4975; x_wconf 90' lang='lat' dir='ltr'><strong>factus</strong></span> <span class='ocrx_word' id='word_1_771' title='bbox 1474 4932 1557 4976; x_wconf 90' lang='lat' dir='ltr'><strong>est</strong></span> <span class='ocrx_word' id='word_1_772' title='bbox 1578 4924 1787 4993; x_wconf 90' lang='lat' dir='ltr'><strong>populis</strong></span> <span class='ocrx_word' id='word_1_773' title='bbox 1814 4923 2119 4979; x_wconf 82' lang='lat' dir='ltr'><strong>inﬁdelibus</strong></span> 
     </span>
    </p>
   </div>
   <div class='ocr_carea' id='block_1_97' title="bbox 541 5006 2121 5081">
    <p class='ocr_par' dir='ltr' id='par_1_97' title="bbox 541 5006 2121 5081">
     <span class='ocr_line' id='line_1_98' title="bbox 541 5006 2121 5081; baseline 0.007 -19"><span class='ocrx_word' id='word_1_774' title='bbox 541 5006 873 5065; x_wconf 79' lang='lat' dir='ltr'><strong>solummodo</strong></span> <span class='ocrx_word' id='word_1_775' title='bbox 898 5024 1144 5080; x_wconf 87' lang='lat' dir='ltr'><strong>corpore,</strong></span> <span class='ocrx_word' id='word_1_776' title='bbox 1190 5012 1431 5068; x_wconf 84' lang='lat' dir='ltr'><strong>fidelibus</strong></span> <span class='ocrx_word' id='word_1_777' title='bbox 1460 5025 1636 5070; x_wconf 90' lang='lat' dir='ltr'><strong>autem</strong></span> <span class='ocrx_word' id='word_1_778' title='bbox 1676 5027 1732 5071; x_wconf 89' lang='lat' dir='ltr'><strong>et</strong></span> <span class='ocrx_word' id='word_1_779' title='bbox 1782 5017 2073 5073; x_wconf 84' lang='lat' dir='ltr'><strong>Divinitate</strong></span> <span class='ocrx_word' id='word_1_780' title='bbox 2106 5034 2121 5081; x_wconf 89' lang='lat'><strong>;</strong></span> 
     </span>
    </p>
   </div>
   <div class='ocr_carea' id='block_1_98' title="bbox 539 5099 2119 5179">
    <p class='ocr_par' dir='ltr' id='par_1_98' title="bbox 539 5099 2119 5179">
     <span class='ocr_line' id='line_1_99' title="bbox 539 5099 2119 5179; baseline 0.005 -26"><span class='ocrx_word' id='word_1_781' title='bbox 539 5099 678 5153; x_wconf 80' lang='lat' dir='ltr'><strong>sicut</strong></span> <span class='ocrx_word' id='word_1_782' title='bbox 699 5099 751 5154; x_wconf 92' lang='lat' dir='ltr'><strong>in</strong></span> <span class='ocrx_word' id='word_1_783' title='bbox 780 5101 1064 5172; x_wconf 77' lang='lat' dir='ltr'><strong>Evangelia</strong></span> <span class='ocrx_word' id='word_1_784' title='bbox 1089 5103 1252 5159; x_wconf 89' lang='lat' dir='ltr'><strong>dicit:</strong></span> <span class='ocrx_word' id='word_1_785' title='bbox 1276 5103 1422 5159; x_wconf 89' lang='lat' dir='ltr'><strong>Beati</strong></span> <span class='ocrx_word' id='word_1_786' title='bbox 1450 5106 1643 5161; x_wconf 86' lang='lat' dir='ltr'><strong>mundo</strong></span> <span class='ocrx_word' id='word_1_787' title='bbox 1665 5110 1840 5177; x_wconf 52' lang='lat' dir='ltr'><strong>conte,</strong></span> <span class='ocrx_word' id='word_1_788' title='bbox 1874 5111 2119 5179; x_wconf 85' lang='lat' dir='ltr'><strong>quoniam</strong></span> 
     </span>
    </p>
   </div>
   <div class='ocr_carea' id='block_1_99' title="bbox 540 5192 1527 5270">
    <p class='ocr_par' dir='ltr' id='par_1_99' title="bbox 540 5192 1527 5270">
     <span class='ocr_line' id='line_1_100' title="bbox 540 5192 1527 5270; baseline 0.009 -23"><span class='ocrx_word' id='word_1_789' title='bbox 540 5194 640 5262; x_wconf 87' lang='lat' dir='ltr'><strong>ipsi</strong></span> <span class='ocrx_word' id='word_1_790' title='bbox 668 5192 833 5249; x_wconf 86' lang='lat' dir='ltr'><strong>Deum</strong></span> <span class='ocrx_word' id='word_1_791' title='bbox 853 5197 1089 5252; x_wconf 81' lang='lat' dir='ltr'><strong>videbunt</strong></span> <span class='ocrx_word' id='word_1_792' title='bbox 1121 5198 1332 5269; x_wconf 78' lang='lat' dir='ltr'><strong>(Matth.</strong></span> <span class='ocrx_word' id='word_1_793' title='bbox 1359 5215 1413 5268; x_wconf 85' lang='lat' dir='ltr'><strong>v,</strong></span> <span class='ocrx_word' id='word_1_794' title='bbox 1446 5201 1527 5270; x_wconf 89' lang='lat'><strong>8).</strong></span> 
     </span>
    </p>
   </div>
   <div class='ocr_carea' id='block_1_100' title="bbox 614 5284 2116 5361">
    <p class='ocr_par' dir='ltr' id='par_1_100' title="bbox 614 5284 2116 5361">
     <span class='ocr_line' id='line_1_101' title="bbox 614 5284 2116 5361; baseline 0.005 -23"><span class='ocrx_word' id='word_1_795' title='bbox 614 5284 765 5338; x_wconf 80' lang='lat' dir='ltr'><strong>Vers.</strong></span> <span class='ocrx_word' id='word_1_796' title='bbox 799 5286 883 5339; x_wconf 80' lang='grc'><strong>15.</strong></span> <span class='ocrx_word' id='word_1_797' title='bbox 925 5286 1171 5342; x_wconf 83' lang='lat' dir='ltr'><strong>Liberastt</strong></span> <span class='ocrx_word' id='word_1_798' title='bbox 1214 5289 1269 5342; x_wconf 91' lang='lat' dir='ltr'><strong>in</strong></span> <span class='ocrx_word' id='word_1_799' title='bbox 1308 5289 1515 5344; x_wconf 86' lang='lat' dir='ltr'><strong>brachio</strong></span> <span class='ocrx_word' id='word_1_800' title='bbox 1540 5301 1631 5345; x_wconf 87' lang='lat' dir='ltr'><strong>tuo</strong></span> <span class='ocrx_word' id='word_1_801' title='bbox 1674 5293 1918 5361; x_wconf 89' lang='lat' dir='ltr'><strong>populum</strong></span> <span class='ocrx_word' id='word_1_802' title='bbox 1950 5303 2116 5353; x_wconf 70' lang='lat' dir='ltr'><strong>tuum,</strong></span> 
     </span>
    </p>
   </div>
   <div class='ocr_carea' id='block_1_101' title="bbox 541 5373 2115 5453">
    <p class='ocr_par' dir='ltr' id='par_1_101' title="bbox 541 5373 2115 5453">
     <span class='ocr_line' id='line_1_102' title="bbox 541 5373 2115 5453; baseline 0.008 -27"><span class='ocrx_word' id='word_1_803' title='bbox 541 5375 675 5441; x_wconf 83' lang='lat' dir='ltr'><strong>ﬁlios</strong></span> <span class='ocrx_word' id='word_1_804' title='bbox 700 5373 865 5430; x_wconf 86' lang='lat' dir='ltr'><strong>Israel</strong></span> <span class='ocrx_word' id='word_1_805' title='bbox 891 5386 939 5430; x_wconf 85' lang='lat' dir='ltr'><strong>et</strong></span> <span class='ocrx_word' id='word_1_806' title='bbox 977 5375 1193 5447; x_wconf 84' lang='lat' dir='ltr'><strong>Ioseph.</strong></span> <span class='ocrx_word' id='word_1_807' title='bbox 1240 5381 1470 5437; x_wconf 88' lang='lat' dir='ltr'><strong>Sensum</strong></span> <span class='ocrx_word' id='word_1_808' title='bbox 1522 5384 1722 5439; x_wconf 82' lang='lat' dir='ltr'><strong>excolit</strong></span> <span class='ocrx_word' id='word_1_809' title='bbox 1764 5385 2115 5453; x_wconf 84' lang='lat' dir='ltr'><strong>superiorem.</strong></span> 
     </span>
    </p>
   </div>
   <div class='ocr_carea' id='block_1_102' title="bbox 542 5466 2118 5546">
    <p class='ocr_par' dir='ltr' id='par_1_102' title="bbox 542 5466 2118 5546">
     <span class='ocr_line' id='line_1_103' title="bbox 542 5466 2118 5546; baseline 0.008 -26"><span class='ocrx_word' id='word_1_810' title='bbox 542 5466 683 5522; x_wconf 90' lang='lat' dir='ltr'><strong>Dicit</strong></span> <span class='ocrx_word' id='word_1_811' title='bbox 710 5469 850 5523; x_wconf 88' lang='lat' dir='ltr'><strong>enim</strong></span> <span class='ocrx_word' id='word_1_812' title='bbox 880 5469 1006 5538; x_wconf 88' lang='lat' dir='ltr'><strong>quid</strong></span> <span class='ocrx_word' id='word_1_813' title='bbox 1052 5472 1361 5538; x_wconf 69' lang='lat' dir='ltr'><strong>praestiterit</strong></span> <span class='ocrx_word' id='word_1_814' title='bbox 1399 5474 1627 5530; x_wconf 90' lang='lat' dir='ltr'><strong>humano</strong></span> <span class='ocrx_word' id='word_1_815' title='bbox 1671 5478 1855 5546; x_wconf 90' lang='lat' dir='ltr'><strong>generi</strong></span> <span class='ocrx_word' id='word_1_816' title='bbox 1901 5487 2118 5543; x_wconf 85' lang='lat' dir='ltr'><strong>paterna</strong></span> 
     </span>
    </p>
   </div>
   <div class='ocr_carea' id='block_1_103' title="bbox 540 5559 2121 5631">
    <p class='ocr_par' dir='ltr' id='par_1_103' title="bbox 540 5559 2121 5631">
     <span class='ocr_line' id='line_1_104' title="bbox 540 5559 2121 5631; baseline 0.008 -20"><span class='ocrx_word' id='word_1_817' title='bbox 540 5559 819 5613; x_wconf 79' lang='lat' dir='ltr'><strong>clemenzia</strong></span> <span class='ocrx_word' id='word_1_818' title='bbox 846 5578 859 5613; x_wconf 88' lang='lat'><strong>:</strong></span> <span class='ocrx_word' id='word_1_819' title='bbox 889 5563 1138 5628; x_wconf 87' lang='lat' dir='ltr'><strong>quoniam</strong></span> <span class='ocrx_word' id='word_1_820' title='bbox 1171 5565 1225 5616; x_wconf 85' lang='lat' dir='ltr'><strong>in</strong></span> <span class='ocrx_word' id='word_1_821' title='bbox 1254 5564 1458 5619; x_wconf 87' lang='lat' dir='ltr'><strong>brachio</strong></span> <span class='ocrx_word' id='word_1_822' title='bbox 1478 5581 1596 5631; x_wconf 87' lang='lat' dir='ltr'><strong>suo,</strong></span> <span class='ocrx_word' id='word_1_823' title='bbox 1626 5567 1677 5621; x_wconf 92' lang='lat' dir='ltr'><strong>id</strong></span> <span class='ocrx_word' id='word_1_824' title='bbox 1705 5577 1789 5621; x_wconf 87' lang='lat' dir='ltr'><strong>est</strong></span> <span class='ocrx_word' id='word_1_825' title='bbox 1818 5566 1873 5621; x_wconf 92' lang='lat' dir='ltr'><strong>in</strong></span> <span class='ocrx_word' id='word_1_826' title='bbox 1894 5567 2121 5623; x_wconf 80' lang='lat' dir='ltr'><strong>Domino</strong></span> 
     </span>
    </p>
   </div>
   <div class='ocr_carea' id='block_1_104' title="bbox 541 5650 2123 5730">
    <p class='ocr_par' dir='ltr' id='par_1_104' title="bbox 541 5650 2123 5730">
     <span class='ocr_line' id='line_1_105' title="bbox 541 5650 2123 5730; baseline 0.007 -26"><span class='ocrx_word' id='word_1_827' title='bbox 541 5650 818 5705; x_wconf 88' lang='lat' dir='ltr'><strong>Salvatore</strong></span> <span class='ocrx_word' id='word_1_828' title='bbox 847 5652 1075 5707; x_wconf 81' lang='lat' dir='ltr'><strong>liberavit</strong></span> <span class='ocrx_word' id='word_1_829' title='bbox 1104 5656 1351 5725; x_wconf 83' lang='lat' dir='ltr'><strong>populum</strong></span> <span class='ocrx_word' id='word_1_830' title='bbox 1378 5673 1568 5726; x_wconf 85' lang='lat' dir='ltr'><strong>suum;</strong></span> <span class='ocrx_word' id='word_1_831' title='bbox 1602 5660 1739 5714; x_wconf 90' lang='lat' dir='ltr'><strong>sicut</strong></span> <span class='ocrx_word' id='word_1_832' title='bbox 1768 5660 1961 5730; x_wconf 79' lang='lat' dir='ltr'><strong>legitur</strong></span> <span class='ocrx_word' id='word_1_833' title='bbox 1993 5678 2008 5715; x_wconf 91' lang='lat'><strong>:</strong></span> <span class='ocrx_word' id='word_1_834' title='bbox 2060 5662 2123 5716; x_wconf 72' lang='lat' dir='ltr'><strong>Et</strong></span> 
     </span>
    </p>
   </div>
   <div class='ocr_carea' id='block_1_105' title="bbox 527 5742 2124 5824">
    <p class='ocr_par' dir='ltr' id='par_1_105' title="bbox 527 5742 2124 5824">
     <span class='ocr_line' id='line_1_106' title="bbox 527 5742 2124 5824; baseline 0.007 -26"><span class='ocrx_word' id='word_1_835' title='bbox 527 5745 802 5800; x_wconf 70' lang='lat' dir='ltr'><strong>zbrachium</strong></span> <span class='ocrx_word' id='word_1_836' title='bbox 843 5742 1052 5800; x_wconf 87' lang='lat' dir='ltr'><strong>Domini</strong></span> <span class='ocrx_word' id='word_1_837' title='bbox 1086 5748 1166 5802; x_wconf 84' lang='lat' dir='ltr'><strong>cui</strong></span> <span class='ocrx_word' id='word_1_838' title='bbox 1187 5748 1459 5804; x_wconf 78' lang='lat' dir='ltr'><strong>revelatum</strong></span> <span class='ocrx_word' id='word_1_839' title='bbox 1488 5760 1558 5804; x_wconf 88' lang='lat' dir='ltr'><strong>est</strong></span> <span class='ocrx_word' id='word_1_840' title='bbox 1596 5748 1751 5821; x_wconf 87' lang='lat' dir='ltr'><strong>(lsai.</strong></span> <span class='ocrx_word' id='word_1_841' title='bbox 1786 5766 1907 5818; x_wconf 82' lang='lat' dir='ltr'><strong>un,</strong></span> <span class='ocrx_word' id='word_1_842' title='bbox 1942 5751 2032 5824; x_wconf 80' lang='lat'><strong>1)?</strong></span> <span class='ocrx_word' id='word_1_843' title='bbox 2062 5754 2124 5809; x_wconf 82' lang='lat' dir='ltr'><strong>Et</strong></span> 
     </span>
    </p>
   </div>
   <div class='ocr_carea' id='block_1_106' title="bbox 2222 4568 3810 4641">
    <p class='ocr_par' dir='ltr' id='par_1_106' title="bbox 2222 4568 3810 4641">
     <span class='ocr_line' id='line_1_107' title="bbox 2222 4568 3810 4641; baseline -0.001 -15"><span class='ocrx_word' id='word_1_844' title='bbox 2222 4571 2407 4641; x_wconf 90' lang='lat' dir='ltr'><strong>psalmi</strong></span> <span class='ocrx_word' id='word_1_845' title='bbox 2440 4586 2533 4639; x_wconf 86' lang='lat' dir='ltr'><strong>per</strong></span> <span class='ocrx_word' id='word_1_846' title='bbox 2560 4571 2788 4641; x_wconf 72' lang='lat' dir='ltr'><strong>figuram</strong></span> <span class='ocrx_word' id='word_1_847' title='bbox 2822 4569 3110 4635; x_wconf 83' lang='lat' dir='ltr'><strong>parabolen</strong></span> <span class='ocrx_word' id='word_1_848' title='bbox 3140 4568 3412 4637; x_wconf 86' lang='lat' dir='ltr'><strong>dicuntur,</strong></span> <span class='ocrx_word' id='word_1_849' title='bbox 3461 4573 3681 4640; x_wconf 88' lang='lat' dir='ltr'><strong>quando</strong></span> <span class='ocrx_word' id='word_1_850' title='bbox 3726 4584 3810 4625; x_wconf 56' lang='lat' dir='ltr'><strong>ra</strong></span> 
     </span>
    </p>
   </div>
   <div class='ocr_carea' id='block_1_107' title="bbox 2221 4660 3408 4732">
    <p class='ocr_par' dir='ltr' id='par_1_107' title="bbox 2221 4660 3408 4732">
     <span class='ocr_line' id='line_1_108' title="bbox 2221 4660 3408 4732; baseline -0.004 -14"><span class='ocrx_word' id='word_1_851' title='bbox 2221 4676 2418 4732; x_wconf 85' lang='lat' dir='ltr'><strong>genere</strong></span> <span class='ocrx_word' id='word_1_852' title='bbox 2445 4661 2737 4716; x_wconf 90' lang='lat' dir='ltr'><strong>dissimiles</strong></span> <span class='ocrx_word' id='word_1_853' title='bbox 2769 4660 2981 4715; x_wconf 89' lang='lat' dir='ltr'><strong>sibimet</strong></span> <span class='ocrx_word' id='word_1_854' title='bbox 3009 4667 3408 4730; x_wconf 89' lang='lat' dir='ltr'><strong>comparantur.</strong></span> 
     </span>
    </p>
   </div>
   <div class='ocr_carea' id='block_1_108' title="bbox 2298 4749 3811 4821">
    <p class='ocr_par' dir='ltr' id='par_1_108' title="bbox 2298 4749 3811 4821">
     <span class='ocr_line' id='line_1_109' title="bbox 2298 4749 3811 4821; baseline 0 -16"><span class='ocrx_word' id='word_1_855' title='bbox 2298 4752 2449 4807; x_wconf 85' lang='lat' dir='ltr'><strong>Vers.</strong></span> <span class='ocrx_word' id='word_1_856' title='bbox 2482 4752 2567 4805; x_wconf 76' lang='grc'><strong>17.</strong></span> <span class='ocrx_word' id='word_1_857' title='bbox 2612 4749 2898 4804; x_wconf 78' lang='lat' dir='ltr'><strong>Multitudo</strong></span> <span class='ocrx_word' id='word_1_858' title='bbox 2919 4750 3112 4803; x_wconf 84' lang='lat' dir='ltr'><strong>sonitus</strong></span> <span class='ocrx_word' id='word_1_859' title='bbox 3137 4765 3388 4821; x_wconf 81' lang='lat' dir='ltr'><strong>aquarum</strong></span> <span class='ocrx_word' id='word_1_860' title='bbox 3412 4765 3432 4815; x_wconf 88' lang='lat'><em>;</em></span> <span class='ocrx_word' id='word_1_861' title='bbox 3459 4765 3633 4806; x_wconf 79' lang='lat' dir='ltr'><strong>vocem</strong></span> <span class='ocrx_word' id='word_1_862' title='bbox 3663 4752 3811 4805; x_wconf 54' lang='lat' dir='ltr'><strong>dede»</strong></span> 
     </span>
    </p>
   </div>
   <div class='ocr_carea' id='block_1_109' title="bbox 2223 4842 3811 4913">
    <p class='ocr_par' dir='ltr' id='par_1_109' title="bbox 2223 4842 3811 4913">
     <span class='ocr_line' id='line_1_110' title="bbox 2223 4842 3811 4913; baseline -0.001 -15"><span class='ocrx_word' id='word_1_863' title='bbox 2223 4854 2343 4899; x_wconf 87' lang='lat' dir='ltr'><strong>runt</strong></span> <span class='ocrx_word' id='word_1_864' title='bbox 2370 4846 2525 4900; x_wconf 88' lang='lat' dir='ltr'><strong>nubes</strong></span> <span class='ocrx_word' id='word_1_865' title='bbox 2546 4860 2565 4898; x_wconf 92' lang='lat'><strong><em>:</em></strong></span> <span class='ocrx_word' id='word_1_866' title='bbox 2587 4845 2770 4898; x_wconf 85' lang='lat' dir='ltr'><strong>etenim</strong></span> <span class='ocrx_word' id='word_1_867' title='bbox 2809 4843 3007 4913; x_wconf 74' lang='lat' dir='ltr'><strong>sagitta:</strong></span> <span class='ocrx_word' id='word_1_868' title='bbox 3032 4851 3134 4896; x_wconf 74' lang='lat' dir='ltr'><strong>tua:</strong></span> <span class='ocrx_word' id='word_1_869' title='bbox 3163 4846 3587 4912; x_wconf 69' lang='lat' dir='ltr'><strong>pertransierunt.</strong></span> <span class='ocrx_word' id='word_1_870' title='bbox 3631 4842 3811 4898; x_wconf 64' lang='lat' dir='ltr'><strong>Multi-</strong></span> 
     </span>
    </p>
   </div>
   <div class='ocr_carea' id='block_1_110' title="bbox 2227 4934 3808 5005">
    <p class='ocr_par' dir='ltr' id='par_1_110' title="bbox 2227 4934 3808 5005">
     <span class='ocr_line' id='line_1_111' title="bbox 2227 4934 3808 5005; baseline -0.001 -14"><span class='ocrx_word' id='word_1_871' title='bbox 2227 4938 2353 4991; x_wconf 83' lang='lat' dir='ltr'><strong>tudo</strong></span> <span class='ocrx_word' id='word_1_872' title='bbox 2400 4938 2600 4991; x_wconf 82' lang='lat' dir='ltr'><strong>sonitus</strong></span> <span class='ocrx_word' id='word_1_873' title='bbox 2637 4950 2884 5005; x_wconf 85' lang='lat' dir='ltr'><strong>aquarum</strong></span> <span class='ocrx_word' id='word_1_874' title='bbox 2930 4943 3033 4999; x_wconf 88' lang='lat' dir='ltr'><strong>est,</strong></span> <span class='ocrx_word' id='word_1_875' title='bbox 3063 4934 3275 5003; x_wconf 87' lang='lat' dir='ltr'><strong>quando</strong></span> <span class='ocrx_word' id='word_1_876' title='bbox 3318 4935 3617 5004; x_wconf 79' lang='lat' dir='ltr'><strong>psalmodia</strong></span> <span class='ocrx_word' id='word_1_877' title='bbox 3642 4936 3808 4990; x_wconf 82' lang='lat' dir='ltr'><strong>dulcis</strong></span> 
     </span>
    </p>
   </div>
   <div class='ocr_carea' id='block_1_111' title="bbox 2227 5024 3805 5096">
    <p class='ocr_par' dir='ltr' id='par_1_111' title="bbox 2227 5024 3805 5096">
     <span class='ocr_line' id='line_1_112' title="bbox 2227 5024 3805 5096; baseline -0.003 -13"><span class='ocrx_word' id='word_1_878' title='bbox 2227 5029 2467 5092; x_wconf 84' lang='lat' dir='ltr'><strong>offertur,</strong></span> <span class='ocrx_word' id='word_1_879' title='bbox 2506 5025 2718 5095; x_wconf 87' lang='lat' dir='ltr'><strong>quando</strong></span> <span class='ocrx_word' id='word_1_880' title='bbox 2745 5025 3029 5096; x_wconf 83' lang='lat' dir='ltr'><strong>gemitibus</strong></span> <span class='ocrx_word' id='word_1_881' title='bbox 3058 5040 3120 5079; x_wconf 90' lang='lat' dir='ltr'><strong>ac</strong></span> <span class='ocrx_word' id='word_1_882' title='bbox 3150 5025 3405 5096; x_wconf 74' lang='lat' dir='ltr'><strong>lacrymis</strong></span> <span class='ocrx_word' id='word_1_883' title='bbox 3448 5026 3606 5093; x_wconf 86' lang='lat' dir='ltr'><strong>culpa</strong></span> <span class='ocrx_word' id='word_1_884' title='bbox 3649 5024 3805 5079; x_wconf 86' lang='lat' dir='ltr'><strong>dilui-</strong></span> 
     </span>
    </p>
   </div>
   <div class='ocr_carea' id='block_1_112' title="bbox 2226 5116 3802 5188">
    <p class='ocr_par' dir='ltr' id='par_1_112' title="bbox 2226 5116 3802 5188">
     <span class='ocr_line' id='line_1_113' title="bbox 2226 5116 3802 5188; baseline -0.001 -16"><span class='ocrx_word' id='word_1_885' title='bbox 2226 5128 2333 5186; x_wconf 88' lang='lat' dir='ltr'><strong>tur,</strong></span> <span class='ocrx_word' id='word_1_886' title='bbox 2361 5117 2572 5188; x_wconf 91' lang='lat' dir='ltr'><strong>quando</strong></span> <span class='ocrx_word' id='word_1_887' title='bbox 2600 5117 2784 5186; x_wconf 73' lang='lat' dir='ltr'><strong>gratia:</strong></span> <span class='ocrx_word' id='word_1_888' title='bbox 2817 5130 2910 5184; x_wconf 92' lang='lat' dir='ltr'><strong>pro</strong></span> <span class='ocrx_word' id='word_1_889' title='bbox 2932 5124 3183 5185; x_wconf 81' lang='lat' dir='ltr'><strong>suscepto</strong></span> <span class='ocrx_word' id='word_1_890' title='bbox 3204 5122 3427 5171; x_wconf 79' lang='lat' dir='ltr'><strong>munere</strong></span> <span class='ocrx_word' id='word_1_891' title='bbox 3458 5116 3802 5179; x_wconf 84' lang='lat' dir='ltr'><strong>referuntur;</strong></span> 
     </span>
    </p>
   </div>
   <div class='ocr_carea' id='block_1_113' title="bbox 2227 5207 3806 5280">
    <p class='ocr_par' dir='ltr' id='par_1_113' title="bbox 2227 5207 3806 5280">
     <span class='ocr_line' id='line_1_114' title="bbox 2227 5207 3806 5280; baseline -0.001 -16"><span class='ocrx_word' id='word_1_892' title='bbox 2227 5221 2282 5264; x_wconf 89' lang='lat' dir='ltr'><strong>et</strong></span> <span class='ocrx_word' id='word_1_893' title='bbox 2308 5208 2461 5280; x_wconf 88' lang='lat' dir='ltr'><strong>quasi</strong></span> <span class='ocrx_word' id='word_1_894' title='bbox 2488 5218 2637 5263; x_wconf 81' lang='lat' dir='ltr'><strong>mare</strong></span> <span class='ocrx_word' id='word_1_895' title='bbox 2675 5207 3071 5278; x_wconf 82' lang='lat' dir='ltr'><strong>confragosum,-</strong></span> <span class='ocrx_word' id='word_1_896' title='bbox 3125 5211 3193 5262; x_wconf 85' lang='lat' dir='ltr'><strong>ita</strong></span> <span class='ocrx_word' id='word_1_897' title='bbox 3226 5208 3278 5263; x_wconf 90' lang='lat' dir='ltr'><strong>in</strong></span> <span class='ocrx_word' id='word_1_898' title='bbox 3329 5211 3529 5266; x_wconf 82' lang='lat' dir='ltr'><strong>sanctis</strong></span> <span class='ocrx_word' id='word_1_899' title='bbox 3562 5210 3806 5266; x_wconf 83' lang='lat' dir='ltr'><strong>Ecclesiis</strong></span> 
     </span>
    </p>
   </div>
   <div class='ocr_carea' id='block_1_114' title="bbox 2227 5299 3808 5371">
    <p class='ocr_par' dir='ltr' id='par_1_114' title="bbox 2227 5299 3808 5371">
     <span class='ocr_line' id='line_1_115' title="bbox 2227 5299 3808 5371; baseline 0.001 -17"><span class='ocrx_word' id='word_1_900' title='bbox 2227 5308 2479 5354; x_wconf 88' lang='lat' dir='ltr'><strong>resonant</strong></span> <span class='ocrx_word' id='word_1_901' title='bbox 2525 5299 2733 5355; x_wconf 87' lang='lat' dir='ltr'><strong>diversa</strong></span> <span class='ocrx_word' id='word_1_902' title='bbox 2790 5310 2909 5353; x_wconf 85' lang='lat' dir='ltr'><strong>vota</strong></span> <span class='ocrx_word' id='word_1_903' title='bbox 2968 5300 3305 5369; x_wconf 88' lang='lat' dir='ltr'><strong>populorum.</strong></span> <span class='ocrx_word' id='word_1_904' title='bbox 3358 5302 3466 5357; x_wconf 88' lang='lat' dir='ltr'><strong>Sed</strong></span> <span class='ocrx_word' id='word_1_905' title='bbox 3527 5319 3696 5371; x_wconf 86' lang='lat' dir='ltr'><strong>quare</strong></span> <span class='ocrx_word' id='word_1_906' title='bbox 3743 5303 3808 5356; x_wconf 81' lang='lat' dir='ltr'><strong>sit</strong></span> 
     </span>
    </p>
   </div>
   <div class='ocr_carea' id='block_1_115' title="bbox 2224 5388 3805 5461">
    <p class='ocr_par' dir='ltr' id='par_1_115' title="bbox 2224 5388 3805 5461">
     <span class='ocr_line' id='line_1_116' title="bbox 2224 5388 3805 5461; baseline 0.002 -19"><span class='ocrx_word' id='word_1_907' title='bbox 2224 5389 2393 5448; x_wconf 87' lang='lat' dir='ltr'><strong>factus</strong></span> <span class='ocrx_word' id='word_1_908' title='bbox 2421 5389 2615 5443; x_wconf 87' lang='lat' dir='ltr'><strong>sonitus</strong></span> <span class='ocrx_word' id='word_1_909' title='bbox 2642 5388 2980 5442; x_wconf 86' lang='lat' dir='ltr'><strong>multitudinis</strong></span> <span class='ocrx_word' id='word_1_910' title='bbox 3033 5405 3303 5459; x_wconf 87' lang='lat' dir='ltr'><strong>aquarum,</strong></span> <span class='ocrx_word' id='word_1_911' title='bbox 3360 5392 3589 5461; x_wconf 88' lang='lat' dir='ltr'><strong>pulchre</strong></span> <span class='ocrx_word' id='word_1_912' title='bbox 3627 5392 3805 5461; x_wconf 80' lang='lat' dir='ltr'><strong>subje-</strong></span> 
     </span>
    </p>
   </div>
   <div class='ocr_carea' id='block_1_116' title="bbox 2223 5479 3802 5553">
    <p class='ocr_par' dir='ltr' id='par_1_116' title="bbox 2223 5479 3802 5553">
     <span class='ocr_line' id='line_1_117' title="bbox 2223 5479 3802 5553; baseline 0.001 -18"><span class='ocrx_word' id='word_1_913' title='bbox 2223 5481 2294 5535; x_wconf 90' lang='lat' dir='ltr'><strong>cit</strong></span> <span class='ocrx_word' id='word_1_914' title='bbox 2325 5497 2338 5534; x_wconf 89' lang='lat'><strong>:</strong></span> <span class='ocrx_word' id='word_1_915' title='bbox 2364 5480 2486 5549; x_wconf 88' lang='lat' dir='ltr'><strong>quia</strong></span> <span class='ocrx_word' id='word_1_916' title='bbox 2513 5494 2681 5533; x_wconf 77' lang='lat' dir='ltr'><strong>vocem</strong></span> <span class='ocrx_word' id='word_1_917' title='bbox 2717 5479 2963 5531; x_wconf 86' lang='lat' dir='ltr'><strong>dederunt</strong></span> <span class='ocrx_word' id='word_1_918' title='bbox 2991 5480 3165 5535; x_wconf 83' lang='lat' dir='ltr'><strong>nubes.</strong></span> <span class='ocrx_word' id='word_1_919' title='bbox 3197 5480 3392 5546; x_wconf 88' lang='lat' dir='ltr'><strong>Nubes,</strong></span> <span class='ocrx_word' id='word_1_920' title='bbox 3424 5484 3802 5553; x_wconf 61' lang='lat' dir='ltr'><strong>praedicatores</strong></span> 
     </span>
    </p>
   </div>
   <div class='ocr_carea' id='block_1_117' title="bbox 2224 5568 3799 5643">
    <p class='ocr_par' dir='ltr' id='par_1_117' title="bbox 2224 5568 3799 5643">
     <span class='ocr_line' id='line_1_118' title="bbox 2224 5568 3799 5643; baseline 0.001 -17"><span class='ocrx_word' id='word_1_921' title='bbox 2224 5570 2523 5643; x_wconf 83' lang='lat' dir='ltr'><strong>signiﬁcare</strong></span> <span class='ocrx_word' id='word_1_922' title='bbox 2558 5584 2700 5639; x_wconf 60' lang='lat' dir='ltr'><strong>saepe</strong></span> <span class='ocrx_word' id='word_1_923' title='bbox 2743 5568 2854 5637; x_wconf 88' lang='lat' dir='ltr'><strong>jam</strong></span> <span class='ocrx_word' id='word_1_924' title='bbox 2884 5569 3148 5635; x_wconf 78' lang='lat' dir='ltr'><strong>diximus;</strong></span> <span class='ocrx_word' id='word_1_925' title='bbox 3196 5571 3264 5626; x_wconf 90' lang='lat' dir='ltr'><strong>de</strong></span> <span class='ocrx_word' id='word_1_926' title='bbox 3308 5574 3505 5643; x_wconf 88' lang='lat' dir='ltr'><strong>quibus</strong></span> <span class='ocrx_word' id='word_1_927' title='bbox 3548 5577 3799 5643; x_wconf 64' lang='lat' dir='ltr'><strong>scriptum</strong></span> 
     </span>
    </p>
   </div>
   <div class='ocr_carea' id='block_1_118' title="bbox 2224 5661 3799 5730">
    <p class='ocr_par' dir='ltr' id='par_1_118' title="bbox 2224 5661 3799 5730">
     <span class='ocr_line' id='line_1_119' title="bbox 2224 5661 3799 5730; baseline 0.001 -12"><span class='ocrx_word' id='word_1_928' title='bbox 2224 5672 2307 5718; x_wconf 87' lang='lat' dir='ltr'><strong>est</strong></span> <span class='ocrx_word' id='word_1_929' title='bbox 2332 5681 2344 5715; x_wconf 90' lang='lat'><strong>:</strong></span> <span class='ocrx_word' id='word_1_930' title='bbox 2396 5661 2657 5716; x_wconf 81' lang='lat' dir='ltr'><strong>Mandabo</strong></span> <span class='ocrx_word' id='word_1_931' title='bbox 2696 5661 2909 5715; x_wconf 86' lang='lat' dir='ltr'><strong>nubibus</strong></span> <span class='ocrx_word' id='word_1_932' title='bbox 2940 5662 3061 5714; x_wconf 86' lang='lat' dir='ltr'><strong>meis</strong></span> <span class='ocrx_word' id='word_1_933' title='bbox 3086 5678 3147 5715; x_wconf 84' lang='lat' dir='ltr'><strong>ne</strong></span> <span class='ocrx_word' id='word_1_934' title='bbox 3168 5662 3347 5725; x_wconf 75' lang='lat' dir='ltr'><strong>pluunt</strong></span> <span class='ocrx_word' id='word_1_935' title='bbox 3374 5680 3528 5730; x_wconf 79' lang='lat' dir='ltr'><strong>super</strong></span> <span class='ocrx_word' id='word_1_936' title='bbox 3567 5680 3678 5719; x_wconf 82' lang='lat' dir='ltr'><strong>eam</strong></span> <span class='ocrx_word' id='word_1_937' title='bbox 3708 5668 3799 5719; x_wconf 78' lang='lat' dir='ltr'><strong>int-</strong></span> 
     </span>
    </p>
   </div>
   <div class='ocr_carea' id='block_1_119' title="bbox 2225 5752 3800 5827">
    <p class='ocr_par' dir='ltr' id='par_1_119' title="bbox 2225 5752 3800 5827">
     <span class='ocr_line' id='line_1_120' title="bbox 2225 5752 3800 5827; baseline 0 -18"><span class='ocrx_word' id='word_1_938' title='bbox 2225 5756 2365 5810; x_wconf 87' lang='lat' dir='ltr'><strong>brem</strong></span> <span class='ocrx_word' id='word_1_939' title='bbox 2406 5753 2558 5827; x_wconf 85' lang='lat' dir='ltr'><strong>(Isai.</strong></span> <span class='ocrx_word' id='word_1_940' title='bbox 2592 5769 2644 5823; x_wconf 90' lang='lat' dir='ltr'><strong>v,</strong></span> <span class='ocrx_word' id='word_1_941' title='bbox 2688 5752 2764 5826; x_wconf 86' lang='grc'><strong>6).</strong></span> <span class='ocrx_word' id='word_1_942' title='bbox 2815 5752 2914 5821; x_wconf 87' lang='lat' dir='ltr'><strong>Qui</strong></span> <span class='ocrx_word' id='word_1_943' title='bbox 2945 5768 3112 5808; x_wconf 84' lang='lat' dir='ltr'><strong>vocem</strong></span> <span class='ocrx_word' id='word_1_944' title='bbox 3162 5768 3312 5811; x_wconf 72' lang='lat' dir='ltr'><strong>suam</strong></span> <span class='ocrx_word' id='word_1_945' title='bbox 3360 5770 3607 5823; x_wconf 76' lang='lat' dir='ltr'><strong>ntagnam</strong></span> <span class='ocrx_word' id='word_1_946' title='bbox 3654 5760 3800 5810; x_wconf 80' lang='lat' dir='ltr'><strong>dede.-</strong></span> 
     </span>
    </p>
   </div>
  </div>
