4036 6342
268 411 377 471 555

1148 413 1509 475 ΕΧΡΟΞΙἸΊΟ
1547 412 1614 475 ΙΝ
1651 414 2114 479 PSALTERIUM.
2156 420 2349 481 PSAL.
2389 421 2649 484 LXXVI}.

3442 438 3543 497 551

267 540 407 598 runt,
440 540 560 586 cum
590 534 853 601 praecepta
880 529 1094 586 Domini
1126 532 1475 601 vulgaverant
1499 532 1554 586 in
1584 539 1695 588 toto
1716 532 1847 591 orbe
1874 540 1929 600 Α
1956 532 2061 590 Ιιιηι
2113 536 2344 605 pertinet
2399 539 2765 596 Hebraeorum.
2828 539 3049 601 Dedu:ti
3101 544 3243 602 enim
3300 563 3416 604 sunt
3486 556 3540 607 in

267 630 565 690 terrarum,
597 624 736 679 sicut
764 632 819 679 et
856 624 991 679 alius
1037 625 1276 694 psalmus
1322 636 1447 681 ante
1495 625 1846 695 praedicavit:

269 712 335 768 In
364 729 566 769 onmem
606 723 791 769 terram
822 717 972 771 exivit
992 732 1146 772 sonus
1172 733 1371 784 eorum,
1398 726 1445 771 et
1474 718 1530 771 in
1558 718 1686 787 lines
1717 719 1851 773 orbis

264 813 418 860 terra:
453 803 604 859 verba
627 820 799 859 eorum
823 805 995 877 (Psal.
1028 822 1186 873 xvnt,
1210 806 1286 878 5).
1318 807 1453 862 Hinc
1479 807 1676 862 sonitus
1705 810 1852 865 venit

264 913 537 967 aquarum,
584 896 710 953 hinc
737 897 949 954 turbata:
975 908 1092 953 sunt
1113 900 1323 970 abyssi:
1366 900 1488 971 quia
1538 902 1699 956 verba
1750 902 1849 956 ista

265 989 703 1059 praedicationum
734 990 1034 1047 errantibus
1080 992 1288 1062 populis
1327 991 1630 1048 devotionis
1675 993 1849 1049 studia

264 1080 623 1137 contulerunt.
668 1080 953 1152 Sequitur,
1003 1083 1185 1136 etenim
1210 1082 1409 1152 sagittae
1457 1094 1557 1139 tua:
1592 1094 1849 1154 pertrans-

263 1173 448 1228 icruut.
500 1173 727 1244 Sagittas
775 1173 860 1229 hic
916 1174 1269 1243 evangelistas
1312 1173 1569 1229 deet-nter
1612 1174 1846 1230 adverti-

266 1280 408 1331 mus,
437 1266 523 1335 qui
546 1264 1014 1336 praedicationibus
1037 1266 1148 1321 suis
1176 1267 1399 1321 devotos
1426 1268 1653 1336 populos
1675 1283 1847 1339 usque

265 1357 335 1412 ad
362 1357 539 1413 cordis
564 1358 749 1413 intima
771 1357 1610 1429 medicinaliter'transfoderunt,
1636 1375 1741 1418 non
1772 1361 1851 1416 in-

264 1448 413 1506 ﬂicto
438 1450 684 1521 vulnere,
713 1450 809 1505 sed
839 1451 1030 1507 salute.

339 1540 494 1595 Ve'rs.
526 1542 614 1596 18.
671 1541 1014 1597 Voztonitrui
1056 1542 1129 1598 tui
1170 1543 1223 1597 iu
1253 1552 1370 1597 rota
1397 1558 1417 1598 :
1456 1542 1737 1613 illuxerunt
1764 1561 1850 1601 co-

264 1634 583 1689 ruscotioues
612 1643 715 1691 ιιιαε
735 1635 845 1690 orbi
874 1643 1020 1690 terra:
1050 1650 1070 1689 ἔ
1104 1645 1356 1691 commota
1379 1645 1451 1692 est
1472 1649 1520 1691 ει
1548 1640 1848 1693 contremuit

264 1730 423 1779 terra.
476 1724 538 1777 Et
583 1725 686 1780 hoc
735 1739 947 1795 quoque
997 1729 1359 1796 comparative
1421 1726 1663 1784 dicitur:
1723 1730 1851 1800 quia

264 1814 478 1868 tonitrui
502 1829 598 1869 vox
636 1814 708 1870 ita
738 1815 1050 1883 revolvitur,
1082 1817 1233 1887 quasi
1266 1818 1333 1872 de
1359 1820 1491 1873 r0tis
1517 1820 1701 1875 venire
1729 1836 1850 1890 per—
1894 1828 1907 1835 ’·

1957 627 2125 699 Moysi
2147 639 2194 683 et
2219 631 2393 684 Aaron
2424 648 2597 698 manu,
2632 632 2683 688 id
2711 644 2794 690 est
2821 637 3132 705 operatione
3159 654 3320 709 quam
3347 643 3532 700 diver-

1952 734 2134 777 sorum
2205 723 2583 782 miraculorum
2637 729 2876 786 novitate
2941 729 3227 790 faciebant.
3280 736 3348 791 Et
3397 738 3535 797 bene

1951 813 2136 869 dixit:
2187 813 2336 870 Sicut
2372 832 2507 884 oves,
2554 834 2659 875 non
2703 831 2878 878 tamen
2920 838 3070 893 oves,
3125 828 3251 896 quia
3284 844 3391 885 non
3419 847 3538 887 cre-

1951 905 2130 962 dendo
2176 907 2303 964 facti
2348 918 2473 965 sunt
2500 910 2661 968 inedi.
2715 914 2811 971 llic
2837 917 3002 984 enim,
3049 919 3197 988 sicut,
3248 927 3529 982 veritatem

1953 1013 2061 1055 non
2087 1001 2367 1074 signiﬁcat,
2396 1006 2490 1060 sed
2513 1007 2965 1078 imaginationem.
2993 1011 3198 1085 Moyses
3236 1028 3416 1076 autem
3448 1022 3535 1075 in-

1952 1099 2273 1163 terpretatur
2318 1109 2622 1169 assumptus
2649 1141 2664 1167 ,
2716 1104 2969 1173 quoniam
3014 1106 3080 1163 de
3127 1109 3347 1169 ﬂumine
3377 1115 3540 1171 colle-

1951 1194 2070 1241 ctus
2118 1198 2199 1243 est
2242 1204 2272 1242 a
2323 1191 2427 1246 lilia
2478 1191 2792 1249 Pharaonis.
2842 1196 3011 1252 Aaron
3061 1214 3190 1256 vero
3214 1203 3537 1262 fortitudinis

1954 1293 2128 1334 lllOllS.
2160 1279 2289 1346 Qute
2316 1283 2530 1339 nomina
2565 1285 2708 1355 ipsas
2741 1302 2952 1359 quoque
2973 1292 3196 1349 virtutes
3226 1311 3360 1365 quas
3390 1298 3535 1355 leee~

1950 1379 2075 1425 runt
2104 1372 2352 1431 videntur
2386 1378 2720 1446 exprimere.
2771 1380 2975 1452 Moyses
3021 1385 3162 1440 cnim
3213 1388 3354 1444 inter
3405 1392 3534 1456 alia,

1944 1460 2167 1531 jnbeute
2213 1465 2458 1534 Domino,
2492 1468 2547 1525 in
2596 1472 2748 1540 aquis
2792 1482 2875 1529 est
2916 1488 3190 1548 operatus,
3241 1482 3453 1551 quando
3486 1485 3537 1539 in

1950 1556 2081 1610 mari
2125 1556 2307 1614 Rubro
2348 1561 2601 1618 Hebraeos
2642 1568 2781 1620 viam
2823 1566 2948 1621 fecit
2985 1568 3184 1627 habere
3226 1581 3533 1642 terrenam,

1951 1653 2256 1724 signiﬁcans
2284 1674 2378 1728 per
2407 1660 2741 1730 baptismatis
2786 1665 2983 1721 donum
3036 1668 3373 1728 liberandum
3414 1690 3537 1731 esse

1953 1749 2205 1817 populum
2238 1752 2467 1808 ﬁdelem.
2500 1756 2673 1810 Aaron
2700 1757 2955 1815 Ecclesia:
2979 1761 3195 1818 tenebat
3224 1764 3537 1835 imaginem,

1950 1858 2109 1911 quam
2139 1846 2297 1917 263
2333 1846 2469 1903 bene
2511 1851 2677 1905 monti
2704 1850 3002 1909 fortissimo
3028 1860 3384 1927 comparavit,
3414 1876 3535 1930 quae

263 1906 627 1977 strepentibus
666 1906 931 1963 audiatur.
956 1909 1044 1964 Sic
1067 1910 1212 1964 enim
1252 1924 1372 1965 cum
1401 1910 1470 1967 de
1496 1925 1706 1970 summo
1728 1914 1846 1969 lun-

1953 1941 2007 1988 et
2037 1906 2458 1994 honoresancto
2488 1944 2786 2010 praeminet,
2838 1953 2893 2001 et
2940 1946 3062 2003 ﬁdei
3110 1906 3384 2013 sdliditate
3410 1906 3541 2010 conc

264 1996 431 2066 ditur,
474 2000 648 2069 spatio
690 1999 949 2054 ctelorum
996 2000 1218 2055 volubili
1265 2004 1689 2061 murmuratione
1729 2020 1852 2075 per-

265 2098 565 2157 transeunt,
608 2100 667 2146 ut
709 2100 911 2146 rotatas
961 2100 1123 2163 atque
1176 2094 1426 2150 sinuosos
1474 2095 1590 2165 ipse
1641 2099 1852 2155 sonitus

261 2184 542 2239 sentiatur.
573 2183 698 2241 Sive
724 2185 893 2255 magis
916 2186 970 2240 in
995 2196 1124 2253 rota,
1175 2188 1363 2243 orbem
1394 2198 1657 2245 terrarum
1687 2190 1851 2247 debe-

261 2290 383 2330 mus
410 2276 674 2347 accipere,
706 2277 795 2348 qui
827 2279 878 2334 in
904 2278 1136 2349 speciem
1163 2288 1289 2336 rota:
1325 2280 1568 2336 absoluta
1607 2282 1851 2338 rOtundi-

261 2375 373 2425 tate
402 2370 757 2426 concluditur.
789 2369 856 2425 In
881 2382 996 2427 rota
1026 2388 1173 2443 ergo,
1208 2374 1262 2429 id
1300 2384 1382 2431 est
1408 2373 1463 2430 in
1492 2377 1711 2441 mundo,
1752 2393 1852 2432 vos:

259 2465 477 2519 tonitrui
496 2466 610 2536 ejus
636 2480 851 2538 egressa
881 2476 984 2535 est,
1030 2468 1244 2538 quando
1285 2469 1670 2539 praedicatores
1696 2468 1852 2526 Chri-

256 2558 331 2612 sti
358 2557 617 2614 circulum
646 2560 811 2613 totius
836 2559 982 2614 orbis
1012 2560 1189 2615 verbis
1235 2561 1546 2617 tonantibus
1590 2563 1851 2632 impleve-

256 2664 406 2705 runt.
440 2649 548 2706 Sed
584 2650 693 2705 illa:
721 2650 912 2717 nubes,
943 2651 1037 2705 illa
1061 2653 1313 2719 tonitrua,
1340 2654 1585 2722 sequitur
1611 2653 1738 2723 quid
1766 2653 1849 2709 le-

255 2750 472 2797 cerunt.
505 2739 797 2795 Illuxerunt
826 2743 1199 2797 coruscationes
1226 2754 1325 2798 tua:
1344 2744 1451 2799 orbi
1474 2752 1642 2799 terrae.
1668 2745 1852 2816 Dignis

256 2832 748 2902 comparationibus
794 2832 1049 2889 beneﬁcia
1094 2833 1274 2889 divina
1318 2845 1625 2904 narrantur,
1674 2845 1733 2892 ut
1760 2853 1849 2895 res

256 2926 511 2981 caelestes
560 2924 805 2994 superuis
859 2923 1296 2983 similitudinibus
1351 2938 1717 2999 exponentur.
1767 2928 1849 2984 Il-

257 3017 495 3074 luxerunt
515 3018 910 3085 coruscationes,
938 3017 1117 3074 divina
1148 3030 1412 3091 praecepta
1443 3021 1577 3077 dicit
1605 3022 1849 3079 veritatis

258 3110 461 3165 lumine
503 3109 785 3176 radiantia,
817 3124 939 3179 qua:
967 3111 1220 3166 tenebras
1247 3111 1524 3168 hominum
1552 3127 1650 3183 per
1678 3122 1846 3169 totum

260 3203 520 3257 mundum
544 3202 761 3256 salutari
783 3200 1175 3258 illuminatione
1198 3201 1535 3271 fugaverunt.
1557 3203 1846 3261 Dicitenim

1957 2027 2116 2083 sistit.
2146 2028 2234 2084 llis
2264 2031 2407 2086 enim
2438 2032 2664 2090 ducibus
2687 2036 3048 2097 lsraelitarum
3076 2042 3336 2114 populum
3361 2045 3544 2103 divina

1954 2121 2152 2178 virtute
2189 2123 2415 2194 legimus
2440 2141 2560 2183 esse
2591 2128 2901 2189 liberatum.

2490 2244 2762 2304 Conclusio
2797 2252 3001 2322 psalmi.

2028 2356 2073 2409 0
2088 2354 2322 2413 Idithum
2347 2373 2475 2415 vere
2505 2360 2855 2419 humanarum
2873 2381 3052 2421 rerum
3077 2370 3369 2427 transililor
3386 2386 3539 2443 egre-

1954 2448 2038 2519 gie
2060 2490 2075 2516 ,
2107 2451 2197 2522 qui
2244 2453 2507 2522 psalmum
2551 2455 2786 2511 mirabili
2825 2457 3155 2516 institutione
3199 2466 3457 2533 captasti,
3489 2466 3544 2522 in

1955 2543 2387 2601 tribulationibus
2415 2549 2737 2604 exercitatus
2764 2552 2967 2621 negasti
3001 2560 3052 2607 te
3090 2554 3198 2609 ullo
3224 2555 3385 2611 modo
3413 2571 3545 2613 con-

1954 2632 2207 2689 solatum.
2243 2637 2449 2693 Deinde
2475 2640 2790 2698 deliberatio
2828 2653 2912 2697 tua
2941 2645 3007 2699 ad
3037 2646 3325 2715 perlectam
3366 2651 3543 2706 nosci-

1956 2732 2043 2779 tur
2078 2727 2389 2796 pervenisse
2417 2734 2757 2788 sententiam.
2792 2736 2974 2791 Tertio
3009 2737 3175 2794 sentis
3205 2749 3258 2794 te
3282 2740 3393 2809 jam
3426 2742 3543 2797 feli-

1954 2818 2087 2873 citer
2122 2820 2491 2889 immutatum;
2524 2840 2621 2880 nec
2659 2836 2835 2881 tamen
2878 2832 3146 2898 prosperis
3187 2832 3425 2887 animum
3460 2849 3544 2889 re-

1953 2910 2103 2966 laxas
2155 2930 2171 2969 :
2220 2914 2316 2970 sed
2356 2929 2478 2969 cum
2518 2924 2568 2972 te
2606 2932 2819 2988 semper
2859 2919 3119 2979 intentum
3157 2922 3223 2978 ad
3278 2924 3541 2995 magnalia

1954 3003 2166 3060 Domini
2200 3006 2465 3074 proﬁteris
2485 3049 2501 3076 ,
2526 3020 2809 3078 augmento
2837 3011 3069 3081 quodam
3099 3013 3376 3082 sapientia:
3398 3014 3542 3086 jugi-

1954 3103 2037 3152 ter
2065 3095 2351 3163 profecisse
2389 3101 2753 3169 cognosceris.
2796 3104 2998 3169 Quarto
3046 3105 3297 3161 miracula
3344 3104 3544 3162 Christi

1949 3188 2051 3243 sub
2077 3203 2267 3260 magna
2297 3190 2656 3247 exsultatione
2684 3194 3062 3261 concelebras,
3092 3204 3146 3251 et
3178 3212 3299 3252 cum
3329 3197 3541 3254 diversa

260 3297 488 3350 tonitrua
525 3304 579 3351 et
604 3296 976 3351 coruscationes
1020 3295 1138 3351 ista:
1164 3296 1288 3367 quid
1318 3296 1559 3367 egerint;
1589 3307 1650 3354 ut
1685 3308 1844 3368 terra,

1953 3283 2240 3354 percurris,
2256 3285 2641 3340 institutionem
2656 3286 2958 3344 Christiano
2974 3289 3166 3358 populo
3178 3304 3280 3359 qua
3304 3290 3542 3355 salvetur

259 3386 314 3443 id
344 3394 428 3441 est
462 3400 687 3456 corpora
717 3396 899 3441 nostra
943 3397 1413 3443 commoverentur
1451 3396 1507 3444 et
1560 3391 1850 3445 contremi-

260 3487 474 3535 soerent
494 3481 673 3534 audito
695 3488 842 3535 tanto
890 3480 1166 3536 miraculo.
1220 3480 1531 3537 Commotus
1569 3485 1767 3555 quippe
1794 3494 1848 3542 et

263 3570 609 3627 tremefactos
650 3571 773 3627 illos
809 3568 960 3639 ﬁcit,
990 3572 1081 3642 qui
1115 3574 1333 3630 verbum
1367 3575 1459 3629 Dei
1504 3574 1733 3631 ﬁdeliter
1759 3592 1851 3633 au-

259 3663 473 3719 dientes
535 3663 601 3718 ad
657 3665 1027 3721 conversionis
1075 3666 1307 3723 studium
1361 3665 1560 3725 Christi
1623 3685 1849 3729 munere

258 3765 641 3826 pervenerunt.

336 3847 488 3904 Vers.
523 3850 610 3906 t9.
653 3849 721 3904 In
765 3851 899 3905 mari
924 3849 1017 3906 vite
1042 3859 1165 3919 tuae,
1205 3860 1255 3909 et
1284 3853 1477 3909 semitae
1498 3862 1600 3910 tua:
1618 3854 1672 3910 in
1699 3855 1848 3928 aquis

257 3939 434 3995 multis
475 3957 495 3997 :
516 3951 563 3997 et
588 3944 800 4015 vestigia
826 3952 914 3997 tua
951 3959 1053 3999 non
1093 3953 1482 4015 cognoscentur.
1511 3944 1569 4001 Si
1599 3946 1666 4002 ad
1706 3946 1851 4003 litte-

258 4050 377 4091 ram
403 4036 503 4093 hoc
525 4037 658 4093 velis
684 4040 952 4110 accipere,
994 4041 1047 4095 in
1078 4041 1211 4095 mari
1238 4042 1334 4096 luit
1362 4044 1442 4097 via
1468 4042 1607 4113 ejus,
1631 4043 1850 4113 quando

256 4142 425 4198 super
480 4128 635 4186 dorsa
694 4131 865 4203 pelagi
927 4132 1207 4187 visualiter
1261 4133 1577 4200 ambulans,
1627 4135 1847 4191 Petrum

255 4220 557 4290 apostolum
588 4232 644 4278 ut
664 4222 730 4278 ad
756 4238 816 4278 se
844 4224 1050 4280 veniret
1075 4224 1337 4279 evocavit.
1372 4224 1498 4280 Sive
1519 4225 1690 4296 magis
1718 4226 1848 4283 illud

256 4312 664 4382 intelligendum
685 4323 807 4370 est:
834 4312 903 4368 In
932 4314 1061 4369 mari
1082 4315 1176 4370 vita
1203 4325 1323 4382 ture,
1354 4315 1407 4371 in
1436 4316 1849 4386 cogitationibus

256 4404 576 4473 hominum,
632 4422 750 4476 qua:
796 4408 943 4463 velut
996 4421 1145 4463 mare
1199 4407 1457 4477 perﬁdum
1524 4409 1781 4465 ﬂuctuant
1829 4426 1846 4467 :

256 4497 349 4551 ubi
383 4506 561 4552 tamen
610 4498 700 4553 ille
747 4498 863 4554 vias
909 4498 1109 4567 habet,
1154 4499 1366 4569 quando
1410 4514 1505 4556 eos
1552 4501 1654 4557 sibi
1703 4502 1847 4574 larga

256 4592 453 4660 pietate
504 4590 821 4648 subdiderit.
871 4592 1032 4660 Aqua:
1096 4594 1310 4660 mutue,
1365 4593 1554 4651 eadem
1620 4611 1847 4652 conver-

255 4697 439 4741 sorum
464 4692 549 4740 est
592 4684 746 4741 turba
773 4685 1053 4756 gentilium
1079 4701 1093 4739 :
1124 4684 1215 4740 ubi
1242 4694 1367 4741 sunt
1392 4688 1587 4743 semita:
1608 4687 1841 4757 Domini,
1870 4703 1925 4768 ι)

254 4774 306 4829 id
334 4784 417 4830 est
460 4776 554 4831 vice
594 4775 782 4846 ipsius,
812 4774 939 4831 dum
985 4775 1052 4831 ad
1082 4790 1177 4832 eos
1200 4776 1384 4832 venire
1421 4777 1692 4848 dignatur.
1742 4778 1844 4837 Se-

252 4871 458 4942 quitur,
505 4880 555 4927 et
597 4873 809 4944 vestigia
856 4879 946 4927 tua
992 4879 1097 4927 non
1140 4882 1530 4943 cognoscentur.
1567 4874 1678 4930 Hoc
1723 4889 1845 4932 cum

251 4965 611 5033 imputatione
639 4966 922 5035 legendum
964 4974 1074 5032 est;
1116 4975 1176 5019 ut
1223 4979 1343 5021 cum
1395 4966 1570 5036 palam
1616 4969 1845 5036 venerit,

250 5056 529 5127 tantisque
555 5071 616 5113 se
643 5056 1102 5113 demonstraverit
1149 5056 1443 5124 miraculis,
1490 5074 1597 5114 non
1644 5060 1715 5114 sit
1760 5067 1846 5114 ta-

248 5166 379 5206 men
400 5151 641 5224 eognitus
674 5152 742 5207 ab
770 5150 1074 5207 inﬁdelibus
1105 5150 1328 5207 Judmis.
1362 5151 1550 5208 Merito
1578 5166 1707 5223 ergo
1736 5152 1841 5207 illis

252 5244 567 5314 exprobrat,
597 5243 686 5315 qui
716 5251 877 5298 tantm
916 5243 1185 5312 maiestati
1231 5252 1286 5297 et
1330 5250 1437 5298 tam
1485 5244 1843 5313 praesentibus

253 5336 530 5392 beneﬁciis
573 5335 793 5392 credere
838 5334 1147 5391 noluerunt.
1187 5333 1414 5406 Vestigia
1456 5336 1721 5407 siquidem
1770 5337 1844 5391 si-

253 5428 513 5500 gniﬁcant
536 5427 872 5499 praesentiam
901 5425 1262 5497 corporalem;
1296 5441 1418 5481 nam
1445 5428 1732 5499 vestigium
1758 5436 1845 5486 est

256 5522 453 5592 planta:
484 5523 713 5594 signum,
746 5521 887 5593 quod
918 5521 1139 5577 facimus
1167 5520 1520 5577 ambulantes.
1568 5530 1575 5538 ‘

334 5616 484 5671 Vers.
532 5617 622 5671 ‘20.
668 5616 936 5670 Dedumisti
964 5617 1095 5671 sicut
1122 5632 1234 5670 oves
1281 5614 1527 5687 populant
1576 5624 1738 5683 tuum,
1787 5617 1841 5671 in

254 5725 415 5763 manu
434 5707 602 5780 Moysi
622 5718 667 5764 et
693 5712 882 5765 Aaron.
905 5710 1036 5765 Cum
1063 5710 1163 5765 hoc
1187 5708 1499 5764 miraculum
1530 5710 1663 5765 nulli
1688 5710 1839 5766 alteri

256 5800 432 5867 possit
458 5801 649 5871 aptari,
697 5802 815 5855 sine
840 5800 1002 5855 dubio
1032 5810 1085 5856 et
1116 5801 1202 5855 illa
1251 5801 1531 5871 imputatio
1560 5818 1676 5872 qua:
1705 5818 1840 5873 pra:-

256 5891 466 5966 cessit,
493 5895 615 5967 quia
644 5910 746 5948 non
774 5904 1137 5965 cognoverunt
1167 5894 1388 5967 vestigia
1416 5895 1550 5969 ejus,
1583 5896 1647 5952 ad
1681 5912 1839 5973 popu-

541 5992 809 6058 Pnsoe.
861 5991 1059 6057 LXX.

1953 3376 2212 3433 ostendis.
2246 3377 2480 3447 Praesta,
2510 3379 2766 3449 Domine,
2804 3390 2861 3435 ut
2885 3383 3040 3438 solita
3079 3397 3176 3438 nos
3206 3382 3399 3451 iubeas
3420 3385 3541 3455 pie.

1953 3477 2061 3524 tate
2090 3470 2344 3540 purgari;
2376 3483 2642 3542 quatenus
2684 3474 2774 3544 qui
2804 3489 2990 3532 sumus
3033 3486 3248 3532 actuum
3284 3478 3539 3546 qualitate

1952 3559 2263 3626 dissimiles,
2291 3562 2574 3619 clementia
2603 3572 2690 3619 tua
2719 3564 2878 3621 faciat
2905 3582 3027 3622 esse
3054 3578 3354 3627 consortes.

2174 3675 2534 3734 EXPOSITIO
2577 3678 2643 3735 IN
2682 3678 3011 3785 PSAEMUM
3049 3679 3319 3793 LXXV"é

2472 3791 2774 3847 Intellectus
2801 3766 2999 3864 Asopia.

1994 3936 1997 3939 ι
2022 3895 2242 3967 Quoties
2268 3898 2551 3956 intellectus
2582 3902 2850 3958 invenitur
2875 3905 2929 3959 in
2960 3904 3157 3974 titulis,
3205 3919 3411 3977 magna:
3435 3922 3534 3964 cu-

1945 3989 2157 4061 jusdam
2190 3994 2267 4048 rei
2301 3996 2456 4051 nobis
2484 3993 2837 4064 signiﬁcantia
2866 3996 3185 4054 declaratur.
3234 3999 3364 4055 Nam
3417 4016 3540 4057 cum

1951 4083 2261 4137 intellectum
2289 4086 2610 4154 generaliter
2646 4087 2887 4143 dicamus
2917 4086 3171 4159 quidquid
3202 4103 3301 4144 nos
3348 4091 3539 4146 adver-

1952 4182 2065 4230 tere
2092 4174 2289 4230 bonum
2334 4177 2635 4248 malumque
2684 4178 2831 4245 facit,
2885 4178 2973 4233 hic
3013 4186 3191 4235 tamen
3235 4188 3362 4237 tunc
3388 4181 3541 4237 intel-

1951 4265 2110 4321 lectus
2140 4269 2374 4337 ponitur,
2402 4270 2615 4339 quando
2645 4285 2834 4328 sensus
2866 4281 3049 4328 noster
3074 4273 3312 4344 perlecta
3337 4274 3539 4330 intelli-

1951 4359 2132 4428 gentia
2163 4361 2334 4417 tendit
2369 4362 2436 4416 ad
2471 4362 2773 4420 Dominum.
2807 4366 2981 4437 Asaph
3011 4382 3142 4424 vero
3171 4367 3404 4424 diximus
3432 4369 3537 4425 He-

1951 4450 2096 4507 braea
2125 4452 2304 4524 lingua
2332 4455 2634 4525 signiﬁcare
2659 4457 3020 4530 Synagogam,
3048 4459 3236 4516 Latine
3264 4462 3538 4517 collectio.

1951 4562 2095 4605 nem.
2115 4547 2222 4606 Sed
2250 4548 2371 4620 quia
2392 4550 2698 4606 intellectum
2721 4554 2997 4622 praemisit,
3029 4553 3237 4609 ﬁdelem
3263 4554 3347 4608 hic
3370 4555 3536 4624 Syna-

1951 4659 2139 4715 gogam
2197 4644 2346 4715 loqui
2406 4661 2562 4718 posse
2621 4646 2931 4702 declaravit.
2994 4646 3334 4717 Exprobrare
3388 4646 3535 4703 enim

1948 4737 2105 4793 malis
2130 4747 2422 4810 nequeunt,
2452 4738 2555 4794 nisi
2583 4737 2747 4793 corda
2773 4739 3031 4795 ﬁdelium.

2511 4847 2708 4904 Divisio
2736 4850 2944 4922 psalmi.

2019 4963 2231 5031 Quanto
2274 4964 2511 5035 psalmus
2556 4964 2644 5021 hic
2691 4964 2947 5035 probatur
2985 4978 3106 5020 esse
3152 4963 3500 5036 longissimus
3528 5005 3547 5033 ,

1950 5065 2097 5113 tanto
2115 5058 2405 5113 studiosius
2420 5057 2581 5113 debet
2602 5058 2906 5113 numerosis
2925 5058 3277 5115 divisionibus
3298 5060 3532 5130 aperiri;

1947 5157 2006 5204 ut
2032 5158 2085 5204 et
2108 5165 2201 5219 per
2221 5149 2622 5205 distinctionem
2651 5148 2843 5205 melius
2866 5148 3155 5220 elucescat,
3178 5162 3231 5207 et
3260 5152 3372 5222 ipsa
3397 5167 3537 5223 par-

1945 5242 2079 5296 tium
2107 5241 2344 5297 sectione
2381 5241 2650 5296 fastidium
2697 5240 3100 5312 longinquitatis
3147 5234 3441 5316 abstergat.
3475 5245 3540 5301 In

1948 5336 2115 5406 prima
2163 5345 2314 5406 parte
2357 5334 2577 5406 psalmi,
2618 5335 2726 5391 duo
2763 5343 2965 5391 tantum
3008 5337 3256 5393 versiculi
3291 5352 3537 5408 personas

1948 5428 2161 5486 Domini
2208 5430 2501 5499 probantur
2544 5426 2757 5499 aptari,
2799 5437 2860 5485 ut
2920 5432 3217 5487 reverentia
3258 5438 3537 5487 cresceret

1944 5520 2281 5591 sequentium
2313 5519 2608 5586 dictorum,
2642 5519 2731 5575 ubi
2770 5520 2888 5589 ipse
2922 5536 3018 5576 rex
3045 5520 3219 5577 lacere
3250 5521 3536 5577 videbatur

1944 5612 2177 5667 initium.
2213 5612 2455 5668 Secunda
2487 5620 2639 5679 parte
2681 5613 2837 5668 latius
2885 5612 3121 5683 loquitur
3169 5612 3391 5684 Asaph,
3425 5613 3541 5666 ima

1944 5714 2137 5775 putans
2162 5704 2362 5760 Iudaeis
2406 5704 2546 5775 qttod
2600 5705 2759 5758 tantis
2806 5704 3078 5759 beneﬁciis
3119 5702 3332 5759 Domini
3370 5703 3531 5757 exsti-

1943 5800 2074 5854 tisse
2123 5799 2479 5869 probarentur
2523 5796 2714 5866 ingrati
2748 5814 2760 5850 :
2793 5796 2870 5852 illi
2916 5806 3096 5853 tamen
3130 5796 3392 5866 pravitate
3418 5792 3533 5846 dis-

1944 5893 2112 5967 torti,
2169 5907 2264 5951 cor
2313 5907 2467 5949 suum
2529 5906 2860 5965 nequaquam
2933 5891 3145 5948 Domini
3197 5887 3535 5964 jussionibus

3047 5992 3122 6059 18
