4020 6348
552 379 658 441 555

1784 376 1830 432 Μ
1841 420 1859 435 ..
1895 376 2140 434 AURELI

2243 372 2612 436 :ASSIODORI
2935 329 2940 331 ’
2971 329 2975 331 ’
3680 379 3764 438 55s

550 495 924 553 admoverunt.
971 493 1028 550 In
1060 493 1211 550 tertia
1251 506 1378 550 vero
1425 496 1776 548 numerantur
1802 498 1994 561 quanta
2021 505 2139 546 mu-
2165 496 2219 556 Α
2244 493 2447 564 Asap/s,
2480 491 2570 563 qui
2600 497 2682 548 est
2717 488 2941 547 inferius
2971 488 3268 546 locuturus.
3299 489 3447 548 Unde
3474 492 3646 548 merito
3668 510 3764 554 eum

552 602 684 645 uera
714 587 1010 645 Israelitico
1044 587 1240 657 populo
1264 586 1433 642 virtus
1459 584 1641 640 divina
1671 585 2014 656 praestiterit;
2042 599 2141 642 nec

556 691 735 740 tamen
781 681 915 735 illia
969 679 1484 734 murmurationibus
1530 687 1893 736 cessaverunt.
1943 679 2142 746 Quarta

554 773 680 830 dicit
707 772 882 844 qualis
910 771 964 827 in
990 771 1068 828 eis
1093 771 1325 826 vindicta
1351 771 1674 840 provenerit,
1705 779 1759 827 et
1787 769 2140 841 quemadmo-

555 863 684 918 dum
707 864 779 919 sit
799 861 1142 918 miseratione
1163 861 1376 919 Domini
1403 862 1608 918 mollita
1627 863 1914 918 sententia.
1941 862 2142 930 Quinta

558 966 711 1026 parte
749 964 968 1028 propter
997 957 1450 1012 murmurationes
1498 970 1683 1012 eorum
1727 955 2056 1012 vindicatum
2088 956 2142 1011 in

557 1047 636 1103 eis
661 1055 771 1112 est;
801 1045 897 1102 sed
924 1047 1124 1103 iterum
1166 1047 1234 1103 ad
1275 1047 1717 1120 supplicationem
1761 1046 2006 1115 Domini,
2049 1060 2142 1103 co-

557 1148 878 1209 gnoscentes
905 1140 1022 1209 ejus
1065 1141 1329 1214 magnalia
1351 1182 1368 1216 η
1397 1140 1694 1198 redierunt.
1730 1139 1892 1198 Sexta
1917 1183 1934 1210 ,
1967 1141 2144 1198 denuo

558 1232 637 1286 illi
661 1231 845 1288 dolose
873 1233 1037 1290 locuti
1067 1241 1211 1302 sunt,
1241 1243 1296 1291 et
1315 1249 1530 1290 errores
1559 1235 1747 1291 solitos
1773 1245 1898 1290 sunt
1923 1235 2092 1291 secuti
2127 1250 2140 1289 :

558 1323 931 1380 misericordia
969 1333 1146 1380 tamen
1189 1326 1397 1382 Domini
1439 1340 1546 1382 non
1573 1341 1667 1381 eos
1695 1339 1850 1395 passa
1880 1335 1962 1380 est
1986 1325 2144 1382 dissi-

559 1418 699 1487 pari,
721 1417 864 1488 quod
887 1419 1042 1473 malis
1085 1433 1270 1475 eorum
1296 1418 1440 1490 juste
1475 1419 1737 1488 potuisset
1760 1417 1944 1490 inﬁigi.
1971 1419 2146 1489 Septi-

560 1523 647 1564 ma
674 1508 807 1566 dicit
847 1509 1296 1580 quemadmodum
1338 1510 1621 1586 Dominum
1662 1509 2050 1565 concitaverint
2089 1510 2144 1564 in

565 1600 783 1658 deserto
816 1641 832 1667 ,
894 1616 1016 1656 cum
1071 1610 1246 1658 tamen
1293 1613 1516 1672 propter
1561 1603 1706 1672 ipsos
1749 1602 1936 1659 decem
1974 1603 2145 1674 plagis

561 1691 936 1764 [Egyptiorum
991 1695 1221 1764 populus
1277 1694 1440 1751 fuerit
1495 1695 1840 1750 vehementer
1891 1694 2140 1752 amictus.

560 1783 796 1848 Octava,
843 1784 1104 1840 beneﬁcia
1151 1784 1365 1842 Domini
1417 1785 1755 1854 referuntur,
1805 1796 1861 1842 et
1910 1785 2142 1840 Judaicrc

2243 584 2546 640 intellectus
2575 585 2877 656 praecessit,
2909 582 2994 638 cui
3018 593 3124 639 tam
3155 598 3350 655 magna
3387 595 3498 639 erat
3525 586 3767 646 testimonii

2244 676 2418 748 gratia
2449 675 2792 734 conferenda.
2823 675 3094 746 Sequitur,
3123 676 3310 748 loquar
3354 678 3691 748 prepositiones
3721 684 3768 735 ab

2241 771 2409 826 initio.
2454 771 2713 840 Loquitur
2755 771 2938 842 utique
2988 771 3133 842 ipse,
3180 772 3270 842 qui
3319 772 3460 842 loqui
3500 773 3629 829 facit.
3668 775 3770 834 Nam

2242 863 2488 933 quamvis
2521 862 2696 918 alieno
2732 863 3027 920 ministerio
3054 878 3233 919 sermo
3261 863 3619 934 depromatur,
3642 867 3772 936 Spiri-

2243 962 2330 1011 tus
2364 964 2580 1012 sanctus
2606 955 2840 1026 loquitur
2863 955 3016 1024 cujus
3049 965 3318 1026 praecepta
3349 956 3646 1026 vulgantur,
3669 959 3774 1015 sicut

2244 1045 2374 1102 dicit
2398 1046 2673 1116 apostolus
2698 1045 2888 1102 Petrus
2919 1061 2934 1098 :
2968 1044 3092 1100 Non
3128 1046 3264 1100 enim
3315 1063 3529 1116 unquam
3566 1048 3775 1106 uoluntate

2245 1139 2472 1193 humana
2519 1139 2681 1193 allata
2719 1146 2792 1194 est
2823 1138 3092 1209 prapltetia
3116 1154 3132 1192 :
3161 1139 3254 1192 sed
3283 1139 3481 1210 Spiritu
3508 1151 3664 1194 sancto
3682 1149 3773 1206 acti,

2245 1230 2403 1284 locuti
2432 1238 2552 1285 sunt
2571 1229 2734 1284 sancti
2756 1227 2986 1283 homines
3014 1226 3114 1283 Dei
3137 1226 3226 1301 (II
3251 1227 3398 1284 Petr.
3426 1245 3465 1296 ι,
3484 1229 3592 1300 21).
3618 1229 3775 1302 Propo-

2244 1325 2452 1380 sitiones
2482 1334 2683 1392 autem,
2714 1323 2970 1380 obscuras
2992 1333 3047 1379 et
3091 1323 3304 1380 abditas
3349 1321 3630 1394 signiﬁcant
3667 1339 3777 1395 qua:-

2247 1419 2453 1473 stiones
2478 1459 2492 1484 ,
2539 1431 2660 1487 qua:
2709 1415 2946 1470 adhibita
2992 1415 3356 1485 disputatione
3391 1416 3642 1472 solvendae
3666 1426 3774 1474 svnt.

2249 1509 2356 1564 llas
2387 1523 2486 1564 suo
2522 1508 2644 1564 loco
2677 1507 2881 1578 positas
2918 1509 3316 1579 competentius
3359 1507 3700 1564 admonemus.
3722 1509 3776 1564 Ab

2249 1605 2394 1658 initio
2416 1603 2662 1659 videlicet
2685 1602 2893 1660 Veteris
2905 1602 3240 1660 Testamenti
3258 1601 3453 1658 dicitur
3471 1645 3486 1674 ,
3509 1603 3630 1658 sicut
3647 1604 3778 1674 Asopi

2248 1697 2382 1752 intra
2415 1696 2688 1752 locuturus
2713 1705 2818 1752 est.

2322 1791 2472 1850 Vers.
2501 1791 2554 1846 '5.
2583 1789 2786 1855 Quanta
2813 1789 3101 1844 audivimus
3128 1799 3176 1846 et
3203 1790 3527 1862 cognouimus
3551 1805 3604 1844 ea
3625 1804 3640 1843 :
3658 1797 3778 1858 etpa-

559 1875 938 1932 obstinationis
979 1879 1172 1932 lterum
1218 1877 1375 1948 culpa
1411 1877 1769 1951 subjungitur.
1796 1877 1944 1933 Nona
1967 1919 1982 1944 ,
2012 1878 2145 1933 ultio
2179 1885 2224 1947 B
2251 1896 2349 1962 tres
2370 1884 2532 1957 265.
2553 1885 2712 1939 nostri
2733 1894 3070 1939 narraverunt
3088 1885 3258 1939 nobis.
3291 1883 3350 1940 In
3376 1896 3590 1952 persona
3617 1883 3775 1938 Domini

560 1967 878 2038 gravissima
921 1967 1306 2040 subsequitur,
1339 1970 1409 2026 ita
1450 1980 1505 2024 ut
1543 1970 1836 2041 captivitati
1895 1971 2143 2041 populum

563 2055 878 2123 tradiderit,
930 2066 985 2113 et
1034 2057 1435 2112 tabernaculum
1480 2058 1634 2126 Silo,
1662 2060 1714 2114 in
1757 2073 1864 2130 quo
1905 2059 2146 2116 habitare

558 2151 698 2209 inter
725 2153 974 2211 homines
1002 2154 1314 2222 videbatur,
1347 2155 1632 2228 abjecerit;
1667 2165 1959 2226 posteaque
1985 2155 2146 2226 elegit

558 2254 792 2301 montem
818 2245 972 2313 Sion,
994 2255 1049 2303 et
1099 2246 1261 2301 David
1303 2261 1518 2302 servum
1547 2261 1734 2314 suum,
1760 2249 1827 2303 de
1867 2247 2020 2317 cujus
2059 2263 2145 2303 se«

555 2335 702 2392 mine
725 2336 974 2394 Christus
999 2336 1258 2393 Dominus
1282 2349 1610 2404 nasceretur,
1642 2339 1732 2408 qui
1765 2340 1966 2394 mundo
1997 2340 2145 2394 salu-

556 2429 690 2486 taris
723 2429 961 2486 medicus
1005 2430 1302 2486 adveniret.
1331 2431 1422 2488 Sic
1451 2447 1547 2502 per
1585 2432 1727 2489 hunc
1772 2433 2034 2503 psalmum
2077 2433 2144 2490 ab

557 2523 708 2580 initio
729 2523 1008 2582 electionis
1029 2526 1204 2596 gentis
1234 2525 1513 2584 Hebraicae
1543 2543 1710 2599 usque
1743 2528 1810 2586 ad
1851 2529 2139 2589 adventum

560 2618 774 2674 Domini
801 2617 1098 2677 Salvatoris
1123 2618 1260 2676 iacta
1279 2619 1570 2692 descriptio
1595 2630 1696 2679 est.

1107 2759 1374 2832 Expositio
1403 2765 1608 2834 psalmi.

624 2902 777 2961 Vera.
809 2904 861 2961 Ι.
891 2904 1182 2972 Attendite,
1214 2909 1437 2978 populus
1464 2905 1591 2980 [ms.
1614 2907 1704 2977 A.,
1736 2907 1944 2980 papule]
1975 2923 2138 2976 meus,

551 2997 717 3069 legem
749 3014 914 3053 meum
955 3013 976 3053 :
1014 2999 1256 3054 inclinate
1307 3016 1484 3054 aurem
1515 3011 1731 3054 uestram
1780 3002 1833 3055 in
1862 3000 2012 3055 verba
2039 3002 2142 3056 oris

551 3089 670 3142 mei.
704 3088 760 3143 In
790 3088 892 3145 hoc
919 3089 1179 3160 principio
1209 3091 1442 3161 loquitur
1473 3091 1614 3146 Dens
1635 3133 1649 3157 ,
1683 3091 1772 3160 qui
1801 3107 1896 3161 per
1923 3090 2140 3163 Moysen

553 3179 726 3248 legem
767 3179 914 3236 dedit
948 3180 1206 3236 Hebraeis.
1252 3182 1320 3236 Et
1365 3183 1491 3236 dum
1531 3181 1662 3236 dicit
1701 3200 1715 3236 :
1751 3181 1936 3253 Legem
1977 3199 2140 3237 meam

2252 1977 2441 2048 psalmi
2473 1976 2632 2047 hujus
2680 1976 2985 2032 honorabili
3029 1977 3206 2046 capite
3245 1976 3562 2040 constituto,
3589 1977 3708 2029 venit
3727 1971 3775 2026 ad

2248 2067 2534 2125 secundam
2565 2077 2792 2138 partem,
2843 2067 2932 2124 ubi
2970 2066 3146 2137 Αωρὴ
3191 2067 3542 2122 introducitur
3573 2065 3773 2133 loqucnS,

2247 2160 2400 2231 cujus
2441 2175 2548 2216 non
2597 2169 2852 2228 tanquam
2897 2159 3131 2214 humana
3173 2159 3374 2225 verba,
3423 2157 3516 2214 sed
3553 2156 3775 2219 caelestem

2249 2253 2507 2310 debemus
2536 2256 2808 2323 suscipere
2831 2252 3153 2322 jussionem.
3203 2252 3408 2318 Quanta
3442 2247 3773 2304 multitudinem

2249 2363 2427 2404 rerum
2457 2347 2816 2408 demonstrat;
2842 2344 3128 2399 audivimus
3153 2345 3392 2414 pertinet
3418 2341 3481 2396 ad
3501 2340 3771 2411 prophetas;

2246 2440 2572 2511 cognouimus
2608 2437 2675 2494 ad
2710 2437 2916 2493 Novum
2942 2436 3157 2506 respicit
3181 2435 3600 2494 Testamentum.
3623 2431 3772 2485 Audita

2245 2541 2372 2588 sunt
2398 2531 2543 2588 enim
2568 2543 2692 2586 cum
2722 2529 3204 2601 prophetarentur;
3240 2529 3447 2600 cegnita
3482 2527 3597 2582 dum
3627 2523 3770 2593 imple-

2246 2634 2431 2682 rentur
2471 2639 2565 2696 per
2601 2623 2887 2681 Dominum
2914 2623 3208 2679 Christum.
3261 2623 3529 2693 Sequitur,
3565 2632 3607 2674 et
3641 2628 3770 2690 patres

2246 2717 2404 2772 nostri
2437 2723 2770 2772 narraverunt
2801 2715 2960 2768 nobis.
2997 2713 3180 2768 Patres
3209 2729 3344 2770 suos
3373 2715 3579 2782 Moysen
3607 2710 3710 2766 dicit
3729 2715 3771 2764 et

2245 2811 2378 2867 alios
2413 2811 2706 2882 pr0phetas
2740 2808 2948 2866 Veteris
2988 2807 3354 2875 Testameuti,
3384 2808 3470 2877 qui
3507 2806 3568 2863 de
3605 2802 3768 2862 Domini

2245 2904 2476 2960 adventu
2520 2903 2686 2959 multa
2733 2902 2899 2958 locuti
2935 2910 3080 2968 sunt,
3107 2910 3160 2958 et
3196 2901 3484 2958 illuminati
3509 2899 3769 2971 praedicare.

2245 3005 2391 3063 runt,
2423 2995 2566 3068 quod
2595 3004 2650 3051 et
2680 2996 2780 3052 iste
2806 2994 2922 3051 ﬁeri
2965 2994 3324 3066 praevidebat.
3363 2994 3496 3050 Justi
3539 2991 3662 3049 enim
3689 3002 3768 3046 non

2244 3097 2448 3156 essent,
2475 3088 2579 3144 nisi
2604 3087 2959 3158 probarentur
2980 3087 3202 3142 credere
3236 3102 3359 3158 qua:
3387 3085 3631 3142 dicebant.

2323 3182 2474 3238 Vera.
2505 3178 2562 3237 4.
2599 3179 2722 3236 Non
2742 3188 2860 3237 sunt
2885 3185 3140 3234 occultata
3168 3195 3202 3233 a
3231 3179 3360 3249 [iliis
3383 3193 3568 3244 eorum,
3587 3176 3633 3231 in
3651 3188 3768 3245 gese-

552 3271 828 3338 attendite,
861 3286 968 3327 non
996 3281 1200 3328 tantum
1241 3274 1354 3328 vult
1382 3273 1522 3343 quod
1553 3273 1748 3329 dicitur
1774 3275 1992 3332 auribus
2019 3291 2142 3346 pcr-
2165 3278 2214 3340 C
2245 3274 2444 3330 ratione
2462 3273 2644 3330 altera.
2670 3273 2798 3330 llaec
2822 3288 2942 3344 quae
2962 3273 3126 3329 refert
3155 3283 3340 3342 patres
3361 3287 3482 3330 suos
3503 3271 3563 3332 de
3584 3269 3768 3325 adventu

551 3361 680 3432 cipi,
719 3370 977 3432 quantum
1025 3363 1304 3420 veritatem
1333 3363 1460 3419 dicti
1501 3364 1680 3420 cordis
1706 3365 1876 3421 oculis
1918 3365 2136 3424 intueri.

554 3455 795 3511 Attendit
824 3457 968 3512 enim
993 3457 1206 3524 audita,
1235 3457 1328 3528 qui
1371 3472 1458 3513 res
1503 3458 1673 3530 dictas
1712 3459 1906 3516 devota
1959 3469 2142 3517 mente

555 3549 870 3616 respexerit.
921 3548 1054 3604 Dum
1101 3548 1230 3604 dicit
1269 3558 1446 3606 autem
1474 3567 1490 3606 :
1519 3548 1750 3621 Populus
1793 3567 1973 3620 meus,
2021 3553 2140 3608 illos

560 3637 801 3706 profecto
828 3638 1094 3710 signiﬁcat
1122 3641 1214 3711 qui
1249 3641 1364 3710 ejus
1392 3641 1656 3698 mandatis
1683 3641 1994 3699 obedientes
2033 3644 2142 3700 lue-

553 3737 699 3784 runt.
726 3715 1007 3786 Nofenim
1029 3741 1119 3786 aut
1141 3731 1439 3804 prophetae,
1478 3743 1567 3788 aut
1593 3735 1680 3789 alii
1721 3733 1852 3804 justi
1897 3751 1926 3790 a
1958 3744 2138 3792 nostra

551 3819 657 3878 ﬁde
685 3822 788 3877 dici
821 3831 1107 3894 potuerunt
1144 3823 1311 3880 alieni
1332 3867 1346 3892 ,
1381 3825 1471 3896 qui
1496 3836 1646 3881 actus
1671 3827 1792 3882 illos
1823 3827 1976 3898 primi
2007 3837 2140 3882 tem-

549 3913 700 3984 poris
736 3915 1087 3985 spiritualiter
1109 3926 1464 3985 acceperunt,
1493 3917 1631 3972 sicut
1651 3917 1781 3973 dicit
1809 3917 2096 3988 Apostolus
2123 3935 2138 3974 :

553 4005 693 4064 Nolo
731 4010 866 4065 enim
905 4026 992 4067 uos
1034 4011 1302 4087 ignorare,
1341 3992 1566 4083 fratres,
1604 4013 1727 4084 quia
1773 4021 1940 4082 patres
1981 4012 2142 4068 nostri

551 4117 723 4156 omnes
761 4102 850 4157 sub
890 4102 1023 4158 nube
1065 4103 1302 4174 fuerunt;
1346 4115 1399 4160 et
1441 4104 1601 4174 paulo
1634 4112 1752 4176 post
1801 4121 1816 4159 :
1866 4103 1932 4157 Et
1970 4121 2142 4160 omnes

549 4193 781 4250 eumdem
821 4197 984 4250 cibum
1009 4197 1328 4266 spiritualetit
1363 4198 1831 4265 manducaverunt,
1881 4205 1927 4252 et
1970 4213 2141 4251 ontttes

550 4287 782 4341 eumdem
809 4299 986 4359 potum
1013 4289 1330 4360 spiritualem
1374 4291 1604 4344 biberunt
1639 4289 1691 4361 (I
1726 4290 1846 4346 Cor.
1881 4307 1910 4344 x
1932 4334 1946 4361 ,
1981 4291 2032 4354 1,
2056 4289 2134 4361 5).

552 4375 826 4447 Sequitur,
857 4379 1097 4434 inclinate
1136 4397 1314 4434 aurem
1341 4392 1555 4435 vestram
1599 4383 1654 4436 in
1698 4383 1847 4436 verba
1887 4383 1991 4436 oris
2020 4383 2138 4436 mei.

552 4469 650 4527 ilic
679 4469 901 4526 allectus
927 4470 1237 4541 praecipitur
1280 4471 1558 4539 audiendi,
1599 4473 1850 4544 quoniam
1891 4473 1980 4544 qui
2029 4481 2140 4528 toto

549 4563 714 4620 corde
741 4561 856 4619 vult
883 4564 1061 4618 audita
1086 4566 1380 4634 percipere,
1413 4581 1592 4619 aurem
1622 4579 1772 4619 suam
1799 4566 2140 4635 cognoscitur

2244 3367 2459 3424 Domini
2501 3367 2852 3438 praedicasse,
2885 3366 3018 3422 dicit
3045 3380 3145 3422 nec
3182 3383 3214 3419 a
3244 3368 3370 3436 ﬁliis
3401 3379 3568 3422 eorum
3591 3361 3768 3417 abscon-

2242 3458 2349 3516 dita
2375 3461 2542 3517 fuisse
2568 3459 2854 3531 magnalia,
2887 3458 2940 3513 id
2981 3466 3066 3514 est
3088 3474 3120 3512 a
3153 3457 3526 3528 spiritualibus
3544 3454 3676 3526 ﬁliis,
3699 3447 3766 3520 qui

2243 3568 2430 3609 eorum
2456 3553 2750 3608 imitatores
2776 3551 3013 3607 luerunt.
3041 3550 3172 3608 Nam
3199 3551 3346 3622 qua!
3375 3550 3504 3607 dixit
3530 3565 3544 3604 :
3572 3545 3630 3600 In
3657 3558 3769 3614 gese—

2240 3651 2437 3706 ratione
2481 3650 2678 3715 altera,
2717 3647 2826 3718 jam
2865 3662 2973 3703 non
3015 3645 3406 3716 Hebraeorum,
3450 3643 3538 3702 sed
3578 3637 3766 3712 gentium

2241 3744 2510 3814 signiﬁcat
2544 3741 3013 3813 congregationem
3044 3757 3059 3795 :
3091 3741 3212 3810 quia
3257 3739 3405 3813 [ms.,
3449 3734 3554 3808 qui]
3577 3749 3632 3790 ex
3663 3741 3768 3800 illi“

2241 3843 2296 3890 et
2324 3835 2525 3906 Spiritu
2548 3843 2738 3890 saneto
2759 3831 3050 3888 individua:
3077 3832 3364 3889 Trinitatis
3390 3828 3626 3888 beneﬁcio
3649 3835 3766 3892 rego-

2242 3935 2526 3993 nerantur;
2559 3926 2704 3983 unde
2733 3933 2788 3982 et
2819 3925 2896 3980 illi
2927 3924 3300 3997 intelligentia
3329 3937 3456 3982 vero
3478 3920 3655 3978 lumine
3674 3916 3770 3970 sunt

2243 4021 2457 4092 repleti.
3095 4081 3098 4083 λ

2314 4113 2468 4170 Vers.
2497 4114 2552 4169 5.
2582 4111 2870 4168 Narrantes
2891 4113 3072 4167 laudes
3089 4109 3304 4170 Domini
3327 4121 3374 4168 et
3395 4111 3589 4167 uirtutes
3608 4103 3716 4174 eius.
3732 4103 3772 4153 ⁸⁸

2243 4207 2498 4262 mirabilia
2526 4207 2639 4278 ejus
2685 4220 2802 4277 qua
2851 4205 2988 4276 fecit.
3032 4204 3176 4261 Ordo
3220 4206 3500 4261 verborum
3542 4197 3644 4254 talis
3671 4199 3766 4250 est:

2241 4298 2710 4355 Annuntiaverunt
2730 4297 2887 4354 nobis
2910 4305 3087 4368 patres
3109 4298 3307 4366 nostri,
3341 4303 3602 4353 narrantes
3625 4285 3768 4344 laudes

2241 4394 2474 4450 Domini.
2500 4395 2658 4450 Facta
2687 4394 2886 4464 quippe
2916 4393 3127 4449 Domini
3157 4407 3402 4458 narrare,
3431 4388 3653 4446 laudasse
3671 4385 3766 4436 est:

2239 4489 2392 4559 cujus
2419 4489 2546 4545 dum
2573 4503 2736 4559 opera
2764 4487 3089 4554 referuntur,
3121 4487 3292 4558 gloria
3333 4497 3536 4554 semper
3572 4482 3766 4547 augetur.

2254 4579 2474 4635 Virtutes
2499 4582 2632 4653 ejus,
2672 4579 2936 4650 signiﬁcat
2982 4579 3330 4637 liberationes
3355 4620 3370 4644 ,
3414 4591 3540 4649 quas
3585 4568 3690 4628 iecit
3727 4563 3767 4617 in

551 4656 828 4722 inclinare,
852 4663 912 4710 ut
933 4655 1147 4712 humilis
1169 4672 1230 4712 ac
1260 4666 1475 4727 paratus
1527 4656 1756 4726 accipiat
1784 4655 1925 4727 quod
1950 4657 2017 4713 de
2045 4672 2140 4714 ore

2246 4671 2444 4742 Ρορυιο
2485 4670 2790 4727 Judaeorum
2816 4712 2832 4738 ,
2862 4669 3074 4740 quando
3095 4684 3192 4726 eos
3235 4670 3306 4726 de
3345 4663 3620 4724 Pharaonis
3642 4653 3767 4723 impia

549 4761 750 4808 sancta:
790 4749 1071 4822 potestatis
1099 4755 1348 4807 'cmanat.
1398 4749 1504 4806 Sed
1544 4758 1666 4806 nota
1696 4748 1836 4820 quod
1857 4747 1969 4820 jam
1995 4749 2137 4808 inter

551 4851 739 4907 ﬁdeles
778 4851 1076 4921 accipitur,
1105 4849 1193 4906 cui
1221 4850 1554 4907 auscultandi
1616 4858 1760 4906 tanta
1808 4865 1935 4908 cura
1983 4851 2132 4909 dele-

546 4953 722 5014 gatur.

2246 4770 2509 4832 potestate
2537 4762 2806 4818 liberavit.
2840 4761 3104 4818 Mirabilia
3133 4777 3284 4828 vero,
3313 4761 3450 4833 quod
3493 4771 3582 4815 eos
3604 4753 3675 4853 in.
3698 4747 3768 4802 ἀι·

2241 4865 2388 4912 serto
2408 4856 2743 4928 magnalibus
2764 4858 2929 4927 pavit,
2959 4855 3102 4927 quod
3123 4857 3202 4911 eis
3220 4865 3408 4926 gentes
3432 4848 3767 4922 potentissimas

2239 4949 2510 5006 levissima
2539 4951 2941 5007 concertatione
2968 4949 3214 5020 subjecit.
3247 4949 3496 5013 Addidit,
3523 4957 3623 5016 om
3646 4935 3765 5008 fail"

621 5039 774 5095 Vera.
799 5040 855 5095 2.
899 5040 1140 5112 Aperiam
1180 5043 1235 5096 in
1282 5042 1540 5113 parabolis
1585 5059 1642 5098 os
1686 5059 1899 5109 meum;
1951 5044 2134 5116 loquar
2237 5055 2296 5102 ut
2323 5063 2428 5102 non
2459 5054 2664 5102 tantum
2692 5046 2976 5118 promissa,
3003 5061 3192 5103 verum
3226 5046 3386 5102 etiam
3417 5039 3654 5128 completa

549 5130 922 5200 propositiones
971 5131 1034 5185 ab
1084 5132 1252 5187 initio.
1287 5133 1562 5188 Atteutum
1595 5133 1694 5189 sibi
1726 5135 1955 5191 reddidit
1981 5135 2136 5191 audi-
2236 5139 2566 5196 viderentur.
2600 5139 2727 5195 Haec
2753 5147 2932 5196 autem
2957 5149 3150 5194 cuncta
3175 5153 3241 5195 es
3265 5131 3576 5194 Testatnenti
3603 5126 3766 5180 Veteris

550 5229 746 5285 torem,
771 5237 892 5277 cum
915 5238 975 5280 se
997 5226 1265 5294 parabolis
1286 5227 1414 5284 dicit
1435 5243 1556 5284 esse
1583 5230 1881 5284 locuturum
1906 5270 1921 5297 ,
1949 5238 2006 5284 ut
2028 5244 2134 5285 non

548 5313 776 5368 remisse
799 5314 967 5383 possit
992 5314 1183 5381 audiri,
1217 5318 1308 5386 qui
1338 5333 1398 5374 se
1421 5328 1525 5373 tam
1558 5319 1830 5390 granditer
1862 5318 2140 5387 promitte-

548 5402 638 5457 bat
691 5401 862 5458 eﬁ‘ari.
909 5403 1170 5461 Parabola
1211 5408 1354 5462 enim
1398 5408 1586 5464 Graeco
1631 5409 1893 5464 vocabulo
1943 5409 2139 5466 dicitur

548 5493 866 5561 similitudo,
897 5497 1110 5567 quando
1150 5497 1282 5554 illud
1323 5500 1467 5570 quod
1505 5501 1728 5571 intelligi
1775 5499 2019 5555 volumus
2043 5516 2138 5570 per

546 5586 978 5656 comparationes
1005 5587 1212 5658 aliquas
1237 5589 1551 5646 indicamus.
1590 5590 1680 5646 Sic
1719 5591 1865 5646 enim
1905 5592 2137 5647 ferreum

547 5680 853 5751 quempiam
882 5679 1132 5749 dicimus,
1157 5683 1372 5752 quando
1393 5682 1587 5738 durum
1618 5697 1681 5739 ac
1704 5683 1898 5739 l'ortem
1931 5681 2137 5739 deside-

544 5787 730 5830 ramus
760 5773 1014 5844 intelligi;
1040 5787 1162 5828 cum
1187 5773 1452 5838 velocem,
1477 5776 1648 5830 ventis
1669 5784 1760 5832 aut
1780 5776 1968 5834 avibus
1989 5791 2136 5831 cum-

549 5880 820 5936 paramus.
861 5867 930 5926 Et
976 5867 1186 5927 intuere
1226 5869 1370 5941 quod
1407 5870 1666 5929 Dominus
1711 5888 1776 5930 os
1815 5891 1971 5932 suum
2007 5875 2137 5934 dicit

2240 5231 2552 5288 referuntur
2580 5230 2828 5286 historia.
2864 5229 3093 5286 Historia
3132 5236 3218 5285 est
3256 5230 3398 5286 enim
3435 5218 3764 5307 prteteritaruut

2239 5339 2419 5380 rerum
2443 5323 2546 5378 ﬁda
2575 5321 3038 5388 commemoratio,
3061 5323 3130 5378 ab
3155 5322 3324 5378 atatis
3350 5327 3534 5375 nostra:
3553 5309 3766 5366 metuam

2241 5421 2471 5470 remota.

2313 5502 2472 5559 Vers.
2502 5503 2554 5558 6.
2591 5501 2656 5559 Et
2680 5503 2942 5558 suscitavit
2978 5503 3321 5558 testimonium
3358 5501 3409 5556 in
3445 5491 3618 5554 λαωίῆ
3646 5493 3686 5539 ιε
3708 5479 3767 5535 ‘3‘

2240 5609 2352 5665 gem
2397 5593 2568 5665 posuit
2605 5593 2660 5648 in
2705 5592 2889 5649 Israel.
2923 5594 3079 5650 Venit
3116 5595 3180 5650 ad
3213 5593 3352 5651 illud
3400 5587 3528 5661 quod
3562 5573 3764 5648 superius

2240 5685 2376 5742 dixit
2408 5705 2423 5741 :
2453 5685 2660 5758 Loquar
2683 5688 3055 5757 propositiones
3083 5689 3146 5743 ab
3173 5689 3336 5743 initio.
3358 5682 3552 5738 Initium
3581 5670 3760 5743 quiPPev

2241 5781 2406 5839 Vetus
2432 5791 2517 5839 est
2541 5781 2977 5852 Testamentum,
3011 5783 3154 5841 unde
3195 5779 3410 5838 inferius
3437 5775 3648 5831 dicturus
3677 5764 3760 5816 est-

2241 5878 2370 5936 lllud
2405 5880 2631 5938 fortasse
2662 5892 3048 5938 commemorat
3088 5879 3140 5934 in
3169 5876 3331 5933 Iacob
3361 5861 3666 5932 testimonium
3687 5861 3763 5908 διε
