4092 6344
313 326 417 383 557

1182 327 1553 387 EXPOSITIO
1595 327 1662 386 IN
1705 322 2170 387 PSALTERIUM.
2216 325 2414 389 PSAL.
2455 324 2715 385 LXXVII.

3487 329 3588 388 558

310 443 583 507 scitatum,
611 439 823 511 quando
852 455 971 497 cum
1002 443 1193 514 angelo
1219 443 1533 509 COHUClaDS,
1560 444 1611 499 iu
1642 444 1893 515 praefigu-
1920 450 1970 507 Α
1996 457 2244 513 pravum;
2279 458 2402 497 nam
2451 444 2496 499 si
2534 443 2711 514 utique
2753 440 3018 498 direxisset
3044 457 3132 497 cor
3154 458 3335 511 suum,
3369 459 3467 499 nec
3494 462 3587 502 ex-

311 533 520 586 ratione
564 528 859 587 futurorum
912 542 1085 589 tactus
1133 550 1240 589 uno
1290 537 1492 592 femore
1535 537 1898 592 clatudicavit:

310 622 622 692 significans
645 622 995 679 lsraeliticum
1016 628 1265 696 populum
1291 628 1481 697 partim
1502 627 1622 683 tidei
1652 628 1902 684 ﬁrmitate

310 726 594 783 constare,
627 720 823 787 partim
858 735 887 773 a
921 735 1018 775 sua
1054 721 1231 791 potius
1260 721 1430 777 salute
1455 720 1755 778 discedere.
1789 721 1902 779 Hoc

310 808 452 862 enim
482 807 581 862 fuit
609 809 790 878 populi
821 811 1081 877 erraturi,
1117 812 1197 867 vel
1230 813 1489 869 credituri
1521 815 1898 884 testimonium,

310 900 450 970 quod
481 898 643 953 Jacob
669 903 997 959 concertatio
1034 904 1120 959 illa
1164 906 1428 975 praedixit.
1462 906 1780 962 Suscitatum
1809 924 1901 962 au-

312 1001 420 1047 tem
464 992 621 1060 dixit,
667 995 817 1063 quasi
860 998 914 1051 in
970 998 1142 1054 lucem
1194 999 1481 1069 redditum,
1532 1001 1672 1072 quod
1713 1016 1903 1056 somno

311 1085 630 1155 ignorantiae
657 1086 935 1144 videbatur
960 1106 1298 1162 oppressum.
1333 1093 1507 1163 Ipsum
1537 1107 1619 1151 est
1648 1096 1789 1166 quod
1816 1111 1904 1150 su-

311 1179 491 1248 perius
520 1179 766 1249 promisit
799 1198 811 1233 :
840 1182 1081 1252 Aperiunt
1109 1184 1163 1237 in
1191 1185 1449 1255 parabolis
1482 1204 1536 1241 os
1571 1203 1768 1253 meum;
1798 1188 1901 1242 sci-

311 1270 436 1325 licet
476 1271 730 1341 quoniam
765 1272 833 1327 ab
866 1272 970 1329 isto
998 1274 1149 1330 initio
1175 1285 1290 1331 erat
1329 1279 1449 1332 talia
1483 1279 1776 1333 locuturus.
1809 1280 1904 1335 Se-

309 1364 510 1429 quitur,
535 1370 583 1416 et
605 1363 765 1435 legem
790 1366 958 1434 posuit
978 1366 1031 1419 in
1056 1365 1255 1435 Israel,
1282 1378 1339 1423 ut
1362 1382 1453 1424 eos
1478 1369 1657 1440 utique
1681 1370 1902 1426 devotos

310 1469 435 1510 esse
463 1470 561 1510 suo
596 1456 820 1511 Domino
858 1469 1248 1529 commoneret,
1320 1476 1387 1515 ne
1456 1477 1587 1531 vaga
1633 1462 1903 1518 voluntate

309 1546 558 1615 permissi
585 1545 637 1601 in
662 1546 847 1604 devios
867 1548 1177 1605 laberentur
1198 1566 1434 1607 errores.
1453 1552 1674 1623 Proprie
1697 1554 1900 1609 dictum

309 1646 424 1705 est,
457 1637 618 1710 legem
647 1642 849 1709 posuit,
876 1643 1027 1713 quasi
1059 1644 1661 1717 peccatorilmsjngum,
1698 1647 1903 1702 levibus

310 1733 559 1801 pondus,
613 1735 874 1791 erraturis
928 1751 1057 1791 vero
1112 1738 1521 1793 contestationis
1574 1741 1902 1809 exemplum.

312 1822 466 1879 Unde
505 1823 612 1879 alio
657 1825 777 1881 loco
811 1827 885 1881 ait
936 1845 948 1879 :

314 1914 366 1984 (I
398 1914 533 1970 Tim.
563 1932 610 1981 ι,
643 1916 720 1987 9).
749 1918 860 1973 Hoc
904 1928 983 1975 est
1014 1920 1153 1990 quod
1184 1922 1431 1989 superius
1474 1921 1609 1976 dixit
1653 1939 1664 1976 :
1696 1921 1903 1994 Loquar

312 2010 682 2081 propositiones
724 2011 787 2064 ab
832 2012 999 2066 initio.
1046 2011 1151 2067 Sed
1188 2011 1302 2067 lucc
1330 2028 1563 2081 congrue
1603 2014 1715 2068 suis
1747 2015 1896 2080 locis,

310 2101 539 2170 diligens
567 2102 766 2171 lector,
793 2104 1000 2173 aptabis
1028 2120 1040 2158 :
1066 2104 1189 2175 quia
1222 2105 1415 2176 ubique
1444 2107 1543 2161 ista
1573 2120 1900 2162 commemo.

311 2210 433 2250 rare
459 2195 727 2250 fastidium
753 2205 856 2251 est.

382 2284 532 2340 Vers.
565 2288 613 2340 7.
646 2288 849 2353 Quanta
877 2288 1134 2342 mandavit
1165 2290 1397 2359 patribus
1440 2292 1627 2344 nostris
1669 2300 1791 2345 nota
1822 2292 1900 2361 fa-

309 2396 421 2434 cere
440 2398 499 2436 ea
526 2383 649 2452 ﬁliis
665 2384 770 2437 suis
801 2400 819 2438 :
844 2396 897 2438 ut
917 2393 1182 2455 cognoserrt
1213 2386 1472 2456 generatio
1501 2387 1685 2441 altera.

384 2473 534 2529 Vers.
564 2476 617 2530 8.
653 2473 781 2530 Filii
805 2478 892 2546 qui
922 2489 1190 2531 nascentur
1217 2488 1513 2550 exsurgent,
1539 2490 1585 2533 et
1616 2479 1900 2533 narrabunt

308 2578 366 2616 ea
391 2564 516 2633 ﬁliis
537 2568 662 2620 suis.
699 2567 896 2623 Versus
928 2570 1014 2623 iSti
1051 2569 1350 2641 signiticmt
1388 2586 1485 2640 per
1524 2574 1898 2641 generationes

307 2655 590 2713 hominum
634 2661 885 2717 mandata
931 2663 1139 2718 Domini
1187 2664 1351 2720 fuisse
1405 2666 1753 2733 transmissa,
1831 2681 1898 2722 ne

305 2757 431 2825 quis
461 2765 670 2824 putaret
701 2759 789 2812 uni
820 2758 1001 2813 datum
1024 2800 1039 2825 ,
1072 2759 1213 2830 quod
1260 2761 1507 2816 omnibus
1558 2761 1896 2830 cognoscitur

306 2846 649 2901 attributum.
694 2849 1030 2920 Acceperunt
1070 2853 1212 2907 enim
1258 2851 1429 2907 Judt-i
1472 2852 1613 2922 quod
1655 2854 1719 2906 ad
1750 2853 1898 2907 Chri-

307 2936 513 2991 stianos
539 2954 644 2994 non
669 2950 751 2996 est
771 2943 988 2998 dubium
1015 2946 1339 3015 pervenisse.
1357 2947 1481 3001 Ideo
1494 2945 1634 3001 enim
1658 2946 1895 3001 additum

307 3040 411 3096 est,
437 3044 493 3086 ut
517 3046 787 3105 cognoscat
807 3038 1065 3108 generatio
1090 3039 1253 3092 altera
1270 3080 1285 3105 ,
1312 3053 1417 3093 non
1445 3040 1629 3109 utique
1650 3038 1894 3105 Judaica,

307 3126 400 3180 sed
434 3141 589 3196 quam
623 3127 690 3183 de
718 3130 964 3199 gentibus
999 3137 1212 3186 constat
1248 3131 1496 3187 electam.
1532 3131 1707 3185 Altera
1750 3132 1891 3187 enim

1003 1828 1134 1895 Quia
1164 1832 1310 1901 justo
1346 1830 1427 1883 lex
1470 1845 1571 1885 non
1622 1840 1697 1885 est
1736 1832 1900 1901 posita
1933 1827 1978 1888 B

2004 533 2214 586 stiterat
2239 549 2484 603 pravum,
2516 549 2615 589 nec
2642 550 2670 588 a
2700 533 2810 589 Deo
2838 535 3103 590 redditum
3138 534 3310 591 fuerat
3332 536 3588 594 alienum.

2005 622 2097 677 Ille
2120 624 2261 678 enim
2285 624 2466 695 dirigit
2490 636 2746 692 mentem,
2774 630 2863 698 qui
2891 628 2956 682 ad
2983 627 3189 683 divinas
3210 642 3270 685 se
3296 629 3595 686 correxerit

2000 714 2301 783 jussiones;
2351 731 2454 772 nec
2498 718 2700 789 aliquid
2744 719 2990 790 superbia
3042 720 3286 777 humanae
3338 736 3597 792 praesum-

2004 807 2202 876 ptionis
2236 809 2532 879 excogitat,
2576 825 2696 865 cum
2735 811 2845 882 regi
2882 811 3059 868 omnia
3091 812 3395 870 Divinitatis
3425 814 3595 869 admi-

2006 903 2323 958 nistrationc
2370 905 2668 974 cognoscit.
2720 905 2850 960 Nam
2902 906 3042 977 quod
3091 909 3385 979 repetendo
3430 908 3596 975 dicit,

2004 1010 2182 1064 genus,
2209 993 2274 1049 ad
2305 994 2426 1050 illos
2457 1007 2657 1051 tantum
2684 998 2903 1067 re5picit
2927 999 3015 1068 qui
3038 997 3089 1053 in
3118 1014 3211 1053 sua
3235 998 3595 1056 obstinatione

2006 1096 2341 1141 manserunt.
2376 1087 2636 1141 Czeterum
2668 1087 2877 1142 fuerunt
2909 1103 2974 1143 ex
3003 1088 3205 1145 Judmis
3248 1091 3337 1162 qui
3370 1092 3596 1146 Domino

2006 1191 2135 1246 pura
2163 1188 2340 1234 mente
2369 1178 2602 1235 famulati
2635 1191 2778 1236 sunt.
2808 1180 3043 1247 Addidit,
3079 1193 3127 1235 et
3148 1200 3249 1237 non
3280 1193 3353 1238 est
3373 1185 3597 1238 creditus

2005 1285 2119 1322 cum
2143 1269 2248 1324 Deo
2278 1271 2488 1340 spiritus
2515 1276 2649 1343 ejus.
2682 1271 2827 1327 Illius
2855 1274 3064 1345 spiritus
3096 1291 3196 1329 non
3226 1276 3449 1330 creditur
3475 1256 3622 1343 esse:

2005 1378 2120 1415 cum
2153 1362 2256 1417 Deo
2276 1404 2291 1429 ,
2321 1363 2407 1433 qui
2438 1379 2629 1433 Operas
2658 1365 2773 1434 ejus
2804 1365 3036 1421 visuales
3064 1382 3168 1421 non
3200 1366 3452 1439 intelligit
3474 1352 3655 1441 ειη-⁸·

2008 1454 2188 1508 steriis
2219 1454 2583 1524 spiritualibus
2614 1458 2990 1526 applicandas;
3034 1458 3128 1513 sed
3167 1468 3331 1513 totum
3363 1460 3430 1515 ad
3462 1461 3592 1516 illud

2004 1548 2119 1603 Vult
2148 1548 2349 1605 referre
2381 1549 2519 1620 quod
2551 1551 2788 1605 cernitur
2816 1566 2832 1605 :
2857 1550 2992 1606 sicut
3022 1551 3193 1608 Judzei
3222 1553 3482 1621 fecerunt,
3507 1556 3596 1625 qui

2010 1647 2216 1694 tantum
2248 1642 2518 1698 miraculis
2551 1643 2904 1713 prtesentibus
2931 1643 3143 1710 intenti,
3176 1645 3304 1701 nihil
3337 1645 3400 1702 ad
3430 1646 3591 1717 spiri-

2008 1728 2204 1785 tuolem
2234 1731 2634 1801 intelligentiam
2667 1733 2955 1789 salubriter
2984 1735 3311 1791 retulerunt.

2082 1844 2233 1899 Vers.
2264 1844 2349 1899 t2.
2380 1842 2509 1899 Filii
2531 1844 2780 1916 Ephraim
2809 1848 3125 1904 intendentes
3155 1864 3331 1904 arcum
3352 1890 3368 1918 ,
3405 1861 3454 1908 et
3484 1853 3603 1909 mit-

2006 1944 2164 1991 tentes
2208 1938 2463 2007 sagittas,
2501 1942 2729 1994 conversi
2769 1952 2885 1995 sunt
2940 1942 2993 1995 in
3037 1943 3119 1997 die
3162 1942 3298 1998 belli.
3350 1944 3603 2018 Epitraim

2004 2027 2386 2097 interpretatur
2434 2028 2683 2100 frugifer,
2729 2031 2840 2087 sive
2886 2032 3119 2089 ubertas.
3173 2033 3272 2091 llic
3317 2035 3455 2093 filius
3500 2038 3602 2094 fuit

2003 2117 2198 2188 Joseph
2223 2119 2422 2189 junior,
2452 2136 2610 2192 quem
2647 2121 2815 2178 Jacob
2861 2140 2992 2181 avus
3035 2140 3163 2182 suus
3202 2126 3455 2196 primario
3482 2130 3602 2186 loco

2002 2212 2402 2279 prmposteratis
2444 2204 2685 2268 manibus
2720 2214 3061 2273 benedixisse
3097 2218 3292 2290 legitur
3332 2219 3387 2275 in
3419 2221 3598 2278 Veteri

2002 2305 2345 2361 Testamento
2386 2306 2541 2378 (Gen.
2579 2324 2767 2376 vaut,
2797 2311 2908 2380 15).
2957 2310 3089 2381 Ejus
3127 2313 3225 2380 ﬁlii
3265 2313 3600 2370 abundantes

2004 2398 2313 2454 muneribus
2336 2397 2553 2465 divinis,
2582 2409 2633 2455 ct
2655 2411 2871 2470 paterna
2903 2403 3272 2459 benedictione
3299 2406 3603 2475 pollentes,

2003 2487 2210 2545 defeetu
2246 2492 2366 2548 fidei
2397 2504 2733 2551 corruerunt.
2768 2494 3109 2552 Intenderunt
3138 2500 3281 2555 enim
3319 2516 3519 2569 arcum,
3551 2511 3599 2557 et

2002 2585 2248 2638 miserunt
2269 2585 2503 2655 sagittas,
2522 2588 2732 2657 quando
2754 2590 3079 2645 admonente
3093 2590 3273 2661 Moyse
3296 2591 3548 2648 dixerunt
3579 2609 3594 2661 ;

2005 2676 2329 2750 Qua’cunque
2359 2680 2559 2734 locutus
2589 2691 2661 2735 est
2687 2678 2939 2736 Dominus
2973 2682 3110 2738 Deus
3140 2695 3330 2751 noster,
3351 2687 3597 2755 facimus

2001 2778 2047 2824 et
2073 2771 2337 2826 audiemus
2369 2771 2565 2843 (Exod.
2592 2788 2701 2839 XIX,
2726 2774 2804 2844 8).
2830 2774 3065 2829 Conversi
3083 2786 3203 2830 sunt
3223 2778 3384 2849 265
3414 2788 3590 2832 autem

2000 2863 2052 2915 in
2080 2866 2161 2916 die
2191 2864 2340 2929 belli,
2376 2865 2587 2934 quando
2622 2867 2800 2921 Aaron
2829 2868 3082 2923 dixerunt
3116 2887 3129 2923 :
3158 2866 3271 2923 Fac
3300 2870 3445 2925 nobis
3475 2872 3594 2927 deos

1999 2973 2124 3025 quos
2152 2958 2422 3012 adoremus
2449 2957 2692 3029 (Ibidem,
2728 2977 2902 3026 xxx",
2938 2964 3008 3032 1).
3048 2962 3205 3019 Vides
3234 2966 3409 3019 omnia
3442 2981 3595 3035 para-

2001 3048 2136 3104 bolis
2165 3058 2217 3104 et
2241 3052 2691 3121 propositionibus
2712 3054 2989 3122 explicari.
3010 3055 3142 3111 Nam
3172 3058 3272 3112 iste
3301 3072 3491 3114 sensiis
3519 3062 3587 3113 ad

2001 3138 2121 3194 illos
2149 3143 2380 3209 pertinet
2402 3141 2490 3212 qui
2518 3142 2715 3213 aliquid
2743 3146 3070 3215 praecipitata
3101 3146 3441 3203 festinatione
3465 3165 3588 3221 pro-

310 3216 397 3270 hic
426 3226 711 3274 extraneos
754 3220 1035 3291 signiﬁcat,
1071 3237 1178 3276 non
1209 3222 1556 3292 propinquos.
1591 3221 1720 3275 Nam
1750 3222 1892 3290 quod
1921 3210 1967 3274 C
1999 3231 2247 3296 mittunt,
2283 3246 2381 3286 nec
2420 3210 2600 3289 tamen
2647 3234 2698 3289 in
2745 3250 2806 3290 ea
2846 3237 3063 3306 cupiunt
3090 3253 3437 3308 perseverare
3468 3256 3593 3297 sen—

306 3310 567 3377 sequitur,
596 3311 693 3379 ﬁlii
712 3312 800 3382 qui
828 3322 1101 3367 nascentur
1130 3322 1421 3385 exsurgant,
1454 3324 1502 3369 et
1524 3313 1807 3367 narrabunt
1833 3331 1893 3368 ea

307 3402 430 3469 ﬁliis
472 3404 612 3469 suis,
640 3405 755 3460 vult
795 3404 1015 3476 intelligi
1060 3405 1176 3461 sine
1214 3405 1376 3459 dubio
1408 3403 1763 3471 Christianos,
1800 3405 1891 3474 qui

310 3492 713 3563 praedicationes
745 3506 958 3551 sanctas
988 3496 1053 3551 ad
1100 3498 1400 3553 animarum
1448 3498 1676 3553 salutem
1716 3496 1893 3554 confe—

308 3584 527 3640 rendam
552 3588 664 3642 suis
690 3590 918 3656 pOSlet‘iS
947 3589 1126 3658 utique
1155 3589 1509 3645 tradiderunt.

378 3678 534 3735 Vers.
565 3682 618 3738 9.
655 3680 725 3737 Ut
749 3692 940 3752 ponant
970 3685 1023 3737 in
1057 3680 1164 3739 Deo
1191 3698 1330 3755 spem
1357 3700 1523 3750 suam,
1557 3692 1604 3738 et
1632 3701 1731 3739 non
1763 3685 1892 3739 obli-

305 3770 565 3826 viscantur
592 3790 801 3845 operum
840 3774 935 3829 Dei
960 3776 1071 3841 sui,
1104 3786 1149 3831 et
1184 3776 1426 3830 mandata
1456 3777 1565 3845 ejus
1600 3777 1887 3846 exquirant.

309 3860 520 3918 Utilitas
552 3874 785 3928 paternae
817 3866 1210 3934 praedicationis
1242 3867 1327 3923 hic
1365 3867 1644 3922 evidenter
1672 3875 1890 3922 ostensa

305 3964 419 4020 est,
449 3963 504 4008 ut
532 3957 730 4027 posteri
762 3972 943 4013 eorum
974 3974 1114 4027 spem
1152 3975 1298 4012 suam
1328 3973 1432 4013 non
1462 3968 1659 4027 ponant
1688 3960 1740 4013 in
1773 3960 1891 4028 lege

306 4060 425 4114 qua:
455 4046 623 4114 punit,
650 4047 743 4103 sed
781 4049 832 4103 in
877 4052 1045 4120 gratia
1086 4065 1340 4105 concessa
1376 4067 1496 4121 quae
1537 4051 1768 4105 redimit.
1802 4051 1891 4106 Se-

308 4138 509 4206 quitur,
536 4149 581 4192 et
614 4157 713 4194 non
738 4141 1100 4195 obliviscantur
1142 4157 1354 4211 aperum
1396 4141 1490 4196 Dei
1518 4144 1617 4207 sui,
1651 4143 1788 4196 sicut
1817 4142 1891 4196 fe-

304 4231 693 4299 ceruntperlidi
716 4231 909 4297 Judaei,
934 4234 1046 4303 qui,
1078 4231 1243 4288 oblito
1264 4240 1483 4289 auctore
1496 4247 1615 4303 suo,
1633 4234 1698 4288 ad
1720 4234 1893 4287 cultu-

303 4335 391 4374 ras
424 4336 482 4377 se
510 4323 811 4379 daemonum
846 4326 1255 4381 transtulerunt.
1285 4325 1535 4391 Addidit,
1566 4336 1615 4380 et
1644 4328 1892 4381 mandata

302 4415 414 4483 ejus
441 4416 729 4485 exquirant.
756 4417 874 4489 Ipsa
905 4424 988 4473 est
1021 4417 1167 4472 enim
1197 4416 1292 4473 Dei
1332 4418 1527 4473 summi
1555 4431 1677 4474 vera
1716 4433 1895 4473 recorn

301 4506 484 4574 datio,
527 4510 572 4563 si
628 4509 877 4565 mandata
923 4511 1041 4581 ejus
1087 4510 1294 4565 devotis
1343 4510 1615 4567 mentibus
1667 4510 1891 4581 implea-

302 4615 443 4654 mus.

372 4692 526 4750 Vers.
554 4696 639 4753 10.
672 4696 753 4750 Ne
773 4697 901 4766 ﬁant
920 4697 1050 4752 sicut
1081 4708 1250 4770 patres
1271 4712 1466 4768 eorum,
1493 4714 1653 4771 genus
1675 4714 1887 4769 pravum

299 4796 348 4841 et
380 4805 725 4859 peramarum.

376 4881 529 4937 Vers.
564 4884 650 4938 11.
678 4882 849 4940 Genus
874 4884 1012 4958 quod
1038 4902 1139 4940 non
1167 4885 1353 4941 direxit
1388 4902 1475 4940 cor
1497 4903 1683 4951 suum;
1714 4894 1760 4940 et
1784 4903 1885 4940 non

300 4983 373 5027 est
413 4976 630 5030 creditus
672 4994 786 5030 cum
816 4976 924 5032 Deo
954 4979 1166 5048 spiritus
1194 4980 1326 5049 ejus.
1359 4978 1451 5033 His
1479 4980 1723 5034 versibus
1754 4978 1887 5033 duo-

302 5065 401 5120 bus
443 5067 542 5121 sub
581 5067 981 5123 definitionibus
1009 5068 1242 5138 pulchris
1282 5077 1497 5123 notatur
1529 5070 1745 5140 perﬁdia
1792 5069 1888 5123 Ju-

299 5157 566 5215 dmorum.
611 5159 749 5215 Dicit
793 5160 936 5215 enim
967 5178 981 5214 :
1017 5159 1099 5214 Ne
1138 5160 1267 5228 ﬁant
1312 5163 1442 5215 sicut
1475 5172 1644 5231 patres
1688 5177 1885 5224 eorum,

299 5252 444 5325 quod
469 5252 568 5307 fuit
596 5270 752 5325 genus
777 5271 992 5325 pravum
1012 5264 1060 5309 et
1090 5270 1429 5324 peramarum.
1456 5253 1630 5308 Genus
1650 5268 1882 5325 pravum,

298 5347 423 5415 quia
453 5348 731 5402 veritatem
762 5348 1003 5417 recipere
1026 5348 1332 5401 noluerunt.
1362 5346 1595 5402 Necesse
1630 5356 1712 5401 est
1742 5346 1885 5401 enim

297 5438 513 5494 distorti
541 5448 903 5511 permaneant,
929 5442 1013 5511 qui
1038 5439 1276 5510 regulam
1301 5449 1500 5495 rectam
1527 5454 1629 5493 non
1654 5454 1887 5508 sequun-

298 5540 409 5585 tur.
441 5529 782 5586 Peramarum
803 5532 964 5595 dixit,
996 5532 1046 5586 id
1073 5539 1155 5586 est
1192 5547 1348 5602 supra
1381 5539 1599 5584 cunctas
1624 5531 1887 5584 acerbita-

300 5634 383 5680 tes
413 5626 799 5695 asperrimum,
833 5625 1002 5696 utqui
1031 5624 1096 5679 ad
1128 5639 1221 5680 eos
1250 5632 1467 5677 venerat
1495 5622 1800 5691 salvandos,
1834 5624 1883 5678 in

297 5716 419 5789 ejus
446 5718 619 5788 potius
641 5728 975 5772 armarentur
999 5717 1240 5772 exitium.
1268 5715 1539 5786 Sequitur,
1569 5731 1727 5788 genus
1750 5716 1897 5783 quod.

299 5829 403 5867 non
433 5813 619 5868 direxit
648 5829 735 5867 cor
757 5827 937 5883 suum,
970 5812 1070 5868 ltoc
1110 5820 1223 5878 est,
1265 5811 1405 5883 quod
1437 5814 1680 5883 superius
1725 5809 1878 5880 dixit,

1999 3323 2163 3378 tentia
2184 3364 2199 3391 ,
2234 3324 2370 3379 sicut
2400 3325 2561 3381 Petro
2587 3329 2831 3398 apostolo
2859 3331 3109 3400 contigit,
3136 3332 3227 3402 qui
3265 3342 3345 3387 ter
3376 3336 3589 3403 negavit

1995 3431 2142 3484 eum,
2164 3432 2285 3473 cum
2312 3434 2417 3489 quo
2446 3434 2503 3475 se
2535 3422 2854 3490 promiserat
2875 3436 2994 3479 esse
3020 3425 3339 3480 moriturum
3368 3425 3585 3497 (Matth.

1994 3524 2147 3574 xxvr,
2177 3509 2291 3578 55).

2068 3624 2220 3683 Vers.
2264 3627 2349 3683 15.
2400 3627 2525 3683 Νοη
2567 3632 2915 3689 custodierunt
2952 3643 3305 3692 testamentum
3357 3638 3489 3707 Dei,
3539 3650 3587 3697 et

1993 3717 2047 3772 in
2071 3719 2180 3790 lege
2205 3722 2316 3792 ejus
2339 3721 2615 3777 noluerunt
2636 3724 2916 3780 ambulare.

2065 3835 2221 3891 Vers.
2250 3836 2335 3892 M.
2362 3837 2427 3891 Et
2454 3839 2597 3892 obliti
2615 3849 2728 3893 sunt
2752 3840 3132 3910 benefactorum
3155 3843 3286 3917 [ed.,
3313 3847 3583 3916 bene/icio-

1993 3926 2129 3999 rum]
2158 3929 2269 3998 ejus
2290 3970 2304 3993 ,
2344 3938 2389 3983 et
2430 3932 2741 3984 mirabilia»:
2764 3933 2872 4001 ejus
2902 3949 3016 4001 qua:
3042 3937 3259 3988 ostendit
3288 3939 3375 3991 eis.
3413 3938 3583 3993 Causa

1993 4022 2235 4076 redditur
2263 4024 2530 4092 quomodo
2558 4024 2655 4091 lilii
2676 4023 2928 4093 Ephraim
2951 4030 3180 4081 conversi
3206 4031 3397 4095 fuerint
3422 4031 3475 4083 in
3501 4032 3585 4085 die

1993 4114 2143 4178 belli;
2169 4114 2376 4169 scilicet
2400 4115 2520 4185 quia
2551 4114 2672 4169 Non
2700 4118 3051 4171 custodierunt
3076 4128 3430 4176 testamentum
3459 4122 3580 4192 Dei,

1993 4215 2039 4257 et
2064 4206 2114 4256 in
2148 4204 2253 4273 lege
2279 4207 2391 4275 ejus
2420 4204 2691 4259 noluerunt
2716 4206 3009 4274 ambulare,
3035 4218 3082 4267 ct
3118 4209 3261 4265 obliti
3289 4223 3408 4267 sunt
3436 4214 3585 4270 bene.

1993 4295 2244 4363 factorum
2286 4299 2419 4368 ejus,
2473 4307 2517 4350 et
2564 4297 2871 4352 mirabilium
2920 4300 3031 4371 ejus
3073 4316 3189 4372 qua:
3223 4306 3440 4361 ostendit
3485 4308 3579 4364 eis.

1994 4390 2108 4445 lloc
2138 4390 2217 4446 sic
2246 4391 2457 4459 planum
2502 4401 2603 4458 est,
2635 4403 2692 4448 ut
2720 4395 3057 4463 erpositione
3086 4411 3190 4453 non
3220 4410 3396 4471 egeat.

2066 4506 2221 4565 Vers.
2260 4509 2340 4565 15.
2374 4508 2556 4564 Coram
2587 4511 2814 4580 patribus
2856 4529 3030 4567 eorum
3071 4514 3189 4583 fecit
3229 4517 3487 4572 mirabilia
3524 4519 3581 4575 in

1916 4597 1967 4657 D
1994 4609 2129 4654 terra
2179 4599 2428 4673 /Egypti,
2474 4603 2527 4657 in
2566 4620 2746 4674 campo
2788 4604 3003 4660 Taneos.
3056 4606 3212 4662 Venit
3254 4609 3320 4664 ad
3366 4611 3577 4668 tertiam

1997 4701 2201 4762 partem
2226 4694 2275 4747 in
2295 4709 2421 4764 qua,
2448 4705 2568 4765 post
2590 4695 2870 4749 transitum
2905 4696 3063 4751 maris
3094 4696 3283 4766 Rubri,
3316 4700 3578 4759 beneficia

1994 4788 2183 4842 collata
2211 4787 2484 4844 describit.
2514 4787 2603 4841 Isti
2633 4797 2756 4843 sunt
2784 4805 2917 4858 quos
2948 4789 3190 4859 superius
3219 4791 3391 4860 dixit,
3418 4810 3577 4865 genus

1991 4898 2202 4953 pravum
2230 4892 2276 4935 et
2307 4898 2649 4953 peramarum.
2684 4882 2872 4937 Narrat
2902 4884 3043 4937 enim
3066 4925 3079 4948 ,
3129 4901 3300 4938 coram
3346 4888 3576 4957 patribus

1992 4991 2166 5030 eorum
2193 4974 2327 5030 facta
2358 4973 2631 5039 miracula,
2662 4974 2713 5028 id
2746 4984 2848 5037 cst,
2882 4973 3094 5044 Moyse,
3122 4978 3293 5030 Aaron
3314 5018 3327 5042 ,
3351 4977 3574 5047 aliisque

1992 5066 2334 5133 senioribus;
2368 5076 2426 5122 ut
2459 5066 2751 5122 manifestis
2780 5067 2941 5122 rebus
2980 5068 3309 5123 constantius
3349 5069 3573 5125 exedere

1992 5161 2339 5227 debuissent,
2367 5176 2485 5214 cum
2519 5171 2726 5230 patrum
2769 5159 2937 5214 dulcis
2985 5174 3047 5214 ac
3079 5160 3225 5215 firmo
3254 5162 3419 5218 soleat
3452 5178 3572 5219 esse

1991 5252 2201 5307 rela‘io.
2236 5251 2302 5305 Et
2332 5232 2386 5304 ut
2414 5266 2622 5304 omnem
2656 5251 2961 5319 scrupulum
2992 5250 3335 5308 dubitationis
3362 5255 3569 5308 adime-

1990 5354 2092 5410 ret,
2117 5352 2170 5397 et
2198 5343 2524 5415 provinciam
2550 5342 2683 5396 dixit
2714 5351 2767 5397 et
2798 5343 2969 5399 locum
3002 5343 3089 5399 ubi
3119 5360 3413 5402 noscmitur
3435 5346 3571 5403 facta

1995 5453 2111 5509 qua:
2141 5435 2279 5489 dicta
2309 5441 2447 5488 sunt.
2492 5434 2594 5489 Sed
2625 5448 2720 5489 nec
2766 5433 2867 5488 hoc
2898 5445 3047 5490 vacat
3095 5437 3233 5507 quod
3279 5437 3405 5492 dicit
3448 5455 3459 5490 :
3505 5434 3570 5490 In

1990 5545 2168 5601 campo
2183 5524 2559 5580 Tuneos.Tunis
2578 5526 2715 5579 enim
2740 5526 3002 5595 signiﬁcat
3024 5526 3220 5583 humile
3239 5529 3565 5592 mandatum,

1990 5620 2130 5690 quod
2159 5618 2212 5672 in
2241 5616 2397 5671 terris
2426 5620 2632 5686 positus
2659 5615 2905 5672 Christus
2931 5619 3177 5675 docuisse
3206 5618 3567 5689 cognoscitur,

1988 5714 2173 5767 dicens
2207 5726 2220 5764 :
2255 5708 2444 5762 Discite
2467 5724 2497 5759 tt
2522 5723 2598 5760 me
2619 5708 2737 5775 quia
2764 5709 2895 5762 mitis
2917 5728 3027 5763 sum
3054 5719 3100 5762 et
3133 5710 3339 5762 humilis
3373 5709 3526 5761 corde
3550 5722 3568 5761 :

1988 5819 2033 5862 et
2066 5805 2325 5859 invenietis
2356 5805 2574 5876 requiem
2600 5803 2863 5858 animabus
2886 5805 3059 5859 vestris
3084 5803 3296 5877 (Matth.
3334 5816 3415 5865 XI,
3448 5800 3565 5868 ‘29).
