4092 6344
490 347 588 407 559

1719 335 1788 396 Μ.
1830 336 2112 398 AURELII
2149 337 2547 400 CASSIODORI

3666 321 3764 392 560

487 470 599 526 lloc
613 466 770 525 etiam
783 478 956 520 coram
975 459 1204 535 patribus
1223 454 2072 531 fecit,qnandoNoviTestamenti
2098 465 2148 525 Α
2177 461 2391 517 cedunt.
2419 458 2766 534 Signiﬁcabat
2805 457 2948 514 enim
2980 446 3136 514 nobis
3180 457 3245 512 de
3283 462 3455 528 petra,
3504 453 3559 511 id
3589 463 3671 510 est
3701 455 3766 506 de

487 563 736 619 mandata
759 556 1089 631 praedicavit.

561 653 714 710 Vers.
748 651 836 706 16.
865 647 1150 717 Interrupit
1175 646 1333 715 fmare
1375 652 1422 702 et
1464 643 1706 717 perduxit
1751 644 1864 713 éos;
1895 644 2076 701 statuit

493 763 652 820 aquas
679 745 825 818 quasi
866 744 920 798 in
949 750 1131 797 utrem.
1173 740 1306 796 Cum
1349 740 1417 798 sit
1463 755 1610 797 mare
1656 739 1916 811 liquidum
1961 740 2075 796 ele-

496 847 752 904 mentum,
774 844 986 907 ruptum
1008 833 1184 906 potius
1210 833 1394 889 maluit
1422 833 1602 890 dicere
1621 848 1780 905 quam
1803 829 2032 888 divisum
2058 847 2074 887 :

493 931 616 1002 quia
645 941 830 985 revera
873 935 1088 997 ruptum
1118 932 1237 990 est,
1282 923 1496 994 quando
1528 925 1581 979 in
1618 924 1891 996 geminum
1940 923 2077 980 latus

453 1063 465 1075 ..
493 1019 771 1092 peregrina
798 1016 902 1073 sibi
931 1015 1197 1072 soliditate
1227 1015 1560 1085 permansit;
1593 1023 1650 1069 ut
1696 1029 1802 1069 non
1843 1023 1951 1068 tam
1983 1027 2079 1082 pe-

446 1105 460 1148 ί
494 1115 644 1184 lagus
669 1124 831 1182 quam
869 1123 1029 1178 rupes
1063 1113 1376 1177 putarentur
1419 1108 1632 1163 excisae.
1680 1104 1930 1160 Perduxit
1969 1120 2078 1172 eos,

497 1207 561 1262 ad
601 1204 918 1277 promissam
948 1200 1158 1257 scilicet
1203 1210 1360 1256 terrae
1402 1201 1784 1266 securitatem,
1827 1199 1919 1254 ubi
1971 1199 2080 1268 jam

495 1297 765 1355 communi
787 1304 933 1352 sorte
953 1297 1070 1352 sine
1098 1303 1241 1350 metu
1267 1293 1440 1364 pelagi
1467 1292 1778 1349 viderentur
1807 1292 2080 1349 incedere.

495 1393 626 1448 Nam
656 1390 796 1462 quod
823 1388 1087 1460 sequitur,
1117 1386 1293 1442 statuit
1319 1402 1479 1457 aquas
1514 1387 1663 1457 quasi
1693 1386 1744 1440 in
1773 1394 1958 1453 utrem,
1981 1383 2083 1440 hoc

497 1485 566 1541 ad
594 1483 723 1541 illud
755 1483 985 1554 pertinet
1013 1479 1155 1550 quod
1193 1480 1356 1544 dixit,
1389 1477 1674 1548 Interrupit
1717 1493 1890 1544 mare;
1920 1487 1976 1532 ut
2007 1477 2085 1533 sic

498 1583 668 1633 staret
699 1575 838 1630 unda
883 1569 1207 1636 immobilis,
1239 1580 1490 1640 tanquam
1542 1569 1730 1624 fuisset
1775 1569 1984 1624 inclusa
2026 1568 2082 1624 in

498 1669 665 1724 vasis.
697 1667 763 1723 Et
793 1675 917 1722 nota
955 1661 1407 1736 quemadmodum
1446 1661 1782 1732 resignantur
1806 1663 2084 1734 promisse

498 1761 788 1833 parabolte.

2176 554 2387 610 Christo
2415 569 2603 624 aquam
2630 551 2875 622 prodire,
2909 566 3028 621 qua:
3060 549 3204 603 nulla
3233 547 3605 603 imminutione
3637 545 3765 599 ιιι·ίὶ-

2177 654 2354 714 ceret,
2385 645 2522 700 sicut
2552 645 2664 715 ipse
2699 643 2752 699 in
2789 642 3078 712 Evangelio
3120 640 3247 696 dicit
3293 659 3304 693 :
3357 639 3456 707 Qui
3494 637 3671 692 biberit
3710 653 3766 690 ra:

2177 752 2312 807 aqua
2339 753 2493 808 quam
2528 745 2619 808 ego
2650 734 2779 790 dabo
2821 735 2887 800 ei,
2921 750 3020 788 non
3052 733 3184 788 sitiet
3212 746 3456 803 unquam,
3489 730 3578 784 sed
3606 729 3690 798 ﬁet
3718 729 3770 782 in

2179 843 2237 885 eo
2262 829 2378 898 fons
2403 845 2548 899 aqua:
2569 829 2797 884 salientis
2828 828 2881 882 in
2909 827 3062 882 vitam
3089 835 3332 882 cateruam
3353 822 3534 894 (Joan.
3567 837 3650 890 tv,
3682 822 3767 889 1⁸5,

2183 919 2293 992 ﬂ).
2330 920 2540 975 Petram
2570 935 2696 976 vero
2738 919 3040 991 signiﬁcare
3083 917 3355 973 Christum
3384 915 3516 971 dicit
3543 917 3772 984 Aposto-

2181 1008 2263 1063 lus
2296 1026 2309 1062 :
2339 1007 2586 1064 Bibebant
2625 1018 2794 1062 autem
2836 1009 2898 1064 de
2943 1005 3228 1078 spirituali,
3281 1013 3619 1076 consequente
3667 1020 3768 1072 eos,

2181 1111 2324 1174 petra
2352 1117 2370 1156 :
2401 1111 2543 1171 petra
2571 1111 2740 1156 autem
2768 1107 2874 1156 erat
2904 1099 3136 1154 Christus
3169 1097 3219 1169 (1
3249 1097 3366 1152 Cor.
3399 1113 3454 1164 ι,
3477 1095 3559 1166 4).

2257 1215 2410 1271 Vers.
2459 1215 2548 1272 20.
2598 1212 2668 1268 Et
2709 1221 3058 1285 opposuerunt
3100 1210 3267 1265 adhuc
3313 1223 3529 1278 peccare
3571 1206 3618 1261 ei
3667 1220 3685 1260 :
3723 1205 3776 1260 in

2183 1312 2313 1367 iram
2340 1311 2716 1366 concitaverunt
2748 1309 3024 1364 Excetsum
3049 1307 3102 1362 in
3138 1307 3382 1361 siccitate.
3415 1306 3774 1376 Apposucrunt

2185 1403 2336 1470 dicit,
2365 1402 2711 1473 adjecerunt,
2741 1409 2801 1456 ut
2830 1401 2969 1456 inter
2997 1408 3140 1455 tanta
3168 1397 3427 1454 miracula
3452 1412 3557 1452 non
3591 1395 3778 1452 crede-

2185 1502 2335 1562 rent,
2362 1509 2483 1550 cum
2510 1495 2672 1550 etiam
2704 1493 2941 1562 ipsorum
2983 1491 3371 1548 elementorum
3402 1503 3665 1544 conversa
3695 1503 3780 1541 ua-

2187 1597 2305 1644 tura
2349 1587 2724 1658 proclamaret.
2752 1584 2977 1640 Peccare
3011 1584 3181 1653 dixit,
3213 1598 3319 1640 non
3349 1584 3604 1647 credere,
3636 1579 3776 1650 quod

2188 1681 2348 1736 nimis
2377 1679 2678 1751 improbum
2723 1687 2934 1734 constat
2961 1691 3082 1734 esse
3109 1677 3392 1742 delictum,
3416 1690 3447 1730 a
3477 1675 3588 1730 Deo
3611 1673 3776 1729 bene-

2189 1773 2306 1830 ﬁcia
2351 1784 2566 1844 petere;
2611 1773 2798 1843 eisque
2846 1771 3116 1842 perceptis
3169 1769 3374 1826 debitas
3419 1769 3624 1840 gratias
3673 1781 3775 1822 non

571 1854 726 1912 Vers.
753 1854 838 1908 17.
871 1851 938 1907 Et
965 1851 1140 1908 eduxit
1184 1867 1268 1907 eos
1296 1851 1350 1905 in
1378 1850 1510 1906 nube
1543 1850 1679 1920 diei,
1713 1858 1760 1905 et
1797 1859 1900 1904 tota
1940 1857 2085 1902 nocte

2190 1864 2411 1922 referre.
2444 1864 2720 1934 Sequitur,
2761 1863 2816 1918 in
2852 1863 2931 1917 ira
2969 1864 3351 1918 concitaverunt
3398 1859 3676 1914 Excelsum
3726 1859 3778 1911 in

498 1949 553 2003 in
584 1946 956 2002 illuminatione
999 1945 1153 2016 ignis.
1186 1945 1417 2014 Exponit
1450 1943 1590 2014 quod
1625 1942 1869 2012 superius
1899 1941 2039 1997 dixit
2069 1959 2083 1996 :

501 2039 568 2094 Et
590 2038 826 2111 perduxit
855 2053 940 2092 eos
965 2038 1019 2091 in
1065 2036 1198 2090 nube
1226 2036 1330 2090 diei
1347 2075 1362 2101 ,
1393 2034 1657 2105 siquidem
1687 2034 1789 2088 diei
1827 2034 2091 2104 signiﬁcat

503 2131 786 2186 Dominum
806 2128 1078 2185 Christum
1112 2145 1124 2180 :
1158 2125 1279 2198 quia
1302 2140 1422 2181 cum
1453 2127 1572 2198 ipse
1593 2134 1734 2181 esset
1763 2140 1919 2180 verus
1950 2124 2087 2192 dies,

503 2237 680 2280 tamen
702 2223 917 2295 perﬁdis
945 2223 1120 2276 carnis
1147 2235 1257 2276 sun
1275 2221 1415 2275 nube
1443 2220 1644 2276 celatus
1674 2229 1777 2275 est.
1809 2218 1959 2274 Unde
1991 2218 2090 2274 mi-

501 2317 670 2374 rabile
703 2333 868 2388 genus
897 2316 1180 2371 locutionis
1212 2313 1414 2381 eluxit,
1443 2315 1523 2369 sic
1552 2315 1767 2384 antiqua
1799 2313 1935 2368 facta
1967 2327 2092 2368 nar-

501 2423 643 2476 rare,
674 2415 733 2463 ut
754 2408 921 2478 magis
940 2422 1059 2478 quin
1083 2417 1206 2461 sunt
1237 2418 1456 2462 ventura
1479 2405 1722 2460 videatur
1751 2406 2086 2474 exprimere;

506 2509 563 2557 ut
591 2501 746 2558 aliter
778 2499 1130 2566 audiendum,
1176 2500 1330 2556 aliter
1365 2499 1435 2555 sit
1475 2499 1819 2554 nihilominus
1851 2499 2090 2554 sentien-

505 2594 632 2650 dum
661 2610 676 2646 :
709 2593 762 2648 in
795 2592 942 2648 nullo
974 2602 1150 2649 tamen
1194 2592 1354 2649 dubia
1382 2634 1398 2661 ,
1439 2593 1561 2664 quia
1592 2603 1717 2648 sunt
1746 2601 1970 2664 utraque
2003 2609 2093 2649 veo

505 2687 740 2744 rissima.
773 2686 865 2742 Hre
905 2697 1028 2741 sunt
1073 2685 1352 2756 promissae
1396 2685 1665 2756 parabolae
1710 2685 1916 2741 caelesti
1957 2685 2094 2742 inte-

504 2780 696 2854 gritate
729 2779 1002 2850 disposita:
1030 2778 1159 2851 [ed.,
1188 2775 1487 2849 depositae],
1529 2779 1644 2833 haec
1685 2777 1874 2832 indicia
1904 2777 2092 2832 certis-

506 2875 641 2931 sima
665 2873 924 2930 veritatis.
955 2871 1228 2942 Sequitur,
1253 2880 1297 2925 et
1326 2879 1434 2925 tota
1464 2877 1611 2924 nocte
1640 2870 1693 2924 in
1722 2869 2096 2934 illuminatione

504 2967 658 3040 ignis.
703 2965 800 3020 ilic
835 2963 1134 3021 evidentius
1169 2963 1431 3033 signiﬁcat
1468 2960 1834 3026 Christianos,
1866 2975 1999 3029 quos
2039 2959 2094 3016 in

508 3057 606 3111 hac
627 3066 786 3111 nocte
807 3055 1010 3122 saeculi,
1035 3054 1249 3108 luminis
1266 3054 1346 3109 sui
1370 3053 1613 3107 claritate
1633 3052 1886 3108 custodit.
1904 3053 2091 3107 Omnia

507 3147 649 3201 enim
680 3143 881 3198 Judmis
908 3144 961 3197 in
1005 3143 1172 3212 ﬁgura
1209 3141 1498 3210 contigisse
1541 3151 1764 3196 teStatur
1804 3140 2093 3211 Apostolus

2190 1959 2438 2014 siccitate.
2457 1957 2612 2028 Saepe
2637 1956 2869 2012 diximus
2897 1957 3129 2026 tropicas
3154 1971 3277 2013 esse
3298 1957 3425 2011 istas
3448 1953 3777 2018 locutiones,

2190 2067 2310 2123 quae
2333 2051 2562 2106 Domino
2599 2049 2760 2106 verba
2793 2050 3032 2106 tribuunt
3061 2049 3386 2103 inﬁrmitatis
3415 2046 3694 2111 humanm;
3726 2051 3780 2098 ut

2191 2159 2280 2200 res
2328 2144 2512 2200 arduae
2559 2154 2863 2215 nostrmque
2904 2142 3244 2213 conceptioni
3283 2140 3525 2197 difﬁciles
3579 2138 3780 2210 possint

2192 2237 2494 2294 evidentius
2519 2235 2814 2306 explanari.
2847 2233 2914 2288 In
2953 2236 3084 2289 iram
3125 2234 3532 2297 concitaverunt,
3564 2229 3780 2302 quando

2193 2345 2314 2386 eum
2347 2345 2454 2385 non
2481 2328 2774 2386 credebant
2808 2327 3045 2382 difﬁcilia
3075 2326 3178 2383 sibi
3211 2325 3417 2393 facere,
3449 2339 3611 2395 quem
3639 2321 3780 2378 vide.

2192 2425 2323 2480 bant
2349 2435 2453 2480 tam
2484 2425 2721 2497 ingentia
2753 2438 2910 2494 posse
2944 2423 3237 2493 complere.
3268 2423 3380 2479 Hoc
3414 2422 3562 2478 enim
3586 2421 3640 2476 in
3671 2420 3781 2476 Deo

2194 2519 2562 2588 gravissimum
2594 2525 2802 2572 constat
2831 2531 2953 2572 esse
2973 2526 3271 2587 peccatum,
3301 2524 3358 2570 ut
3380 2513 3672 2584 quidquam
3697 2511 3776 2566 illi

2194 2609 2524 2679 impossibile
2561 2607 2798 2674 dicatur,
2833 2608 2922 2678 qui
2949 2623 3157 2662 summe
3187 2609 3326 2661 valet
3354 2604 3573 2660 efﬁcere
3594 2645 3610 2672 ,
3643 2602 3782 2673 quod

2195 2699 2436 2756 decernit
2462 2700 2704 2770 implere.
2731 2699 2874 2754 Bene
2907 2707 3083 2754 autem
3107 2699 3306 2754 dictum
3333 2707 3436 2764 e5t,
3458 2697 3513 2750 in
3535 2697 3781 2759 siccitate,

2195 2807 2302 2848 non
2341 2800 2545 2848 tantum
2569 2800 2726 2848 terra:
2762 2805 2921 2861 quam
2975 2790 3206 2860 mentis,
3249 2789 3340 2860 qui
3387 2797 3466 2844 tot
3513 2786 3784 2842 miraculis

2196 2884 2453 2956 compluti
2475 2925 2492 2950 ,
2531 2884 2774 2956 perﬁdia:
2803 2899 2915 2940 suae
2943 2883 3225 2940 sterilitate
3254 2882 3438 2938 siccati
3467 2890 3594 2936 sunt
3618 2897 3632 2933 ι
3663 2879 3782 2951 quia

2197 2985 2367 3032 totum
2397 2977 2700 3032 carnalibus
2736 2975 3018 3032 desideriis
3063 2974 3428 3046 applicantes,
3455 2981 3647 3029 ventre
3678 2981 3786 3027 tan-

2199 3077 2330 3138 tum,
2364 3085 2470 3123 non
2493 3067 2740 3124 sensibus
2769 3067 3141 3138 explebantur.

2270 3161 2424 3218 Vers.
2455 3161 2545 3218 21.
2579 3160 2646 3215 Et
2670 3169 2986 3217 tentaverunt
3015 3158 3180 3216 Deum
3208 3160 3259 3214 in
3295 3159 3532 3214 cordibus
3560 3157 3696 3224 suis,
3729 3167 3784 3213 ut

508 3235 692 3292 dicens
723 3250 739 3288 ³
771 3232 909 3288 Νθίθ
949 3235 1084 3326 έηίίη
1111 3249 1197 3288 υ⁰⁸
1228 3234 1493 3303 ignoraret
1527 3233 1710 3303 Ῑ⁷α¹⁷θ³
1733 3273 1748 3298 ν
1780 3233 1900 3304 qui“
1927 3241 2094 3302 ium“
2124 3247 2168 3311 C
2197 3263 2419 3326 peterent
2451 3270 2592 3309 escas
2635 3253 2901 3308 animabus
2939 3253 3068 3308 suis.
3112 3253 3266 3308 Aliud
3309 3261 3393 3308 est
3430 3261 3615 3322 petere
3669 3259 3784 3306 ten-

508 3328 670 3384 nostri
696 3342 867 3382 omnes
895 3325 986 3380 sub
1025 3325 1158 3379 nube
1201 3329 1435 3395 fuerunt,
1465 3333 1512 3380 et
1550 3341 1721 3380 omnes
1765 3341 1902 3380 mare
1932 3326 2093 3400 [mss.

508 3420 600 3486 A.,
630 3416 719 3483 G.,
761 3433 850 3488 per
893 3413 1052 3487 mare]
1110 3416 1454 3485 transierunt,
1501 3427 1549 3472 et
1595 3433 1767 3474 omnes
1816 3418 1871 3472 in
1918 3417 2098 3488 Moyse

510 3510 752 3582 baptizati
779 3518 896 3564 sunt
923 3510 979 3563 in
1015 3508 1146 3564 nube
1181 3509 1306 3563 etin
1332 3510 1460 3564 mari
1490 3509 1539 3582 (Ι
1569 3509 1690 3566 Cor.
1721 3527 1776 3576 ι,
1801 3510 1852 3578 1,
1877 3510 1957 3582 2),
1987 3520 2092 3568 etc.

514 3604 665 3660 Unde
689 3618 720 3658 a
746 3603 901 3660 nobis
927 3617 1133 3674 magna:
1161 3617 1374 3674 semper
1417 3605 1602 3674 gratiae
1627 3604 1921 3660 referendae
1946 3612 2092 3674 sunt,

511 3697 637 3768 quia
671 3695 942 3753 miraculis
973 3695 1223 3766 prmdixit
1259 3696 1422 3752 tantis
1450 3712 1512 3752 ac
1539 3697 1731 3754 talibus
1755 3737 1770 3765 ,
1799 3711 1919 3768 qua:
1941 3697 2096 3754 nobis

510 3794 627 3843 erat
653 3785 937 3842 immeritis
966 3787 1183 3856 praemia
1206 3786 1512 3856 largiturus.

497 3915 499 3922 ι
582 3875 737 3932 Vers.
772 3875 856 3931 18.
886 3873 1170 3946 Interrupit
1197 3878 1252 3931 in
1285 3893 1454 3931 eremo
1480 3884 1676 3949 petram
1701 3923 1716 3948 ,
1745 3886 1792 3934 et
1817 3878 2094 3950 adaquavit

508 3984 595 4024 eos
619 3967 752 4022 velut
772 3968 825 4022 in
845 3968 1027 4038 abysso
1052 3968 1232 4022 multa.
1261 3969 1674 4026 Consideremus
1693 3986 1850 4042 quam
1875 3988 1942 4028 ex
1966 3987 2094 4028 con-

512 4061 688 4117 trariis
719 4060 880 4117 rebus
909 4061 1104 4118 iuerint
1132 4071 1346 4118 ostensa
1386 4063 1662 4120 miracula.
1693 4065 1900 4122 Undam
1929 4067 2094 4122 maris

509 4153 635 4210 fecit
675 4154 921 4224 primitus
963 4155 1115 4226 quasi
1154 4170 1376 4210 saxeam
1408 4157 1642 4226 pendere
1680 4174 1890 4228 rupem,
1951 4173 2094 4214 nunc

513 4247 645 4302 dicit
673 4255 876 4316 petram
909 4261 1157 4304 manasse
1189 4248 1363 4306 fontes
1397 4251 1656 4321 irriguos;
1691 4261 1750 4308 ut
1785 4253 2094 4308 ostenderet

513 4337 793 4393 universas
835 4349 1108 4394 creaturas
1155 4338 1270 4408 ejus
1312 4341 1662 4410 jussionibus'
1688 4342 1926 4410 obedire,
1969 4343 2092 4399 licet

512 4429 779 4485 contraria
808 4431 1121 4486 naturaliter
1160 4432 1299 4486 inter
1336 4447 1398 4488 se
1430 4434 1712 4488 videantur
1739 4435 1988 4490 existere.
2023 4434 2091 4490 In

510 4538 678 4578 eremo
709 4522 834 4578 dum
865 4521 1013 4590 dicit,
1039 4522 1222 4579 collati
1249 4527 1488 4581 muneris
1513 4527 1735 4598 gratiam
1767 4529 2088 4598 duplicavit;

2200 3346 2380 3413 tando,
2423 3346 2567 3402 aliud
2603 3345 2929 3402 conﬁtendo.
2975 3345 3066 3401 Isti
3096 3345 3276 3416 utique
3319 3343 3575 3422 tentando
3619 3343 3784 3414 petie-

2196 3450 2360 3509 runt,
2409 3443 2498 3512 qui
2548 3451 2896 3513 posteaquam
2946 3448 3303 3510 acceperunt,
3351 3439 3564 3510 indigna
3620 3435 3782 3492 locuti

2196 3543 2338 3589 sunt.
2363 3531 2580 3588 Tentare
2605 3536 2750 3589 enim
2782 3533 3012 3589 dicimus
3041 3532 3240 3604 aliquid
3275 3531 3477 3588 dolosis
3521 3530 3786 3585 sermoni-

2197 3624 2296 3681 bus
2322 3627 2590 3696 postulare
2615 3642 2629 3690 ;
2660 3634 2718 3682 ut
2739 3626 3052 3696 simplicitas
3079 3624 3321 3680 videatur
3349 3623 3405 3679 in
3433 3621 3636 3689 verbis,
3661 3637 3779 3676 cum

2195 3719 2266 3774 sit
2296 3721 2347 3774 in
2377 3720 2539 3776 corde
2567 3719 2784 3774 malitia.
2808 3719 2899 3775 Isti
2925 3734 3053 3790 ergo
3080 3719 3359 3775 animabus
3393 3717 3506 3774 suis
3537 3731 3646 3772 non
3677 3717 3784 3786 spi-

2194 3810 2445 3878 rituales,
2469 3811 2561 3867 sed
2592 3812 2834 3867 carnales
2862 3812 3023 3884 266
3051 3825 3204 3867 escas
3250 3809 3477 3866 subdole
3523 3822 3783 3880 poposce-

2194 3911 2340 3958 runt.
2371 3903 2460 3958 Sic
2503 3904 2649 3958 enim
2693 3902 2926 3959 dicimus
2956 3902 3174 3973 aegrotis
3214 3900 3330 3957 dari
3375 3915 3528 3956 escas
3567 3908 3783 3970 propter

2196 3992 2401 4048 animas
2427 3992 2480 4047 in
2511 4007 2740 4063 corpore
2769 3989 3112 4061 retinendas,
3144 4007 3249 4048 non
3279 3991 3404 4062 quia
3431 3991 3691 4062 pabulum
3717 3988 3784 4044 sit

2194 4083 2528 4152 animarum,
2561 4085 2656 4143 sed
2693 4086 2817 4158 quia
2861 4103 2957 4158 per
3001 4087 3147 4158 ipsas
3180 4086 3390 4143 videtur
3431 4086 3489 4142 in
3529 4084 3635 4143 hac
3680 4084 3784 4140 vita

2194 4177 2344 4248 vigor
2364 4179 2605 4250 corporis
2631 4179 2920 4236 contineri.

2263 4269 2418 4327 Vers.
2447 4269 2538 4325 22.
2572 4270 2638 4326 Et
2679 4271 2812 4326 male
2841 4270 3000 4328 locuti
3043 4280 3162 4327 sunt
3190 4272 3252 4327 de
3303 4269 3451 4338 Deo;
3498 4271 3780 4327 dixerunt:

2194 4361 2445 4434 Nunquid
2467 4365 2648 4435 poterit
2682 4363 2820 4418 Deus
2849 4380 3031 4434 parare
3057 4380 3284 4420 mensam
3311 4365 3365 4418 in
3393 4364 3636 4419 deserto?
3664 4362 3782 4420 Uti-

2192 4470 2299 4527 que
2331 4456 2468 4510 male
2491 4495 2505 4522 ,
2537 4455 2660 4526 quia
2691 4454 2825 4510 falsa
2853 4455 3012 4510 locuti
3055 4464 3194 4510 sunt.
3231 4454 3368 4521 Quid
3413 4464 3596 4510 autem
3632 4454 3782 4510 dixe-

2192 4546 2322 4616 rint,
2363 4545 2754 4615 subsequenter
2793 4545 3047 4616 explanat
3080 4560 3098 4600 :
3135 4543 3384 4616 Nunquid
3427 4545 3616 4614 poterit
3649 4542 3780 4597 Deus

511 4623 564 4670 ut
599 4615 667 4671 ibi
695 4615 896 4672 faceret
919 4616 1028 4672 tale
1057 4618 1371 4672 miraculum
1394 4658 1410 4682 ,
1441 4617 1530 4673 ubi
1572 4633 1678 4674 non
1707 4630 1825 4677 erat
1861 4621 2004 4676 aliud
2034 4624 2087 4678 in

2193 4651 2378 4708 parare
2424 4651 2648 4691 mensam
2696 4637 2750 4690 in
2791 4615 3024 4691 deserto!
3052 4635 3303 4706 Nunquid
3345 4635 3661 4705 imputative
3704 4634 3779 4690 le-

511 4707 830 4764 necessitate
873 4709 1192 4764 remedium.
1235 4709 1520 4781 Adaquavit
1556 4711 1738 4786 autem
1780 4713 1992 4783 posuit,
2032 4724 2091 4771 ut

506 4802 745 4872 iumenta
769 4805 938 4874 magis
957 4803 1228 4860 videretur
1249 4805 1567 4875 signiﬁcare,
1594 4821 1700 4862 non
1723 4806 1987 4877 homines,
2001 4809 2091 4880 qui

511 4895 670 4948 tantis
702 4895 974 4951 beneﬁciis
1017 4897 1216 4967 gratias
1255 4913 1410 4968 agere
1441 4901 1766 4957 nescierunt.
1815 4901 1967 4968 Quod
1997 4919 2092 4960 au-

510 4992 616 5037 tem
644 4983 797 5050 dixit,
828 4988 958 5042 velut
987 4989 1040 5044 in
1068 4989 1248 5061 abysso
1278 4990 1474 5060 multa,
1523 4993 1732 5063 copiam
1774 4994 2090 5066 largissimas
2125 5063 2132 5069 ,

513 5077 670 5130 unda:
697 5077 1006 5148 declaravit,
1031 5098 1149 5154 quae
1164 5085 1310 5140 velut
1329 5085 1395 5141 de
1419 5086 1614 5157 abysso
1636 5087 1805 5158 pelagi
1829 5089 1898 5143 ita
1923 5092 2089 5145 multa

511 5167 780 5236 proﬂuxit.
810 5170 877 5224 Et
904 5183 1028 5227 nota
1057 5174 1308 5244 quoniam
1336 5175 1588 5247 abyssum
1614 5179 1909 5235 secundum
1941 5179 2092 5236 Grat-

510 5275 602 5314 cras
633 5260 845 5329 generis
871 5265 1018 5332 ponit
1047 5266 1236 5336 ubique
1266 5268 1526 5326 feminini.

582 5353 737 5411 Vers.
770 5356 856 5412 19.
890 5356 957 5411 Et
979 5359 1152 5413 eduxit
1170 5377 1355 5431 aquam
1381 5364 1443 5416 de
1467 5374 1610 5434 petra
1627 5404 1643 5432 ,
1669 5375 1716 5420 et
1745 5366 1955 5423 deduxit
1979 5376 2093 5424 tan-

507 5465 664 5521 quam
701 5451 920 5520 ]iumina
961 5469 1138 5523 aquas.
1194 5455 1304 5512 lloc
1345 5456 1409 5512 ad
1448 5459 1668 5528 gratiam
1718 5460 2086 5516 ineulcandam

511 5559 716 5614 magna:
743 5545 1111 5600 admirationis
1141 5547 1380 5617 iteravit,
1411 5561 1468 5605 ut
1495 5552 1558 5607 de
1590 5551 1677 5607 illa
1711 5569 1771 5609 re
1799 5569 1934 5625 aqua
1965 5569 2090 5624 pro-

509 5633 682 5708 diret,
715 5653 834 5707 qua:
865 5639 1087 5693 naturali
1113 5639 1350 5698 siccitate
1377 5645 1647 5701 duruerat.
1679 5647 1746 5702 Et
1779 5663 1845 5704 ne
1873 5657 2090 5718 putares

511 5744 698 5802 parum
728 5731 924 5802 aliquid
947 5746 1226 5790 emanasse
1245 5775 1262 5802 ,
1289 5735 1530 5792 addidit:
1562 5749 1803 5810 tanquam
1829 5743 2048 5812 ﬂumina
2067 5783 2085 5811 ,

509 5834 629 5897 quae
658 5821 725 5882 de
753 5822 1006 5883 uberibus
1035 5824 1294 5884 montium
1322 5826 1536 5900 copiosa
1581 5831 1927 5892 inundatione
1963 5827 2090 5908 pro-

2196 4730 2427 4800 gendum
2470 4741 2582 4798 est;
2629 4731 2860 4802 positum
2889 4740 2972 4786 est
2999 4732 3141 4786 enim
3174 4746 3271 4802 pro
3299 4745 3426 4786 non.
3451 4732 3494 4785 0
3515 4729 3779 4786 nefarium

2198 4820 2376 4877 scelus
2395 4863 2410 4887 ,
2437 4819 2504 4876 de
2525 4819 2656 4893 [ed.,
2685 4820 2816 4893 Deo]
2844 4821 3208 4892 Omnipotenti
3235 4838 3341 4878 non
3384 4822 3633 4892 credere,
3663 4835 3779 4892 quae

2198 4913 2438 4984 quotidie
2490 4913 2692 4983 passim
2751 4914 3005 4984 probatur
3056 4913 3314 4971 efﬁcere!
3371 4913 3645 4985 Scriptum
3699 4921 3779 4969 est

2193 5007 2338 5062 enim
2369 5022 2385 5062 :
2425 5007 2525 5070 Qui
2563 5006 2652 5060 dat
2687 5023 2856 5061 escam
2885 5007 3024 5062 omni
3050 5007 3193 5062 carni
3217 5005 3389 5079 (Psal.
3420 5021 3632 5074 cxxxv,
3660 5006 3774 5076 25).

2193 5099 2330 5168 Quid
2357 5115 2486 5171 ergo
2517 5099 2593 5155 illi
2622 5109 2727 5155 tam
2755 5101 3106 5166 contrarium,
3132 5116 3290 5172 quam
3313 5107 3369 5155 ut
3393 5114 3498 5155 non
3529 5098 3779 5154 credatur

2191 5192 2421 5263 implere
2459 5193 2603 5264 quod
2657 5191 2912 5264 jusserit?
2957 5195 3026 5249 Et
3070 5193 3191 5250 ideo
3241 5192 3532 5248 vehemens
3577 5191 3776 5261 culpa,

2191 5289 2318 5356 quia
2341 5287 2460 5342 talis
2482 5287 2775 5342 difﬁdentia
2797 5301 3084 5358 supernam
3106 5287 3277 5359 tangit
3299 5286 3568 5357 injuriam.
3596 5283 3776 5339 Mensa

2190 5391 2320 5432 vero
2350 5377 2614 5448 signiﬁcat
2636 5379 2936 5449 pastionem
2961 5380 3011 5434 in
3035 5395 3138 5451 qua
3160 5379 3429 5436 reﬁcimur
3450 5380 3774 5436 esurientes.

2191 5467 2260 5524 Et
2287 5469 2412 5524 dum
2437 5469 2584 5540 dicit,
2613 5487 2800 5542 parare
2825 5487 3050 5527 mensam
3093 5472 3147 5526 in
3191 5473 3419 5538 deserto,
3450 5471 3602 5542 quasi
3633 5467 3777 5542 quod

2192 5557 2332 5615 solet
2352 5558 2405 5614 in
2429 5561 2581 5631 copia
2608 5561 2745 5628 ﬁeri,
2779 5577 2886 5618 non
2914 5562 3174 5633 potuisset
3195 5561 3246 5617 in
3277 5576 3457 5618 rerum
3481 5561 3777 5617 solitudine

2191 5652 2468 5720 procurari
2494 5653 2506 5708 !
2529 5653 2698 5709 Stulta
2738 5653 2899 5709 nimis
2937 5653 3275 5725 absurdoque
3310 5655 3559 5710 vecordia
3588 5653 3777 5710 ltumav

2193 5758 2317 5798 nam
2361 5743 2844 5825 impossibilitatem
2889 5743 2957 5802 ad
3003 5745 3238 5818 divinam
3288 5744 3624 5804 transtulisse
3669 5744 3773 5805 vir-

2195 5837 2389 5895 tutem!
