4092 6344
325 385 414 449 561

1162 389 1529 448 EXPOSITIO
1567 388 1635 447 IN
1674 387 2135 447 PSALTERIUM.
2179 388 2372 447 PSAL.
2411 390 2666 450 LXXVII.

3461 389 3568 452 562

386 508 533 565 Vera.
574 504 664 563 25.
717 505 973 575 Quoniam
1018 508 1262 579 percussit
1310 514 1507 577 petram
1552 512 1599 559 et
1632 507 1890 575 fluxerunt
1917 501 1969 563 Α
2067 500 2220 557 Vera.
2265 502 2353 559 28.
2408 502 2603 559 Panem
2649 503 2945 576 angelorum
2993 503 3313 561 manducavit
3357 505 3506 563 homo
3547 523 3564 566 :

319 615 490 672 aqua,
525 608 570 654 et
610 607 854 654 torrentes
889 600 1268 655 iuundaverunt
1297 616 1317 654 :
1357 596 1587 667 nunquid
1626 605 1671 650 et
1708 609 1891 666 panem

317 697 488 770 poterit
524 694 645 749 dare
669 735 683 762 ,
720 701 811 749 aut
848 710 1032 764 parare
1073 711 1299 748 mensam
1338 691 1530 764 populo
1571 689 1700 745 suo?
1723 686 1889 742 Nimis

317 792 447 853 fatua
472 789 723 860 cogitatio
755 790 1057 859 exemplum
1077 789 1253 858 magni
1277 785 1520 842 miraculi
1542 784 1755 850 dare,et
1775 781 1889 849 ejus

313 892 572 939 auctorem
614 883 669 937 in
714 881 936 951 reliquis
971 881 1219 936 arbitrari
1252 893 1408 948 po~se
1460 876 1709 932 deﬁcere.
1754 873 1886 929 Nam

314 978 394 1048 qui
444 976 509 1032 de
558 984 711 1045 petra
734 974 895 1045 jussit
937 989 1103 1045 aquas
1144 973 1398 1040 efﬂuere,
1434 986 1532 1027 cur
1558 984 1666 1025 non
1693 968 1889 1023 faceret

310 1084 456 1125 escas
481 1082 663 1123 aerem
694 1066 953 1122 esurienti
990 1066 1185 1136 populo
1217 1064 1558 1120 ministrare?
1580 1061 1739 1130 Quasi
1762 1074 1888 1116 vero

310 1164 394 1218 illa
410 1162 555 1231 jutus
593 1160 772 1231 aliquo
811 1158 1133 1214 adminiculo
1162 1160 1393 1229 potuerit
1419 1157 1627 1221 lacere,
1672 1154 1770 1209 ista
1794 1166 1887 1208 so-

306 1258 381 1312 lus
403 1270 508 1310 non
538 1253 796 1309 valuisset
822 1253 1075 1324 implere!
1103 1252 1208 1308 Sed
1234 1253 1371 1307 banc
1393 1249 1654 1306 vecordia:
1678 1248 1887 1318 culpam

308 1345 457 1414 paulo
483 1353 605 1414 post
625 1343 866 1414 sequitur
889 1343 1124 1399 vindicta
1150 1342 1476 1412 justissima,
1526 1354 1594 1396 ne
1620 1340 1740 1412 quis
1767 1347 1889 1415 post

304 1437 413 1492 hzec
437 1436 561 1491 talia
590 1436 827 1507 cogitare
849 1444 1217 1505 praesumeret.

375 1531 522 1586 \‘ers.
557 1530 649 1585 24.
678 1528 808 1583 Ideo
825 1529 1020 1584 audivit
1053 1529 1299 1584 Dominus
1323 1536 1370 1583 et
1393 1526 1614 1594 distulit,
1637 1533 1683 1581 et
1712 1540 1889 1596 super-

304 1624 487 1694 posuit,
511 1633 559 1679 et
594 1624 729 1695 ignis
758 1638 1001 1678 accensus
1023 1632 1093 1677 est
1120 1623 1169 1677 in
1202 1622 1380 1689 Jacob,
1413 1632 1456 1676 et
1482 1622 1559 1676 ira
1585 1622 1770 1675 ascend
1791 1629 1809 1673 t
1834 1618 1888 1673 in

302 1713 488 1769 Israel.
524 1714 684 1770 Venit
721 1714 789 1769 ad
838 1724 1082 1785 quartam
1120 1724 1327 1785 partem
1350 1755 1363 1779 ,
1410 1714 1499 1769 ubi
1542 1727 1635 1785 per
1665 1712 1887 1783 ﬁguram

302 1807 732 1877 synathroismos
751 1845 765 1872 ,
805 1822 923 1877 quae
954 1806 1143 1861 Latine
1168 1806 1365 1862 dicitur
1398 1791 1768 1876 congregatio,
1797 1803 1889 1858 Ju-

1993 598 2439 667 [rumentationem
2479 599 2615 653 misit
2660 599 2730 653 eis
2760 599 2813 652 in
2852 598 3186 653 abundantia.
3212 598 3382 669 Caput
3408 598 3566 670 primi

1991 704 2179 746 versus
2224 691 2377 747 istius
2428 691 2495 748 de
2543 691 2905 763 superioribus
2952 691 3176 763 pendet;
3205 691 3338 746 dixit
3376 692 3564 748 enim:

1993 780 2192 839 Januas
2212 784 2325 840 caeli
2350 785 2582 857 aperuit,
2617 794 2669 841 et
2699 786 3063 856 consequitur,
3091 785 3221 856 pluit
3247 783 3349 839 illis
3379 800 3571 840 manna

1992 879 2324 934 manducare.
2353 876 2500 935 Pluit
2523 920 2538 947 ,
2568 879 2701 936 dixit
2725 921 2737 945 ,
2769 888 2825 934 ut
2853 879 3157 936 ostenderet
3186 894 3323 935 escae
3352 880 3568 934 nimiam

1988 970 2288 1040 largitatem
2308 1013 2322 1038 ,
2348 986 2469 1043 qua:
2500 983 2747 1043 tauquam
2789 972 2963 1043 pluvia
3006 972 3072 1026 de
3103 972 3240 1027 coelo
3270 971 3567 1027 descendit.

1989 1062 2056 1118 Et
2100 1079 2170 1119 ne
2222 1063 2497 1119 dubitares
2544 1079 2662 1133 qua:
2710 1063 2871 1119 fuerit
2911 1063 3001 1118 illa
3049 1061 3258 1132 pluvia,
3301 1063 3564 1131 sequitur,

1988 1170 2179 1210 manna
2201 1157 2528 1211 manducare.
2559 1154 2756 1211 Manna
2779 1156 3157 1227 interpretatur
3179 1154 3303 1224 quid
3327 1162 3407 1211 est
3432 1153 3569 1208 hoc?

1988 1250 2128 1322 quod
2157 1260 2357 1306 sancta:
2404 1250 2763 1306 communioni
2803 1250 3058 1305 decenter
3103 1258 3348 1325 aptanius
3398 1265 3409 1301 :
3450 1248 3573 1318 quia

1989 1340 2114 1401 dum
2158 1342 2469 1399 admirando
2499 1343 2650 1398 cibus
2687 1342 2787 1399 iste
2818 1342 3158 1414 perquiritur,
3206 1341 3442 1411 corporis
3472 1340 3572 1395 do-

1991 1437 2171 1495 minici
2199 1452 2419 1493 munera
2462 1436 2820 1492 declarantur.
2862 1435 3111 1503 Addidit,
3140 1452 3322 1505 panem
3351 1434 3464 1491 caeli
3487 1434 3575 1488 de-

1991 1530 2067 1584 dit
2090 1532 2180 1586 eis.
2210 1530 2337 1597 Quis
2368 1537 2451 1585 est
2481 1530 2615 1584 alter
2646 1529 2797 1599 panis
2825 1528 2966 1595 coeli,
2998 1528 3100 1583 nisi
3128 1528 3369 1582 Christus
3396 1525 3574 1582 Domi-

1992 1637 2114 1690 nus,
2173 1624 2315 1678 unde
2352 1622 2592 1677 coelestia
2639 1622 2967 1705 spiritualem
3001 1634 3179 1675 escam
3226 1620 3463 1689 capiunt,
3519 1625 3575 1673 et

1991 1715 2349 1772 delectatione
2390 1715 2749 1770 inaestimabili
2790 1712 3174 1785 perfruuntur?
3205 1712 3443 1781 Denique
3495 1711 3575 1767 sic

1991 1809 2250 1879 sequitur,
2283 1824 2467 1879 panem
2511 1809 2806 1880 angelorum
2844 1807 3165 1861 manducavit
3202 1804 3372 1860 homo.
3415 1802 3577 1857 Panis

300 1896 540 1953 dseorum
566 1898 794 1953 crimina
820 1896 1163 1969 colliguntur.
1196 1898 1335 1954 Deus
1368 1898 1512 1953 enim
1542 1894 1892 1967 cogitationes
1922 1894 1969 1955 B
1992 1916 2127 1972 ergo
2153 1900 2459 1971 angelorum
2499 1900 2636 1955 bene
2681 1899 2875 1954 dicitur
2916 1898 3162 1955 Christus
3182 1946 3195 1969 ,
3228 1897 3348 1967 quia
3388 1909 3576 1952 revera

301 1992 775 2057 murmurantium,
799 1990 959 2046 etiam
1000 1990 1179 2060 lingua
1223 1990 1552 2060 quiescente,
1577 1987 1887 2058 cognoscit,

303 2084 388 2152 qui
412 2083 566 2139 solus
592 2091 771 2154 potest
800 2084 1069 2140 internum
1102 2084 1428 2154 tacitumque
1460 2090 1741 2137 tractatum
1771 2089 1892 2135 tan-

301 2192 459 2248 quam
505 2180 797 2234 clamorem
842 2194 1048 2251 magna:
1078 2178 1225 2234 vocis
1263 2178 1469 2233 audire.
1522 2174 1627 2232 Sed
1676 2175 1892 2231 intende

301 2271 444 2341 quod
471 2272 622 2342 prius
652 2273 806 2339 dixit,
838 2272 1070 2337 distulit;
1096 2286 1235 2328 nunc
1268 2269 1500 2337 addidit,
1531 2268 1892 2339 superposuit;

302 2375 367 2417 ne
388 2363 435 2418 si
464 2364 766 2420 vindicaret
788 2364 854 2419 ad
880 2378 1140 2435 praasens,
1165 2363 1475 2419 crederetur
1497 2368 1891 2417 murmurantes

299 2456 527 2512 minime
561 2458 761 2513 satiare
795 2457 1053 2529 potuisse.
1097 2456 1202 2512 Sed
1246 2457 1444 2510 distulit
1481 2454 1804 2520 vindictam,
1836 2461 1896 2510 ut

299 2548 617 2604 ostenderet
645 2549 954 2619 patientiam
988 2566 1003 2604 :
1035 2550 1357 2621 superposuit
1385 2556 1561 2603 autem
1593 2560 1807 2614 moras,
1836 2552 1894 2600 ut

298 2640 679 2697 manifestaret
711 2642 1034 2711 potentiam;
1086 2649 1140 2696 et
1188 2650 1313 2696 tunc
1350 2647 1717 2709 competenter
1754 2638 1895 2694 ultus

295 2743 382 2788 est
411 2733 624 2802 culpas,
652 2733 864 2803 quando
890 2731 1191 2787 incredulas
1215 2739 1422 2787 mentes
1448 2745 1625 2785 rerum
1659 2731 1893 2799 ipsarum

296 2824 641 2896 perfectione
687 2824 937 2879 convicit.
974 2823 1263 2893 Sequitur,
1293 2832 1339 2877 et
1371 2821 1500 2892 ignis
1540 2836 1780 2875 accensus
1823 2827 1897 2875 est

299 2919 355 2972 in
394 2916 587 2972 Jacob.
625 2916 789 2971 Jacob
842 2914 1174 2987 signiﬁcatur
1215 2913 1603 2985 supplantator,
1648 2912 1740 2983 qui
1785 2912 1895 2967 ire-

301 3019 539 3080 queuter
583 3024 616 3065 a
660 3015 812 3078 parte
838 3004 1056 3077 ponitur
1084 3006 1320 3078 gentium
1338 3050 1352 3076 ,
1381 3020 1498 3077 qua:
1527 3005 1802 3061 venientes
1828 3003 1896 3059 ad

298 3104 583 3161 Christum
606 3143 622 3171 ,
654 3102 1001 3158 lsraeliticum
1043 3100 1298 3172 populum
1339 3100 1713 3172 supplantasse
1741 3114 1897 3154 mon-

302 3206 588 3265 strantur,
639 3195 851 3267 quando
892 3195 996 3252 illis
1046 3194 1478 3261 introeuntibus,
1508 3195 1639 3249 istos
1684 3200 1897 3250 constat

301 3288 583 3358 expulsos.
622 3289 757 3359 Ergo
787 3288 839 3343 in
894 3286 1143 3358 gentibus
1194 3287 1310 3342 istis
1354 3301 1485 3357 quas
1528 3285 1760 3341 diximus
1803 3284 1897 3340 Ja-

300 3383 389 3437 cob
420 3382 651 3437 nomine
681 3382 1001 3452 signiﬁcari,
1039 3383 1171 3455 ignis
1212 3383 1487 3438 cbaritatis
1518 3398 1759 3437 accensus
1791 3393 1898 3449 est;

301 3482 356 3530 et
398 3486 608 3545 quanto
650 3475 725 3529 illi
774 3476 1203 3530 murmuratione
1251 3474 1516 3545 prolanati
1565 3484 1719 3542 sunt,
1752 3482 1899 3531 tanto

302 3567 390 3623 isti
433 3568 800 3625 confessionis
845 3568 1037 3624 ardore
1083 3568 1445 3637 profecerunt.
1477 3568 1715 3637 Addidit,
1750 3579 1795 3624 et
1824 3570 1903 3624 ira

302 3664 538 3718 ascendit
568 3663 619 3716 in
644 3660 830 3716 Israel.
860 3662 1011 3719 Sicut
1033 3664 1084 3716 in
1108 3661 1268 3716 Jacob
1297 3663 1608 3718 charitatem
1638 3680 1903 3718 accensam

303 3752 473 3821 dicit,
526 3754 607 3809 ita
638 3754 689 3808 in
746 3750 915 3808 Israel
958 3754 1088 3807 iram
1131 3756 1419 3810 ascendisse
1456 3754 1795 3825 pronuntiat,
1846 3764 1906 3811 ut

307 3844 381 3901 i‘lli
410 3847 848 3904 accenderentur
881 3847 945 3902 ad
974 3847 1197 3918 gratiam
1220 3891 1235 3919 ,
1268 3849 1353 3903 isti
1386 3848 1808 3919 perducerentur
1836 3849 1903 3905 ad

306 3939 552 4010 culpam.

328 4042 341 4049 ‘
382 4031 544 4089 Vers.
578 4031 669 4089 25.
704 4032 840 4102 Quia
866 4050 965 4088 non
1006 4033 1328 4088 crediderunt
1375 4032 1430 4088 in
1483 4033 1592 4089 Deo
1640 4050 1765 4102 suo,
1816 4051 1908 4089 nec

309 4135 647 4196 speraverant
676 4129 730 4182 in
760 4127 979 4182 salutari
1004 4131 1133 4200 ejus.
1167 4127 1293 4183 Ideo
1330 4128 1576 4197 superius
1605 4127 1739 4183 dixit
1771 4144 1784 4182 :
1816 4125 1909 4182 Ira

311 4219 551 4271 ascendit
578 4220 628 4272 in
657 4218 843 4284 Israel,
871 4227 927 4273 ut
956 4218 1262 4274 ostenderet
1284 4220 1612 4290 pertinaces;
1646 4235 1786 4275 nunc
1816 4236 1911 4275 au-

310 4317 421 4365 tem
450 4326 623 4367 causa
652 4311 819 4382 ipsius
839 4311 1215 4368 obstinationis
1233 4315 1536 4383 exponitur.
1566 4314 1700 4370 Dicit
1722 4315 1861 4370 enim
1892 4333 1907 4371 :

312 4401 438 4458 Non
467 4421 559 4459 eos
586 4405 860 4460 credidisse
888 4405 940 4459 in
972 4404 1081 4461 Deo
1107 4422 1221 4461 suo.
1256 4406 1320 4461 Et
1350 4421 1418 4463 ne
1441 4407 1667 4462 alterum
1696 4418 1911 4477 putares

311 4507 436 4552 esse
467 4495 664 4562 Deum,
692 4498 956 4566 sequitur,
988 4514 1076 4553 nec
1104 4508 1431 4569 speraverunt
1452 4499 1505 4552 in
1535 4500 1748 4554 salutari
1777 4503 1908 4573 ejus,

1993 1996 2160 2066 ipsius
2192 1994 2349 2050 laude
2378 2003 2687 2064 pascuntur.
2720 1994 2900 2063 Neque
2946 1994 3088 2049 enim
3120 1990 3453 2062 corporalem
3485 2005 3577 2060 pa-

1992 2104 2116 2145 nem
2145 2089 2319 2159 angeli
2351 2088 2674 2144 manducare
2700 2087 2952 2143 credendi
2984 2096 3129 2153 sunt,
3180 2084 3274 2141 sed
3320 2084 3412 2139 illa
3446 2098 3578 2139 cou-

1994 2180 2340 2251 templatione
2370 2178 2601 2245 Domini,
2632 2194 2736 2249 qua
2768 2177 3015 2235 sublimis
3042 2185 3283 2233 creatura
3315 2176 3575 2232 relicitur.

1993 2271 2192 2328 Verum
2221 2271 2305 2327 hic
2334 2274 2487 2343 panis
2513 2272 2567 2327 in
2595 2272 2735 2329 coelo
2771 2271 2942 2342 replet
2982 2272 3201 2341 angelos
3222 2311 3235 2337 ,
3263 2278 3318 2326 et
3355 2284 3452 2325 nos
3484 2283 3579 2338 pa-

1995 2367 2095 2423 scit
2133 2365 2186 2422 in
2214 2366 2373 2422 terris
2404 2382 2418 2420 :
2450 2366 2571 2421 illos
2613 2365 3064 2436 contemplatione
3110 2364 3423 2428 delectans,
3481 2374 3579 2416 nos

1995 2466 2178 2515 sancta
2202 2458 2507 2513 visitatiouc
2533 2457 2801 2515 reﬁciens.
2825 2455 3079 2513 Addidit:
3103 2454 3579 2509 Frumentationem

1998 2551 2133 2606 misit
2156 2551 2227 2606 eis
2253 2551 2305 2605 in
2334 2551 2666 2606 abundantia.
2698 2549 2886 2605 Adhuc
2919 2551 2969 2604 in
3001 2548 3363 2620 superioribus
3391 2561 3580 2617 perse-

1996 2652 2166 2712 verat,
2199 2660 2387 2698 manna
2416 2643 2547 2699 illud
2579 2644 3027 2715 frumentationem
3076 2641 3291 2706 dicens,
3320 2655 3425 2695 non
3459 2638 3576 2693 fru-

1997 2745 2266 2802 mentum;
2298 2746 2355 2792 ut
2378 2736 2521 2792 illam
2562 2736 2771 2804 cupiam
2810 2735 3171 2804 exprimeret,
3201 2747 3320 2802 quae
3357 2730 3581 2785 avidita-

1999 2837 2104 2885 tem
2138 2830 2315 2900 populi
2343 2829 2621 2899 prtevaluit
2646 2842 2922 2899 superare.
2956 2827 3195 2896 Denique
3216 2824 3293 2880 sic
3317 2822 3579 2893 sequitur,

1998 2922 2052 2975 in
2078 2920 2425 2986 abundantia;
2456 2918 2585 2974 illud
2614 2919 2757 2975 enim
2796 2916 3060 2985 abundat,
3092 2914 3233 2987 quod
3271 2928 3376 2970 non
3404 2920 3584 2984 potest

2000 3013 2177 3084 aliqua
2200 3012 2453 3068 aviditate
2478 3012 2741 3068 consumi.

2074 3123 2226 3181 Vers.
2254 3123 2345 3178 ‘2).
2381 3122 2661 3177 Transtulit
2691 3122 2939 3177 Austrum
2986 3122 3048 3177 de
3085 3119 3242 3189 coelo,
3292 3128 3341 3176 et
3379 3119 3587 3175 induxit

1924 3254 1972 3319 ο
1999 3218 2053 3273 in
2080 3220 2265 3274 virtute
2293 3236 2387 3273 sua
2417 3218 2684 3289 Africum;
2711 3226 2759 3273 et
2786 3219 2918 3290 pluit
2944 3234 3095 3289 super
3128 3233 3214 3271 eos
3243 3216 3371 3271 sicut
3410 3214 3587 3285 pulve-

2002 3324 2109 3363 rem
2138 3325 2336 3376 carnes,
2379 3318 2426 3363 et
2461 3308 2593 3364 sicut
2622 3325 2839 3364 arenam
2887 3310 3045 3363 maris
3084 3308 3313 3363 volatilia
3341 3314 3586 3379 pennata.

2001 3401 2269 3469 Quantum
2297 3401 2363 3457 ad
2394 3399 2673 3455 historiam
2700 3401 2958 3470 pertinet,
2994 3402 3089 3456 hos
3119 3410 3307 3457 ventos
3335 3408 3586 3471 tanquam

2001 3493 2249 3549 vehicula
2278 3493 2411 3547 dicit
2433 3507 2553 3548 esse
2579 3501 2910 3563 procuratos,
2944 3494 3032 3564 qui
3052 3493 3255 3565 jussam
3282 3494 3491 3564 copiam
3520 3492 3590 3548 ad

2004 3584 2270 3640 destinata
2302 3592 2477 3639 castra
2508 3584 2885 3653 perducerent.
2915 3584 3020 3641 Sed
3060 3586 3181 3656 quia
3228 3593 3352 3640 sunt
3381 3593 3436 3640 et
3480 3584 3592 3655 spi-

2005 3678 2269 3734 ritualiter
2295 3680 2621 3750 exponendi,
2648 3694 2786 3735 nunc
2812 3692 2905 3733 eos
2930 3679 3129 3748 positos
3155 3678 3255 3735 sub
3274 3678 3587 3753 quibusdam

2006 3768 2416 3839 ﬁgurationibus
2436 3770 2792 3842 inquiramus.
2818 3772 3061 3825 Austrum
3078 3780 3134 3827 et
3152 3772 3382 3843 Africum
3402 3780 3593 3827 ventos

2008 3864 2207 3917 scimus
2260 3878 2380 3919 esse
2420 3864 2776 3931 meridianos,
2829 3868 2917 3935 qui
2969 3880 2998 3919 a
3036 3874 3186 3934 parte
3230 3864 3493 3921 lucidiore
3539 3872 3596 3921 et

2007 3953 2332 4011 ferventiore
2358 3958 2712 4026 proveniunt;
2745 3956 2941 4027 quibus
2970 3956 3224 4013 ﬂantibus
3254 3957 3464 4033 pigrum
3502 3958 3599 4013 fri-

2008 4062 2107 4117 gus
2147 4047 2454 4117 expellitur,
2493 4058 2548 4103 et
2590 4049 2730 4102 aeris
2776 4056 3200 4117 temperamenta
3249 4057 3595 4120 praestantur.

2011 4141 2102 4196 Sic
2122 4154 2249 4209 ergo
2274 4149 2329 4194 et
2348 4139 2511 4194 verba
2537 4138 2743 4193 Domini
2774 4140 3051 4195 cbaritatis
3075 4139 3197 4210 igne
3223 4140 3524 4212 ﬂagrantia,
3546 4143 3599 4199 in

2012 4230 2188 4287 Austri
2220 4230 2571 4286 similitudine
2613 4239 2774 4301 atque
2822 4232 3021 4301 Africi,
3054 4233 3256 4290 mundo
3304 4234 3600 4292 salutarem

2012 4320 2421 4394 temperantiam
2449 4323 2837 4392 praestiterunt,
2869 4324 3221 4397 plueruntque
3248 4340 3409 4397 super
3434 4341 3602 4398 popu-

2013 4413 2097 4470 los
2131 4414 2351 4485 pabula,
2382 4414 2525 4469 unde
2550 4413 2785 4470 ﬁdelium
2818 4416 3013 4473 anima:
3040 4417 3366 4473 satiareutur
3394 4418 3603 4473 uberri-

2014 4524 2121 4564 me.
2157 4507 2334 4562 Pulvis
2358 4509 2500 4564 enim
2531 4507 2620 4565 lric
2646 4510 2914 4580 signiﬁcat
2943 4511 3309 4581 intelligentiae
3335 4511 3601 4566 subtilita-

312 4586 367 4642 id
396 4597 484 4643 est
515 4590 573 4661 ill
605 4588 831 4644 Domino
874 4590 1184 4657 Salvatore;
1232 4599 1289 4646 Ill
1336 4604 1441 4646 non
1494 4592 1667 4646 solum
1715 4591 1792 4646 eis
1824 4591 1909 4645 illa
1939 4644 1994 4705 Β
2016 4610 2123 4658 tem
2143 4644 2157 4670 ’
2180 4618 2299 4673 qum
2335 4603 2401 4658 ad
2432 4617 2695 4673 supernas
2723 4605 3076 4675 cogitationes
3100 4611 3365 4659 commota
3390 4617 3605 4673 semper

312 4683 679 4705 m..__..-_-a!-
728 4682 979 4705 l..-.!..l!-...
1012 4684 1204 4705 f---_-n
1258 4698 1440 4705 -.ι-...μ
1474 4682 1629 4705 -42----
1666 4682 1906 4705 ,1-...ειῖιι..-
2196 4694 2250 4705 ..γ
2652 4696 2664 4705 .
2934 4696 2947 4705 .
2970 4696 3000 4705 ..
3238 4694 3254 4705 ι
3337 4694 3366 4705 ,o
3449 4696 3603 4705 ,Α-

312 4683 682 4737 murmuratio
727 4682 983 4737 invidiam
1011 4684 1227 4748 faceret,
1258 4698 1443 4739 verum
1469 4682 1633 4739 etiam
1661 4682 1909 4738 duritiam

315 4776 524 4831 mentis
556 4782 678 4847 post
706 4784 942 4833 secutam
973 4775 1271 4832 damnaret.

389 4867 556 4923 Vers.
591 4865 783 4926 26..Et
814 4866 1074 4922 mandavit
1116 4867 1331 4922 nubibus
1366 4869 1616 4937 desuper,
1656 4877 1703 4922 et
1721 4869 1915 4940 januas

313 4965 431 5018 caeli
472 4964 700 5034 aperuit.
748 4962 871 5018 llaec
909 4963 1010 5019 sub
1055 4964 1323 5033 parabolis
1362 4973 1415 5020 et
1461 4966 1913 5037 propositionibus

314 5060 449 5127 dici,
481 5060 537 5115 in
564 5058 718 5113 initio
748 5057 862 5128 ipse
895 5066 1113 5115 teStatus
1139 5066 1241 5115 est.
1272 5058 1503 5130 Ideoque
1544 5060 1790 5130 quamvis
1822 5074 1915 5130 per

318 5150 612 5206 historiam
662 5150 800 5206 facta
839 5149 1145 5218 vidcantur,
1176 5158 1385 5219 oportet
1418 5160 1590 5205 tamen
1622 5150 1808 5205 referri
1849 5149 1915 5205 ad

322 5243 619 5299 Dominum
652 5244 1006 5310 Salvatorem,
1030 5250 1087 5297 ut
1109 5242 1262 5297 nobis
1287 5252 1499 5299 constet
1518 5242 1770 5314 praedicta
1794 5258 1920 5299 sen-

320 5336 522 5389 tentia.
557 5332 863 5389 Mandatum
884 5344 961 5389 est
989 5333 1130 5389 enim
1159 5333 1394 5400 nubibus,
1421 5334 1473 5390 id
1495 5343 1578 5392 est
1608 5334 1920 5405 prmdieato—

322 5424 508 5489 ribus,
559 5434 616 5480 ut
660 5429 970 5496 perjanuas
1017 5425 1163 5491 creti,
1204 5423 1308 5480 hoc
1355 5432 1436 5481 est
1479 5441 1573 5496 per
1615 5425 1919 5496 Scripturas

323 5527 555 5573 sanctas
593 5519 901 5589 praedicatio
928 5519 1160 5589 gloriosa
1192 5518 1475 5573 adventum
1512 5521 1760 5576 salutaris
1787 5521 1918 5593 [ed.,

325 5605 651 5679 Salvatoris]
670 5609 876 5663 Domini
898 5609 1187 5675 nuntiaret,
1206 5610 1294 5680 qui
1316 5625 1442 5667 vere
1457 5625 1649 5668 manna
1672 5612 1919 5684 sumitur,

328 5700 557 5772 quando
580 5703 840 5758 adorabili
866 5706 1351 5761 communicatione
1378 5714 1638 5777 gustatur.

406 5790 569 5846 νοτε.
597 5793 684 5848 97.
724 5794 791 5850 Et
827 5794 954 5866 pluit
998 5796 1104 5853 illis
1134 5814 1323 5853 manna
1350 5800 1658 5857 manducare
1690 5814 1710 5855 :
1740 5815 1922 5872 partem

320 5884 453 5945 «uti
476 5882 622 5944 dedit
649 5889 741 5945 eis.

2016 4694 2285 4761 ascendit;
2316 4711 2472 4750 arena
2493 4711 2622 4752 vero
2651 4696 3090 4751 innumerabilem
3120 4694 3418 4765 prudentia:
3442 4696 3603 4766 267

2016 4788 2223 4857 copiam
2263 4788 2393 4843 salsi
2439 4790 2599 4843 maris
2629 4802 2824 4858 sapore
2851 4788 3120 4843 conditam
3152 4803 3168 4843 :
3210 4786 3442 4841 volatilia
3467 4802 3595 4857 pen-

2016 4888 2137 4932 nata
2160 4917 2176 4944 ,
2205 4878 2447 4935 ctelestia
2471 4878 2738 4934 desideria
2765 4920 2780 4947 ,
2813 4877 3003 4949 quibus
3032 4878 3208 4933 anima
3234 4877 3429 4933 devota
3460 4878 3607 4935 velut

2017 4972 2267 5029 carnibus
2310 4971 2511 5027 referta
2555 4971 2887 5041 pinguescat.
2933 4972 3101 5025 Arena
3129 4984 3257 5025 vero
3283 4971 3461 5038 maris,
3491 4971 3608 5043 epi-

2021 5064 2203 5119 theton
2225 5070 2307 5119 est
2328 5064 2583 5119 decenter
2606 5062 2907 5133 appositum
2930 5104 2945 5127 ,
2967 5061 3216 5132 quoniam
3239 5069 3293 5116 et
3321 5060 3605 5117 ﬂuviorum

2024 5167 2148 5210 esse
2170 5162 2366 5223 potest,
2396 5168 2515 5223 quae
2544 5168 2649 5209 non
2677 5151 2838 5208 habet
2865 5150 3011 5206 hunc
3029 5165 3300 5222 saporem.

2096 5245 2250 5301 Vers.
2271 5246 2360 5301 50.
2390 5245 2457 5300 Et
2485 5245 2769 5300 ceciderunt
2795 5244 2851 5298 in
2881 5243 3048 5297 medio
3070 5253 3355 5299 castrorum
3381 5257 3590 5299 eorum:

2027 5335 2164 5390 circa
2193 5337 2522 5391 tabernacula
2548 5350 2744 5391 eorum.
2773 5334 2844 5390 Ut
2864 5333 3032 5403 ipsam
3066 5349 3279 5406 quoque
3318 5333 3599 5390 difﬁculta-

2026 5438 2135 5486 tem
2178 5429 2421 5499 capiendi
2465 5428 2571 5484 cibi
2618 5429 3077 5485 murmurautibus
3134 5429 3448 5498 abrogaret,
3498 5441 3609 5483 non

2027 5523 2200 5579 solum
2244 5523 2381 5576 circa
2428 5519 2774 5587 tabernacula,
2809 5537 2993 5577 verum
3023 5521 3182 5577 etiam
3214 5523 3266 5575 in
3306 5520 3489 5575 mediis
3517 5534 3609 5572 ca-

2028 5616 2146 5671 stris
2174 5630 2355 5669 eorum
2385 5613 2514 5669 dicit
2542 5612 2778 5667 cecidisse
2806 5612 2946 5684 quod
2975 5628 3167 5683 magno
3207 5610 3479 5668 desiderio
3523 5624 3612 5663 re-

2032 5708 2336 5779 quirebant.
2369 5705 2550 5762 Castra
2588 5705 2730 5760 enim
2763 5721 2791 5760 a
2840 5708 3086 5762 castitate
3114 5705 3254 5760 dicta
3282 5712 3434 5767 sunt,
3467 5700 3609 5771 quod

2031 5801 2187 5857 bellis
2217 5800 2484 5857 exercitus
2526 5809 2818 5870 occupatus
2853 5799 2999 5857 {cedo
3043 5797 3187 5854 luxui
3240 5813 3347 5852 non
3374 5802 3618 5850 vacaret.

2036 5894 2200 5953 Nobis
2229 5902 2407 5951 autem
2464 5891 2821 5965 signiﬁcatur,
2851 5890 2991 5963 quod
3030 5891 3167 5944 intra
3219 5897 3368 5957 septa
3417 5890 3620 5942 sancta
