4092 6344
489 425 595 484 563

1719 425 1789 480 Μ.
1833 425 2110 482 AURELII
2152 425 2553 483 CASSIODORI

3649 423 3745 477 56ιῦ

492 547 750 605 Ecclesiae
775 545 949 601 omnia
979 558 1207 614 superna
1241 557 1463 599 munera
1488 557 1774 614 possumus
1797 546 2062 616 accipere,
2097 545 2151 608 Α
2246 548 2402 605 Vers.
2429 548 2520 605 36.
2550 546 2677 603 Cum
2705 546 2952 604 oceideret
2978 561 3080 614 eos,
3125 553 3244 600 tunc
3271 541 3585 613 inquirebant
3606 558 3747 610 smn,-

492 641 537 696 si
559 640 763 709 expleri
781 638 917 692 bona
939 636 1204 692 desideria
1232 644 1414 690 nostra
1438 634 1621 692 divino
1646 652 1873 695 munere
1897 647 2078 710 postn-

494 732 689 786 lemus.
732 729 885 784 Unde
937 726 1324 783 inaestimabilis
1355 726 1523 784 virtus
1565 731 1828 786 sermonis
1875 738 1987 796 est,
2019 737 2077 788 et

495 823 735 878 historias
771 820 927 875 iidem
957 819 1253 888 complere,
1291 826 1346 876 et
1387 820 1756 891 spiritualibus
1791 823 1952 879 rebus
1995 823 2078 878 in.

496 913 778 985 telligenda
809 914 1153 969 contrudere.

568 1030 720 1084 Vers.
747 1027 835 1082 3i.
868 1025 934 1082 Et
958 1028 1393 1085 manducaverunt
1416 1038 1462 1085 et
1487 1033 1707 1086 saturati
1733 1043 1853 1088 sunt
1892 1034 2075 1099 nimis;

495 1133 543 1180 et
566 1123 873 1178 desiderium
906 1138 1080 1175 eorum
1103 1122 1273 1176 attulit
1299 1124 1391 1177 eis.
1414 1123 1556 1181 Ecce
1582 1126 1810 1182 convicti
1840 1140 1963 1184 sunt
1991 1131 2079 1198 qui

497 1215 608 1270 Deo
633 1214 827 1285 aliquid
853 1213 1073 1268 diiiicile
1100 1221 1439 1283 putaverunt.
1473 1214 1838 1286 Expleverunt
1867 1211 2080 1274 deside-

495 1304 634 1361 rium
665 1303 846 1359 carnis
877 1304 1086 1357 ratione
1112 1302 1317 1372 jejuni,
1351 1311 1540 1359 ventre
1571 1305 1746 1375 pleni,
1782 1305 1878 1362 sed
1901 1320 2080 1366 mente

499 1397 669 1452 vacui.
699 1397 825 1452 llasc
857 1397 1024 1466 ﬁgura
1056 1395 1251 1450 dicitur
1280 1395 1645 1466 syncltoresis,
1676 1398 1729 1454 id
1757 1411 1840 1456 est
1861 1417 2082 1459 conces-

499 1489 602 1554 sio,
625 1488 833 1558 quoties
867 1488 1044 1558 aliqua
1075 1489 1382 1558 importune
1429 1491 1860 1551 desiderantibus
1887 1511 2081 1556 conce-

505 1581 718 1646 duntur,
771 1594 891 1648 qum
931 1580 998 1635 ad
1031 1580 1316 1638 utilitatem
1351 1583 1589 1652 ipsorum
1647 1587 1917 1656 pertinere
1971 1605 2080 1646 non

503 1679 748 1742 possunt.
1349 1697 1376 1721 ο

573 1787 727 1843 Vers.
759 1787 849 1844 ὅθ..
875 1786 994 1844 Non
1019 1799 1139 1844 sunt
1163 1791 1398 1864 fraudati
1426 1808 1458 1846 a
1485 1793 1740 1852 desiderio
1765 1811 1890 1864 suo;
1912 1799 2082 1855 adhuc

503 1895 631 1936 est-te
655 1895 830 1934 eorum
849 1890 996 1936 erant
1029 1882 1083 1937 in
1124 1897 1211 1936 ore
1246 1883 1514 1955 ipsorum:
1541 1894 1587 1940 et
1610 1887 1691 1941 ira
1723 1885 1816 1946 Dei
1848 1891 2080 1947 ascendit

499 1992 655 2047 super
675 1992 777 2032 eos.

576 2091 729 2148 Vers.
761 2091 847 2150 55.
901 2092 964 2148 Et
1011 2095 1197 2148 occidit
1243 2096 1496 2164 plurimos
1546 2113 1760 2163 eorum;
1797 2111 1843 2155 et
1895 2102 2081 2156 electos

513 2183 672 2242 Israel
698 2186 974 2255 impedivit.
1014 2186 1170 2242 Venit
1210 2187 1275 2242 ad
1317 2189 1554 2258 quintam
1601 2200 1826 2260 partem.
1859 2190 1972 2248 Hoc
1999 2204 2082 2249 est

504 2275 646 2332 enim
676 2277 817 2346 quod
840 2277 974 2334 dixit
999 2281 1244 2348 superius
1275 2297 1290 2334 :
1319 2280 1531 2336 Distulit
1557 2292 1615 2339 et
1640 2289 1993 2355 superposuit,
2026 2295 2082 2342 ut

503 2384 606 2424 non
650 2370 1016 2439 fraudarentur
1057 2389 1092 2426 a
1136 2374 1389 2429 desiderio
1429 2392 1522 2429 suo
1551 2392 1571 2431 :
1598 2393 1665 2432 ne
1712 2377 2077 2448 impotentiam

506 2467 630 2533 Dei,
663 2482 820 2538 quam
852 2471 1110 2540 sacrilega
1163 2480 1346 2525 mente
1390 2482 1789 2542 conceperant,
1823 2488 1918 2543 per
1942 2473 2083 2528 ditii-

502 2563 751 2618 cultatcm
779 2563 1035 2619 desiderii
1065 2564 1147 2618 sui
1181 2563 1401 2619 forsitan
1439 2565 1875 2634 comprobarent.
1909 2564 2083 2622 Frau~

505 2651 613 2704 dati
641 2666 668 2704 a
721 2650 907 2708 fraude
945 2653 1120 2718 venit;
1163 2653 1307 2708 fraus
1340 2654 1482 2709 enim
1509 2656 1707 2711 dicitur
1735 2658 1884 2727 quasi
1916 2659 2081 2715 fracta

505 2743 656 2800 (idea.
710 2744 899 2801 Satiati
953 2756 1078 2802 sunt
1126 2763 1254 2818 ergo
1301 2749 1366 2802 ad
1417 2763 1568 2804 suam
1621 2750 1858 2819 ruinam;
1894 2763 2084 2809 nonut

501 2838 628 2894 inde
657 2839 914 2906 viverent,
945 2839 1036 2895 sed
1069 2841 1241 2910 potius
1281 2841 1580 2898 interirent.
1611 2841 1744 2898 Nam
1788 2844 1910 2899 vide
1955 2845 2083 2914 quid

501 2933 741 3002 sequitur
771 2949 786 2988 :
813 2935 986 2988 adhuc
1011 2949 1141 2988 escae
1190 2951 1364 2989 eorum
1412 2947 1554 2990 erant
1595 2938 1649 2990 in
1702 2953 1790 2992 ore
1817 2939 2084 3010 ipsorum,-

502 3028 708 3083 scilicet
736 3028 862 3082 dum
895 3043 1088 3082 manna
1132 3036 1187 3084 et
1215 3030 1547 3083 coturnicum
1598 3030 1850 3086 carnibus
1899 3045 2085 3087 vesce-

501 3126 705 3173 rentur.
741 3116 874 3171 Esca
905 3119 1047 3174 enim
1083 3117 1155 3173 ab
1199 3118 1410 3175 edendo
1449 3120 1589 3175 dicta
1631 3128 1732 3176 est.
1770 3121 2018 3188 Addidit,‘
2036 3133 2083 3176 et

501 3209 584 3276 ira
622 3207 719 3263 Dei
758 3209 988 3264 ascendit
1027 3225 1177 3279 super
1220 3226 1322 3264 eos.
1370 3206 1438 3263 Et
1481 3210 1665 3264 occidit
1716 3212 1964 3278 plurimos
1991 3227 2081 3266 eo-

501 3316 638 3383 rum,
657 3310 705 3354 et
728 3300 908 3356 electos
933 3297 1098 3355 Israel
1117 3299 1398 3367 impedivit.
1425 3299 1519 3355 llic
1549 3301 1692 3356 illam
1720 3301 1886 3356 Exodi
1916 3301 2081 3358 ltisto-
2111 3317 2156 3381 ρ

503 3391 641 3448 riam
674 3392 840 3460 tangit
862 3389 1060 3462 (Exod.
1091 3407 1256 3456 χχχιι,
1285 3392 1360 3461 i).
1385 3391 1621 3449 Absente
1649 3394 1844 3464 quippe
1873 3395 2077 3466 Moyse,

503 3484 594 3558 qui
616 3484 784 3554 legem
805 3483 1015 3540 Domini
1038 3483 1363 3554 suscipiebat
1384 3484 1436 3539 in
1464 3494 1666 3553 monte,
1691 3497 1875 3543 contra
1899 3490 2081 3544 Aaron

509 3575 734 3646 populus
763 3575 995 3632 surrexit
1024 3576 1262 3642 insanus,
1298 3585 1557 3645 expetens
1605 3577 1705 3634 sibi
1728 3579 1924 3635 debere
1950 3580 2081 3637 deos

509 3669 644 3737 ﬁeri,
670 3669 806 3725 sicut
824 3668 998 3724 omnis
1012 3668 1290 3724 videbatur
1312 3668 1508 3724 habere
1524 3669 1810 3738 gentilitas.
1834 3671 2084 3726 Factum-

509 3777 612 3832 que
653 3771 734 3817 est
759 3772 902 3827 tunc,
933 3770 990 3815 ut
1029 3759 1226 3822 vitulus
1269 3759 1359 3814 ille
1404 3758 1666 3818 nefandus
1697 3763 1886 3829 exiret,
1927 3761 2082 3832 cujus

509 3853 713 3910 cultura
738 3853 839 3923 ipsi
868 3862 1023 3908 erant
1051 3851 1234 3922 utique
1264 3849 1534 3921 mugituri.
1568 3852 1718 3908 Tunc
1745 3854 1912 3909 iratus
1943 3853 2086 3910 Deus

508 3947 643 4002 dixit
669 3946 868 4018 Moysi,
911 3947 1146 4018 graviter
1177 3959 1428 4014 peccasse
1455 3946 1706 4014 populum
1733 3945 2040 4004 Judaiorum
2066 3965 2079 4001 :

509 4055 615 4110 quo
636 4039 996 4096 descendente
1015 4037 1159 4093 iacto
1184 4045 1449 4092 conventu
1475 4035 1658 4107 viginti
1684 4040 1782 4094 tria
1803 4038 1967 4092 millia
1993 4053 2088 4094 eo-

507 4119 625 4188 rum
661 4131 906 4202 leguntur
935 4131 1234 4196 exstincta;
1277 4137 1330 4183 et
1356 4127 1566 4196 Aaron,
1616 4128 1706 4199 qui
1736 4137 1853 4184 erat
1881 4129 2086 4185 electus

511 4222 741 4291 Domini,
777 4230 994 4292 prOpter
1038 4237 1132 4277 eos
1161 4222 1354 4276 cecidit
1407 4223 1460 4277 in
1511 4229 1740 4278 reatum.
1798 4223 1887 4278 Sic
1939 4224 2087 4278 enim

509 4313 644 4389 dixit
675 4331 686 4366 :
716 4313 1006 4368 Percussus
1033 4321 1115 4368 cst
1137 4311 1363 4382 populus
1392 4322 1608 4383 propter
1633 4322 1910 4382 peccatum
1937 4313 2090 4370 vituli

509 4419 669 4476 quem
703 4404 828 4459 iecit
859 4406 1060 4460 Aaron.
1091 4403 1328 4470 Quorum
1379 4405 1614 4471 pessima
1644 4405 1996 4460 murmuratio
2035 4415 2090 4462 et

509 4498 682 4567 ipsum
706 4510 920 4566 quoque
945 4495 1160 4566 Moysen
1189 4493 1480 4563 impedivit,
1505 4496 1717 4566 quando
1741 4496 1876 4551 dixit
1900 4513 1913 4550 :
1942 4497 2091 4552 Nun-

509 4591 629 4661 quid
651 4591 714 4644 de
743 4599 884 4659 petra
905 4588 1001 4643 hac
1022 4589 1162 4644 vobis
1183 4603 1369 4660 aquam
1389 4589 1667 4659 polerintus
1695 4590 1877 4662 ejicere
1900 4589 2089 4662 (Num.

509 4699 599 4752 xx,
629 4684 760 4755 10)?
801 4685 1027 4754 Propter
1049 4683 1186 4750 quod
1219 4681 1439 4740 verbum
1475 4681 1779 4754 prohibitus
1807 4683 1961 4738 estin
1986 4692 2094 4740 ter-

512 4799 628 4838 ram
673 4781 1044 4852 promissionis
1087 4779 1308 4834 intrare.
1351 4778 1442 4834 Sic
1488 4793 1616 4848 ergo
1663 4778 1856 4834 factum
1889 4787 2004 4848 est,
2037 4788 2096 4838 ut

514 4876 697 4929 electos
728 4872 895 4930 Israel
927 4873 1258 4942 peccantium
1289 4869 1607 4940 protervitas
1647 4869 1947 4940 impediret.

588 4988 738 5043 Vet-s.
788 4986 878 5043 54.
914 4986 979 5041 In
1018 4985 1251 5041 omnibus
1307 4982 1387 5038 Itis
1434 4994 1764 5056 peccaverunt
1809 4984 1997 5052 adhuc,
2047 4993 2096 5041 et

512 5098 610 5134 non
625 5082 965 5136 crediderunt
993 5083 1044 5136 in
1066 5078 1381 5135 mirabilibus
1402 5081 1534 5148 ejus.

585 5170 739 5229 Vers.
772 5173 860 5227 55.
909 5171 976 5226 Et
1004 5175 1295 5242 defecerunt
1343 5173 1395 5225 in
1430 5171 1653 5226 uanitate
1691 5172 1796 5226 dies
1823 5188 2017 5240 eorum,
2042 5183 2091 5228 et

513 5266 636 5321 anni
672 5282 847 5321 eorum
869 5281 980 5320 cum
1015 5267 1308 5338 festinantia
1338 5263 1462 5336 [ms.
1487 5263 1574 5332 A.,
1601 5265 1965 5337 festinatione].
1998 5266 2088 5322 illa

510 5357 688 5425 potius
733 5367 946 5427 peccata
997 5367 1323 5427 exaggerant
1355 5357 1518 5412 Deum
1546 5397 1561 5422 ,
1609 5371 1727 5426 qum
1786 5360 2088 5426 augmentis

511 5448 765 5515 gravibus
791 5461 1003 5518 semper
1025 5456 1363 5503 accrescunt.
1408 5447 1476 5502 Et
1501 5448 1776 5517 quoniam,
1814 5464 1905 5501 nec
1929 5449 2089 5501 mira-

513 5539 699 5596 bilibus
745 5543 858 5605 eius
889 5539 1095 5593 credere
1135 5538 1434 5602 voluerunt,
1479 5539 1584 5593 dies
1624 5554 1800 5593 eorum
1847 5539 2094 5609 defecisse

513 5630 674 5699 dicit,
707 5631 857 5702 quasi
909 5629 1155 5701 languida
1199 5631 1320 5688 tabe
1365 5642 1733 5699 consumptos.
1781 5629 1900 5684 Dies
1948 5630 2092 5684 enim

515 5737 855 5795 peccatorum
887 5743 1003 5781 cum
1031 5726 1358 5798 festinatione
1389 5734 1662 5780 transeunt
1684 5765 1698 5790 ,
1745 5729 1880 5779 sicut
1909 5731 1963 5779 et
1991 5724 2094 5778 ali-

513 5817 568 5875 bi
597 5819 855 5890 scriptum
885 5830 966 5875 est
999 5837 1015 5874 :
1057 5817 1169 5873 Viri
1191 5818 1498 5888 sanguinttm
1525 5826 1574 5870 et
1607 5817 1772 5872 dolosi
1805 5833 1908 5872 non
1936 5816 2092 5870 dimi-

511 5910 730 5968 diabunl
754 5914 862 5968 dies
884 5929 1004 5969 suos
1029 5909 1207 5985 (I’sal.
1235 5925 1344 5980 Ltv,
1361 5908 1473 5979 2t).

2181 649 2227 695 et
2257 638 2672 694 convertebantur
2702 649 2820 694 ante
2842 638 3004 692 lucem
3029 678 3044 708 ,
3074 646 3122 693 el
3146 636 3407 692 veniebant
3428 636 3498 688 ad
3515 652 3647 690 eum.

2251 781 2406 838 Vers.
2432 783 2522 838 57.
2557 781 2624 835 Et
2652 780 2921 836 memorati
2960 787 3078 834 sunt
3107 779 3229 850 quia
3265 775 3404 832 Deus
3432 777 3643 850 adjutor
3669 796 3752 834 eo-

2178 891 2295 930 rum
2321 885 2430 939 est,
2474 882 2525 929 et
2565 873 2705 929 Deus
2751 873 2980 927 excelsus
3023 871 3266 926 liberator
3303 887 3478 927 eorum
3517 879 3613 926 est.
3642 870 3751 926 Non

2178 967 2280 1037 ipsi
2311 967 2664 1038 inquisiernnt
2686 966 2853 1022 Deum
2876 979 3011 1036 quos
3030 964 3161 1020 dicit
3187 966 3428 1032 occisos;
3457 964 3554 1020 sed
3579 979 3757 1021 exem-

2178 1059 2269 1130 plo
2297 1060 2480 1116 talium
2503 1059 2658 1116 turba
2686 1058 2890 1129 reliqua
2912 1056 3249 1127 supplicavit.
3283 1055 3558 1112 Justorum
3583 1058 3759 1127 itaque

2175 1150 2510 1206 consuetudo
2543 1159 2647 1216 est,
2688 1149 2806 1204 sive
2833 1157 3116 1218 antequam
3158 1148 3297 1202 mala
3328 1147 3616 1216 patiantur,
3645 1150 3754 1202 sive

2176 1256 2299 1298 cum
2323 1243 2618 1312 patiuntur,
2637 1240 2804 1297 Deum
2835 1239 3062 1295 ﬁdeliter
3087 1254 3346 1308 quaerere.
3373 1237 3635 1294 Scelerati
3666 1256 3756 1294 au-

2180 1339 2288 1388 tem
2323 1342 2446 1387 tunc
2491 1333 2556 1387 ad
2588 1334 2760 1402 ipsum
2814 1331 3052 1387 instabili
3079 1330 3354 1386 voluntate
3399 1342 3757 1398 concurrunt,

2180 1423 2391 1492 quando
2412 1423 2582 1493 aliqua
2616 1422 2934 1478 necessitate
2962 1422 3263 1477 turbantur.
3293 1420 3549 1476 .ltttlaicus
3579 1422 3758 1490 itaque

2179 1516 2406 1585 populus
2451 1526 2574 1571 tune.
2605 1515 2779 1570 timuit
2807 1515 2940 1569 iram
2985 1513 3113 1578 Dei,
3165 1512 3376 1584 quando
3413 1514 3591 1568 socios
3633 1528 3759 1568 suos

2178 1612 2434 1668 cernebat
2465 1609 2764 1681 exstingui;
2794 1623 2859 1664 eo
2887 1608 3092 1664 scilicet
3121 1617 3360 1678 tempore
3383 1622 3506 1663 cum
3537 1607 3678 1677 ignis
3699 1608 3762 1663 de

2179 1704 2318 1760 caelo
2359 1701 2693 1758 descendens
2722 1701 2880 1775 (sicut
2931 1701 2984 1755 in
3035 1700 3386 1757 Numerorum
3430 1701 3567 1755 libro
3605 1700 3759 1772 (Cap.

2181 1807 2302 1861 xvt,
2334 1794 2426 1865 ιθ)
2475 1792 2690 1865 legitur)
2743 1791 3145 1864 quatuordecim
3196 1792 3358 1848 millia
3399 1793 3765 1862 septingentos

2181 1886 2405 1952 occidit,
2439 1887 2690 1957 quoniam
2722 1885 2888 1957 Moysi
2918 1893 2974 1941 et
3015 1888 3194 1942 Aaron
3240 1893 3457 1955 propter
3487 1885 3762 1941 interitum

2088 1976 2157 2008 ·¹¹
2183 1979 2321 2036 Core
2347 1979 2724 2049 sociorumque
2749 1976 2866 2048 ejus
2896 1976 3184 2032 seditiones
3210 1976 3587 2046 injustissimas
3613 1992 3766 2033 eom-

2184 2075 2490 2128 movebant.
2525 2073 2653 2128 Nam
2681 2072 2823 2142 quod
2846 2071 3107 2142 sequitur,
3135 2081 3181 2126 et
3210 2074 3626 2128 convcrtebantar
3651 2085 3770 2130 ante

2183 2165 2376 2231 lucem,
2421 2173 2467 2220 et
2498 2166 2757 2219 veniebant
2786 2166 2853 2219 ad
2881 2181 3032 2230 eum;
3080 2174 3126 2219 et
3173 2169 3442 2223 memorati
3482 2178 3602 2222 sunt
3648 2171 3770 2239 quia

2182 2255 2322 2313 Deus
2344 2259 2555 2326 adiutor
2581 2274 2755 2312 eorum
2782 2268 2852 2312 rst
2870 2297 2883 2324 ,
2914 2267 2961 2313 et
2996 2259 3131 2313 Deus
3163 2258 3389 2313 excelsus
3415 2259 3655 2314 liberator
3685 2279 3770 2315 eo-

2182 2365 2297 2402 rum
2323 2358 2429 2414 est,
2463 2348 2592 2404 illud
2627 2347 2927 2420 significat,
2973 2350 3185 2420 quando
3227 2351 3452 2406 Domino
3501 2353 3771 2409 irascente

2182 2438 2388 2495 Judaiei
2418 2438 2597 2508 populi
2647 2449 2896 2496 extrema
2933 2451 3228 2497 castrorum
3259 2442 3440 2498 divino
3485 2444 3610 2515 igne
3637 2460 3767 2500 con-

2184 2541 2394 2600 sumpta
2426 2539 2582 2595 sunt;
2628 2545 2733 2600 quo
2779 2531 2918 2588 iacto
2946 2532 3165 2604 Moysen
3215 2546 3534 2606 rogaverunt
3581 2546 3638 2590 ut
3672 2553 3768 2604 pro

2184 2630 2262 2685 eis
2286 2629 2510 2685 Domino
2530 2627 2874 2699 supplicaret.
2905 2628 3031 2683 Pius
3060 2644 3190 2697 ergo
3216 2631 3268 2685 in
3297 2629 3418 2686 luce
3443 2641 3631 2702 rogat,
3663 2632 3766 2687 im.

2184 2723 2304 2793 pius
2329 2731 2448 2775 ante
2475 2721 2636 2774 lucent
2655 2760 2667 2784 ,
2697 2721 2838 2776 sicut
2867 2720 3124 2790 scriptum
3150 2729 3268 2777 est:
3302 2720 3367 2775 In
3399 2739 3586 2776 canum
3629 2725 3769 2779 vobis

2184 2823 2258 2870 est
2285 2822 2402 2868 ante
2432 2815 2596 2868 lucent
2623 2829 2830 2902 surgere
2855 2812 3025 2883 (Psal.
3054 2829 3241 2880 eam,
3278 2813 3353 2884 l).
3379 2814 3485 2871 Sed
3529 2815 3630 2872 boc
3669 2831 3770 2886 pro

2185 2907 2469 2964 formidine
2493 2907 2741 2961 videntur
2777 2907 2964 2962 iecisse
2994 2906 3251 2977 periculi,
3286 2922 3389 2963 non
3423 2909 3631 2966 timoris
3677 2928 3769 2965 su-

2186 3001 2335 3072 perni
2369 3017 2382 3055 :
2414 2999 2664 3067 quoniam
2689 2999 2909 3054 inferius
2933 2998 3110 3056 adhuc
3136 2999 3205 3054 de
3233 3015 3420 3056 eorum
3449 3001 3767 3059 inﬁdelitate

2183 3095 2425 3151 dicturus
2470 3103 2572 3150 est.
2618 3095 2683 3149 Et
2730 3104 2856 3149 nota
2896 3093 3038 3164 quod
3093 3095 3178 3151 hic
3215 3094 3404 3166 legitur
3442 3096 3768 3152 liberatorem

2185 3189 2397 3246 Patrem
2420 3231 2437 3256 ,
2467 3188 2660 3245 liberat
2688 3204 2900 3259 quoque
2921 3198 2975 3244 et
3001 3189 3202 3258 Filius,
3229 3191 3368 3246 sicut
3395 3190 3450 3246 in
3481 3190 3768 3261 Evangetio

2185 3283 2379 3354 legitur
2410 3299 2425 3338 :
2457 3281 2519 3338 Si
2558 3297 2642 3336 vos
2667 3279 2838 3335 Filius
2871 3281 3175 3348 liberaverit,
3209 3291 3326 3336 tunc
3358 3297 3472 3336 uere
3496 3282 3638 3336 liberi
3668 3283 3768 3336 eri-

2187 3377 2249 3431 tis
2280 3374 2458 3446 (Joan.
2485 3389 2598 3439 vni,
2629 3372 2744 3442 36).
2777 3373 2988 3429 Liberet
3029 3375 3188 3429 etiam
3239 3372 3470 3445 Spiritus
3513 3383 3766 3441 sanctus,

2185 3467 2323 3523 sicut
2368 3465 2658 3535 Apostolus
2692 3463 2820 3520 dicit
2848 3479 2862 3518 :
2900 3465 3124 3530 Spiritus
3171 3465 3285 3520 vitae
3327 3467 3381 3520 in
3410 3464 3615 3520 Christo
3640 3465 3768 3520 Iesu

2184 3560 2414 3616 liberavit
2443 3574 2525 3614 me
2562 3573 2594 3611 a
2635 3557 2746 3630 lege
2769 3556 2964 3627 peccati
3007 3566 3054 3610 et
3103 3558 3281 3611 mortis
3326 3556 3648 3626 (Rom.‘vut,
3680 3557 3762 3627 2).

2185 3651 2339 3709 Unde
2367 3649 2585 3706 dubium
2618 3664 2723 3704 non
2763 3657 2848 3705 est
2874 3657 3113 3703 sanctam
3141 3647 3457 3704 Trinitatem
3484 3648 3766 3720 aequaliter

2184 3759 2368 3816 posse,
2398 3742 2672 3814 aequaliter
2703 3740 2926 3812 implere
2954 3739 3096 3811 quod
3123 3739 3255 3796 vult.

2259 3836 2413 3892 Vers.
2461 3835 2548 3890 58.
2598 3832 2666 3887 Et
2702 3833 2991 3889 dilexerunt
3026 3849 3142 3888 eum
3167 3834 3332 3890 inore
3357 3849 3474 3903 suo,
3517 3843 3563 3889 et
3587 3834 3764 3906 lingua

2187 3944 2282 3983 sua
2307 3928 2501 3981 mentiti
2525 3933 2644 3981 sunt
2671 3925 2741 3980 ei.

2258 4069 2415 4126 Vers.
2437 4068 2526 4126 39.
2559 4066 2659 4122 Cor
2681 4075 2852 4123 autem
2879 4082 3056 4124 eorum
3089 4081 3189 4122 non
3216 4073 3289 4120 est
3317 4077 3507 4122 rectum
3527 4082 3645 4120 cunt
3673 4082 3765 4132 eo;

2189 4179 2280 4217 nec
2307 4163 2433 4233 ﬁdes
2465 4162 2589 4236 [ms.
2630 4162 2721 4231 A.,
2753 4177 2842 4215 nec
2887 4159 3065 4230 ﬁdeles
3114 4158 3273 4213 ltabiti
3300 4157 3443 4232 sunt]
3490 4159 3665 4214 habita
3694 4167 3765 4214 est

2189 4254 2296 4309 illis
2315 4255 2368 4308 in
2394 4262 2691 4308 testamento
2730 4253 2861 4325 ejus.
2896 4251 3052 4307 Venit
3086 4249 3151 4306 ad
3183 4258 3386 4306 sextam
3416 4255 3646 4322 partem,
3681 4253 3765 4307 ubi

2188 4345 2402 4402 Judteos
2453 4344 2645 4400 iterum
2706 4343 2773 4400 ad
2831 4343 3016 4413 culpas
3066 4341 3290 4399 rediisse
3335 4353 3766 4408 commemorat;

2193 4440 2358 4494 Deum
2379 4448 2556 4494 tamen
2583 4437 2859 4494 misertum
2884 4437 2988 4493 illis
3001 4451 3121 4492 esse
3137 4435 3395 4492 declarat.
3428 4435 3567 4492 Dicit
3591 4438 3733 4493 enim
3754 4455 3765 4489 :

2191 4527 2259 4583 Et
2288 4530 2577 4584 dilexerunt
2621 4545 2736 4583 eum
2787 4530 2841 4582 in
2886 4543 2974 4584 ore
3003 4543 3115 4594 suo,
3163 4535 3208 4581 et
3249 4527 3426 4598 lingua
3455 4544 3550 4581 sua
3574 4529 3769 4583 mentiti

2191 4630 2306 4674 sunt
2337 4617 2418 4674 ei.‘
2447 4621 2539 4676 Sic
2585 4620 2808 4692 contigit
2845 4622 2924 4677 eis
2967 4621 3057 4690 qui
3095 4633 3154 4675 se
3203 4627 3391 4688 putant
3445 4634 3541 4689 per
3594 4621 3766 4676 solum

2119 4695 2171 4758 Ῑ)
2195 4713 2414 4768 credere
2437 4713 2706 4770 timorem.
2731 4713 2864 4768 Nam
2895 4712 2940 4767 si
2972 4711 3111 4767 Deus
3133 4711 3299 4766 mixto
3327 4726 3511 4766 amore
3535 4728 3643 4768 non
3663 4727 3770 4767 me-

2199 4815 2400 4873 tuatur,
2429 4815 2542 4863 toto
2565 4808 2729 4863 corde
2750 4821 2854 4862 non
2881 4807 3156 4877 quaeritur.
3181 4804 3293 4860 Hoc
3321 4806 3464 4861 enim
3494 4817 3768 4876 peccatum

2195 4909 2408 4956 constat
2454 4902 2796 4964 acerrimum,
2829 4908 2888 4954 ut
2934 4899 3108 4967 lingua
3135 4915 3194 4954 se
3225 4898 3302 4954 illi
3331 4897 3574 4954 conﬁteri
3607 4899 3767 4964 dicat,

2196 4991 2322 5047 dum
2352 4990 2530 5046 cordis
2559 4992 2662 5046 ima
2693 4991 3030 5048 dissentiant.
3064 4991 3225 5058 Quasi
3257 5006 3384 5047 vero
3407 4990 3498 5047 ille
3525 5007 3631 5047 non
3656 5008 3769 5048 om-

2197 5085 2280 5139 nia
2323 5092 2611 5153 cognoscat
2658 5099 2776 5154 quin
2824 5093 3053 5152 aguntur
3102 5084 3446 5149 intrinsecus,
3498 5085 3611 5154 qui,
3643 5084 3770 5138 sicut

2193 5160 2405 5246 legitur,
2433 5173 2702 5228 Scrutator
2723 5183 2797 5228 est
2824 5174 2994 5229 cordis
3031 5183 3077 5228 et
3112 5189 3289 5228 renum
3313 5172 3484 5244 (Psal.
3506 5189 3602 5239 vn,
3637 5175 3767 5244 i0),

2196 5275 2248 5325 et
2275 5282 2424 5323 more
2445 5266 2786 5322 humanitatis
2815 5267 2947 5322 illud
2971 5267 3142 5322 solum
3171 5266 3390 5334 audiat,
3421 5267 3563 5336 quod
3597 5267 3768 5338 lingua

2196 5357 2511 5429 proclamat.
2542 5357 2673 5413 Nam
2701 5359 2789 5428 qui
2818 5360 2934 5429 ejus
2967 5359 3286 5414 testimoniis
3315 5358 3547 5414 ﬁdeliter
3573 5359 3770 5424 credit,

2194 5452 2310 5519 ipse
2355 5464 2476 5504 eum
2505 5446 2768 5502 veraciter
2793 5448 2984 5518 diligit.
3018 5447 3174 5504 Fides
3205 5449 3345 5503 enim
3391 5448 3532 5504 dicta
3565 5455 3678 5514 est,
3711 5448 3770 5502 ab

2195 5555 2261 5595 eo
2290 5542 2428 5610 quod
2458 5540 2587 5594 iiaut
2625 5538 2790 5594 dicta.
2822 5539 2912 5595 Sic
2933 5540 3088 5594 etiam
3119 5539 3377 5595 Dominus
3409 5542 3524 5612 ipse
3553 5549 3771 5596 testatur

2195 5632 2378 5687 dicens
2424 5650 2440 5690 :
2474 5631 2707 5702 Populus
2745 5632 2828 5686 hic
2866 5632 3014 5687 labiis
3044 5649 3122 5687 me
3161 5633 3416 5701 honorat,
3470 5651 3556 5688 cor
3605 5643 3768 5688 autem

2199 5740 2373 5778 eorum
2396 5726 2544 5796 longe
2571 5734 2694 5778 esta
2717 5740 2796 5777 nte
2833 5722 2986 5796 (Isai.
3020 5739 3163 5787 xxix,
3197 5727 3297 5794 i3).
3329 5723 3403 5779 De
3433 5725 3625 5795 quibus
3658 5741 3768 5780 me-

2198 5817 2301 5871 rito
2332 5816 2495 5870 Isaias
2522 5817 2779 5886 propheta
2805 5824 3029 5870 testatur
3055 5815 3270 5870 dicens:
3292 5815 3357 5869 Et
3379 5817 3766 5888 neruusferreus

2203 5905 2393 5960 collum
2416 5914 2653 5972 tttttm,et
2675 5906 2819 5976 frons
2851 5917 2936 5960 tua
2963 5921 3092 5959 terra
3115 5903 3303 5976 (Idem,
3337 5921 3516 5972 xtvttt,
3548 5905 3626 5971 4).
