4020 6348
325 399 430 453 i'fii‘i

1227 377 1588 438 EX-POSITIO
1627 373 1693 432 IN
1731 326 2190 431 PSALTEBIUM.
2231 367 2424 427 PSAL.
2462 366 2721 427 LXXVII.

3458 406 3459 409 η
3472 362 3579 423 566

390 513 544 593 vers.
577 510 669 569 ιο.
696 509 816 585 Ipse
833 515 1005 564 autem
1036 513 1107 561 est
1135 504 1455 567 misericors,
1481 508 1532 556 et
1561 496 1812 570 propitius
1840 494 1900 564 ﬁt
1922 494 1977 555 Δ
2002 490 2111 548 rito
2140 503 2271 561 ergo
2301 489 2448 560 signa
2482 497 2531 543 et
2570 485 2807 558 prodigia
2843 490 2969 541 sunt
3011 482 3272 554 appellata
3292 522 3307 547 .
3353 496 3474 554 qua:
3525 483 3577 549 in

311 606 539 680 peccatis
566 620 770 668 eorum,
797 611 847 657 et
883 617 983 655 non
1010 597 1264 670 disperdet
1292 611 1396 650 eos.

391 697 542 751 Vers.
572 695 665 749 41.
708 692 793 763 Et,
817 689 1093 747 abundavit
1120 694 1177 743 ut
1221 689 1465 739 averteret
1499 681 1632 736 iram
1669 691 1817 732 suam
1839 675 1902 730 ab

311 791 389 844 eis
428 787 633 860 :268
656 793 701 840 et
733 800 837 839 non
882 781 1111 838 accendit
1158 795 1355 835 omnem
1384 777 1514 832 iram
1550 788 1717 828 suam.
1770 769 1904 827 Illud

315 882 408 943 hic
438 879 741 949 exemplum
773 892 879 931 non
923 872 1369 931 inconvenienter
1398 867 1706 941 apponitur,
1737 877 1907 934 quan-

313 973 388 1027 do
449 970 657 1043 Moyses
723 983 820 1039 pro
868 976 1261 1036 transgressore
1309 961 1505 1032 populo
1564 956 1902 1027 supplicans,

317 1066 456 1120 dixit
482 1064 547 1119 ad
571 1063 856 1119 Dominum
884 1079 899 1117 :
932 1059 1173 1127 Obsecro,
1216 1059 1412 1113 dimitte
1440 1066 1702 1128 peccatum
1731 1051 1907 1123 populi

318 1160 510 1229 hujus;
531 1159 610 1213 sin
631 1165 825 1223 autem,
851 1155 969 1209 dele
995 1171 1072 1208 me
1094 1154 1155 1207 de
1178 1152 1307 1207 libro
1329 1166 1477 1222 quem
1503 1146 1706 1218 scripsit
1730 1159 1909 1199 manus

320 1262 408 1305 tua
437 1249 633 1322 (Exod.
664 1266 844 1315 xxxii,
874 1249 964 1315 5‘2,
995 1248 1107 1319 55).
1139 1246 1323 1302 Oravit
1370 1260 1467 1315 pro
1500 1242 1631 1314 ipsis
1662 1243 1714 1295 in
1743 1253 1905 1295 cruce

323 1343 527 1412 positus
550 1352 604 1397 et
626 1341 882 1395 Dominus
904 1339 1178 1395 Christus:
1198 1336 1375 1403 Pater,
1401 1336 1607 1407 ignosce
1640 1332 1765 1400 illis,
1788 1332 1908 1403 quia

325 1437 556 1489 nesciunt
587 1434 709 1505 quid
736 1433 931 1504 faciunt
956 1431 1106 1503 (Luc.
1140 1446 1290 1495 xxiii,
1315 1427 1429 1499 5i).
1454 1425 1542 1482 Sic
1572 1426 1689 1481 istis
1712 1422 1910 1495 suppli-

322 1526 625 1582 cationibus
649 1536 823 1581 aetum
850 1535 951 1591 est,
987 1533 1041 1579 ut
1072 1522 1277 1579 Domini
1299 1522 1351 1575 in
1373 1521 1451 1577 eis
1475 1519 1553 1574 ira
1587 1518 1907 1589 placaretur.

328 1619 396 1672 Et
420 1620 673 1690 propitius
713 1617 851 1673 enim
881 1621 1047 1687 [actus
1084 1625 1157 1670 est
1186 1614 1403 1684 peccatis
1446 1627 1654 1678 eorum,
1695 1622 1813 1663 cum
1843 1607 1910 1662 ad

348 1711 499 1780 psius
536 1707 965 1763 satisfactionem
987 1721 1093 1761 non
1128 1704 1345 1776 quidem
1374 1717 1593 1770 omnes,
1627 1699 1720 1756 sed
1760 1696 1909 1754 multi

348 1818 394 1858 .x
433 1804 514 1858 liis
537 1802 711 1858 redire
749 1808 1082 1857 meruerunt.

2005 586 2239 659 Egypto
2280 585 2417 642 facta
2445 589 2832 638 monstrantur.
2864 578 3020 634 Tunis
3047 577 3247 633 humile
3270 575 3578 632 mandatum

2004 682 2237 740 diximus
2271 676 2640 750 interpretari,
2672 674 2813 746 quod
2838 674 2891 729 in
2937 673 3041 728 isto
3087 671 3287 727 saeculo
3336 683 3583 726 necessa-

2004 776 2144 834 rium
2171 773 2327 831 nobis
2362 785 2426 828 ac
2459 769 2694 826 salutare
2722 765 3092 836 cognoscitur,
3124 762 3215 818 ubi
3263 761 3493 817 humiles
3521 774 3584 815 ac

2006 867 2259 941 prostrati
2284 879 2404 922 esse
2430 862 2717 928 debemus,
2759 860 2851 931 qui
2881 857 3049 915 veniae
3089 870 3302 926 semper
3330 852 3586 923 suﬁ‘ragia

2007 966 2359 1038 postulamus.
2402 962 2554 1019 Tunc
2583 966 2762 1013 autem
2791 955 2959 1011 erecti
3008 958 3166 1009 erunt
3183 949 3314 1021 justi
3334 991 3351 1018 ,
3374 947 3587 1020 quando

2010 1059 2064 1116 in
2106 1058 2197 1113 illa
2226 1052 2618 1112 resurrectione
2651 1045 2853 1120 jugiter
2905 1044 3046 1102 bona
3096 1055 3349 1098 mansura
3401 1052 3589 1096 susce-

2010 1148 2205 1226 perint.

2082 1242 2239 1298 Vers.
2261 1241 2352 1296 47.
2390 1237 2644 1294 Convertit
2689 1236 2743 1289 in
2790 1234 3093 1305 sanguinem
3126 1229 3345 1303 ﬂumina
3378 1243 3587 1293 eorum,

2012 1346 2059 1393 et
2098 1333 2345 1407 pluviales
2377 1347 2534 1400 aquas
2564 1345 2739 1384 eorum
2758 1342 2820 1382 ne
2844 1326 3086 1382 biberent.
3121 1323 3253 1379 Hinc
3274 1322 3446 1393 prima
3478 1319 3591 1389 pla-

2009 1443 2078 1499 ga
2106 1424 2321 1483 inchoat
2364 1422 2759 1494 Egyptiorum.
2789 1418 2919 1474 Nam
2964 1416 3104 1471 sicut
3148 1428 3286 1479 aqua
3327 1414 3382 1469 in
3410 1413 3591 1468 vinum

2012 1531 2269 1576 conversa
2302 1516 2354 1571 in
2386 1512 2676 1584 Evangelia
2708 1510 2885 1581 (Joan.
2915 1525 2983 1575 ιι,
3015 1507 3071 1577 9)
3111 1508 3325 1577 legitur,
3349 1520 3471 1576 qua:
3497 1517 3593 1574 po-

2014 1611 2261 1683 pulorum
2308 1604 2752 1677 permutationem
2798 1600 3121 1672 signiﬁcavit
3147 1600 3201 1654 in
3241 1598 3464 1663 melius,
3519 1596 3594 1651 ita

2014 1703 2102 1759 hic
2122 1741 2140 1770 ,
2184 1701 2239 1755 in
2266 1699 2564 1769 sanguinem
2611 1710 2871 1759 conversa,
2915 1691 3194 1748 denuntiat
3223 1702 3404 1745 rerum
3436 1686 3597 1757 spiri-

2015 1795 2237 1851 tualium
2261 1804 2450 1847 causas
2472 1796 2784 1861 peccatores
2810 1786 3011 1841 sentire
3042 1781 3346 1839 carnaliter.
3371 1779 3598 1849 Sanguis

409 1895 562 1950 Vers.
588 1893 681 1948 42.
706 1890 772 1947 Et
799 1900 1103 1947 memoratus
1126 1899 1198 1945 est
1226 1891 1346 1959 quia
1375 1904 1494 1942 caro
1518 1898 1633 1942 sunt
1662 1902 1681 1942 :
1709 1884 1917 1958 spiritus
1944 1877 1992 1937 B
2020 1894 2163 1944 enim
2193 1886 2260 1941 ad
2288 1898 2504 1941 carnem
2553 1882 2768 1953 ponitur
2821 1876 3266 1949 exprimendam;
3317 1872 3462 1945 quod
3502 1871 3598 1926 Ju-

330 1987 554 2051 vadens,
585 1993 630 2040 et
654 2000 754 2038 non
778 1984 996 2037 rediens.
1030 1981 1193 2037 Movit
1219 1981 1361 2051 pium
1388 1978 1621 2049 iudicem
1662 1976 1916 2046 fragilitas

327 2078 667 2135 considerata
690 2075 1021 2147 peccantium
1041 2116 1054 2141 ,
1082 2073 1220 2144 quod
1250 2072 1477 2127 carnalis
1501 2070 1714 2125 caecitas
1736 2068 1916 2123 lumen

332 2170 578 2226 caelestis
604 2168 879 2238 sapicntim
900 2182 1005 2221 non
1038 2165 1284 2230 videbat;
1310 2173 1363 2218 et
1390 2163 1508 2218 ideo
1531 2160 1920 2229 exsiiectandos

333 2260 488 2325 dicit,
532 2259 658 2330 quia
689 2257 731 2313 si
764 2256 1046 2313 confestim
1077 2255 1264 2311 fuisset
1302 2269 1484 2307 eorum
1516 2252 1735 2322 spiritus
1764 2252 1922 2307 abro-

332 2358 520 2423 gatus,
551 2350 726 2405 locum
764 2347 1093 2419 paenitentia:
1140 2344 1519 2416 perdidissent.
1572 2343 1702 2397 Caro
1741 2351 1921 2396 autem

333 2443 480 2499 dicta
504 2449 617 2511 est,
650 2438 790 2512 quod
822 2455 944 2495 cara
980 2442 1050 2493 sit
1078 2439 1271 2493 anima:
1320 2452 1451 2493 sum.
1486 2434 1712 2490 Mirabili
1743 2444 1921 2489 autem

334 2536 603 2592 brevitate
625 2533 877 2589 delinitur
908 2546 1054 2587 mors
1079 2530 1335 2596 hominis,
1360 2528 1410 2584 id
1432 2535 1544 2595 est,
1579 2527 1803 2599 Spiritus
1830 2541 1922 2580 va-

335 2630 465 2685 dens
506 2638 551 2683 et
602 2644 703 2682 non
731 2626 935 2680 rediens
955 2665 969 2692 ,
991 2622 1444 2688 subaudiendum,
1487 2620 1541 2675 in
1572 2619 1670 2673 hoc
1701 2618 1921 2687 mundo,

336 2721 591 2792 quoniam
643 2718 711 2774 ad
752 2733 908 2774 suum
937 2731 1132 2789 corpus
1176 2716 1229 2772 in
1280 2713 1676 2771 resurrectione
1719 2719 1928 2768 constat

336 2828 464 2869 esse
496 2811 814 2866 rediturum.

414 2902 572 2960 Vers.
608 2902 697 2958 45.
727 2901 936 2969 Quoties
965 2897 1388 2954 exacerbaverunt
1412 2912 1523 2950 eum
1550 2895 1603 2949 in
1630 2895 1844 2961 deserto,
1874 2895 1927 2948 in

337 2998 475 3051 iram
526 2994 664 3069 [ed.,
695 2994 751 3048 in
788 2991 888 3065 ira]
934 2992 1317 3047 concitaverunt
1364 3005 1477 3043 eum
1526 2988 1578 3042 in
1636 2996 1772 3042 terra
1821 2988 1931 3042 sine

340 3087 522 3159 aqua?

422 3180 574 3234 Vers.
603 3178 693 3234 M.
728 3176 797 3230 Et
824 3176 1051 3231 conversi
1079 3185 1236 3243 sunt,
1284 3184 1329 3231 et
1378 3181 1691 3229 tentaverunt
1721 3170 1883 3226 Deum
1905 3188 1925 3229 .'

2019 1982 2229 2038 daicum
2279 1979 2534 2051 populum
2563 1974 2870 2046 respexisse
2916 1988 3020 2028 non
3068 1970 3290 2027 dubium
3332 1975 3437 2024 est.
3464 1964 3603 2022 Dicit

2018 2074 2179 2131 etiam
2207 2082 2261 2128 et
2305 2071 2521 2143 [lumina
2560 2079 2606 2125 et
2634 2066 2885 2139 pluviaies
2926 2080 3087 2135 aquas
3115 2077 3294 2117 eorum
3314 2062 3368 2115 in
3397 2058 3605 2128 sangui-

2020 2184 2137 2223 nem
2163 2175 2515 2223 commutatus
2546 2163 2756 2237 (Exod.
2782 2177 2874 2227 vn,
2909 2159 2997 2231 Π)
3018 2198 3034 2225 ,
3070 2172 3138 2213 ne
3165 2154 3600 2227 praedicationem

2022 2260 2296 2315 ccelestem
2343 2255 2691 2327 spiritualitcr
2728 2252 3119 2324 intelligerent,
3162 2249 3250 2319 qui
3281 2256 3435 2302 erant
3482 2259 3603 2300 car-

2021 2353 2231 2410 nalibus
2260 2351 2508 2408 sensibus
2539 2348 2809 2418 occupati.
2837 2346 2963 2401 llaec
2991 2352 3046 2400 et
3070 2341 3346 2413 sequentia
3370 2339 3437 2394 ad
3466 2338 3609 2394 litte-

2022 2461 2136 2503 ram
2165 2446 2389 2501 omnino
2431 2442 2713 2498 manitesta
2743 2448 2904 2505 sunt,
2940 2450 3060 2509 qua:
3089 2435 3144 2490 in
3173 2430 3409 2505 Egypto
3437 2430 3610 2488 conti-

2022 2539 2167 2611 gisse
2195 2537 2388 2593 divina:
2409 2534 2653 2590 historias
2685 2540 2863 2587 textus
2890 2527 3148 2584 ostendit.

2096 2628 2249 2685 γει-ε.
2272 2627 2362 2683 48.
2388 2625 2532 2681 Misit
2557 2624 2611 2679 in
2632 2639 2717 2679 eos
2749 2636 2975 2675 muscam
2998 2618 3258 2686 caninam,
3295 2622 3343 2670 et
3389 2612 3609 2670 comedit

2026 2738 2143 2789 eos;
2176 2731 2222 2775 et
2246 2736 2448 2783 ranam,
2478 2726 2525 2772 et
2565 2713 2915 2771 exterminavit
2936 2728 3041 2767 eos.

2098 2812 2254 2868 Vers.
2285 2812 2373 2866 49.
2406 2809 2476 2862 Et
2506 2807 2645 2861 dedit
2672 2805 2886 2876 wrugini
2917 2807 3117 2873 [ructus
3147 2816 3321 2855 eorum
3341 2838 3355 2865 ,
3380 2805 3426 2852 et
3466 2794 3610 2851 labo-

2026 2920 2109 2959 res
2147 2919 2323 2959 eorum
2365 2902 2593 2956 locustaz.
2642 2896 2826 2952 Musca
2868 2894 3056 2949 canina
3106 2899 3191 2947 est
3247 2888 3613 2959 improborum

2026 2994 2381 3069 petulantium
2427 2992 2623 3048 vindex
2658 2989 2817 3046 datus
2845 2985 3085 3042 aculeus.
3127 2982 3272 3038 Rana
3313 2989 3397 3037 est
3427 2979 3614 3050 loqua-

2028 3090 2249 3148 cissima
2274 3087 2480 3144 vanitas
2510 3084 2908 3145 haereticorum,
2941 3094 3060 3151 qua:
3098 3076 3333 3134 ctenosis
3365 3074 3614 3131 sensibus

2032 3189 2382 3238 commorata.
2412 3176 2666 3248 improbis
2694 3172 3021 3231 clamoribus
3046 3171 3250 3241 garrire
3273 3184 3377 3223 non
3393 3164 3611 3224 desinit.

340 3284 392 3330 et
420 3283 655 3329 sanctum
684 3272 850 3329 Israel
877 3270 1323 3327 emerbaverunt.
1360 3268 1511 3324 Venit
1548 3267 1613 3322 ad
1644 3266 1928 3336 septimam
1959 3256 2004 3320 C
2034 3274 2241 3345 ,Emgo
2272 3281 2355 3329 es;
2396 3286 2546 3327 amor
2574 3267 2771 3339 turpis,
2815 3265 3151 3321 honestatem
3180 3261 3391 3327 οοουιιρ
3438 3261 3616 3316 ίηπηί-

309 3388 314 3396 ·
345 3376 576 3438 partem,
627 3367 680 3422 in
713 3381 817 3433 qua
848 3365 1084 3420 breviter
1114 3364 1527 3420 obstinationem
1554 3377 1740 3418 eorum
1783 3376 1930 3416 acer-

347 3461 688 3530 bitatetnque
708 3458 970 3528 designat.
1002 3454 1406 3526 Consequenter
1432 3454 1575 3510 enim
1609 3468 1932 3509 enumerans

344 3563 547 3626 quanta
578 3553 684 3608 illis
727 3552 783 3607 in
822 3565 1006 3608 eremo
1040 3549 1127 3605 vel
1152 3548 1290 3619 apud
1330 3547 1609 3619 [Egyptios
1634 3547 1803 3602 virtus
1854 3543 1935 3600 di-

348 3647 480 3702 vina
511 3644 822 3715 praestiterit
846 3661 858 3697 :
891 3642 1184 3699 ostendens
1201 3641 1323 3712 quia
1344 3640 1470 3695 dum
1495 3637 1935 3708 delinquentibus

348 3753 566 3808 semper
618 3744 863 3808 pratstet,
914 3736 1257 3791 immemores
1314 3741 1495 3791 tamen
1542 3729 1934 3788 beneﬁciorum

352 3845 579 3903 peccare
602 3845 707 3884 non
737 3828 1007 3883 desinunt.

2035 3365 2254 3421 nutione
2298 3374 2642 3417 consumens.
2696 3357 2920 3412 Locusta
2988 3363 3074 3412 est
3137 3351 3399 3409 malevola
3450 3361 3611 3423 atque

2032 3455 2246 3511 assidua
2277 3452 2569 3519 detractio,
2602 3460 2751 3507 actus
2803 3448 3011 3505 alienos
3057 3445 3236 3503 invida
3276 3443 3619 3501 oblocutione

2034 3546 2349 3603 corrodens.

2106 3637 2264 3694 Vers.
2295 3636 2383 3693 50.
2418 3634 2484 3690 Et
2523 3633 2708 3690 occidit
2751 3634 2807 3689 in
2844 3633 3095 3707 grandine
3121 3631 3293 3687 vineas
3321 3646 3522 3701 eorum,
3572 3637 3623 3687 et

2036 3746 2205 3785 moros
2246 3745 2423 3786 eorum
2451 3729 2505 3782 in
2532 3728 2742 3798 pruina.

2109 3824 2267 3882 Vers.
2296 3824 2387 3881 51.
2430 3822 2496 3877 Et
2544 3820 2757 3876 tradidit
2789 3819 3035 3892 grandini
3071 3821 3295 3887 iuntenta
3341 3832 3545 3887 eorum,
3576 3823 3627 3872 et

426 3923 582 3979 Vere.
604 3921 695 3979 45.
732 3920 857 3975 Νοη
904 3929 1020 3976 sunt
1050 3919 1301 3974 recordati
1331 3934 1513 3974 manus
1553 3919 1687 3989 ejus,
1728 3918 1811 3973 die
1837 3933 1941 3989 qua
2040 3920 2377 3991 possessiones
2401 3932 2576 3973 eorum
2601 3917 2727 3987 igni.
2760 3912 2971 3968 Grando
3001 3922 3083 3968 est
3120 3913 3467 3967 comminatio
3513 3912 3622 3978 Do-

312 4016 587 4071 ctiberavit
616 4031 702 4071 eos
728 4013 792 4068 de
820 4028 976 4067 manu
1002 4012 1311 4067 tribulantis.
1343 4010 1642 4066 Tribulatio
1675 4010 1833 4064 ﬁxam
1859 4023 1943 4064 so-

358 4108 437 4163 let
502 4108 701 4163 habere
753 4106 1101 4172 memoriam;
1165 4106 1257 4161 sed
1322 4103 1627 4161 inﬁdelibus
1673 4117 1774 4159 nec
1829 4102 1940 4173 ipsa

357 4202 661 4258 recordatio
712 4212 855 4257 stare
899 4201 1096 4271 potuit,
1156 4214 1316 4270 quam
1362 4197 1690 4253 validissime
1740 4195 1943 4251 nostris

357 4294 612 4351 cordibus
673 4292 887 4350 tristitia
940 4308 1155 4362 semper
1207 4291 1393 4361 afﬁgit.
1456 4288 1739 4343 Recordari
1799 4288 1940 4343 enim

357 4388 562 4445 dictum
599 4397 713 4457 est,
744 4402 1001 4444 revocare
1028 4387 1093 4442 ad
1125 4402 1236 4442 cor.
1286 4385 1649 4442 Pulcherrima
1687 4397 1815 4440 vero
1844 4398 1943 4454 po-

2042 4014 2170 4069 mini
2211 4026 2331 4082 qum
2375 4009 2626 4066 verberat
2664 4015 3028 4069 contumaces,
3064 4018 3265 4074 eosque
3298 4003 3625 4059 umbraculis

2042 4120 2153 4162 sua:
2182 4100 2556 4160 delectationis
2582 4098 2864 4168 exspoliat.
2897 4095 3098 4151 Pruina
3120 4109 3245 4150 vero
3270 4104 3351 4150 est
3389 4108 3625 4163 prtecur-

2047 4212 2171 4256 rens
2200 4195 2607 4265 anticipansque
2635 4191 2856 4257 malitia,
2890 4204 3007 4260 qua:
3028 4188 3235 4243 alienos
3257 4186 3470 4242 labores
3502 4201 3630 4256 per-

2044 4290 2232 4348 venire
2259 4302 2366 4343 non
2390 4284 2649 4357 permittit
2674 4282 2739 4337 ad
2775 4281 3001 4338 fructus.
3035 4279 3308 4351 Sequitur,
3343 4287 3388 4333 et
3417 4277 3631 4332 tradidit

2046 4381 2285 4456 grandini
2329 4380 2558 4447 iumenta
2593 4390 2791 4432 eorum.
2823 4373 2992 4430 Morte
3031 4371 3293 4443 pecudum
3342 4368 3625 4426 stultorum

362 4482 519 4536 situm
542 4489 625 4536 est
660 4497 843 4536 manus
875 4479 1117 4548 Domini,
1157 4491 1213 4536 et
1257 4496 1439 4534 manus
1482 4479 1795 4535 tribulantis.
1836 4478 1946 4533 Hoc
2046 4474 2375 4545 signiﬁcatur
2403 4484 2647 4537 occasus,
2677 4468 2766 4539 qui
2796 4466 2953 4522 malis
2984 4464 3284 4521 innumeris
3324 4464 3448 4518 censi
3470 4502 3484 4526 ,
3514 4469 3633 4515 tan-

367 4572 512 4627 cnim
559 4573 777 4627 nomine
826 4572 1065 4641 operatio
1117 4570 1442 4641 signiﬁcatur
1492 4570 1794 4624 amborum.
1839 4567 1945 4624 Sed

2049 4582 2209 4639 quam
2232 4566 2353 4622 vilia
2379 4565 2620 4637 jumenta
2646 4563 2956 4619 funduntur.
2987 4559 3236 4625 Addidit,
3266 4563 3313 4611 et
3341 4554 3622 4624 possessio-

365 4682 519 4737 quam
555 4665 715 4738 longe
744 4666 976 4735 disparia
1018 4673 1145 4721 sunt
1166 4707 1181 4733 ,
1214 4679 1333 4735 quae
1362 4679 1525 4720 unum
1548 4663 1796 4718 videntur
1848 4662 1942 4715 lia-
1971 4648 2025 4711 D
2050 4678 2135 4718 nes
2167 4676 2341 4716 eorum
2371 4659 2498 4732 igni.
2551 4656 2698 4731 Ignis
2743 4654 2959 4726 quidem
2999 4660 3053 4707 et
3082 4652 3138 4706 in
3168 4649 3310 4704 bono
3336 4644 3551 4716 ponitur
3574 4654 3632 4701 et

364 4764 491 4817 bere
537 4760 897 4816 vocabulum!
937 4759 1029 4815 llla
1081 4761 1335 4830 pupulum
1373 4759 1603 4816 liberare
1652 4755 1946 4829 praevaluit,

361 4858 463 4912 ista
494 4858 546 4911 in
570 4870 721 4911 suam
747 4870 931 4911 necem
961 4856 1193 4912 retinere
1223 4857 1469 4911 tentavit.

2048 4756 2101 4812 in
2132 4754 2294 4810 malo.
2324 4750 2430 4809 Sed
2473 4748 2595 4820 quia
2640 4746 2726 4802 hic
2758 4760 2859 4817 pro
2886 4741 3255 4814 indignatione
3297 4744 3512 4793 constat
3542 4736 3629 4820 in:

2049 4810 2246 4911 ilictus,
2275 4845 2464 4916 ignem,
2492 4810 2851 4912 cupiditatem
2882 4810 3167 4906 ignobilem
3200 4829 3461 4887 debemus
3490 4810 3631 4884 acc?-
3710 4842 3717 4847 '

441 4949 593 5003 Vcrs.
646 4948 736 5004 46.
786 4948 936 5004 Sicut
977 4950 1143 5019 posuit
1187 4947 1241 5001 in
1268 4944 1501 5018 /Egypto
1540 4944 1691 5017 signa
1727 4959 1861 5010 sua,
1906 4951 1952 4998 et
2053 4956 2200 5014 pere,
2231 4937 2322 5010 qui
2354 4935 2746 5008 possessionem
2777 4937 3039 4993 nostram,
3071 4926 3125 4982 id
3157 4934 3243 4983 est
3279 4924 3475 4979 mentis
3516 4930 3630 4978 sta-

364 5045 603 5114 ρνοιιτςιὶη
631 5060 725 5098 sua
749 5044 803 5098 in
834 5058 1015 5114 campo
1035 5041 1255 5096 Taneos.
1278 5041 1446 5097 Unam
1472 5055 1585 5096 rem
1614 5038 1823 5094 duobus
1853 5051 1948 5092 no-

369 5136 601 5190 minibus
647 5135 962 5205 designavit.
1025 5133 1092 5187 In
1122 5132 1351 5205 Egypto
1401 5132 1543 5187 enim
1596 5132 1744 5203 signa
1789 5128 1946 5195 fecit,

369 5245 488 5297 qua:
522 5228 747 5283 interius
785 5228 898 5298 ipse
930 5226 1170 5282 dicturus
1198 5234 1308 5291 est;
1340 5226 1435 5281 sed
1487 5232 1542 5280 et
1568 5224 1805 5296 prodigia
1839 5221 1953 5291 ibi-

371 5321 492 5375 dem
524 5320 911 5375 demonstravit
932 5320 985 5374 in
1014 5334 1193 5387 campo
1218 5317 1435 5372 Taneos.
1470 5314 1627 5370 Tanis
1657 5315 1799 5371 enim
1824 5313 1954 5369 civi-

372 5423 450 5467 tas
473 5422 554 5469 est
580 5413 792 5485 Aigypti
811 5458 825 5483 ,
850 5414 937 5470 ubi
961 5422 1086 5468 sunt
1106 5411 1242 5467 facta
1275 5410 1513 5481 prodigia
1542 5424 1659 5479 qua:
1681 5409 1949 5478 leguntur.

374 5510 540 5579 Signa
592 5510 777 5580 utique
828 5509 1040 5564 fuerunt
1081 5508 1131 5561 in
1183 5505 1416 5576 Aigypto
1465 5502 1614 5557 duris
1660 5500 1948 5563 cordibus,

371 5605 523 5673 quasi
556 5601 881 5660 characteris
934 5604 1194 5671 impressa
1244 5595 1487 5665 vestigia.
1524 5591 1775 5665 Prodigia
1822 5605 1952 5648 vero

2052 5012 2164 5090 tum
2204 5028 2518 5088 exsecrabili
2560 5024 2853 5082 ambitione
2896 5020 3161 5077 devastat.
3211 5017 3397 5072 Restat
3424 5012 3632 5071 decima

2053 5125 2122 5183 de
2154 5122 2455 5195 primitivis,
2485 5133 2645 5191 quam
2674 5132 2772 5172 suo
2795 5116 2913 5171 loco
2939 5113 3183 5169 dicemus
3212 5107 3504 5179 :quoniam
3527 5106 3635 5162 duo

2054 5232 2240 5275 versus
2266 5214 2331 5271 ad
2359 5211 2824 5284 exaggerationem
2862 5205 2990 5262 mali
3017 5201 3293 5275 sequentis
3325 5199 3636 5270 interpositi

2057 5327 2175 5369 esse
2203 5316 2514 5366 noscuntur.
2548 5301 2847 5359 Notandum
2889 5307 2971 5356 est
3016 5308 3194 5354 autem
3238 5292 3379 5365 quod
3411 5290 3494 5346 lue
3524 5296 3638 5345 tres
3679 5295 3690 5308 "

2055 5405 2242 5476 plagas,
2267 5400 2319 5458 id
2336 5408 2437 5467 est,
2463 5382 2661 5469 aerugo,
2687 5394 2875 5466 pruina
2900 5401 2955 5449 et
2975 5392 3108 5466 ignis
3137 5390 3294 5463 (quas
3324 5386 3410 5442 hic
3434 5383 3571 5476 dixit
3592 5381 3638 5476 l,

2052 5473 2105 5553 in
2138 5473 2322 5551 Exodo
2349 5491 2564 5564 penitus
2585 5503 2690 5544 non
2725 5486 2988 5559 legantur.
3026 5484 3204 5554 Ignem
3234 5480 3375 5535 enim
3406 5477 3476 5532 ibi
3499 5473 3639 5531 dicit

2056 5589 2282 5645 mixtum
2308 5562 2649 5639 descendisse
2670 5593 2791 5634 eum
2822 5574 3105 5648 grandine,
3137 5579 3198 5627 ut
3230 5569 3435 5625 fructus
3477 5562 3640 5619 laede-

373 5698 520 5766 quasi
569 5710 728 5765 porro
752 5657 1025 5760 dicentia,
1065 5693 1118 5749 id
1170 5700 1279 5756 est,
1313 5703 1432 5761 quae
1479 5657 1956 5758 prmﬁgu'rabantur
2058 5690 2161 5749 ret,
2186 5694 2288 5735 non
2317 5685 2495 5731 tamen
2519 5680 2577 5727 ut
2622 5670 2965 5741 possessiones
3006 5679 3182 5720 eorum
3210 5657 3496 5716 incendam

373 5804 492 5844 esse
538 5797 782 5843 ventura.
830 5790 1028 5843 Omnes
1078 5786 1221 5843 enim
1254 5784 1357 5839 illa:
1406 5782 1573 5852 plagas
1611 5778 1676 5834 ad
1724 5778 1959 5849 aliquam

375 5882 781 5957 signiﬁcantium
813 5881 1004 5952 priscis
1051 5879 1389 5950 temporibus
1434 5872 1813 5944 contigerunt.
1842 5871 1957 5927 lle-

2064 5744 2269 5832 tuisset.
2303 5770 2405 5826 Pro
2436 5767 2552 5824 istis
2580 5778 2705 5821 vero
2736 5762 2907 5819 tribus
2936 5760 3054 5816 alia:
3092 5758 3165 5814 ibi
3199 5765 3309 5810 tres
3340 5759 3464 5809 sunt
3490 5744 3643 5818 posi-

2066 5876 2165 5937 tae,
2212 5860 2483 5937 ciniphes,
2540 5857 2723 5921 ulcera
2758 5862 2813 5915 et
2863 5853 3120 5915 tenebrae.
3178 5844 3332 5917 Quod
3362 5843 3417 5902 in
3448 5836 3648 5899 litteris
