4092 6344
252 430 356 487 569

1161 412 1525 475 EXPOSITIO
1560 410 1627 468 IN
1667 408 2127 472 PSALTERIUM.
2169 413 2366 473 PSAL.
2406 410 2664 471 LXXVII.

3414 400 3522 462 570

251 546 390 601 tacta
417 549 540 599 sunt
566 542 730 617 (sicut
752 540 881 599 dicit
911 536 1224 612 Apostolus)
1258 551 1377 609 qua:
1409 542 1609 592 nostra:
1637 530 1827 590 salutis
1852 530 1912 594 Δ
1934 534 2273 594 fabricatum.
2320 535 2433 591 Hoc
2486 547 2616 604 ergo
2669 526 3051 585 tabernaculum
3087 523 3339 597 repulisse
3387 524 3520 583 dicit

253 639 451 699 indicia
478 638 815 693 nuntiabant.
1656 700 1659 701 ν

330 730 483 786 Vers.
517 729 607 785 58.
637 727 708 782 Et
731 729 881 802 ejecit
925 744 958 782 a
985 726 1118 797 {acie
1158 741 1332 781 eorum
1373 732 1576 796 gentes;
1615 728 1661 777 et
1701 728 1837 776 sorte

254 828 429 883 divisit
451 825 523 881 eis
549 834 735 879 terram
760 825 814 878 in
832 822 1073 893 funiculo
1103 819 1494 875 distributionis.

252 945 264 986 ε
328 920 485 974 Vers.
514 918 605 974 59.
643 916 712 970 Et
758 916 988 971 habitare
1019 916 1137 986 (erit
1190 914 1244 968 in
1276 910 1618 967 tabernaculis
1662 922 1840 962 eorum

256 1013 419 1067 tribus
449 1009 633 1066 Israel.
664 1009 823 1082 Ejicit
853 1026 886 1062 a
916 1010 1045 1081 facie
1071 1015 1254 1063 nostra
1279 1015 1469 1077 gentes,
1487 1001 1698 1073 quando
1719 1000 1843 1055 bar-

260 1104 433 1159 barici
481 1112 536 1157 et
564 1103 802 1158 immites
841 1117 872 1157 a
902 1101 1056 1157 nobis
1097 1100 1344 1169 iugantur
1389 1110 1620 1152 errores.
1650 1092 1843 1148 Dividit

261 1204 439 1250 autem
483 1194 639 1249 nobis
692 1204 880 1248 terram
910 1193 1056 1248 illam
1095 1187 1552 1261 repromissionis,
1592 1199 1714 1242 cum
1746 1198 1843 1254 pro

263 1302 360 1344 sua
390 1288 697 1358 dignatione
726 1284 1010 1354 unicuique
1039 1283 1251 1339 beatam
1284 1278 1493 1336 dederit
1522 1276 1840 1348 portionem.

264 1377 555 1432 Funiculus
594 1385 770 1431 autem
823 1373 1213 1438 distributionis,
1254 1379 1454 1425 tractus
1498 1376 1581 1423 est
1620 1366 1690 1422 ab
1736 1366 1845 1420 illis

264 1470 353 1539 qui
386 1478 583 1524 terram
618 1476 771 1523 tenso
802 1465 928 1521 fune
949 1464 1282 1521 dividebant.
1315 1461 1587 1532 Sequitur,
1627 1469 1674 1514 et
1702 1458 1847 1513 habio

268 1571 382 1615 tare
409 1562 529 1631 fecit
558 1562 611 1614 in
653 1558 994 1613 tabernaculis
1020 1571 1195 1611 eorum
1234 1554 1392 1608 tribus
1427 1551 1614 1607 Israel.
1643 1549 1847 1604 Divinas.

267 1652 424 1707 nobis
443 1652 737 1721 Scriptura:
762 1648 1099 1704 tradiderunt
1119 1648 1171 1701 in
1193 1660 1377 1701 eorum
1402 1645 1520 1700 loco
1542 1643 1633 1697 vel
1660 1656 1849 1697 nume-

268 1756 332 1799 ro
354 1742 648 1797 electorum
680 1740 925 1811 populum
952 1736 1383 1807 eongregandum
1402 1774 1418 1801 ,
1456 1733 1599 1789 unde
1631 1731 1849 1800 superbi

272 1835 450 1905 angeli
477 1834 772 1904 probantur
793 1832 1023 1902 expulsi.
1049 1830 1191 1900 Ergo
1212 1828 1437 1882 tribubus
1466 1823 1654 1893 Israel,
1686 1824 1736 1879 id
1767 1830 1852 1879 est

272 1899 576 1983 videntibus
602 1926 769 1981 Deum
798 1899 949 1981 dabit
978 1899 1330 1988 tabernacula,
1367 1935 1486 1991 quas
1510 1927 1635 1974 ante
1661 1930 1852 1987 super-
1878 1899 1929 1961 Β

273 2020 375 2076 Diae
401 2018 611 2074 ruinam
641 2016 816 2071 adhuc
844 2015 1157 2070 innocentes
1185 2011 1360 2081 angeli
1390 2010 1753 2079 possidebant.

350 2108 499 2164 Vers.
533 2106 624 2165 60.
665 2105 729 2160 Et
771 2111 1109 2169 tentaverunt,
1150 2111 1198 2157 et
1225 2101 1649 2157 exacerbaverunt
1686 2099 1856 2155 Deum

276 2202 564 2266 excelsum;
593 2207 640 2254 et
666 2198 952 2254 testimonia
976 2198 1086 2268 ejus
1105 2211 1207 2249 non
1235 2194 1604 2249 custodierunt.

318 2294 510 2349 -Vers.
567 2294 655 2348 6i.
706 2290 774 2346 Et
817 2299 1104 2346 averterunt
1155 2305 1245 2357 se,
1301 2296 1350 2342 et
1388 2303 1493 2341 non
1535 2292 1859 2341 seruauerunt

279 2400 504 2461 paetum,
531 2385 956 2457 quemadmodum
982 2392 1154 2455 patres
1183 2396 1393 2446 eorum;
1419 2389 1467 2435 et
1489 2380 1719 2434 conversi
1744 2386 1860 2432 sunt

277 2482 333 2535 in
355 2496 533 2535 arcum
561 2492 872 2550 peruersum.
899 2475 1052 2531 Nunc
1080 2473 1618 2530 dicitcontumaciam
1646 2469 1864 2527 Judaeu-

279 2588 424 2639 rum,
447 2581 503 2628 et
520 2570 646 2642 quid
672 2570 753 2626 eis
776 2570 915 2624 irato
945 2567 1173 2622 Domino
1201 2565 1505 2635 contigerit,
1527 2578 1864 2631 consequen-

282 2675 366 2721 ter
395 2665 649 2734 exponit;
694 2671 753 2715 ut
780 2660 904 2715 talia
950 2659 1321 2714 inobedientes
1365 2656 1593 2712 debeant
1624 2654 1866 2723 exempla

283 2770 551 2817 metuere.
589 2757 752 2811 Arcus
785 2769 1050 2826 perversus
1078 2760 1159 2807 est
1184 2752 1346 2824 27o
1372 2748 1574 2804 malitia
1620 2758 1869 2817 peccato-

286 2870 409 2912 rum
429 2894 445 2918 ,
474 2865 593 2923 quae
635 2864 743 2905 non
772 2850 982 2904 eminus
1021 2846 1240 2901 vulnera
1265 2844 1559 2915 iaculatur,
1590 2840 1685 2897 sed
1716 2840 1769 2894 in
1812 2854 1873 2895 se

288 2945 465 3015 magis
489 2942 696 3013 spicula
724 2939 927 2995 directa
950 2937 1238 2993 convertit.
1269 2934 1421 3002 Quod
1450 2933 1631 3002 utique
1656 2930 1872 2987 dolosas

291 3038 405 3111 pati
434 3035 777 3091 manifestum
817 3038 927 3099 est,
973 3029 1062 3100 qui
1092 3028 1219 3083 dum
1250 3026 1366 3081 aliis
1408 3026 1652 3094 ingerere
1692 3023 1874 3077 nitun-

293 3140 383 3189 tur
412 3132 612 3202 plagas,
664 3129 719 3184 in
762 3139 821 3182 se
857 3129 1174 3181 convertere
1202 3133 1327 3175 suas
1364 3116 1543 3189 potius
1585 3114 1877 3186 probantur

296 3223 539 3281 insidias.

1938 630 2221 687 Dominum
2264 643 2278 681 :
2314 627 2370 681 in
2414 641 2514 695 quo
2563 625 2697 679 inter
2730 621 2958 675 homines
3006 618 3239 673 habitare
3274 616 3524 686 dignatus

1937 733 2053 791 est,
2094 722 2234 777 sicut
2270 718 2323 774 in
2371 717 2477 773 alio
2518 716 2779 786 propheta
2826 712 3063 784 legitur:
3096 709 3223 766 Vide
3255 709 3378 779 quid
3427 707 3525 779 feci

1939 815 2076 883 Silo,
2130 812 2218 867 ubi
2282 818 2394 866 erat
2440 809 2820 864 tabernaculum
2867 821 3036 861 meum
3078 803 3211 874 (Jer.
3266 817 3361 869 vtt,
3406 802 3521 873 12).

1939 908 2044 966 Sed
2089 904 2434 963 metuendum
2484 910 2567 958 est
2624 900 2810 967 nobis,
2861 914 2930 955 ne
2986 897 3224 954 offensus
3277 895 3523 966 corporis

1943 999 2114 1056 nostri
2156 994 2504 1055 tabernacula
2548 993 2784 1058 deserat,
2832 1003 2954 1060 qua
2999 987 3232 1058 Spiritus
3273 994 3525 1052 sanctus,

1942 1106 2063 1147 eum
2105 1089 2197 1145 Dei
2245 1100 2469 1143 munere
2518 1086 2653 1141 bene
2695 1096 2795 1139 nos
2842 1088 3167 1146 tractamus,
3225 1076 3524 1143 inhabitat,

1944 1185 2084 1242 sicut
2111 1184 2243 1239 dicit
2287 1180 2615 1251 Apostolus:
2656 1175 2922 1247 Templum
2970 1174 3105 1228 enim
3153 1169 3250 1226 Dei
3294 1180 3529 1225 sanctum

1943 1274 2195 1346 est,quod
2223 1274 2340 1329 estis
2368 1288 2456 1326 vos
2481 1271 2529 1343 (Ι
2567 1269 2687 1325 Cor.
2716 1284 2802 1333 ttt,
2841 1265 2948 1336 Π).

2021 1368 2174 1423 Vers.
2197 1366 2286 1422 65.
2300 1363 2367 1418 Et
2394 1362 2606 1417 tradidit
2628 1362 2681 1414 in
2708 1360 3053 1431 captivitatem
3074 1356 3309 1409 uirtutem
3329 1365 3529 1417 eorum,

1946 1471 1995 1516 et
2015 1458 2445 1535 pulchritudinem
2466 1470 2640 1509 eorum
2657 1454 2711 1507 in
2732 1468 2911 1506 manus
2928 1449 3145 1504 inimici.
3160 1446 3295 1501 Illud
3320 1454 3424 1501 tem
3434 1459 3532 1513 pus

1950 1559 2235 1617 memorat,
2259 1546 2474 1620 quando
2496 1545 2564 1599 ab
2591 1542 2889 1613 Al10pltylis
2917 1539 3131 1596 Hebrtei
3153 1537 3277 1592 victi
3300 1544 3446 1600 sunt,
3475 1543 3531 1590 et

1951 1645 2187 1703 caedibus
2216 1657 2399 1699 eorum
2439 1636 2833 1707 direptionique
2864 1637 3169 1703 patuerunt.
3192 1628 3533 1697 Quapropter

1951 1738 2183 1793 uirtutem
2231 1714 2285 1789 et
2342 1728 2777 1804 pulchritudinem
2825 1722 3091 1795 signiﬁcat
3137 1732 3318 1774 arcam
3370 1724 3538 1771 testa-

1955 1830 2151 1893 menti,
2181 1842 2274 1898 per
2304 1840 2463 1897 quam
2505 1822 2606 1877 sibi
2643 1821 2783 1876 inter
2812 1826 3004 1889 gentes
3044 1812 3363 1870 videbantur
3391 1809 3533 1866 iuvi-

1953 1923 2024 1981 cti
2044 1963 2061 1989 ,
2088 1929 2143 1976 et
2164 1934 2373 1976 summa
2395 1914 2608 1972 decoris
2629 1914 2785 1969 laude
2803 1908 3077 1983 praecipui.

2025 2014 2183 2070 Vers.
2211 2011 2302 2068 66.
2339 2009 2404 2065 Et
2444 2007 2691 2063 conclusit
2712 2006 2765 2060 in
2795 2004 2968 2078 gladio
2995 2002 3238 2075 populum
3265 2014 3415 2054 suum
3435 2038 3452 2066 ,
3492 2005 3542 2053 et

1956 2106 2305 2163 hocreditatem
2334 2116 2480 2157 suam
2509 2100 2715 2171 sprevit.
2764 2096 3112 2167 Consequens
3143 2093 3242 2149 fuit
3277 2102 3338 2149 ut
3374 2106 3545 2163 popu-

1958 2200 2042 2256 Ius
2065 2198 2242 2270 gladio
2266 2197 2483 2253 caderet
2508 2193 2802 2265 turpiterin
2825 2191 3062 2257 ruinam,
3085 2188 3171 2245 cui
3199 2202 3338 2243 arcte
3368 2186 3545 2256 digni-

1960 2304 2043 2351 tas
2075 2290 2399 2363 probabatur
2444 2288 2641 2343 ablata.
2673 2285 2769 2341 Ille
2816 2284 2956 2340 enim
2987 2297 3120 2353 quos
3154 2279 3363 2350 spernit
3389 2278 3543 2333 anni-

1962 2386 2126 2453 hilat;
2172 2399 2273 2441 nec
2308 2382 2589 2454 quisquam
2632 2386 2811 2449 potest
2854 2376 3162 2440 subvenire,
3190 2374 3275 2428 cui
3320 2386 3380 2428 se
3410 2386 3539 2441 pro-

1964 2479 2159 2534 bantur
2219 2470 2409 2532 solatia
2467 2473 2653 2529 divina
2719 2469 3057 2527 subtrahere.
3123 2466 3329 2538 Sprevit
3403 2465 3545 2519 enim

1967 2571 2314 2626 hereditatem
2366 2583 2543 2633 suam,
2592 2562 2805 2635 quando
2852 2560 3147 2633 populum,
3192 2572 3351 2629 quem
3410 2557 3550 2612 inter

1968 2665 2168 2719 multas
2195 2661 2441 2717 nationes
2462 2659 2731 2730 elegerat,
2764 2670 2861 2725 pro
2890 2654 3155 2711 scelerum
3188 2665 3410 2709 suorum
3448 2648 3550 2705 im-

1971 2753 2230 2812 manitate
2261 2750 2506 2823 proiecit.
2540 2748 2837 2805 Haereditas
2875 2730 3075 2816 quippe
3113 2744 3181 2800 ab
3231 2745 3360 2799 hero
3409 2741 3553 2797 dicta
3622 2788 3625 2793 .

1974 2858 2095 2912 est,
2122 2844 2375 2916 quoniam
2415 2856 2533 2898 eam
2573 2840 2697 2911 jure
2745 2836 2984 2909 legitimo
3026 2834 3283 2892 Dominus
3316 2832 3557 2889 noscitur

1976 2937 2274 3010 possidere.

2056 3037 2205 3094 Vers.
2237 3037 2325 3092 67.
2357 3033 2574 3089 Iuvenes
2600 3048 2776 3088 eorum
2813 3022 3030 3088 comedit
3055 3030 3213 3101 ignis,
3263 3034 3312 3084 et
3332 3026 3553 3099 uirgines

1980 3145 2154 3185 eorum
2175 3144 2277 3182 non
2299 3135 2414 3181 sunt
2435 3126 2745 3180 lamentatur.
2768 3121 2950 3194 Ignem
2972 3121 3058 3178 hic
3078 3122 3212 3178 iram
3244 3118 3557 3175 bellantium

1984 3220 2246 3277 debemus
2274 3217 2555 3273 advertere
2571 3254 2588 3281 ,
2628 3229 2746 3285 qua:
2769 3213 2996 3269 traditos
3021 3211 3120 3267 sibi
3147 3218 3400 3280 tanquam
3426 3223 3560 3263 con-

369 3315 525 3371 Vers.
550 3311 641 3369 62.
675 3310 761 3366 Et
785 3311 840 3365 in
886 3309 969 3364 ira
1003 3306 1379 3362 concitaverunt
1420 3316 1535 3356 eum
1562 3298 1617 3353 in
1663 3296 1877 3352 collibus

1982 3312 2245 3383 sumptrix
2296 3311 2510 3366 ﬂamma
2552 3305 2847 3363 devoravit.
2902 3305 3190 3375 Sequitur,
3248 3311 3295 3358 et
3345 3302 3562 3373 uirgines

302 3407 435 3474 suis,
463 3417 510 3459 et
545 3406 600 3459 in
644 3401 964 3472 sculptilibus
1004 3399 1107 3454 suis
1132 3395 1357 3452 mulati
1397 3400 1513 3447 sunt
1534 3406 1671 3445 eum.
1711 3387 1881 3443 Colles

302 3502 563 3574 superbas
593 3514 657 3556 ac
694 3496 927 3553 tumidas
966 3492 1270 3564 signiﬁcant
1312 3487 1662 3573 cogitationes
1709 3483 1884 3538 homi-

303 3609 466 3662 num,
518 3591 709 3662 quibus
750 3601 964 3656 semper
993 3584 1251 3639 Dominus
1292 3564 1564 3636 invenitur
1601 3574 1880 3639 adversus,

307 3687 522 3761 quando
550 3687 603 3740 in
632 3684 868 3739 culturas
906 3679 1209 3735 daemonum
1256 3674 1437 3745 iniqua
1472 3670 1886 3742 praesumptione

307 3782 617 3856 prosiliunt,
641 3774 900 3831 Einulati
920 3780 1038 3827 sunt
1060 3771 1255 3841 quippe
1284 3782 1429 3832 eum,
1460 3779 1581 3821 cum
1627 3763 1886 3817 honorem

309 3852 523 3934 Domini
549 3867 849 3927 simulacris
878 3863 1285 3923 detestabilibus
1315 3858 1678 3916 contulerunt.
1703 3852 1891 3909 iEmu-

311 3974 444 4030 latio
469 3963 623 4026 enim
642 3968 745 4023 ista
776 3966 829 4020 in
868 3961 1064 4018 malam
1090 3967 1322 4029 partem,
1351 3967 1456 4009 non
1491 3953 1545 4007 in
1573 3952 1771 4005 bonam
1796 3946 1893 4003 de-

310 4066 406 4123 bet
433 4062 687 4130 intelligi;
722 4071 843 4113 nam
872 4054 993 4109 vide
1019 4050 1148 4122 quid
1174 4048 1436 4118 sequitur.

390 4154 543 4208 Vers.
575 4150 663 4206 65.
691 4147 901 4203 Audiuit
928 4142 1179 4198 Dominus
1197 4148 1244 4193 et
1270 4135 1479 4208 sprevit,
1507 4142 1554 4189 et
1583 4131 1651 4187 ad
1676 4130 1896 4186 nihilum

319 4246 511 4318 redegit
549 4242 700 4298 nimis
750 4237 937 4294 Israel.
970 4233 1117 4289 Nona
1147 4245 1302 4301 pars,
1335 4242 1456 4298 qua:
1499 4232 1765 4295 superest,
1809 4221 1896 4276 in-

315 4338 531 4403 troitur,
584 4334 639 4388 in
660 4346 762 4402 qua
784 4328 1032 4384 vindictze
1058 4335 1253 4394 genera
1279 4325 1643 4382 numerantur,
1669 4322 1723 4370 et
1750 4320 1894 4383 post,

318 4432 579 4487 adventus
628 4423 842 4482 Domini
885 4417 1182 4477 Salvatoris
1226 4413 1473 4470 edicitur.
1523 4408 1678 4466 Solet
1720 4415 1900 4462 autem

318 4524 459 4580 inter
514 4516 803 4575 nonnullos
862 4511 1038 4567 lacere
1106 4505 1494 4577 quazstionem,
1554 4513 1724 4570 quare
1771 4509 1895 4552 cum

1984 3422 2161 3462 eorum
2199 3420 2301 3459 non
2328 3410 2446 3457 sunt
2473 3402 2783 3456 lamentatur.
2818 3397 3115 3453 Lamentari
3151 3395 3296 3451 enim
3324 3393 3566 3449 vacantis

1987 3506 2089 3554 est.
2119 3496 2252 3553 Nam
2282 3510 2405 3551 cum
2436 3508 2621 3549 omnes
2647 3491 2982 3547 imminentia
3026 3487 3264 3559 pericula
3306 3485 3566 3541 formida-

1988 3598 2139 3658 rent,
2172 3588 2305 3644 nulli
2354 3587 2503 3643 licuit
2549 3585 2773 3640 alterius
2808 3583 2982 3639 l‘uneri
3030 3582 3176 3652 justa
3234 3580 3567 3650 persolvere.

1989 3681 2248 3737 Lamenta
2288 3679 2430 3735 enim
2477 3677 2615 3732 dicta
2654 3683 2781 3731 sunt
2824 3675 2962 3730 intra
3009 3672 3151 3729 lares
3193 3678 3570 3736 monumenta,

1992 3772 2133 3829 sicut
2159 3771 2391 3840 antiquis
2412 3769 2640 3839 sepelire
2662 3782 2779 3823 mos
2809 3776 2943 3823 erat.

2067 3863 2223 3919 Vers.
2248 3863 2337 3919 68.
2383 3861 2688 3917 Sacerdotes
2732 3874 2908 3913 eorum
2949 3858 3003 3912 in
3042 3858 3213 3929 gladio
3243 3857 3568 3922 ceciderunt,

1993 3960 2045 4010 et
2081 3954 2248 4007 uidua:
2276 3965 2449 4006 eorum
2471 3966 2574 4004 non
2602 3950 2955 4019 plorabantur.
2988 3947 3043 4001 In
3072 3947 3188 4017 ipsa
3224 3948 3383 4016 igitur
3402 3949 3575 4016 capti-

1999 4047 2162 4102 vitate
2192 4044 2286 4099 lilii
2310 4042 2427 4098 Heli
2452 4042 2747 4097 sacerdotis
2772 4040 2839 4094 ab
2863 4039 3165 4111 Allophylis
3187 4040 3364 4109 gladio
3392 4040 3578 4111 legun-

1998 4145 2088 4192 tur
2108 4133 2393 4195 exstincti;
2421 4145 2646 4202 quorum
2678 4131 2836 4185 unius
2884 4146 3028 4186 uxor
3061 4130 3221 4184 vidua
3261 4129 3421 4195 facta,
3460 4138 3581 4200 post

2001 4228 2237 4286 subitum
2285 4232 2495 4297 partum
2536 4232 2709 4278 morte
2734 4232 3003 4292 praeventa
3026 4229 3129 4277 est.
3164 4221 3239 4277 Ita
3270 4222 3495 4290 contigit
3526 4232 3582 4276 ut

2002 4323 2121 4392 ejus
2140 4319 2291 4373 vidua
2330 4315 2554 4372 minime
2597 4314 2907 4386 ploraretur,
2953 4313 3078 4369 dum
3108 4314 3390 4369 universos
3429 4326 3583 4368 com-

2004 4412 2182 4469 munis
2205 4410 2453 4466 interitus
2475 4415 2812 4476 occupasset.
2840 4405 2971 4461 Nam
2996 4406 3120 4461 talia
3158 4406 3211 4460 in
3248 4403 3342 4461 illo
3386 4402 3583 4475 populo

2005 4506 2188 4564 multis
2237 4502 2501 4559 accidisse
2544 4500 2811 4558 credenda
2851 4508 3009 4565 sunt,
3056 4499 3272 4571 quando
3316 4497 3578 4569 pluralem

323 4622 547 4687 Peccala
594 4609 790 4666 ῖυθτίηῐ
834 4605 1164 4674 aliquorum.
1197 4599 1290 4654 me
1336 4607 1513 4651 ιθῐῐιεη
1561 4595 1613 4650 in
1655 4591 1903 4648 omnibus
1930 4670 1983 4687 _
2008 4612 2288 4655 numerum
2334 4594 2625 4651 auctoritas
2658 4601 2841 4649 sancta
2884 4592 3236 4659 memoravit,
3290 4602 3414 4660 qua
3451 4586 3582 4643 nihil

321 4708 627 4767 vindicasse
664 4699 903 4758 dicatur?
928 4696 1068 4768 quod
1099 4692 1361 4763 religiosis
1385 4687 1653 4745 mentibus
1682 4700 1906 4755 scrupu-
1929 4670 1986 4733 Β
2008 4694 2247 4752 noscitur
2268 4691 2474 4748 referre
2498 4689 2849 4761 superﬂuum,

321 4804 434 4860 lum
468 4815 574 4856 non
616 4796 775 4852 debet
804 4790 1049 4861 injicere.
1070 4786 1203 4841 Nam
1230 4784 1333 4840 etsi
1371 4790 1584 4854 gentem
1610 4776 1904 4849 captivitati

323 4892 575 4956 tradidit,
619 4896 797 4943 tamen
836 4882 937 4938 sibi
970 4878 1197 4951 placitos
1228 4872 1577 4931 conscientia:
1603 4869 1905 4940 integritate

324 4986 589 5049 servavit;
624 4980 718 5037 sed
748 4993 841 5033 eos
867 4975 1039 5045 magis
1074 4973 1128 5026 in
1158 4966 1594 5025 tribulationibus
1632 4961 1903 5029 exercuit,

324 5095 460 5152 quos
492 5086 695 5133 aeterno
723 5072 929 5127 honore
963 5064 1303 5122 coronandos
1343 5076 1462 5117 esse
1488 5058 1744 5115 decrevit.
1771 5055 1902 5111 Nam

325 5150 371 5228 si
406 5170 647 5226 veritatis
688 5165 873 5222 intima
911 5164 1331 5231 perscrutemur,
1365 5154 1723 5225 captivitatem
1759 5150 1905 5221 passi

328 5280 436 5320 non
470 5269 598 5317 sunt
623 5259 711 5331 qui
744 5256 924 5311 animo
946 5252 1100 5308 liberi
1131 5250 1376 5318 luerunt,
1405 5262 1504 5303 nec
1533 5248 1745 5302 interno
1766 5244 1908 5300 hosti

330 5355 546 5420 traditi,
575 5364 803 5424 quorum
839 5342 1172 5403 conscientia
1203 5354 1310 5397 non
1350 5340 1526 5411 potuit
1550 5354 1581 5393 a
1614 5336 1907 5393 Divinitate

327 5448 575 5505 subduci.

399 5540 556 5595 Vera.
586 5535 674 5593 64.
703 5533 772 5590 Et
809 5530 998 5602 repulit
1019 5526 1402 5585 tabernaculum
1430 5524 1568 5593 Silo,
1599 5524 1908 5580 tabernacu-

331 5635 436 5689 luut
466 5647 642 5696 suum,
670 5630 723 5683 in
752 5644 850 5696 quo
873 5623 1116 5679 habitavit
1143 5625 1274 5677 inter
1301 5619 1548 5675 homines.
1581 5619 1694 5675 Silo
1722 5618 1910 5675 civitas

330 5735 447 5784 erat
472 5724 567 5780 ubi
598 5736 719 5777 arca
749 5718 964 5775 Domini
993 5716 1158 5771 fuisse
1187 5714 1382 5784 legitur
1407 5712 1694 5767 constituta
1721 5727 1735 5766 :
1768 5711 1911 5767 unde

330 5816 761 5897 persacerdotes
791 5812 1175 5884 supplicantes,
1204 5808 1409 5864 Hebraei
1441 5807 1624 5862 divina
1656 5822 1910 5878 responsa

330 5909 644 5985 capiebant.
698 5916 984 5979 antequam
1044 5902 1302 5974 templum
1356 5908 1504 5958 esset
1561 5899 1917 5973 lerosolymio

2079 4796 2234 4852 Vers.
2265 4792 2357 4849 69.
2388 4791 2458 4845 Et
2508 4791 2752 4846 excitatus
2800 4797 2871 4844 est
2915 4797 3153 4859 (aliquam
3196 4786 3453 4840 dormiens
3484 4784 3621 4843 υτ...

2010 4891 2220 4944 minus:
2252 4898 2493 4956 tanquam
2528 4893 2703 4951 potens
2735 4881 3030 4951 crapulatus
3068 4897 3102 4935 a
3130 4879 3268 4935 uino.
3300 4877 3589 4934 Consuetu-

2011 4979 2165 5035 dines
2206 4978 2336 5032 istas
2361 4976 2635 5031 hominum
2669 4972 2903 5028 diximus
2931 4981 3151 5041 propter
3174 4985 3264 5026 res
3303 4967 3588 5038 explanan-

2009 5068 2107 5126 das
2125 5082 2269 5139 saepe
2291 5067 2517 5123 Domino
2532 5064 2883 5121 contributas.
2912 5060 3115 5117 Dicitur
3134 5060 3277 5116 enim
3299 5074 3328 5114 a
3354 5073 3584 5130 persona

2010 5161 2359 5228 dementiam,
2414 5158 2504 5229 qui
2542 5158 2615 5211 ita
2664 5162 2854 5227 putant
2902 5152 3115 5224 quando
3159 5151 3591 5223 periclitantibus

2014 5268 2122 5310 non
2161 5250 2440 5314 subvenit,
2494 5246 2648 5318 quasi
2688 5246 2803 5301 vino
2843 5260 2950 5300 esse
2997 5244 3341 5317 crapulatum.
3372 5242 3478 5302 Sed
3506 5244 3594 5299 ille

2011 5354 2213 5400 tantum
2257 5338 2645 5411 negligentibus
2688 5344 2848 5406 atque
2892 5336 3199 5392 inlidelibus
3228 5336 3455 5404 dormit,
3501 5335 3593 5407 qui

2014 5438 2159 5494 nulla
2202 5432 2516 5506 psalmodia,
2541 5428 2705 5486 nullis
2731 5428 2885 5485 bonis
2909 5429 3159 5499 operibus
3177 5430 3412 5486 excitant
3438 5429 3595 5486 Chri-

2018 5539 2177 5588 stum.
2205 5530 2267 5585 Ει
2290 5527 2411 5598 jure
2440 5527 2507 5580 ab
2528 5524 2658 5596 ipsis
2685 5524 2925 5580 redditur
2951 5524 3180 5593 alienus,
3213 5524 3304 5596 qui
3344 5539 3464 5580 eum
3493 5523 3598 5580 sibi

2018 5621 2171 5694 quasi
2198 5620 2419 5674 dormire
2447 5618 2740 5673 dementer
2770 5617 3094 5687 intelligunt.
3144 5615 3414 5672 Excitatur
3434 5615 3597 5672 etiam

2020 5714 2084 5769 ad
2107 5712 2392 5767 vindictam
2422 5710 2577 5765 malis
2607 5708 2814 5765 actibus
2839 5719 3176 5780 provocatus,
3205 5709 3359 5778 cujus
3389 5706 3597 5776 patien-

2021 5808 2093 5864 tia
2123 5805 2373 5861 dormisse
2396 5802 2749 5867 crcdebatur;
2777 5802 2916 5873 quod
2950 5803 3114 5873 magis
3145 5802 3231 5856 hic
3260 5796 3600 5868 agnoscimus

2021 5897 2386 5958 sentiendum.
2405 5893 2769 5952 Excilauerunt
2785 5871 2927 5952 enim
2944 5908 3066 5951 eum
3080 5871 3373 5965 Allophyli,
3389 5888 3602 5962 quando
