4062 6344
629 374 725 432 571

1867 375 1934 438 II.
1975 376 2252 434 AURELII
2291 376 2698 440 CASSIODORI

3731 389 3810 446 δη

625 510 805 552 arcam
839 497 1144 553 testamenti
1173 495 1288 567 ejus
1321 480 1461 552 inter
1479 496 1764 554 simulacra
1793 507 2104 567 posuerunt.
2136 498 2203 553 Et
2234 502 2285 565 Α
2307 508 2360 557 et
2399 501 2527 558 alibi
2565 501 2635 557 de
2675 499 2919 557 Ecclesia
2957 499 3150 572 legitur
3187 517 3202 556 :
3236 500 3376 559 Deus
3412 501 3624 572 fundauit
3663 522 3750 562 εαηι
3771 513 3812 566 is

625 587 870 658 sequitur
897 602 1014 656 quae
1059 588 1165 642 illis
1194 588 1298 643 tali
1341 588 1483 643 facto
1505 590 1868 659 provenerint.
1899 590 2199 647 Discutien-

627 680 752 738 dum
783 688 865 736 est
900 687 1076 736 autem
1104 681 1245 750 quod
1277 682 1502 750 dixerit,
1547 693 1790 753 tanquam
1829 694 2024 752 potens,
2071 685 2197 756 quia

626 782 752 829 tunc
780 780 904 830 sunt
929 773 1174 830 homines
1196 775 1261 829 ad
1289 775 1421 830 iram
1455 776 1632 832 faciles
1660 784 1715 832 et
1739 776 1806 831 ad
1833 777 2081 833 virtutem
2103 792 2198 848 po-

626 875 818 933 tentes,
849 865 1064 936 quando
1094 874 1215 936 post
1256 867 1526 937 crapulam
1581 868 1688 923 vini
1729 868 1798 923 de
1844 883 2033 923 somno
2071 885 2196 925 sur-

622 973 746 1029 gere
773 967 1184 1014 consueverunt.
1211 960 1453 1031 Denique
1483 961 1668 1016 beatus
1709 961 2086 1033 Hieronymus,
2115 962 2198 1016 in-

623 1060 705 1106 ter
762 1049 914 1105 alios.
945 1051 1218 1108 veridicus
1272 1054 1568 1135 interpres,
1638 1069 1734 1123 pro
1788 1065 1991 1125 potente
2043 1054 2196 1111 fortis

622 1141 817 1212 posuit.

692 1255 846 1312 Vers.
881 1256 969 1310 70.
1014 1256 1078 1310 Et
1106 1261 1348 1326 percussit
1376 1259 1605 1314 inimicos
1627 1276 1744 1314 suos
1785 1261 1838 1314 in
1877 1261 2192 1332 posteriora;

621 1348 950 1419 opprobrium
1001 1352 1365 1422 sempiternum
1413 1355 1549 1407 dedit
1595 1355 1718 1410 illis.
1773 1355 1883 1410 Hoc
1928 1357 1980 1411 in
2024 1358 2194 1424 primo

620 1437 756 1492 libro
786 1437 988 1506 Regum
1024 1439 1212 1510 legitur
1241 1440 1296 1513 (I
1326 1443 1448 1514 Reg.
1479 1461 1532 1509 v,
1573 1444 1652 1514 6),
1683 1445 1804 1514 quia
1837 1461 1930 1514 pro
1973 1457 2193 1503 sacratae

620 1545 760 1585 arca:
797 1529 986 1603 injuria
1011 1533 1282 1606 Allophyli
1319 1536 1371 1589 in
1401 1539 1678 1608 posteriora
1701 1540 1934 1608 percussi
1963 1550 2105 1606 sunt,
2137 1549 2194 1596 ut

618 1625 778 1678 etiam
807 1625 912 1679 vivi
941 1639 970 1680 a
997 1628 1260 1684 soricibus
1298 1631 1614 1685 exsecrabili
1665 1639 1810 1686 sorte
1855 1633 2188 1687 roderentnr.

619 1715 772 1785 Quod
826 1721 1154 1787 opprobrium
1201 1721 1282 1777 eis
1325 1735 1600 1793 permanet
1646 1727 2022 1795 sempiternum,
2069 1727 2192 1796 quia

620 1807 796 1864 nullus
843 1810 979 1866 alter
1021 1813 1196 1868 taliter
1243 1815 1458 1884 punitus
1509 1826 1610 1872 est.
1659 1817 1748 1874 Sic
1793 1827 2103 1888 peccatores
2135 1819 2190 1873 in

619 1902 920 1972 posteriore
948 1904 1054 1958 vita
1091 1908 1352 1974 percutit,
1383 1909 1594 1976 quando
1630 1909 1707 1964 eis
1752 1924 1848 1964 sua
1888 1910 2061 1965 dehita
2087 1925 2191 1966 non

620 1990 906 2061 relinquit,
955 2001 1008 2048 et
1054 1995 1206 2064 quasi
1246 2009 1275 2051 a
1323 1997 1586 2052 soricihus
1631 2007 2034 2069 consumuntur,
2063 2001 2190 2057 dum

620 2097 714 2138 eos
737 2084 932 2140 diaboli
963 2086 1154 2142 cohors
1177 2089 1385 2144 inimica
1415 2089 1710 2147 vallaverit.

691 2197 839 2254 Vers.
867 2200 955 2256 7i.
980 2199 1048 2255 Et
1073 2203 1257 2273 repulit
1289 2203 1665 2260 tabernaculum
1693 2203 1880 2281 Ioseph
1899 2251 1914 2280 ,
1938 2220 1986 2264 et
2005 2211 2192 2266 tribum

623 2285 847 2358 Ephrem
881 2307 980 2344 non
1001 2292 1169 2363 elegit.

692 2401 846 2458 Vers.
881 2403 970 2460 72.
1014 2404 1121 2460 Sed
1166 2407 1311 2478 elegit
1341 2409 1525 2463 tribum
1565 2405 1744 2482 Iuda,
1795 2421 2014 2468 montem
2061 2411 2192 2470 Sion

616 2511 764 2566 quem
793 2496 990 2553 dilexit.
1032 2498 1235 2556 iudicia
1284 2501 1491 2558 Domini
1550 2503 1785 2574 ipsorum
1839 2521 2051 2578 quoque
2095 2523 2194 2564 no-

617 2591 820 2648 minum
864 2595 1239 2664 astipulatione
1279 2598 1636 2656 declarantur.
1688 2599 1879 2673 Ioseph
1926 2603 2192 2674 signiﬁcat

615 2696 991 2756 augmentum,
1034 2689 1175 2759 quod
1214 2698 1270 2746 et
1318 2691 1370 2746 in
1401 2692 1540 2749 malo
1583 2702 1638 2749 et
1670 2693 1720 2748 in
1751 2694 1892 2751 bono
1923 2695 2140 2764 ponitur
2169 2711 2186 2764 ;

615 2776 710 2832 sed
741 2777 902 2834 modo
931 2778 984 2835 in
1017 2783 1342 2838 contrarium
1375 2783 1741 2855 accipiendum
1769 2797 1872 2858 est,
1904 2789 2026 2860 quia
2055 2804 2189 2846 con-

622 2877 730 2925 stat
756 2885 878 2926 esse
910 2874 1268 2942 repudiatum.
1303 2875 1529 2946 Ephrem
1559 2878 1780 2950 frugifer
1809 2881 2193 2952 interpretatur

613 2961 728 3016 sive
759 2961 1004 3038 ubertas;
1033 2965 1175 3019 Iuda
1206 2967 1469 3026 conﬁtens
1497 2969 1610 3026 sive
1633 2971 1960 3040 glorificans.
1991 2975 2189 3030 Memo-

617 3051 697 3106 ria
721 3066 932 3122 quoque
959 3055 1296 3113 condendum
1347 3067 1460 3126 est,
1508 3061 1648 3130 quod
1686 3076 1780 3132 per
1822 3064 2044 3121 Hebraea
2087 3083 2190 3124 no-

617 3139 758 3194 mina
791 3141 1060 3213 Scriptura
1087 3155 1270 3202 sancta
1314 3162 1503 3204 causas
1533 3151 1687 3207 nobis
1714 3155 1910 3222 saepius
1952 3155 2190 3214 declarat

2303 606 2550 652 aeternum
2571 594 2742 666 (Psal.
2767 610 2932 663 vau,
2969 595 3048 666 9).

2332 701 2340 710 ·
2373 685 2525 741 Vers.
2557 684 2648 740 74.
2677 684 2744 740 Et
2769 685 2920 756 elegit
2957 684 3126 740 Dauid
3162 702 3363 742 servum
3405 703 3572 757 suum,
3597 699 3637 744 et
3659 696 3812 749 sustulit

2299 793 2414 831 eum
2446 776 2511 832 de
2538 777 2774 849 gregibus
2802 778 2973 832 ouium
3000 793 3020 832 :
3049 777 3110 832 de
3132 788 3244 848 post
3271 779 3481 848 {etantes
3517 784 3685 854 accepit
3714 802 3811 842 eum.

2375 869 2526 924 νει-ε.
2557 866 2644 923 75.
2677 867 2895 924 Poscere
2935 867 3097 924 Iacob
3121 871 3366 941 populum
3391 870 3510 942 (ins.
3539 871 3627 940 A.,
3648 875 3810 948 unum]

2300 977 2480 1036 suum,
2510 971 2558 1017 et
2581 962 2747 1018 Israel
2777 963 3120 1018 haereditatem
3139 980 3312 1018 suam.
3344 965 3617 1034 Aptissima
3639 968 3815 1024 nimiset

2298 1055 2490 1110 decora
2514 1055 2808 1111 introducta
2839 1066 2919 1112 est
2949 1056 3212 1125 narratio;
3241 1065 3300 1112 ut
3328 1059 3449 1128 quia
3473 1058 3682 1127 dixerat,
3707 1064 3816 1134 elegit

2296 1147 2520 1214 Iudam,
2547 1163 2689 1202 nunc
2709 1148 2942 1216 diceret,
2969 1147 3137 1202 David
3156 1189 3172 1215 ,
3204 1150 3296 1219 qui
3327 1152 3394 1204 ab
3416 1150 3712 1209 humanitate
3729 1171 3815 1210 sus~

2297 1248 2449 1307 cepta
2491 1240 2706 1295 Christo
2745 1239 2971 1296 Domino
3009 1243 3364 1311 prosimabat.
3410 1242 3512 1300 Sed
3549 1245 3711 1302 melius
3746 1247 3816 1304 hoc

2297 1332 2364 1388 de
2385 1334 2499 1403 ipso
2521 1333 2839 1403 suscipimus
2864 1333 3430 1408 Domino’Salvatore;
3449 1351 3563 1390 nam
3582 1337 3628 1391 in
3643 1338 3815 1408 Evange-

2295 1423 2368 1479 lio
2411 1425 2540 1479 caeci
2590 1425 2955 1480 clamaverunt
2993 1443 3005 1478 :
3049 1425 3157 1484 Fili
3216 1425 3413 1490 David,
3463 1427 3675 1484 miserere
3711 1432 3812 1485 nobis

2296 1514 2506 1586 (Matth.
2538 1532 2606 1571 xx
2623 1557 2639 1583 ,
2661 1516 2775 1587 '50).
2805 1518 2869 1571 Et
2891 1517 3014 1587 quia
3032 1516 3367 1572 confidenter
3395 1533 3570 1573 verum
3592 1519 3812 1588 dixerant,

2294 1608 2396 1665 sub
2430 1609 2706 1665 celeritate
2743 1609 2912 1662 sanati
2953 1617 3093 1663 sunt.
3129 1609 3422 1679 Sequitur.
3463 1620 3508 1664 et
3535 1611 3708 1664 sustulit
3731 1627 3810 1664 eum

2293 1703 2359 1758 de
2396 1703 2630 1775 gregibus
2671 1703 2872 1769 ouium;
2907 1684 2971 1756 de
3000 1711 3112 1772 post
3151 1705 3371 1773 fetatues
3399 1704 3583 1772 accepit
3610 1719 3718 1757 etim.
3741 1702 3811 1758 Pet

2295 1796 2453 1854 istam
2481 1796 2881 1853 similitudinem
2915 1797 3078 1853 David
3109 1797 3204 1852 lilii
3232 1797 3387 1854 Iesse
3417 1798 3580 1869 (sicut
3603 1797 3707 1852 etin
3728 1799 3810 1852 aliis

2228 1883 2276 1943 B
2303 1891 2476 1962 locis)
2508 1892 2716 1947 Domini
2745 1892 3043 1949 Salvatoris
3079 1893 3235 1948 nobis
3277 1902 3599 1948 sacramenta
3629 1894 3813 1962 panduno

2298 1992 2402 2041 tur.
2425 1981 2556 2038 Nam
2580 1983 2669 2038 ille
2687 1983 2926 2039 sublatus
2945 1985 3014 2040 ab
3033 1984 3226 2040 ovibus
3258 1985 3501 2055 pervenit
3528 1983 3588 2038 ad
3611 1999 3813 2057 regnum:

2296 2074 2553 2130 Dominus
2603 2081 2788 2131 noster
2833 2073 3046 2131 functus
3092 2074 3284 2131 officio
3327 2075 3581 2145 pastoris,
3615 2075 3736 2130 sedet
3768 2073 3812 2128 ad

2294 2167 2570 2222 dexteram
2603 2165 2810 2234 Patris,
2857 2165 3060 2238 quiest
3100 2182 3234 2223 vere
3274 2167 3390 2221 lies:
3425 2182 3592 2237 regum
3614 2175 3652 2220 et
3689 2165 3816 2218 Domi-

2293 2273 2391 2312 nus
2432 2258 2799 2313 dominantium
2833 2258 3071 2330 (Apocal.
3105 2275 3216 2329 nx,
3259 2257 3371 2330 16).
3407 2257 3511 2312 Nec
3549 2269 3678 2312 vacat
3701 2257 3802 2328 quod

2295 2349 2467 2418 dixit,
2515 2365 2644 2408 oves
2682 2350 2800 2421 ejus
2837 2351 3001 2406 fuisse
3045 2349 3268 2406 fetosas.
3317 2351 3524 2406 Domini
3566 2349 3688 2404 enim
3717 2363 3808 2418 grex

2292 2441 2555 2511 spirituali
2589 2443 2758 2512 gratia
2805 2442 3060 2498 fecundus
3080 2483 3094 2509 ,
3127 2444 3270 2498 filios
3304 2443 3536 2498 noscitur
3561 2441 3725 2496 habere
3745 2456 3808 2496 ce-

2293 2530 2500 2600 piosos;
2529 2531 2669 2587 sicut
2705 2531 2756 2586 in
2787 2531 3022 2588 Canticis
3057 2533 3390 2589 canticorum
3430 2533 3493 2589 de
3533 2532 3730 2588 Ecclesia
3755 2531 3808 2584 le-

2293 2622 2434 2692 gitur
2473 2639 2489 2677 :
2532 2621 2717 2678 Dentes
2755 2624 2829 2678 tui
2865 2625 2996 2678 sicut
3027 2640 3149 2694 grex
3190 2634 3457 2680 tonsarum
3503 2624 3738 2679 ascendens
3767 2625 3810 2676 de

2291 2717 2492 2768 lavacro
2511 2755 2526 2782 ,
2561 2729 2672 2783 qua:
2701 2731 2875 2770 omnes
2898 2717 3124 2784 geminos
3155 2726 3363 2786 creant,
3390 2725 3435 2770 et
3463 2717 3634 2771 sterilis
3657 2731 3736 2769 non
3757 2721 3809 2768 est

2288 2803 2346 2860 in
2369 2805 2441 2859 eis
2467 2805 2659 2878 (Cant.
2691 2821 2766 2874 tv,
2793 2806 2874 2878 2).
2931 2807 3175 2874 Addidit,
3211 2807 3435 2864 Poscere
3458 2807 3606 2862 Iacob
3625 2805 3812 2879 populum

2289 2909 2440 2949 suum
2464 2935 2481 2962 ,
2511 2902 2558 2950 et
2593 2893 2759 2952 Israel
2789 2897 3135 2952 [nereditatem
3168 2914 3340 2972 suam.
3378 2899 3484 2954 Hoc
3516 2897 3616 2969 jam
3644 2897 3814 2952 manife-

2291 2988 2436 3048 ‘stius
2462 2989 2790 3047 advertimus
2829 2991 3028 3048 dictum
3069 2991 3136 3049 de
3175 2992 3407 3050 Domino
3442 2993 3713 3057 Salvatore,
3749 2994 3811 3061 qui

2289 3095 2504 3152 gregem
2542 3096 2700 3140 suum
2734 3083 2876 3140 solus
2911 3084 3077 3140 valuit
3109 3086 3318 3143 ccelesti
3368 3101 3498 3156 pane
3533 3088 3731 3148 satiare,
3768 3091 3805 3138 et

2293 3174 2662 3232 haereditatem
2709 3191 2858 3232 suam
2914 3179 3146 3235 maxime
3193 3195 3227 3234 a
3285 3181 3530 3251 periculis
3579 3179 3809 3233 animarum

615 3231 869 3290 occultas.
903 3235 1052 3303 Quod
1077 3252 1246 3307 genus
1271 3240 1552 3298 locutionis
1591 3257 1862 3301 sacrarum
1887 3247 2184 3306 litterarum

2294 3267 2500 3322 cunctis
2529 3269 2758 3338 eripere.
2790 3268 2952 3326 Iacob
2980 3271 3124 3327 enim
3156 3231 3447 3342 possumus
3472 3270 3729 3340 intelligere
3749 3282 3811 3336 μοι

616 3327 888 3396 proprium
918 3343 1038 3384 esse
1068 3344 1174 3386 non
1219 3331 1436 3389 dubium
1467 3344 1572 3400 est,
1605 3337 1819 3407 quando
1851 3340 1956 3396 tale
1985 3341 2188 3412 aliquid

614 3418 898 3474 mundanis
949 3418 1140 3475 litteris
1191 3423 1410 3479 minime
1451 3426 1775 3484 continetur.
1823 3427 2026 3502 Repulit
2059 3448 2188 3504 ergo

613 3509 995 3567 tabernaculum
1036 3511 1230 3586 Ioseph
1255 3555 1271 3583 ,
1303 3518 1425 3586 quia
1455 3517 1581 3574 licet
1620 3520 1734 3590 ipse
1764 3521 1952 3581 fuisset
1977 3525 2187 3598 justus,

616 3612 790 3660 tamen
816 3604 930 3674 ejus
949 3605 1146 3674 posteri
1174 3607 1262 3678 qui
1284 3607 1350 3663 ad
1378 3623 1561 3665 semen
1589 3611 1768 3681 carnis
1797 3615 2186 3685 pertinuerunt,

614 3702 893 3764 augmenta
911 3696 1174 3750 mundana
1206 3706 1260 3752 et
1281 3700 1436 3771 271
1470 3709 1773 3770 provectum
1803 3707 2072 3764 carnalem
2096 3709 2190 3768 de-

615 3786 882 3862 siderasse
912 3797 1238 3857 noscuntur,
1270 3791 1458 3845 tribum
1481 3807 1691 3864 quoque
1713 3795 1936 3867 Ephrem
1953 3817 2054 3856 non
2083 3801 2188 3858 ele-

613 3881 722 3952 git,
779 3881 901 3952 quia
953 3882 1005 3938 in
1053 3883 1204 3955 fruge
1251 3886 1435 3941 saeculi
1488 3887 1648 3958 hujus
1696 3891 1895 3946 carnali
1946 3893 2188 3952 ubertate

613 3974 1026 4044 prmsumebant.
1081 3973 1290 4030 Tribum
1326 3986 1504 4036 autem
1548 3978 1693 4058 Iuda
1741 3985 1930 4040 merito
1957 3985 2188 4058 delegit,

613 4077 730 4132 qua:
771 4073 824 4118 et
872 4063 1212 4124 confessione
1249 4067 1344 4124 fuit
1373 4069 1620 4138 humilis,
1674 4081 1728 4129 et
1777 4077 2188 4133 conversatione

611 4153 892 4211 laudabilis
923 4174 936 4210 :
970 4157 1110 4214 unde
1159 4160 1312 4216 nobis
1341 4163 1633 4218 secundum
1677 4179 1896 4220 carnem
1933 4167 2187 4226 Dominus

614 4246 856 4302 Salvator
869 4248 1099 4304 advenit.
1117 4250 1392 4321 Sequitur,
1415 4265 1632 4310 montem
1653 4257 1781 4314 Sion
1804 4275 1953 4330 quem
1976 4259 2185 4318 dilexit.

614 4338 907 4396 Ecclesiam
950 4339 1266 4396 catholicam
1296 4332 1580 4413 significat,
1611 4347 1678 4403 de
1717 4364 1819 4420 qua
1869 4351 1922 4406 in
1949 4353 2186 4411 Canticis

612 4429 938 4488 canticorum
983 4430 1236 4488 Dominus
1267 4434 1438 4489 dicit:
1477 4435 1593 4492 Una
1639 4448 1711 4494 est
1753 4441 1986 4497 columba
2035 4461 2182 4518 mea,

613 4545 718 4584 una
747 4534 818 4582 est
850 4525 1035 4580 dilecta
1053 4542 1162 4580 mea
1196 4526 1365 4598 (Cant.
1402 4545 1474 4597 vt,
1506 4529 1584 4602 8).

2295 3358 2478 3427 pulum
2502 3357 2897 3427 Christianum,
2927 3361 3016 3431 qui
3047 3360 3135 3417 hic
3164 3361 3314 3435 degit
3342 3363 3395 3419 in
3435 3364 3600 3420 terris.
3629 3359 3811 3415 Heredi-

2293 3460 2450 3506 tatem
2477 3467 2605 3508 vero
2636 3450 2838 3525 Israel,
2867 3453 3095 3510 futuram
3127 3456 3589 3528 congregationem
3615 3466 3710 3524 quae
3737 3450 3811 3505 Duc

2291 3545 2424 3600 mini
2461 3545 2906 3616 contemplatione
2945 3547 3209 3616 pascenda
3249 3559 3363 3614 est;
3392 3566 3460 3620 qu
3483 3547 3528 3603 ιᾶ
3560 3547 3618 3602 ad
3651 3553 3810 3613 tempo-

2293 3637 2458 3694 ralem
2487 3653 2663 3708 regem
2694 3639 3015 3696 omnimodis
3046 3655 3151 3696 non
3181 3652 3360 3710 potest
3387 3642 3651 3712 pertinere.

2401 3729 2549 3786 Vers.
2591 3730 2677 3786 76.
2712 3730 2779 3784 Et
2816 3732 2949 3801 pavit
2974 3747 3058 3786 eos
3097 3733 3201 3788 sine
3233 3733 3434 3788 malitia
3463 3732 3616 3787 cordis
3650 3729 3744 3794 sui,
3775 3729 3811 3778 et

2290 3820 2346 3875 in
2368 3835 2518 3875 sensu
2543 3837 2784 3876 manuum
2811 3838 3024 3876 suarum
3046 3823 3258 3878 deduxit
3287 3842 3391 3880 eos.
3419 3824 3655 3880 Absoluta
3681 3827 3804 3873 totum

2293 3912 2358 3967 ad
2397 3911 2674 3968 Dominum
2717 3913 2948 3983 pertinet
2993 3914 3374 3984 Salvatorem;
3415 3917 3552 3972 solus
3587 3913 3705 3970 enim
3737 3907 3810 3962 fuit

2291 4001 2380 4073 qui
2410 4009 2624 4072 peccata
2654 4017 2757 4058 non
2789 4003 2993 4068 habuit.
3027 4004 3267 4061 Dicenda
3297 4007 3439 4064 enim
3463 4047 3477 4074 ,
3506 4006 3604 4060 sine
3640 3999 3808 4062 malitia,

2291 4095 2525 4152 ostendit
2564 4096 2686 4166 quia
2717 4096 2789 4151 ita
2813 4100 2920 4154 slnt
2956 4097 3178 4154 dicenda
3203 4111 3441 4170 peccata.
3466 4100 3554 4155 Illa
3571 4097 3692 4152 enim
3710 4090 3812 4162 puri.

2293 4199 2395 4256 tas,
2429 4189 2515 4245 illa
2545 4190 2800 4248 sanctitas
2823 4231 2838 4257 ,
2871 4193 2957 4248 illa
2983 4207 3016 4248 e
3042 4193 3180 4249 coelo
3209 4195 3434 4252 veniens
3463 4193 3708 4262 Maje~tas,
3742 4182 3813 4234 hoc

2256 4329 2257 4332 η
2291 4281 2509 4352 probata
2536 4291 2620 4339 est
2640 4283 2885 4340 docuisse
2910 4285 3048 4354 quod
3078 4285 3265 4354 gessit,
3287 4286 3386 4341 hoc
3414 4283 3570 4358 gessit
3592 4270 3812 4335 sinedubi-

2293 4379 2495 4435 talione
2521 4379 2658 4448 quod
2697 4380 2900 4438 docuit.
2933 4379 3082 4435 Pauit
3117 4381 3263 4436 enim
3306 4388 3590 4451 praeceptor
3629 4368 3812 4441 egregius

2291 4483 2426 4540 quos
2445 4469 2640 4526 docere
2660 4470 2903 4540 dignatus
2922 4481 3006 4528 est
3026 4511 3043 4538 ,
3087 4471 3226 4526 sicut
3244 4471 3360 4541 ipse
3391 4479 3600 4526 testatur
3628 4482 3640 4519 :
3665 4463 3759 4518 Non
3775 4457 3812 4509 in

2290 4564 2402 4618 solo
2436 4579 2566 4632 pane
2606 4565 2724 4618 uiuit
2752 4563 2934 4630 homo,
2965 4564 3055 4618 sed
3082 4564 3137 4620 in
3164 4565 3303 4619 omni
3334 4563 3476 4620 uerbo
3513 4558 3602 4614 Dei
3629 4549 3808 4628 (Matth-

683 4643 838 4702 Vers.
866 4643 953 4700 75.
994 4643 1060 4698 Et
1087 4645 1358 4712 aediﬁcavit
1382 4646 1511 4702 sicut
1537 4648 1861 4704 unicornium
1886 4653 2180 4721 sanctiﬁca-
2206 4648 2258 4710 D
2283 4668 2360 4712 tv.
2387 4656 2422 4711 4
2442 4655 2485 4726 ).
2513 4655 2639 4711 Sine
2667 4654 2864 4712 malitia
2892 4657 3094 4726 cordis,
3127 4656 3264 4713 sicut
3293 4657 3416 4713 alibi
3441 4655 3561 4711 dicit
3593 4669 3604 4705 :
3637 4649 3727 4703 Nec
3755 4647 3805 4696 est

613 4741 798 4794 tionem
825 4755 1002 4808 suam,
1035 4739 1088 4794 in
1118 4747 1250 4794 terra
1271 4756 1426 4810 quam
1457 4741 1689 4812 fundauit
1726 4747 1779 4798 iu
1806 4748 2014 4803 saecula.
2055 4749 2186 4805 Uni.

611 4831 838 4885 carnium
866 4831 1128 4900 signiﬁcat
1157 4846 1316 4888 unam
1353 4848 1500 4901 spem
1544 4835 1847 4894 habentium
1879 4840 1931 4895 in
1962 4845 2190 4900 sanctis-

612 4923 799 4978 simam
829 4925 1164 4994 Trinitatem,
1191 4927 1254 4982 ad
1285 4941 1440 4998 quam
1469 4928 1698 4986 fidelium
1727 4945 1946 4990 sacrata:
1981 4946 2190 4994 mentes

616 5013 890 5071 humiliter
929 5019 1236 5087 eriguntur,
1275 5029 1328 5074 et
1364 5027 1612 5089 tanquam
1656 5023 1980 5080 validissimo
2017 5042 2189 5083 cornu

616 5105 740 5161 fidei
764 5107 1009 5164 ﬁrmitate
1031 5111 1348 5166 consistunt.
1373 5114 1648 5182 Sequitur,
1672 5115 1724 5170 in
1745 5125 1878 5172 terra
1898 5134 2048 5187 quam
2069 5121 2191 5188 fun-

613 5199 752 5268 dauit
776 5201 826 5253 in
853 5201 1058 5256 siccata.
1089 5203 1341 5270 Quamvis
1380 5206 1432 5260 in
1457 5206 1644 5262 saeculo
1679 5207 1854 5264 futuro
1889 5209 2187 5270 Jerusalem

617 5292 986 5361 praedestinata
1014 5296 1293 5360 conisistat;
1327 5299 1378 5352 in
1407 5305 1544 5352 terra
1573 5308 1781 5366 tamen,
1814 5301 1864 5356 id
1899 5313 1982 5358 est
2009 5303 2060 5358 in
2094 5303 2190 5359 ho-

615 5384 844 5438 minibus
871 5384 1069 5440 sanctis
1106 5385 1207 5442 sub
1237 5389 1532 5446 teternitate
1563 5391 1665 5463 [ed.
1687 5431 1702 5458 ,
1728 5406 1822 5460 spe
1853 5393 2188 5467 aeternitatis]

616 5476 868 5547 probatur
897 5493 1019 5535 esse
1057 5481 1307 5547 fundata,
1334 5482 1469 5538 sicut
1495 5485 1549 5540 in
1590 5487 1877 5555 Evangelio
1923 5489 2082 5544 Petro
2109 5490 2191 5544 di-

613 5578 754 5626 ctum
783 5577 902 5626 est:
938 5570 1016 5625 Tu
1042 5587 1092 5626 es
1129 5570 1311 5627 Petrus
1331 5617 1346 5642 ,
1381 5583 1425 5628 et
1457 5591 1606 5644 super
1641 5577 1772 5632 hanc
1798 5589 1991 5648 petram
2019 5581 2192 5649 (ediﬁ-

613 5661 736 5716 cabo
757 5659 1040 5718 Ecclesium
1071 5679 1253 5727 meam,
1285 5673 1330 5718 et
1364 5679 1519 5732 portat
1548 5668 1696 5735 inferi
1721 5686 1821 5725 non
1848 5669 2190 5738 praeualebunt

613 5756 852 5811 adversus
891 5773 1002 5811 eam
1045 5756 1270 5828 (Matth.
1317 5774 1425 5826 Xt‘l,
1471 5760 1586 5830 18).
1641 5762 1778 5817 Ecce
1823 5764 2089 5832 quomodo
2134 5767 2187 5819 in

610 5855 749 5904 terra
778 5849 880 5925 sub
919 5851 1215 5908 aeternitate
1256 5851 1592 5921 cognoscitur
1627 5867 1748 5912 esse
1786 5853 2024 5918 fundata.
2053 5855 2186 5913 Nam

2293 4750 2349 4803 in
2369 4765 2456 4802 ore
2483 4751 2591 4819 ejus
2617 4749 2766 4804 dolus
2795 4748 2962 4818 (lsai.
2987 4764 3100 4817 Ltlt,
3123 4749 3215 4822 9).
3248 4750 3440 4808 Sensus
3464 4758 3584 4802 vero
3603 4748 3809 4796 manuum,

2296 4842 2557 4898 actualem
2584 4841 2848 4916 signiﬁcat
2871 4843 3232 4910 sanctitatem,
3255 4843 3318 4898 ad
3342 4854 3494 4912 quam
3518 4835 3679 4892 fideles
3699 4838 3808 4916 subst

2298 4941 2456 5002 prout
2484 4933 2598 5003 ipse
2623 4913 2832 4999 tribuit,
2868 4935 3099 5006 gloriosa
3135 4934 3428 4990 imitatione
3465 4922 3705 5000 perduxit.
3734 4913 3809 4972 Sed

2297 5039 2396 5081 nec
2422 5025 2562 5082 istud
2592 5026 2757 5082 David
2787 5037 2960 5097 potest
2998 5027 3276 5097 temporali
3310 5027 3417 5097 regi
3449 5023 3684 5079 ullatenus
3713 5024 3808 5064 con-

2293 5116 2508 5182 venire;
2549 5117 2641 5173 sed
2665 5132 2786 5174 cum
2825 5117 2891 5175 ad
2930 5119 3210 5174 Dominum
3243 5118 3508 5174 Christum
3533 5109 3807 5182 referuntur,

2293 5217 2485 5266 cuncta
2510 5209 2612 5266 sibi
2639 5210 2833 5270 decora
2862 5211 3124 5282 parilitate
3148 5209 3500 5270 consentiunt.

2835 5351 3103 5410 Conclusio
3131 5354 3334 5426 psalmi.

2365 5486 2422 5542 ln
2466 5486 2737 5544 nonnullis
2781 5487 2998 5558 psalmis
3038 5489 3276 5547 solemus
3316 5484 3580 5562 exquirere
3601 5472 3704 5576 quid
3734 5477 3807 5576 nt”

2292 5580 2576 5638 admoneat
2607 5583 2840 5640 ctelestis
2869 5585 3181 5640 auctoritas.
3223 5584 3316 5640 ilic
3344 5580 3447 5637 tale
3472 5577 3585 5632 fecit
3611 5565 3804 5659 initium:

2292 5681 2350 5728 ut
2374 5673 2645 5742 expositio
2686 5677 2854 5745 magis
2881 5691 3038 5746 quam
3077 5677 3403 5748 principium
3438 5663 3610 5741 imm"
3633 5663 3810 5753 issi,“

2291 5762 2498 5820 deatur.
2543 5765 2679 5821 Dixit
2715 5743 2855 5822 enim
2900 5743 3171 5838 parabolis
3222 5743 3282 5827 se
3326 5777 3394 5826 et
3439 5743 3811 5838 propositionibus

2290 5871 2409 5916 esse
2435 5858 2734 5918 locuturum
2748 5899 2768 5930 .
2789 5868 2852 5920 ut
2875 5834 3240 5935 unusquisque
3260 5858 3518 5922 velociter
3532 5834 3815 5919 cognosce“!l
