4092 6344
308 326 429 420 5τέ

1181 370 1546 431 EXPOSITIO
1586 374 1654 432 IN
1691 373 2151 435 PSALTERIUM.
2190 375 2386 437 PSAL.
2429 379 2706 437 LXXVIII.

3492 391 3594 447 57in

307 484 501 546 {aciem
529 484 756 555 psalmi,
788 502 908 544 cum
938 489 1104 545 forma
1136 492 1300 561 ipsius
1334 507 1591 561 expressa
1629 492 1785 549 fuerit
1821 492 1903 549 dl—
1926 496 1981 555 Α
2006 504 2308 563 procreata.
2349 494 2413 551 In
2445 498 2823 568 haereditate-in,
2853 500 3144 560 Jerusalem
3176 505 3468 577 signiﬁcat,
3505 507 3591 564 ubi

305 578 520 633 (tionis.
550 579 887 651 Quapropter
911 583 988 638 sic
1022 598 1115 654 pro
1146 584 1258 640 suis
1281 583 1487 640 delictis
1518 585 1767 655 expulsos
1799 585 1903 640 lle-

308 673 516 740 braeos,
550 683 604 729 et
631 676 969 732 intromissos
998 679 1190 733 asserit
1218 678 1578 745 Christianos,
1621 687 1679 734 ut
1709 679 1901 734 utrius-

305 779 411 832 que
466 766 598 834 legis
638 766 989 822 intentionem
1039 770 1189 838 quasi
1226 770 1279 823 in
1319 770 1476 825 unius
1522 770 1721 825 faceret
1764 771 1900 827 botri

303 858 505 911 decore
537 857 792 926 pendere.
836 860 1092 914 Amemus
1120 875 1247 930 ergo
1284 863 1636 931 prolixitatem
1670 863 1817 930 ejus,
1845 861 1901 917 in

305 963 411 1013 quo
458 947 584 1000 dum
619 948 841 1003 historia
887 950 1148 1017 refertur,
1190 952 1322 1007 Novi
1359 953 1685 1008 Teatamenti
1730 952 1902 1023 gratia

304 1045 617 1098 declaratur
644 1061 659 1100 :
690 1061 840 1101 more
866 1046 1044 1117 abyssi
1074 1047 1405 1112 fluctuantis,
1441 1062 1562 1117 quas
1593 1056 1668 1102 tot
1701 1047 1901 1101 lumina

305 1135 481 1187 reddit
512 1146 637 1205 quot
683 1144 944 1191 tremores
982 1138 1237 1194 effecerit.
1279 1138 1434 1194 Modo
1463 1139 1609 1194 enim
1641 1138 1713 1193 ibi
1740 1138 1898 1193 clari-

304 1237 385 1281 tas
417 1228 633 1296 lampat,
660 1228 819 1285 modo
846 1230 1148 1287 umbratilis
1170 1234 1343 1302 imago
1364 1230 1745 1295 circumvolat,
1772 1239 1826 1285 et
1849 1230 1900 1284 in

303 1318 492 1372 eodem
525 1319 791 1374 elemento
828 1322 1075 1377 videntur
1109 1336 1228 1378 esse
1256 1324 1433 1389 varia,
1465 1336 1586 1376 cum
1616 1321 1752 1375 nihil
1792 1320 1904 1376 illic

301 1409 504 1464 coloris
548 1411 797 1478 accedat,
842 1427 941 1468 nec
979 1413 1215 1469 recedat.
1253 1414 1341 1468 Sic
1383 1413 1569 1482 psalmi
1613 1412 1773 1482 hujus
1810 1412 1904 1465 ad-

302 1504 544 1559 miranda
584 1506 867 1564 diversitas
903 1516 958 1563 et
987 1508 1261 1563 historiam
1294 1515 1509 1575 narrat,
1538 1517 1591 1562 et
1617 1506 1777 1577 longe
1800 1508 1901 1560 alia

301 1612 425 1665 quas
464 1599 809 1665 Spiritualiter
865 1601 1179 1667 sentiantur,
1224 1600 1477 1656 insinuat.
1510 1599 1672 1668 Cujus
1716 1598 1905 1654 simili-

305 1691 545 1745 tudinem
583 1694 910 1748 centesimus
939 1703 1158 1762 quartus
1188 1708 1400 1765 quoque
1441 1693 1679 1763 psalmus
1717 1692 1904 1746 subse-

298 1784 499 1853 quitur.
533 1785 598 1839 Et
635 1785 775 1840 sicut
804 1784 859 1840 in
890 1786 1052 1840 David
1096 1786 1301 1841 actibus
1338 1785 1677 1863 declarantur
1720 1784 1894 1838 Domi-

2008 594 2125 640 erat
2165 588 2434 643 hwredita’s
2469 590 2561 646 Dei
2593 594 2869 655 iusanctis
2913 598 3217 655 hominibus
3256 603 3537 656 constituta
3574 620 3588 658 :

2003 678 2178 745 qualis
2219 680 2319 735 fuit
2346 681 2624 739 Matathias
2648 726 2661 746 ,
2712 686 2965 758 Eleazar,
2996 701 3198 759 septem
3246 693 3436 749 fratres
3469 708 3589 751 cum

2003 778 2185 822 sancta
2215 778 2415 836 matre;
2441 772 2624 841 quales
2653 776 2863 831 luerunt
2883 779 3044 846 mille,
3071 782 3181 850 qui,
3212 797 3280 837 ne
3307 784 3586 841 sabbatum

2004 859 2298 925 violarent,
2329 878 2517 918 omnes
2558 880 2617 921 se
2655 868 2793 936 passi
2839 879 2962 926 sunt
3006 872 3074 927 ab
3112 874 3353 931 hostibus
3390 878 3584 946 quietis

2003 953 2249 1009 manibus
2297 955 2551 1022 interire;
2605 967 2659 1013 et
2709 962 2888 1016 caeteri
2942 978 3075 1034 quos
3123 967 3311 1023 notitia
3365 969 3584 1027 minime

2003 1047 2431 1115 comprehendit.
2489 1051 2737 1118 Addidit,
2779 1046 2959 1121 tua'm,
3004 1065 3060 1111 ut
3086 1059 3345 1115 excitaret
3388 1060 3586 1131 judicis

2001 1139 2237 1193 animum
2305 1152 2487 1197 contra
2567 1145 2899 1203 adversarios
2973 1152 3359 1208 truculentos:
3406 1156 3589 1212 dicens

2001 1242 2097 1284 eos
2140 1230 2331 1285 t'enisse
2367 1232 2431 1285 ad
2463 1233 2732 1291 lmsionem
2766 1238 2875 1305 rei,
2908 1254 3025 1309 quas
3056 1241 3120 1294 ad
3145 1241 3377 1312 judicem
3426 1250 3588 1315 perti-

2002 1322 2183 1377 nebat.
2215 1322 2339 1379 liaec
2362 1335 2605 1382 oratores
2635 1328 2793 1384 latius
2816 1333 3135 1400 cepioseque
3162 1335 3438 1403 dixerunt,
3468 1355 3585 1392 ωιτη

2001 1412 2321 1469 adversariis
2342 1417 2451 1469 suis
2465 1417 2642 1471 odium
2667 1419 2842 1475 facere
2870 1422 3232 1493 invidiamque
3262 1428 3583 1483 niterentur.

2076 1504 2226 1560 Vers.
2242 1506 2297 1560 2.
2318 1506 2781 1579 Coinquinaverunt
2804 1516 3045 1584 templum
3062 1527 3292 1571 sanctum
3313 1529 3476 1584 tuum,
3498 1539 3587 1588 po-

2001 1606 2209 1650 suerunt
2235 1596 2521 1654 Jerusalem
2549 1603 2679 1656 velut
2705 1620 2968 1674 pomorum
2992 1610 3375 1666 custodiarium.
3409 1613 3589 1682 Aptis-

2001 1688 2138 1743 sime
2189 1702 2374 1746 sancto
2420 1694 2534 1747 viro
2571 1697 2764 1751 sacrati
2812 1699 2993 1767 templi
3036 1701 3182 1767 prius
3227 1706 3462 1757 occurrit
3505 1705 3584 1759 in-

2000 1778 2135 1849 juria
2169 1797 2182 1832 :
2216 1791 2271 1834 ut
2304 1783 2405 1837 hoc
2434 1784 2571 1838 inter
2601 1785 2749 1841 initia
2783 1787 3043 1855 deﬁeret,
3073 1794 3211 1863 quod
3256 1794 3322 1847 ad
3350 1794 3582 1850 divinam

301 1875 356 1929 ni
386 1876 561 1930 futura
588 1876 839 1946 mysteria
860 1917 877 1944 ,
909 1877 979 1931 ita
1021 1885 1075 1932 et
1107 1893 1201 1947 per
1241 1878 1496 1932 miracula
1541 1890 1662 1942 qua:
1695 1873 1897 1931 Judaeis
1930 1867 1977 1927 Β
2004 1879 2226 1925 noverat
2251 1875 2627 1930 contumeliam
2659 1878 2946 1946 pertinere.
2977 1882 3433 1953 Coinquinaveruni
3454 1929 3468 1955 ,
3499 1885 3584 1940 di-

299 1981 561 2023 concessa
608 1975 764 2033 sunt,
812 1967 1105 2024 Christiani
1154 1970 1332 2039 populi
1378 1978 1714 2025 sacramenta
1762 1982 1895 2039 pan-

299 2060 516 2117 duntur.

515 2153 879 2211 EXPOSITIO
914 2156 981 2211 IN
1021 2154 1345 2211 PSALMUM
1397 2154 1677 2212 LXXVIII.

864 2246 1104 2303 Psalmus
1132 2249 1323 2317 Asaph.

369 2338 519 2395 Sicut
546 2354 691 2410 saepe
718 2340 949 2395 diximus
983 2340 1096 2394 haec
1124 2340 1269 2412 [ed.,
1297 2339 1417 2412 hic]
1455 2339 1767 2411 signiﬁcatio
1795 2356 1885 2397 no-

294 2430 455 2486 minis
485 2432 551 2487 ad
583 2443 733 2489 actus
771 2434 888 2488 illos
917 2434 1147 2503 pertinet
1175 2435 1262 2501 qui
1302 2434 1367 2488 ad
1399 2435 1645 2489 mandata
1679 2434 1889 2489 Domini

293 2526 630 2597 gratiamque
653 2526 977 2582 referuntur.
1005 2526 1181 2599 Αθαρή
1211 2541 1337 2583 vero
1362 2527 1627 2597 signiﬁcat
1652 2522 1900 2597 Synago:

291 2631 437 2685 gam,
465 2632 586 2686 quae
611 2627 785 2673 tamen
814 2618 1090 2674 catholicae
1112 2620 1397 2674 convenire
1422 2620 1591 2689 possit
1611 2619 1884 2673 Ecclesiae.

291 2708 481 2776 Neque
524 2708 667 2762 enim
711 2707 1029 2765 Christianis
1076 2710 1234 2765 alieni
1286 2710 1538 2765 credendi
1590 2719 1744 2775 sunt,
1796 2710 1889 2781 qui

290 2797 479 2865 gratiae
517 2796 800 2853 dominicae
822 2799 1061 2854 claritate
1086 2800 1363 2856 fulserunt.
1394 2800 1547 2856 Adde
1570 2801 1885 2879 prephetas,

293 2888 625 2957 patriarchas
661 2901 715 2945 et
763 2892 1015 2960 populum
1058 2892 1204 2946 illum
1240 2892 1350 2964 jam
1386 2893 1599 2955 Christo
1637 2894 1884 2949 devotum

294 2991 422 3035 ante
469 2990 708 3052 tempora
752 2982 1075 3039 Christiana.
1109 2984 1205 3039 Est
1247 2999 1375 3054 ergo
1413 2993 1466 3041 et
1513 2986 1611 3040 iste
1651 2986 1886 3055 psalmus

295 3080 441 3128 totus
488 3073 541 3128 in
584 3074 963 3130 lamentatione
1000 3075 1237 3145 positus,
1285 3078 1420 3131 sicut
1467 3084 1523 3131 et
1559 3078 1883 3146 septuagesi-

295 3179 418 3219 mus
457 3166 648 3220 tertius
673 3206 689 3232 ,
720 3166 810 3234 qui
843 3165 1017 3221 futura
1050 3175 1284 3236 tempora
1320 3167 1468 3222 velut
1498 3170 1760 3236 prreterita
1789 3168 1883 3222 de-

1994 1966 2102 2031 xit,
2136 1968 2443 2035 polluerunt
2473 1988 2486 2023 :
2515 1975 2764 2047 quoniam
2797 1976 2889 2031 illo
2914 1986 3153 2048 tempore
3183 1996 3288 2035 non
3320 1990 3399 2036 est
3427 1995 3584 2037 ever-
3616 1988 3621 1993 ’

1992 2071 2110 2111 sum
2151 2061 2511 2114 sanctuarium
2552 2062 2793 2131 Domini,
2819 2067 2914 2122 sed
2938 2069 3113 2137 impia:
3141 2078 3329 2140 gentes
3370 2071 3421 2126 in
3460 2087 3585 2126 san-

1991 2147 2243 2204 ctissimis
2264 2150 2395 2205 locis
2415 2151 2698 2210 simulacra
2715 2157 2939 2212 nefanda
2960 2163 3370 2230 praesumptione
3396 2178 3583 2234 posue.

1991 2249 2143 2305 runt;
2196 2248 2253 2294 ut
2298 2240 2387 2297 ubi
2434 2244 2708 2301 colebatur
2757 2262 2916 2303 verus
2948 2250 3123 2315 Deus,
3155 2251 3225 2307 ibi
3271 2253 3579 2310 immundus

1989 2329 2302 2384 adoraretur
2342 2331 2581 2399 spiritus.
2613 2335 2703 2391 Sic
2730 2337 2872 2393 enim
2898 2339 2964 2394 de
2991 2340 3255 2396 Antiocho
3283 2343 3334 2397 in
3366 2345 3582 2399 Macha-

1991 2421 2226 2478 ineorum
2268 2424 2405 2480 libro
2442 2425 2681 2496 legitur:
2713 2427 2875 2484 Jussit
2913 2435 3229 2503 coinquinari
3268 2444 3477 2501 sancta,
3528 2447 3583 2492 et

1987 2525 2217 2570 sanctum
2240 2519 2486 2587 pupulum
2517 2517 2714 2587 Israel;
2729 2524 2887 2594 jussit
2909 2526 3156 2595 wdiﬁrari
3174 2544 3292 2582 aras
3321 2539 3367 2582 et
3391 2529 3579 2600 templa

1988 2614 2037 2659 et
2062 2606 2201 2661 idola
2220 2649 2233 2674 ,
2259 2617 2313 2661 ut
2341 2609 2660 2665 immolarent
2690 2628 2866 2669 carnes
2893 2616 3073 2670 suillas
3096 2617 3115 2690 (
3139 2615 3167 2670 1
3198 2618 3373 2674 Much.
3409 2636 3453 2683 I,
3486 2623 3577 2686 49,

1989 2697 2059 2753 50
2081 2696 2120 2766 ),
2144 2708 2249 2753 etc.
2275 2700 2525 2769 Sequitur
2561 2702 2787 2758 dolenda
2813 2704 2971 2762 nimis
2999 2716 3053 2763 et
3077 2707 3332 2777 iniuriosa
3363 2725 3579 2780 compa-

1989 2793 2127 2845 ratio
2156 2807 2170 2844 :
2205 2791 2490 2845 Posuerunt
2525 2791 2811 2850 Jerusalem
2838 2798 2969 2849 velut
3008 2815 3273 2869 pomorum
3312 2804 3576 2855 custodia-

1986 2884 2143 2939 rium.
2172 2884 2323 2951 Quod
2350 2884 2563 2940 schema
2585 2880 2777 2942 dicitur
2800 2889 3082 2957 parabole,
3118 2892 3330 2959 quando
3360 2909 3446 2948 res
3476 2896 3577 2950 sibi

1986 2990 2186 3046 genere
2211 2976 2494 3033 dissimiles
2523 2990 2926 3047 comparantur.
2958 2980 3284 3038 Custodiaria
3316 2986 3575 3055 siquidem

1988 3084 2256 3137 pontorum
2284 3068 2532 3123 dicuntur
2564 3072 2771 3141 tuguria
2790 3115 2804 3139 ,
2829 3088 2948 3142 quae
2974 3074 3073 3128 sibi
3106 3075 3383 3130 hortorum
3410 3078 3579 3132 culto-

1986 3172 2074 3212 res
2104 3160 2168 3210 ad
2190 3159 2556 3228 depellendam
2581 3163 2713 3217 solis
2734 3163 2979 3233 injuriam
2999 3205 3014 3231 ,
3041 3172 3094 3220 et
3114 3166 3179 3222 ad
3202 3168 3577 3226 custodiendas

292 3257 498 3326 plorat,
531 3267 586 3312 et,
615 3231 828 3327 propter
855 3258 1105 3313 duritiam
1132 3231 1310 3313 cpi-dis
1338 3259 1421 3313 sui
1466 3231 1609 3330 genti
1645 3261 1878 3329 graviter
1907 3231 1956 3298 ο
1986 3247 2161 3304 furum
2194 3249 2465 3321 improbas
2502 3266 2691 3309 manus
2730 3231 3004 3313 letttlibus
3034 3257 3281 3329 liscisquc
3309 3258 3426 3332 [ed.
3445 3303 3458 3328 ,
3492 3262 3575 3317 f0-

293 3348 623 3419 al‘ﬁigendat,
673 3351 886 3420 pietatis
934 3349 1111 3407 studio
1161 3359 1411 3421 precatur
1452 3349 1722 3406 Christum
1775 3350 1880 3406 Do-

294 3443 500 3497 minum
531 3444 835 3503 subvenire.

872 3530 1068 3593 Divisio
1090 3536 1298 3609 psalmi.

414 3626 731 3697 Priusquam
762 3626 826 3683 de
854 3628 1114 3686 divisione
1150 3631 1419 3698 dicamus,
1461 3639 1674 3700 oportet
1704 3641 1881 3703 gesta-

292 3735 410 3777 rum
438 3736 613 3776 rerum
642 3720 876 3777 breviter
898 3722 1166 3778 insinuare
1191 3723 1427 3778 notitiam
1444 3764 1459 3789 ,
1485 3731 1545 3777 ut
1567 3727 1689 3777 dum
1712 3739 1869 3779 causa

295 3814 660 3883 praemittitur,
715 3822 891 3870 textus
948 3815 1137 3884 psalmi
1186 3816 1569 3886 intelligibilius
1616 3817 1877 3872 audiatur.

291 3904 714 3962 Machabteorum
736 3908 889 3963 nobis
920 3908 1119 3978 primus
1140 3908 1274 3964 liber
1303 3909 1529 3964 insinuat
1557 3910 1873 3964 Antiochum

290 4013 471 4065 regem
495 4014 613 4054 cum
637 4002 796 4072 272
820 4000 1206 4071 Jerosolymam
1231 4002 1483 4069 venisset,
1521 4001 1781 4057 hostiliter
1803 4005 1882 4059 cl.-

292 4088 458 4143 vitate
486 4090 674 4159 opibus
697 4092 957 4157 enudata,
988 4092 1040 4146 in
1068 4090 1267 4160 templo
1298 4091 1392 4147 Dei
1428 4091 1568 4146 idola
1609 4093 1872 4162 posuisse,

292 4178 648 4251 Ilebraeosque
672 4183 795 4236 dum
819 4182 919 4237 diis
944 4182 1056 4238 suis
1080 4182 1384 4238 sacrificare
1401 4172 1650 4252 cogeret,
1684 4183 1881 4239 multus

289 4281 555 4343 martyres
579 4273 837 4330 olfecisse.
867 4275 1197 4345 Quapropter
1220 4274 1389 4346 Asaph
1414 4276 1606 4346 (quem
1634 4276 1871 4331 diximus

291 4378 576 4432 personam
630 4376 841 4436 gestare
888 4366 1125 4421 ﬁdelium
1175 4366 1533 4437 p0pulorum)
1573 4383 1664 4436 per
1711 4378 1879 4427 totum

290 4456 528 4526 loquitur
554 4458 839 4527 psalmum.
870 4459 927 4513 ln
957 4459 1124 4528 prima
1146 4465 1294 4528 parte
1316 4458 1659 4515 dinumerans
1682 4472 1879 4531 quanta

291 4548 626 4618 temporibus
648 4550 885 4620 praedicti
908 4552 1050 4621 regis
1079 4550 1328 4607 Antiochi
1355 4552 1632 4619 pertulerit
1660 4553 1876 4609 Jerusa-

1982 3341 2210 3415 liisque]
2237 3345 2630 3413 communiunt;
2670 3362 2790 3417 qua:
2824 3363 2944 3403 mox
2973 3357 3031 3403 ut
3057 3364 3336 3419 pomorum
3363 3362 3571 3424 tempus

1981 3433 2339 3503 abscesserit,
2372 3446 2621 3506 tanquam
2653 3437 2858 3493 inutilia
2898 3438 3294 3511 derelinquunt.
3337 3443 3575 3514 Quapro-

1981 3542 2101 3602 pter
2113 3538 2298 3601 gentes
2308 3533 2822 3606 quteJerosolymatn
2845 3540 3206 3602 vastaverunt,
3228 3536 3369 3591 illam
3389 3537 3573 3608 templi

1980 3629 2430 3697 pulchritudinem
2452 3631 2783 3701 singularem
2821 3633 2899 3687 sic
2926 3632 3383 3703 contemptibilem
3418 3642 3573 3702 puta—

1985 3726 2179 3773 verunt
2201 3727 2448 3789 tanquam
2469 3721 2777 3776 casellulam
2802 3737 3115 3792 pomorum,
3140 3738 3256 3793 quae
3276 3724 3393 3778 vilis
3413 3720 3572 3791 atque

1984 3810 2233 3880 despecta
2267 3820 2529 3865 transacta
2570 3822 2757 3868 aestate
2792 3813 3078 3868 deseritur.
3122 3814 3287 3869 Unde
3315 3822 3368 3869 ct
3412 3814 3570 3870 Isaias

1983 3904 2144 3958 dicit:
2172 3902 2503 3972 Relinquetur
2522 3904 2633 3972 ﬁlia
2655 3905 2780 3959 Sion
2802 3906 2935 3959 velut
2954 3891 3308 3960 unibraculum
3333 3908 3385 3961 in
3404 3906 3565 3972 vinea,

1982 4004 2031 4049 et
2056 3996 2184 4047 sicut
2211 3996 2472 4063 tugurium
2496 3996 2547 4047 in
2577 3997 2923 4048 cucumerario
2948 3997 2965 4065 (
2995 3994 3125 4051 Isai.
3150 4012 3194 4065 t,
3219 3998 3251 4051 8
3276 3998 3315 4065 ).

2056 4083 2207 4138 Ἶρι-ε.
2241 4082 2293 4135 5.
2335 4080 2626 4135 Posuerunt
2660 4084 2895 4138 mortalia
2925 4101 3182 4140 servorum
3209 4098 3407 4141 tuorum
3431 4105 3569 4145 escas

1980 4176 2271 4233 volatilibus
2292 4177 2401 4231 σιειί
2416 4218 2433 4246 ,
2454 4193 2633 4233 carnes
2662 4187 2957 4234 sanctorum
2981 4190 3181 4236 tuorum
3206 4183 3375 4238 bestiis
3400 4194 3565 4240 terrae.

1984 4269 2270 4341 Postquam
2302 4268 2369 4325 de
2414 4269 2581 4325 divini
2630 4270 2814 4341 templi
2857 4282 3179 4344 conquestus
3224 4286 3305 4331 est
3348 4278 3563 4347 injuria,

1980 4363 2127 4419 venit
2146 4361 2210 4416 ad
2236 4362 2511 4417 hominum
2530 4377 2722 4431 neces;
2748 4370 2806 4419 ut
2824 4379 2919 4422 eos
2937 4379 3053 4438 post
3076 4369 3336 4441 sacrilegii
3361 4373 3567 4442 culpas,

1983 4457 2256 4513 homicidii
2294 4466 2476 4514 reatus
2514 4468 2779 4530 argueret.
2817 4461 2909 4516 His
2947 4471 3119 4518 tamen
3165 4463 3365 4534 aliquid
3395 4464 3566 4532 majus

1982 4550 2266 4621 adjicitur,
2316 4559 2375 4604 ut
2422 4550 2625 4607 crudeli
2684 4552 3016 4610 immanitate
3063 4554 3382 4620 trucidatos,
3442 4555 3569 4610 feris

289 4640 399 4695 lem
431 4619 765 4713 pepulusque
793 4619 1120 4699 Judteo'rum.
1149 4643 1395 4700 Secunda
1417 4656 1566 4715 parte
1594 4646 1876 4703 Dominum
1904 4619 1959 4680 D
1982 4619 2142 4698 etiam
2201 4641 2495 4713 ahjicerent
2548 4642 2864 4723 insepultos.
2910 4647 3257 4715 Contemptus
3307 4646 3565 4716 siquidem

288 4745 446 4806 rogat
474 4746 532 4790 ut
559 4752 718 4807 supra
760 4746 1003 4807 potentes
1032 4737 1276 4794 inimicos
1304 4737 1438 4792 iram
1476 4752 1589 4793 sua:
1630 4739 1875 4809 indigna-

286 4826 448 4881 tionis
473 4826 726 4895 eﬁ‘undat,
751 4838 805 4884 et
827 4830 1058 4897 peccatis
1083 4844 1357 4885 servorum
1379 4844 1599 4884 suorum
1629 4829 1875 4901 dignetur

284 4933 405 4974 esse
434 4921 716 4990 propitius.
750 4921 930 4977 Tertio
959 4921 1251 4992 pr0phetize
1276 4922 1466 4992 spiritu
1499 4923 1728 4991 postulat
1756 4923 1874 4977 vin-

284 5012 452 5068 dicari
482 5029 587 5069 non
602 5014 983 5084 peremptionis
1003 5023 1148 5083 voto,
1182 5014 1276 5068 sed
1302 5013 1647 5070 correctionis
1670 5013 1866 5071 studio.

261 5165 270 5183 Ι
815 5104 1084 5175 Expositio
1132 5105 1335 5175 psalmi.

258 5204 261 5207 '
356 5196 513 5254 Vers.
538 5199 589 5253 1.
613 5197 757 5253 Deus
772 5239 787 5266 ,
812 5208 1051 5253 verterunt
1073 5207 1246 5269 gentes
1264 5198 1318 5252 in
1338 5197 1682 5253 Itwreditatem
1706 5207 1866 5254 tuam.

279 5287 538 5357 Quamvis
568 5288 742 5359 longis
771 5299 895 5344 ante
933 5287 1261 5358 temporibus
1291 5288 1454 5344 David
1479 5288 1664 5353 fuerit,
1705 5306 1863 5358 quam

277 5394 375 5435 rex
426 5380 689 5436 existeret
732 5380 1066 5445 Antiochus,
1113 5379 1290 5435 omnia
1341 5391 1517 5435 tamen
1569 5395 1718 5435 more
1765 5395 1864 5437 suo

280 5473 431 5542 quasi
480 5481 744 5527 transacta
782 5472 975 5539 refert,
1009 5486 1127 5542 qua:
1156 5470 1355 5540 Spiritu
1398 5479 1586 5526 sancto
1629 5471 1863 5539 repletus

277 5566 605 5635 praevidebat
626 5582 746 5623 esse
771 5576 1016 5623 ventura.
1043 5566 1177 5621 Hinc
1202 5573 1283 5620 est
1303 5565 1442 5635 quod
1466 5567 1636 5636 Asaph
1662 5566 1866 5621 deﬁens

276 5658 455 5713 Subito
484 5658 745 5712 clamabat
770 5661 836 5713 ad
870 5658 1152 5712 Dominum
1188 5675 1198 5709 :
1239 5654 1494 5710 Venerunt
1521 5665 1718 5726 gentes,
1752 5666 1867 5710 tan-

277 5766 436 5818 quam
461 5750 569 5819 jam
600 5764 780 5803 muros
807 5758 1148 5813 erumperent
1167 5788 1181 5812 ,
1207 5757 1258 5802 et
1281 5748 1562 5803 formidata
1587 5748 1866 5816 captivitas

275 5842 546 5898 introiret.
585 5841 719 5897 Gens
758 5840 900 5899 enim
940 5842 1080 5897 dicta
1111 5850 1222 5908 est,
1260 5840 1401 5909 quod
1434 5856 1538 5897 uno
1568 5841 1637 5896 sit
1668 5855 1867 5910 genere

1978 4748 2268 4804 corporum
2299 4742 2632 4790 mortuorum
2675 4749 2779 4790 non
2813 4734 2879 4790 ad
2908 4750 3121 4805 parvam
3154 4736 3385 4791 refertur
3431 4738 3568 4791 invi-

1977 4826 2119 4881 diam
2143 4823 2268 4895 [ιω.
2296 4824 2361 4879 Α.
2380 4868 2395 4892 ,
2426 4823 2736 4897 injuriam];
2770 4842 2888 4881 nam
2916 4828 2961 4882 si
2989 4826 3217 4896 sepelire
3244 4833 3327 4882 est
3354 4826 3569 4896 pictatis

1976 4916 2214 4971 cilicium
2232 4956 2246 4981 ,
2275 4917 2562 4972 volatilibus
2584 4916 2696 4972 caeli
2723 4918 2983 4988 abjicere,
3010 4933 3217 4986 magna:
3238 4918 3567 4975 crudelitatis

1979 5016 2192 5063 constat
2212 5011 2532 5079 exemplum.
2560 5010 2798 5066 Dicenda
2823 5018 3000 5065 autem
3019 5052 3033 5077 ,
3057 5025 3309 5063 servorum
3335 5020 3534 5065 tuorum
3550 5052 3565 5076 ,

1981 5111 2243 5172 martyres
2292 5102 2586 5173 signiﬁcat,
2627 5104 2719 5173 qui
2768 5104 2820 5158 in
2874 5102 2961 5157 illa
3007 5103 3314 5173 captivitate
3354 5106 3567 5173 cepiosa

1980 5196 2358 5265 persecutione
2402 5196 2725 5264 ﬂoruerunt,
2755 5196 2891 5252 sicut
2920 5195 2972 5251 in
3014 5195 3146 5252 libro
3174 5196 3291 5267 ipso
3330 5195 3521 5267 legitur
3551 5213 3564 5251 :

1982 5284 2141 5340 Multi
2169 5286 2232 5341 de
2259 5285 2447 5357 populo
2477 5285 2643 5341 Israel
2669 5286 3021 5355 obtinuerunt,
3053 5296 3100 5342 et
3127 5290 3399 5359 confer-tati
3450 5296 3568 5343 sunt

1972 5373 2032 5431 in
2081 5377 2184 5446 eis,
2236 5385 2291 5429 ut
2337 5392 2438 5429 non
2482 5376 3166 5443 pianducarentimmunda;
3214 5388 3263 5434 et
3304 5380 3568 5450 elegerunt

1969 5469 2101 5522 mori
2148 5468 2311 5537 magis
2354 5484 2511 5539 quam
2554 5467 2678 5523 cibis
2723 5486 2754 5523 α
2793 5467 3014 5526 Domino
3040 5472 3206 5526 uetitis
3246 5470 3569 5541 coinquinari

1969 5558 1989 5627 (
2016 5558 2043 5612 ι
2077 5556 2251 5611 Much.
2281 5573 2330 5626 ι,
2360 5558 2430 5614 65
2454 5558 2496 5629 ).
2536 5558 2811 5630 Sequitur,
2843 5577 3019 5617 carnes
3047 5570 3336 5617 sanctorum
3366 5571 3569 5616 tuorum

1972 5653 2144 5707 bestiis
2183 5661 2351 5707 terra.
2390 5651 2504 5707 Una
2553 5668 2640 5710 res
2677 5654 2873 5725 duplici
2909 5657 3164 5711 varietate
3213 5653 3568 5719 describitur,

1972 5757 2031 5802 ut
2076 5746 2360 5801 diversitas
2411 5748 2642 5805 crudelis
2692 5749 2814 5806 facti
2859 5750 3093 5805 auditum
3155 5749 3319 5818 possit
3371 5744 3568 5815 judicis

1972 5854 2296 5910 exaggerare
2346 5840 2591 5911 piissimi.
2643 5841 2758 5899 Non
2806 5846 2947 5900 enim
2998 5841 3284 5899 suffecerat
3324 5844 3566 5893 mortuos
