4092 6344
527 401 635 461 575

1734 389 1805 446 Μ.
1845 385 2122 445 Αυηειλιι
2171 375 2570 442 CASSIODORI

3696 368 3797 435 576

529 509 831 581 volatilibus
859 502 1098 584 tradere,
1129 512 1230 572 nisi
1259 518 1315 570 et
1337 510 1477 568 teras
1513 505 1886 580 permitterent
1920 516 2105 559 eorum
2135 502 2187 562 Α
2212 496 2468 570 populum
2509 492 2681 561 trahi,
2720 492 2935 563 collegit
2983 489 3221 584 reliquos
3265 488 3484 557 ﬁdeles,
3536 495 3701 584 atque
3744 490 3797 546 in

530 631 757 690 corpora
785 617 1004 674 laniare.

602 712 761 769 Vere.
788 712 843 767 4.
877 704 1183 777 ΕΙῙιιάεηιηι
1227 700 1528 772 sanguinem
1557 712 1731 754 eorum
1770 695 1900 751 sicut
1928 707 2116 764 aquam

533 805 587 861 in
614 802 827 860 circuitu
851 799 1135 856 Jerusalem
1153 838 1167 865 ,
1194 804 1239 851 et
1270 812 1372 850 non
1401 802 1506 849 erat
1535 792 1621 864 qui
1649 790 1902 859 sepeliret.
1933 786 2121 843 Adhuc

535 897 589 955 in
613 896 729 967 ipsa
746 892 1155 965 exaggeratione
1177 895 1512 945 remoratur:
1550 899 1618 941 ne
1643 884 1748 940 cito
1775 881 2028 937 transiret
2054 878 2121 933 ab

538 991 752 1056 animo,
783 986 921 1057 quod
961 984 1127 1040 atroci
1165 984 1504 1039 commissum
1548 977 1824 1033 videbatur
1851 973 2118 1042 exemplo.

538 1076 773 1135 Dicendo
812 1077 990 1143 enim,
1027 1080 1157 1131 sicut
1191 1088 1409 1144 aquam,
1433 1069 1740 1128 crudelibus
1774 1067 1928 1124 factis
1965 1072 2124 1135 auget

536 1169 827 1237 invidiam,
859 1177 916 1223 ut
945 1169 1015 1224 ita
1045 1166 1145 1224 sibi
1172 1166 1453 1222 crederent
1490 1162 1776 1217 humanum
1811 1158 2122 1227 sanguinem

538 1265 812 1322 ellundere
862 1250 1108 1329 licuisse,
1159 1258 1603 1331 quemadmodum
1651 1255 1789 1310 solet
1830 1267 1965 1323 aqua
2009 1250 2125 1306 sine

539 1356 761 1428 alicujus
799 1357 954 1426 culpa
996 1354 1299 1415 decurrere.
1334 1349 1464 1406 Nam
1509 1346 1652 1419 quod
1693 1344 1915 1411 addidit,
1944 1344 1997 1397 in
2026 1343 2128 1396 cir-

541 1450 685 1505 cuitu
711 1446 1032 1514 Jerusalem,
1062 1455 1111 1501 et
1139 1459 1242 1498 non
1271 1450 1377 1498 erat
1405 1441 1491 1511 qui
1520 1438 1782 1512 sepeliret,
1814 1433 2127 1492 nelandissi-

545 1557 686 1600 mam
718 1541 923 1610 c0piam
953 1539 1227 1595 scelerata:
1253 1534 1416 1592 caedis
1445 1532 1713 1600 ostendit,
1742 1539 1927 1586 utnon
1953 1529 2126 1584 solum

550 1637 687 1693 intra
717 1634 900 1691 urbem
923 1673 939 1700 ,
967 1646 1152 1688 verum
1183 1629 1341 1686 etiam
1369 1628 1510 1684 circa
1540 1640 1722 1681 muros
1750 1623 1982 1679 civitatis
2012 1630 2129 1676 tan-

546 1738 659 1785 tum
680 1724 1014 1797 provenisset
1031 1723 1249 1780 exitium
1270 1739 1286 1789 ;
1310 1729 1572 1793 quatenus
1591 1717 1930 1774 devotionem
1957 1713 2131 1784 sepul-

548 1827 683 1875 turas
732 1816 908 1872 nullus
951 1815 1174 1883 implere
1220 1812 1508 1877 valuisset,
1562 1809 1690 1864 dum
1741 1821 1838 1877 par
1890 1803 2127 1861 conditio

2221 590 2516 647 exercitum
2544 587 2686 657 regis
2712 585 2960 642 Antiochi
2980 600 3101 640 cum
3123 582 3247 639 ﬁliis
3267 584 3379 639 suis
3398 589 3546 638 tanta
3571 581 3800 653 indigna-

2223 685 2368 742 tione
2396 681 2681 753 prosilivit,
2710 689 2768 735 ut
2813 692 2872 735 se
2911 687 2969 734 et
2998 692 3027 732 a
3075 677 3201 748 jugo
3235 674 3513 731 servitutis
3562 681 3799 738 exueret,

2221 786 2276 834 et
2290 777 2546 847 imperata
2567 773 2827 830 sacriﬁcia
2849 770 3233 843 gloriosissime
3254 768 3584 838 respuisset;
3632 767 3804 821 inlan-

2223 880 2334 929 tum
2362 881 2417 927 ut
2451 868 2735 942 quemdam
2770 866 3013 924 Judaeum
3039 864 3199 920 idolis
3241 862 3613 919 immolantem
3643 875 3801 930 supra

2223 970 2366 1040 ipsas
2390 981 2509 1022 aras
2534 979 2716 1021 amore
2739 971 2937 1018 sancta:
2967 960 3268 1016 devotionis
3289 960 3681 1027 exstingueret.

2302 1057 2452 1113 Vers.
2472 1057 2524 1112 7.
2552 1053 2779 1123 E/funde
2800 1054 2931 1107 iram
2954 1062 3091 1106 tuam
3116 1051 3169 1105 in
3194 1060 3363 1122 gentes
3385 1064 3498 1119 qua
3522 1056 3573 1103 te
3598 1065 3701 1103 non
3722 1064 3804 1101 co-

2224 1156 2520 1223 gnoverunt,
2543 1156 2591 1201 et
2619 1146 2673 1200 in
2711 1160 2867 1216 regna
2891 1160 3003 1213 qua:
3025 1158 3206 1197 nomen
3243 1149 3382 1195 tuum
3413 1156 3517 1193 non
3544 1139 3807 1193 invocave-

2223 1250 2367 1297 runt.
2399 1240 2683 1309 Postquam
2716 1236 2949 1292 narravit
2973 1234 3248 1290 Hebraicae
3269 1234 3444 1304 gentis
3465 1232 3810 1303 gravissimas

2226 1332 2580 1398 calamitates,
2610 1343 2754 1385 nunc
2782 1327 2918 1398 petit
2958 1342 2988 1381 a
3030 1326 3177 1397 justo
3198 1325 3379 1395 judice
3405 1335 3464 1378 ut
3512 1331 3809 1378 vastatores

2225 1438 2409 1481 eorum
2439 1422 2756 1478 afﬂictiones
2792 1421 3114 1486 sustineant,
3139 1418 3229 1489 qui
3260 1431 3457 1472 nomen
3484 1416 3603 1486 ejus
3633 1416 3808 1471 omni-

2227 1518 2401 1575 modis
2432 1516 2760 1573 nesciebant.
2800 1514 3031 1583 Eﬂ'unde
3076 1513 3208 1569 iram
3257 1520 3418 1579 tuam,
3447 1511 3598 1578 dicit,
3628 1510 3682 1565 id
3711 1520 3807 1575 est,

2229 1625 2391 1682 supra
2429 1609 2764 1666 adversarios
2810 1608 3234 1678 indignationem
3283 1614 3429 1661 tuam
3479 1604 3814 1661 abundanter

2227 1706 2450 1771 emitte;
2482 1712 2539 1760 ut
2566 1705 2702 1759 sicut
2747 1716 2846 1759 nos
2872 1702 2947 1758 illi
2984 1702 3377 1770 comprimunt,
3404 1700 3479 1755 ita
3511 1698 3619 1754 tuis
3648 1698 3814 1754 virtu-

2229 1796 2374 1851 tibus
2413 1795 2727 1852 obruantur.
2766 1793 2983 1850 Sciebat
3022 1795 3166 1848 enim
3209 1793 3498 1847 humanam
3538 1791 3813 1847 victoriam

549 1918 769 1965 cunctos
806 1905 1125 1973 involveret;
1158 1903 1294 1960 sicut
1331 1903 1382 1957 in
1411 1899 1677 1956 anteriore
1717 1896 1923 1968 psalmo
1951 1894 2080 1949 dicit
2108 1908 2123 1947 :
2156 1888 2203 1949 Β
2232 1891 2410 1947 tandiu
2435 1905 2591 1962 posse
2624 1890 2934 1960 praevalere,
2965 1890 3199 1962 quandiu
3227 1889 3406 1945 divina
3432 1889 3673 1960 potentia
3700 1902 3817 1957 per—

550 1998 765 2055 Juvenes
797 2013 971 2053 eorum
1015 1996 1229 2051 comedit
1268 1995 1435 2067 ignis,
1474 2001 1522 2047 et
1563 1990 1782 2061 virgines
1812 2002 1988 2043 eorum
2029 2001 2131 2041 non

552 2103 667 2150 sunt
705 2092 991 2147 lamentata:
1015 2086 1201 2161 (Psal.
1231 2100 1439 2152 Lxxvtt,
1470 2083 1599 2154 65).

625 2182 779 2239 Vers.
816 2181 870 2237 5.
918 2178 1070 2236 Facti
1106 2195 1279 2235 sumus
1324 2175 1651 2248 opprobrium
1697 2172 1874 2228 vicinis
1918 2171 2134 2238 nostris,

555 2273 748 2332 derisui
787 2281 835 2329 et
871 2272 1182 2341 contemptui
1209 2270 1289 2325 Itis
1313 2268 1401 2339 qui
1448 2268 1500 2322 in
1532 2266 1746 2322 circuitu
1786 2273 1959 2320 nostro
1996 2271 2134 2318 sunt.

558 2364 792 2422 Gloriam
830 2363 974 2420 illam
1016 2360 1470 2433 Jerosolymorum
1516 2366 1630 2414 toto
1665 2356 1795 2413 orbe
1840 2355 2140 2412 mirabilem

557 2472 727 2530 usque
744 2456 811 2513 ad
832 2455 1164 2527 opprobrium
1185 2453 1313 2509 dicit
1332 2452 1544 2508 venisse
1564 2450 1840 2504 vicinorum
1858 2489 1873 2515 ,
1901 2458 1956 2503 ut
1978 2462 2145 2518 quan-

560 2557 612 2605 ta
651 2550 795 2621 prius
842 2546 1120 2603 nobilitate
1147 2542 1476 2616 resplenduit
1497 2583 1512 2609 ,
1542 2550 1688 2597 tanta
1720 2548 1903 2611 postea
1935 2536 2144 2594 abomi-

562 2641 779 2698 natione
807 2639 1081 2704 sorderet;
1111 2639 1251 2695 sicut
1286 2645 1341 2693 et
1361 2634 1623 2693 Jeremias
1647 2634 1699 2688 in
1729 2629 2148 2688 Lamentationi-

562 2733 661 2791 bus
702 2734 821 2790 ait:
861 2730 1124 2801 Quomodo
1164 2728 1303 2787 sedet
1339 2728 1451 2783 sola
1490 2726 1663 2782 civitas
1699 2740 1814 2797 qut:
1861 2721 2150 2778 abundabat

564 2826 798 2898 populis,
830 2824 969 2896 facta
1012 2831 1085 2878 est
1124 2830 1180 2877 ut
1221 2821 1374 2878 vidua
1418 2835 1532 2893 quae
1571 2816 1911 2888 multiplicata
1952 2823 2059 2871 erat
2094 2814 2151 2870 in

562 2918 851 2974 nationibus
879 2933 901 2973 :
927 2917 1164 2987 princeps
1188 2915 1242 2970 in
1276 2912 1567 2986 regionibus
1604 2912 1738 2983 facta
1777 2920 1851 2966 est
1882 2912 1933 2965 in
1966 2909 2153 2964 tributo

2233 1984 2488 2039 misisset.
2513 1983 2716 2039 Etcum
2740 1983 2889 2049 dicit,
2912 1999 3027 2053 quia
3045 1992 3092 2038 te
3114 2000 3218 2038 non
3240 1991 3610 2053 cognoverunt,
3634 1980 3815 2049 culpas

2234 2075 2436 2145 mitigat
2456 2074 2759 2131 Judzeorum
2790 2092 2801 2127 :
2831 2075 3081 2147 quoniam
3112 2074 3214 2130 etsi
3256 2073 3406 2129 multi
3450 2072 3813 2141 deliquerant,

2235 2174 2389 2221 erant
2438 2173 2615 2222 tamen
2662 2166 2803 2222 inter
2865 2181 2961 2222 eos
3012 2165 3103 2235 qui
3150 2163 3435 2221 dominicis
3489 2162 3820 2234 jusslonibus

2237 2256 2564 2314 serviebant.
2593 2258 2728 2315 Istos
2755 2259 2897 2314 enim
2927 2258 3056 2315 dicit
3082 2258 3275 2315 merito
3304 2256 3711 2329 persequendos
3736 2258 3819 2326 qui

2241 2363 2434 2406 nomen
2467 2348 2677 2405 Domini
2699 2348 3025 2405 omnimodis
3042 2349 3383 2420 ignorabant.
3405 2350 3497 2405 Sic
3524 2347 3681 2418 culpa
3709 2362 3822 2418 qua

2243 2444 2486 2499 excusari
2526 2457 2633 2498 non
2664 2452 2875 2513 potest,
2922 2444 3219 2514 superioris
3260 2442 3503 2498 criminis
3542 2442 3824 2498 collatione

2206 2549 2221 2563 ο
2244 2533 2524 2603 levigatur.
2548 2532 2656 2590 Nec
2684 2543 2836 2588 vacat
2856 2534 2996 2605 quod
3017 2544 3140 2589 ante
3163 2533 3323 2602 dixit,
3347 2534 3401 2588 in
3416 2543 3611 2605 gentes,
3642 2542 3825 2603 postea

2247 2624 2303 2680 in
2327 2642 2521 2697 regna;
2549 2624 2695 2694 prius
2719 2626 2863 2681 enim
2906 2627 3116 2697 populis
3140 2627 3464 2697 imprecatus
3487 2635 3603 2692 est,
3636 2626 3827 2681 deinde

2250 2717 2381 2790 ipsis
2406 2718 2583 2788 regnis
2612 2733 2729 2790 quae
2757 2719 2877 2774 talia
2904 2718 3022 2776 ﬁeri
3045 2721 3334 2777 crudeliter
3359 2720 3722 2791 imperabant.

2323 2809 2478 2867 Vers.
2507 2811 2561 2866 8.
2597 2811 2728 2877 Quia
2757 2812 3079 2867 comederunt
3115 2811 3306 2879 Iacob,
3334 2823 3384 2869 et
3410 2812 3578 2867 locum
3613 2816 3724 2887 ejus
3751 2814 3833 2868 de-

2253 2901 2560 2957 solarerunt.
2584 2901 2688 2956 Pro
2716 2912 2874 2972 gente
2895 2918 3013 2973 qua:
3045 2912 3392 2974 peccaverat,
3422 2905 3716 2976 gratissimi
3748 2920 3833 2974 pa-

566 3008 799 3082 (Tliren.
832 3021 887 3074 ι,
922 3005 1022 3077 i).
1055 3004 1123 3061 Et
1148 3004 1305 3074 paulo
1350 3011 1470 3074 post
1501 3020 1515 3055 :
1550 3000 1679 3056 Htec
1716 3009 1787 3056 est
1831 2999 2006 3055 ciritas
2042 3012 2157 3069 qua:
2258 2993 2506 3050 triarcha:
2544 3010 2737 3052 nomen
2761 2996 3031 3066 objectum
3056 3007 3168 3065 est;
3196 3006 3254 3054 ut
3280 2997 3583 3055 recordatio
3621 2999 3840 3055 sanctis-

567 3100 830 3153 dieebatu’r
884 3113 1071 3152 corona
1122 3094 1332 3167 gloriae,
1374 3092 1678 3165 jucunditas
1728 3092 1971 3146 universa:
2009 3098 2159 3144 terra:
2257 3087 2380 3145 simi
2404 3087 2501 3144 viri
2533 3089 2713 3159 populi
2736 3089 2927 3146 delicta
2959 3091 3243 3162 mitigaret.
3287 3091 3417 3160 Quae
3444 3092 3620 3162 ﬁgura
3647 3091 3840 3147 dicitur

571 3188 591 3270 ς
618 3186 754 3242 Ibid.
780 3187 991 3257 ιι,15).
1020 3184 1269 3256 Sequitur
1297 3184 1519 3252 derisui,
1552 3190 1599 3238 et
1631 3182 1934 3253 contemptui
1970 3181 2050 3236 his
2071 3179 2160 3251 qui
2264 3190 2692 3250 anteprosopon,
2714 3181 2948 3251 {quando
2987 3198 3083 3253 pro
3113 3184 3330 3240 homine
3375 3184 3586 3255 ingrato
3632 3185 3843 3255 ponitur

4004 1374 4007 1519 κ

4014 1854 4019 1991 ί

571 3275 627 3333 ⁸η
668 3278 884 3333 circuitu
931 3286 1102 3333 nostra
1151 3285 1289 3331 sunt.
1338 3275 1537 3331 Eadem
1584 3273 1809 3345 repetita
1856 3272 2165 3331 diversitate
2188 3276 2237 3342 c
2267 3286 2494 3343 persona
2517 3273 2842 3343 gratissima.
2864 3274 3100 3332 Dieendo
3122 3276 3284 3342 enim,
3310 3277 3659 3343 comederunt,
3684 3276 3843 3347 signi-

572 3370 940 3443 congeminat,
965 3382 1025 3426 ut
1044 3367 1172 3425 illud
1190 3367 1331 3439 quod
1357 3367 1565 3422 dixerat
1587 3365 1944 3438 opprobrium,-
1966 3364 2163 3423 clarius

575 3473 978 3522 monstraretur.
1011 3462 1147 3518 Dicit
1171 3464 1313 3517 enim
1342 3461 1593 3517 Hebraeos
1621 3459 1786 3516 fuisse
1815 3459 2042 3525 derisui,
2073 3460 2163 3529 qui

576 3558 726 3627 prius
760 3556 967 3611 fuerant
996 3554 1207 3609 Domini
1242 3553 1522 3610 devotione
1565 3552 1866 3609 reverendi.
1922 3551 2162 3608 Contem-

579 3651 694 3723 ptui
725 3663 854 3705 vero
882 3656 1010 3725 tunc
1039 3656 1164 3703 sunt
1192 3646 1608 3718 habiti,quando
1628 3661 1723 3703 eos
1744 3647 2028 3717 captivitati
2058 3654 2167 3702 tra-

580 3742 721 3797 ditos
765 3741 1048 3808 videbant,
1102 3741 1292 3812 quibus
1343 3740 1549 3811 pridem
1597 3749 1676 3819 tot
1722 3756 1884 3812 regna
1937 3743 2166 3798 cessisse

580 3840 959 3904 cognoverant.
989 3831 1099 3889 Nec
1126 3840 1278 3889 vacat
1300 3832 1443 3904 quod
1467 3831 1701 3889 additum
1729 3842 1841 3904 est,
1872 3833 1961 3904 qui
1986 3835 2038 3888 in
2062 3835 2167 3888 cir-

580 3928 721 3981 cuitu
752 3935 922 3981 nostro
952 3933 1068 3981 sunt
1096 3940 1117 3981 :
1143 3926 1266 3997 quia
1296 3939 1511 3995 semper
1537 3928 1780 3998 graviora
1807 3934 1933 3984 sunt
1966 3942 2168 3999 oppro-

582 4015 697 4072 bria
744 4029 863 4088 quae
908 4017 1150 4072 vicinitas
1194 4018 1370 4083 novit,
1411 4017 1535 4073 dum
1581 4017 1794 4074 assidua
1831 4021 2169 4089 reputatione

581 4108 890 4179 suscipitur,
918 4108 1059 4179 quod
1086 4108 1483 4181 longinquitatis
1513 4109 1774 4166 beneﬂcio
1796 4110 2011 4167 minime
2041 4126 2168 4168 sus-

2266 3364 2389 3422 licat
2408 3366 2615 3424 comedi
2636 3367 2894 3424 iecerunt.
2908 3369 3178 3425 Saevitiam
3197 3370 3376 3441 impiae
3392 3372 3570 3443 gentis
3589 3372 3841 3439 ostendit,

2267 3455 2395 3514 dum
2446 3457 2712 3515 cadavera
2763 3468 3097 3516 mortuorum
3147 3460 3380 3518 ferarum
3427 3463 3847 3518 comestionibus

2266 3549 2622 3619 exponebant.
2656 3551 2781 3608 Sive
2814 3553 3010 3607 comedi
3039 3552 3303 3623 signiﬁcat
3323 3569 3416 3609 eos
3443 3555 3557 3626 qui,
3604 3553 3725 3624 lege
3751 3554 3850 3609 Do-

2267 3641 2398 3697 mini
2428 3640 2714 3711 derelicta,
2748 3644 2906 3711 impia
2949 3644 3330 3713 superstitione
3356 3645 3531 3716 glutiti
3564 3655 3715 3703 sunt.
3753 3647 3846 3703 Se-

2268 3736 2471 3806 quitur,
2502 3749 2548 3792 et
2577 3738 2748 3791 locant
2773 3742 2883 3809 ejus
2904 3739 3274 3794 desolaverunt.
3309 3738 3670 3796 Eversionem
3698 3749 3753 3796 et
3773 3755 3852 3796 so-

2268 3826 2547 3884 litudinem
2603 3827 2847 3899 deplorat
2905 3829 3279 3899 pulcherrimae
3321 3831 3596 3898 civitatis,
3644 3832 3854 3902 quando

2270 3920 2430 3991 impia
2478 3920 2876 3991 dominatione,
2937 3924 3284 3993 persuasione
3331 3925 3614 3996 gentilium
3661 3927 3851 3982 civium

2269 4026 2490 4068 suorum
2522 4013 2850 4070 habitatione
2871 4015 3066 4070 nudata
3089 4024 3193 4072 est.

2342 4105 2495 4161 Vers.
2521 4106 2575 4163 9.
2605 4106 2686 4162 Ne
2721 4110 3002 4164 memineris
3032 4110 3320 4181 iniquitates
3357 4121 3556 4167 nostras
3593 4115 3852 4185 antiquas,

586 4200 801 4256 tinetur.
847 4198 938 4256 Sic
991 4207 1131 4256 totus
1176 4201 1278 4257 iste
1309 4209 1485 4257 textus
1527 4216 1559 4257 α
1598 4202 1859 4273 principio
1897 4216 2167 4272 crescens,
2270 4194 2372 4249 cito
2399 4212 2491 4249 nos
2512 4197 2756 4268 anticipet
2782 4199 3131 4255 misericordia
3157 4211 3281 4266 tua,
3307 4202 3425 4273 quia
3445 4219 3699 4275 pauperes
3738 4206 3851 4276 facti

585 4294 798 4350 schema
829 4292 969 4349 istud
997 4293 1381 4349 nobilissimum
1422 4293 1548 4350 facit
1584 4294 1725 4365 quod
1767 4303 1985 4351 vocatur
2013 4309 2148 4351 auxe

2271 4301 2445 4341 sumus
2474 4288 2646 4344 nimis.
2699 4289 3046 4348 Confessione
3074 4292 3390 4350 delictorum
3433 4297 3734 4366 prapitium
3765 4298 3856 4353 sibi

587 4386 663 4441 sis
703 4425 721 4451 ,
759 4384 946 4441 Latine
972 4400 1102 4441 vero
1128 4395 1462 4455 nuncupatur
1489 4395 1850 4457 augmentum,
1905 4387 2003 4443 Ubi
2045 4396 2174 4444 sunt
2268 4380 2501 4452 judicem
2534 4382 2745 4451 reddit,
2780 4385 2951 4455 utqui
2981 4400 3039 4441 se
3060 4400 3156 4456 per
3171 4387 3431 4456 justitiam
3458 4390 3743 4447 vindicare
3762 4406 3857 4446 non

588 4484 827 4533 oratores
858 4476 946 4547 qui
985 4475 1052 4531 ad
1100 4482 1271 4532 artem
1328 4477 1675 4534 verisimilem
1714 4477 1955 4534 veritatis
1991 4478 2170 4534 cilicia
2273 4480 2506 4543 poterat,
2539 4488 2636 4544 per
2665 4474 3080 4544 supplicationes
3109 4478 3440 4535 necessarias
3460 4481 3728 4551 expiaret.
3762 4482 3858 4538 Sed

591 4568 1013 4626 transtulerunt?
1053 4569 1212 4641 273
1258 4567 1397 4624 Ecce
1443 4569 1635 4639 quibus
1686 4572 2014 4641 argumentis
2066 4572 2173 4642 agit
2271 4579 2392 4620 cum
2421 4566 2584 4622 sciret
2617 4568 2790 4638 Asaph
2826 4569 3081 4625 Antiochi
3111 4571 3252 4641 regis
3292 4580 3532 4643 tempore
3567 4577 3861 4631 nonnullos

590 4661 904 4734 simplicitas
932 4662 1238 4731 ingeniosa,
1272 4674 1379 4715 non
1411 4660 1671 4717 malitiosa
1698 4661 1981 4718 calliditas.
2195 4655 2247 4716 D
2272 4657 2578 4715 indecorum
2609 4675 2730 4715 esse
2758 4660 3125 4731 seducendos,
3151 4672 3210 4718 ut
3232 4664 3441 4720 Domini
3468 4665 3677 4723 cultura
3707 4669 3860 4724 dere-

662 4754 815 4811 Vers.
838 4753 894 4810 6.
921 4753 1209 4826 Usquequo,
1251 4753 1487 4822 Domine,
1517 4756 1751 4811 irasceris
1773 4757 1825 4810 in
1853 4756 2043 4825 linem;
2080 4772 2171 4812 ac-

593 4849 831 4904 cendetur
857 4846 992 4903 velut
1025 4848 1156 4921 ignis
1190 4850 1328 4904 zelus
1373 4848 1528 4904 tuus.’
1568 4848 1726 4905 Venit
1764 4848 1831 4904 ad
1878 4849 2167 4905 secundam

596 4951 817 5012 partem,
845 4941 898 4998 in
918 4957 1019 5014 qua
1047 4943 1189 5013 pium
1207 4940 1439 5012 judicem
1461 4950 1613 5011 rogat
1635 4956 1703 4998 ne
1724 4954 1893 5011 usque
1914 4941 1981 4996 ad
2011 4940 2169 4998 linem

598 5033 852 5089 irascatur
878 5034 1021 5104 genti
1068 5032 1339 5099 Judaicae,
1370 5030 1582 5101 quando
1633 5045 1693 5087 se
1735 5040 2016 5087 venturum
2048 5046 2173 5101 pro-

602 5122 881 5193 phetarum
930 5125 1097 5181 sacris
1145 5122 1610 5195 praedicationibus
1665 5122 1938 5181 indicavit.
1993 5122 2174 5179 Sancti

602 5215 740 5270 enim
786 5215 883 5270 viri
924 5216 1164 5284 quamvis
1209 5216 1347 5272 mala
1378 5223 1715 5286 paterentur,
1761 5214 2003 5270 sciebant
2041 5229 2102 5271 se
2144 5229 2174 5269 a

603 5307 827 5364 Domino
864 5306 1084 5363 minime
1112 5307 1465 5375 deserendos;
1506 5308 1647 5365 sicut
1671 5307 1808 5363 alius
1837 5306 2070 5376 psalmus
2097 5306 2177 5363 di-

600 5401 717 5458 cit:
751 5398 1016 5470 Castigans
1057 5402 1320 5473 castigavit
1358 5418 1436 5456 me
1481 5400 1765 5471 Dominus},
1810 5408 1858 5455 et
1900 5401 2051 5455 morti
2076 5417 2179 5457 non

603 5489 814 5546 tradidit
832 5507 912 5545 me
938 5492 959 5563 (
982 5489 1133 5546 Psal.
1159 5507 1320 5557 cxvn,
1352 5492 1479 5563 18).
1504 5492 1802 5566 Ρτοριιθιὶω
1828 5505 2040 5563 quoque
2069 5493 2176 5563 spi-

600 5582 708 5639 ritu
750 5582 1023 5639 denuntiat
1075 5583 1187 5639 tieri
1229 5599 1348 5655 qua:
1382 5586 1708 5654 prtevidebat
1754 5601 1875 5642 esse
1927 5595 2171 5641 ventura.

601 5676 868 5747 Tempore
890 5678 1151 5749 siquidem
1170 5679 1336 5748 ipsius
1353 5680 1678 5751 captivitatis
1699 5681 2019 5737 Mathatltias
2038 5699 2174 5739 unus

601 5767 943 5826 Hebraeorum
960 5772 1076 5826 zelo
1089 5780 1320 5841 paterna:
1344 5772 1645 5828 traditionis
1663 5774 1908 5829 incensus
1925 5773 1972 5845 (I
1998 5772 2173 5829 Maeli.

603 5862 807 5937 v.25),
857 5864 979 5936 quia
1007 5865 1218 5925 videbat
1245 5865 1312 5923 ad
1358 5866 1618 5924 idolorum
1648 5868 1910 5925 culturam
1948 5868 2185 5926 civicum.

2273 4752 2431 4819 licta,
2479 4753 2709 4809 nefanda
2753 4754 2891 4810 idola
2921 4765 3309 4827 sequerentur,
3356 4775 3462 4815 non
3509 4771 3726 4829 poterat
3776 4779 3863 4831 pro

2274 4845 2508 4915 antiquis
2553 4853 2755 4902 tantum
2799 4862 2987 4917 rogare
3014 4850 3214 4920 culpis,
3246 4866 3380 4921 quos
3421 4854 3627 4909 sciebat
3674 4856 3863 4913 futuris

2275 4951 2487 5008 quoque
2514 4938 2843 5007 temporibus
2873 4941 3107 5010 ingentia
3148 4944 3352 5000 scelera
3382 4956 3719 5015 perpetrare.
3766 4950 3863 5004 Sed

2276 5028 2382 5096 hic,
2413 5030 2679 5101 antiquos,
2703 5031 2908 5087 similes
2936 5033 3169 5104 antiquis
3207 5036 3377 5107 culpis
3418 5038 3627 5093 aestimo
3671 5041 3863 5098 debere

2278 5125 2499 5189 sentire,
2531 5125 2723 5195 quibus
2752 5140 2845 5195 per
2871 5125 3185 5184 innumeros
3217 5144 3386 5185 annos
3414 5129 3645 5186 nefanda
3684 5137 3863 5190 mundi

2277 5218 2536 5289 pravitate
2564 5227 2835 5287 peccatum
2864 5229 2978 5285 est;
3003 5220 3141 5276 sicut
3167 5228 3224 5278 et
3252 5222 3391 5279 alius
3429 5226 3670 5294 psalmus
3699 5227 3860 5285 dicit:

2279 5310 2413 5367 Ecce
2433 5320 2613 5365 veteres
2639 5313 2849 5381 posuisti
2878 5314 2984 5369 dies
3024 5331 3157 5369 meos
3187 5314 3359 5387 (Psal.
3392 5333 3620 5385 xxxvm,
3655 5321 3736 5390 6).
3773 5321 3863 5376 Se-

2279 5404 2479 5475 quitur,
2511 5403 2608 5457 cito
2648 5420 2738 5458 nos
2762 5405 3001 5475 anticipet
3049 5408 3393 5463 misericordia
3416 5420 3524 5464 tua.
3556 5412 3670 5479 'Qui
3721 5413 3866 5468 timet

2273 5495 2532 5567 judicium
2563 5495 2773 5550 Domini
2804 5497 3074 5568 anticipari
3099 5513 3158 5553 se
3184 5498 3301 5568 ejus
3333 5500 3686 5555 misericordia
3726 5514 3865 5558 recte

2278 5587 2565 5653 desiderat,
2616 5588 2739 5657 quia
2767 5588 2867 5643 nisi
2899 5588 3225 5659 indulgentia
3266 5594 3586 5659 praevenerit
3618 5605 3864 5663 peccato-

2279 5695 2413 5744 rem,
2439 5679 2492 5734 in
2519 5679 2716 5748 judicio
2739 5693 2844 5733 non
2872 5678 3117 5734 absolvet
3154 5692 3449 5738 errantem.
3480 5682 3726 5754 Addidit,
3753 5687 3864 5757 quia

2279 5788 2525 5845 pauperes
2570 5772 2692 5840 facti
2732 5787 2907 5827 sumus
2951 5773 3119 5827 nimis.
3174 5772 3464 5845 Paupertas
3505 5786 3590 5833 est
3636 5781 3778 5833 cnim
3813 5779 3859 5834 in

2280 5867 2435 5925 nobis
2469 5864 2727 5936 exiguitas
2769 5864 3031 5923 bonorum
3059 5879 3318 5939 operum,
3359 5878 3560 5944 et_non
3607 5872 3857 5931 habemus
