4062 6344
170 367 281 422 577

1094 359 1451 419 EXPOSITIO
1489 360 1556 419 IN
1592 360 2053 420 PSAli’I‘ERIUM.
2097 361 2290 422 PSAL.
2332 361 2616 421 LXXVIII.

3362 367 3466 424 578

170 474 322 545 quod
352 473 617 544 possimus
641 472 834 529 oll‘erre
867 469 1118 541 justitirc,
1147 475 1194 529 si
1232 490 1330 531 nos
1359 475 1576 545 incipiat
1612 478 1765 548 vigor
1791 484 1843 543 Α
1868 476 2004 547 filios
2040 488 2197 533 morte
2234 481 2529 551 punitorum
2575 479 2718 552 [ms.
2753 479 2845 547 A.,
2874 480 3298 551 mortiﬁcatorum
3321 479 3359 552 ].
3390 480 3467 537 De

172 565 450 636 aequitatis
471 565 762 635 inquirere.
788 563 959 635 Super
974 565 1077 621 hoc
1095 568 1241 636 ponit
1256 576 1329 633 et,
1353 568 1503 623 nimis
1526 585 1546 623 :
1566 584 1630 624 ne
1652 570 1771 641 quis

173 673 243 715 se
266 666 476 728 putaret
495 657 562 713 de
585 657 851 728 probitate
869 666 1082 715 actuum
1106 674 1323 716 suorum
1347 660 1546 718 debere
1570 678 1771 732 prmsu-

176 763 367 818 mere,
418 764 541 805 cum
584 763 645 806 se
693 749 847 807 bonis
889 751 1098 808 meritis
1138 752 1292 808 nimis
1336 769 1607 825 pauperem
1652 768 1772 811 esse

175 851 563 913 cognoscent.

256 934 418 991 Vers.
444 934 529 991 10.
555 933 757 1005 Adjuua
779 951 893 1003 nos,
918 935 1057 991 Deus
1083 938 1327 993 salutaris
1356 949 1545 1008 noster,
1568 950 1775 1011 propter

180 1029 432 1081 honorem
453 1027 671 1081 nominis
692 1027 789 1082 tui.
819 1027 949 1082 Cum
972 1027 1121 1098 dicit,
1154 1030 1355 1103 Adjuua
1374 1047 1488 1099 nos,
1510 1030 1776 1103 signiﬁcat

182 1117 417 1173 forsitan
447 1117 573 1172 illud
605 1127 874 1174 certamen
899 1119 1039 1189 quod
1061 1119 1377 1178 Mathathias
1403 1135 1776 1193 assumpturus

180 1222 311 1269 crat
357 1222 415 1269 ut
456 1212 770 1268 Ilebrtcosa
817 1213 1256 1283 superstitionum
1302 1216 1454 1272 clade
1495 1217 1774 1285 liberaret;

183 1319 246 1360 ut
276 1318 440 1359 causa
470 1304 714 1359 humanis
759 1304 961 1359 viribus
1002 1304 1283 1375 desperata
1330 1307 1539 1361 Domini
1579 1308 1778 1364 virtute

179 1399 485 1469 iuvaretur.
528 1397 597 1452 Et
625 1398 762 1454 bene
803 1397 1162 1455 inﬁrmitatem
1192 1415 1343 1455 suam
1376 1399 1656 1466 intellexit,
1687 1401 1778 1471 qui

184 1490 527 1546 Saivatorem
549 1489 812 1546 medicum
836 1490 963 1546 totis
982 1492 1186 1548 viribus
1204 1492 1498 1559 invocavit;
1518 1502 1779 1563 quatenus

186 1582 365 1653 erepti
383 1583 551 1639 Judaei
570 1582 828 1639 honorem
849 1584 965 1655 ejus
986 1586 1188 1640 nomini
1211 1584 1435 1643 reddere
1459 1588 1775 1655 potuissent.

188 1674 412 1730 Utiliter
434 1683 614 1730 autem
634 1690 693 1730 se
712 1676 1063 1746 adjuvandum
1088 1687 1293 1747 propter
1309 1678 1552 1733 honorem
1568 1675 1778 1734 Domini

187 1764 350 1831 dicit,
382 1780 491 1821 non
518 1773 735 1835 propter
753 1765 969 1836 aliquod
993 1768 1238 1822 meritum
1268 1781 1447 1822 suum.

1878 570 1983 626 illis
2026 572 2317 642 dicitquos
2353 589 2451 643 pro
2498 573 2715 629 nomine
2751 573 2959 629 Domini
2995 575 3241 629 vinxerat
3287 574 3466 630 irreli-

1874 665 2024 735 giosa
2063 660 2360 735 gentilitas,
2386 667 2475 737 qui
2523 666 2726 723 crebris
2772 666 3058 737 gemitibus
3104 664 3465 735 omnipotenti

1878 756 2109 812 Domino
2154 757 2520 827 supplicabant
2567 767 2624 813 ut
2673 758 2789 828 ejus
2837 758 3074 814 Ecclesia
3116 758 3171 813 in
3208 758 3460 814 fratribus

1874 860 1982 902 non
2013 847 2306 917 deﬁceret,
2339 849 2545 903 etiamsi
2587 848 2731 919 ipsos
2760 848 3047 904 imminens
3074 863 3231 919 pinna
3259 862 3457 903 consu-

1878 948 2073 995 meret.
2105 939 2289 996 Sancti
2318 940 2460 996 enim
2489 942 2583 996 tiri
2616 942 2739 997 talia
2770 957 2982 1011 semper
3011 952 3219 1012 petunt,
3249 958 3369 1013 qua:
3398 941 3468 998 ad

1877 1032 2002 1087 ﬁdei
2025 1044 2308 1103 augmenta
2341 1032 2644 1103 proﬁciunt.
2667 1034 2939 1102 Sequitur,
2962 1033 3239 1088 secundant
3262 1033 3465 1104 magni-

1878 1119 2105 1175 tudinem
2134 1121 2421 1175 bracltiitui
2450 1123 2651 1191 posside
2685 1123 2820 1191 filios
2848 1132 3005 1177 morte
3032 1124 3343 1194 punitorum.
3374 1121 3467 1177 Ni-

1877 1210 1981 1267 mis
2029 1212 2115 1280 pia
2158 1212 2431 1268 suboritur
2474 1223 2527 1269 et
2566 1212 2853 1269 aﬁectuosa
2902 1216 3177 1284 precatio,
3227 1230 3294 1271 ne
3324 1216 3460 1284 ﬁlios

1879 1318 2064 1359 eorum
2097 1305 2354 1359 Dominus
2376 1321 2407 1360 a
2447 1321 2541 1361 sua
2576 1307 2918 1375 possessione
2945 1307 3223 1377 projiciat,
3255 1308 3344 1377 qui
3372 1320 3470 1376 pro

1878 1396 1995 1465 ejus
2015 1396 2274 1467 religione
2300 1408 2459 1451 morte
2484 1400 2648 1463 puniti
2668 1408 2813 1455 sunt.
2843 1400 3123 1456 lnnumera
3154 1399 3298 1455 enim
3337 1408 3467 1453 tunc

1880 1487 1953 1543 ibi
1984 1488 2137 1543 turba
2163 1498 2456 1561 martyrum
2486 1488 2621 1556 fuit,
2662 1505 2888 1560 quorum
2936 1490 3139 1556 posteri
3184 1490 3470 1546 Dominum

1881 1577 2194 1635 desiderant
2220 1579 2517 1650 possidere,
2549 1595 2615 1637 ne
2644 1582 2822 1651 aliquo
2847 1595 3034 1637 errore
3073 1580 3345 1635 vitientur.
3378 1579 3471 1635 Ille

1879 1669 2141 1741 siquidem
2186 1672 2405 1741 quando
2457 1687 2558 1729 nos
2608 1673 2878 1743 possidet,
2925 1673 3188 1730 diabolica
3227 1673 3280 1729 in
3312 1672 3468 1729 nobis

1876 1760 1997 1832 jura
2022 1778 2129 1817 non
2161 1763 2473 1833 praevalent.

264 1858 425 1913 Vers.
451 1861 538 1913 11.
570 1858 804 1926 Domine,
830 1858 990 1913 libera
1015 1875 1125 1927 nos,
1148 1870 1195 1915 et
1216 1862 1467 1933 propitius
1508 1871 1615 1917 est.
1655 1876 1776 1934 pec—
1808 1865 1858 1925 B
1958 1856 2109 1913 Vers.
2154 1857 2241 1912 15.
2283 1857 2461 1913 Redde
2491 1858 2669 1912 vicinis
2710 1858 2895 1913 nostris
2931 1860 3221 1931 septuplum
3262 1859 3316 1914 in
3352 1861 3471 1916 sinu

188 1950 323 2004 catis
351 1950 538 2004 noatris
565 1960 771 2021 propter
797 1966 978 2006 nomen
1013 1960 1175 2007 tuum.
1207 1953 1305 2019 Qui
1346 1953 1413 2008 de
1452 1954 1677 2023 propriis
1701 1954 1781 2010 vi-

191 2042 346 2097 ribus
367 2041 641 2112 deSperat,
670 2043 974 2099 necessarie
1001 2043 1070 2098 ad
1101 2030 1354 2099 auxilium
1400 2046 1779 2116 omnipotentis

184 2134 393 2204 judicis
418 2136 616 2204 currit,
642 2143 698 2190 ut
725 2135 868 2206 quod
908 2135 1114 2191 actibus
1140 2137 1369 2206 propriis
1409 2137 1641 2193 conferri
1672 2153 1781 2194 non

191 2235 406 2297 potest,
437 2229 632 2297 pietate
675 2229 846 2285 sancti
893 2230 1127 2285 nominis
1171 2231 1452 2286 tribuatur.
1484 2231 1607 2287 Ideo
1636 2234 1780 2289 enim

193 2321 451 2377 Salvator
478 2322 690 2391 dicitur,
722 2323 849 2394 quia
876 2323 930 2379 in
957 2338 1018 2380 se
1046 2333 1323 2395 sperantes
1366 2325 1569 2393 salvat,
1600 2334 1654 2381 et
1676 2326 1781 2381 im-

195 2418 473 2479 minentes
513 2430 849 2495 peccaturum
891 2435 1077 2496 poenas
1125 2428 1416 2483 commutat
1454 2421 1507 2476 in
1539 2422 1781 2498 prmmia.

278 2516 434 2573 Vers.
462 2518 549 2571 i2.
596 2518 883 2587 Nequando
923 2520 1095 2573 dicant
1142 2530 1355 2592 gentes:
1384 2519 1484 2575 Ubi
1528 2530 1601 2575 est
1642 2520 1783 2577 Deus

194 2613 421 2664 eorum?
442 2620 489 2663 et
515 2611 794 2666 innotescat
814 2612 864 2666 in
890 2612 1176 2667 nationibus
1198 2629 1372 2667 coram
1392 2615 1551 2669 oculis
1572 2616 1780 2670 nostris.

196 2701 402 2759 Reddit
428 2719 642 2760 causam
671 2720 766 2761 cur
795 2708 1039 2775 petiverit
1076 2708 1285 2779 plebem
1332 2710 1539 2765 Domini
1585 2710 1787 2768 debere

198 2795 454 2862 liberari,
481 2796 685 2853 scilicet
717 2813 785 2855 ne
812 2798 940 2855 illud
970 2801 1218 2856 usitatum
1242 2801 1450 2857 dicatur
1470 2817 1497 2857 a
1526 2803 1741 2873 perﬁdis
1765 2818 1783 2861 :

201 2883 306 2941 Ubi
336 2897 410 2941 est
436 2887 573 2943 Deus
593 2892 806 2945 eorum?
832 2890 963 2946 Nam
990 2897 1235 2963 quamvis
1257 2893 1438 2951 ﬁdeles
1457 2894 1668 2951 diversa
1691 2896 1788 2954 Ila-

199 2978 338 3049 gella
369 2979 660 3049 patiantur,
691 2981 831 3037 istud
860 2991 1034 3039 tamen
1064 2985 1131 3040 ab
1172 2974 1252 3040 eis
1288 3001 1392 3041 non
1422 2996 1594 3056 potest
1632 2987 1784 3059 ferri,

199 3072 422 3144 quando
462 3083 826 3132 creaturarum
855 3079 1089 3133 omnium
1123 3079 1407 3135 insultatur
1434 3081 1660 3139 auctori.
1692 3082 1787 3139 Di-

200 3164 380 3220 cendo
404 3165 571 3232 enim,
605 3166 703 3222 Ubi
729 3170 843 3223 est?
870 3178 1084 3240 putatur
1125 3182 1215 3226 aut
1244 3187 1479 3242 praesens
1507 3190 1612 3231 non
1640 3190 1783 3244 esse,

1879 1965 2054 2004 eorum
2100 1964 2121 2004 :
2158 1950 2522 2021 improperium
2556 1951 2816 2020 ipsorum,
2865 1952 3000 2022 quod
3043 1954 3473 2023 exprobrauerunt

1880 2039 2001 2106 tibi,
2035 2039 2270 2095 Domine.
2312 2040 2442 2096 Tale
2487 2050 2570 2097 est
2615 2041 2792 2096 Redde
2835 2045 2993 2113 quale
3041 2044 3183 2114 quod
3220 2045 3471 2114 superius

1881 2132 2040 2199 dixit,
2065 2131 2303 2200 Vindice;
2318 2133 2457 2205 quod
2476 2133 2575 2189 etsi
2589 2133 2934 2191 aiﬁictionem
2952 2137 3136 2192 tribuit
3155 2152 3468 2208 corporum,

1882 2225 2109 2281 salutem
2140 2236 2314 2282 tamen
2348 2227 2513 2283 efﬁcit
2541 2227 2863 2284 animarum.
2912 2228 3154 2297 Vicinos,
3206 2230 3464 2288 ﬁnitimos

1884 2315 2050 2381 dicit,
2078 2315 2146 2373 de
2192 2318 2385 2388 quibus
2426 2325 2671 2388 superius
2716 2321 2789 2377 ait
2822 2338 2834 2375 :
2890 2320 3036 2376 Facti
3073 2340 3247 2379 sumus
3286 2342 3471 2401 appro.

1883 2408 2045 2469 brium
2059 2409 2233 2470 vicinis
2253 2411 2458 2473 nostris.
2481 2410 2789 2489 Septupitnt
2807 2413 3185 2488 perfectionem
3205 2421 3468 2492 signiﬁcat

1884 2509 2122 2565 muneris
2170 2510 2439 2581 cmlestis,
2481 2512 2621 2582 quod
2667 2513 2958 2581 accipimus
2998 2514 3212 2584 quando
3238 2514 3469 2585 Spiritus

1885 2601 2056 2657 sancti
2083 2602 2468 2660 illuminatione
2495 2604 2845 2674 complemur,
2897 2605 2970 2660 de
2998 2622 3103 2676 quo
3129 2616 3183 2663 et
3210 2607 3316 2662 alio
3347 2607 3467 2663 loco

1885 2697 2085 2753 dictum
2113 2707 2194 2754 est
2218 2716 2232 2753 :
2262 2699 2537 2770 Argentum
2571 2701 2684 2771 igne
2707 2701 3074 2767 examinatum,
3105 2710 3253 2757 terra:
3275 2719 3471 2773 purga-

1887 2794 1997 2841 tum
2024 2788 2314 2858 septuplum
2341 2787 2513 2857 (Psal.
2548 2806 2633 2857 at,
2663 2791 2741 2861 7).
2774 2790 2925 2858 Quod
2966 2792 3033 2846 ad
3063 2794 3471 2848 conversionem

1886 2879 2126 2950 ipsorum
2159 2895 2264 2935 non
2294 2888 2379 2936 est
2403 2880 2619 2936 dubium
2650 2884 2926 2952 pertinere
2946 2925 2961 2953 ,
2991 2883 3205 2954 quando
3233 2885 3313 2941 sic
3336 2886 3473 2941 reci-

1888 2974 2072 3044 piunt,
2118 2982 2176 3029 ut
2221 2975 2274 3029 in
2314 2974 2471 3031 bonis
2508 2976 2747 3046 partibus
2786 2986 3205 3033 commutentur.
3247 2976 3315 3033 In
3354 2980 3472 3034 sinu

1888 3081 2097 3133 eorum,
2140 3068 2321 3137 utique
2352 3068 2405 3122 in
2455 3070 2751 3125 animarum
2802 3080 3010 3128 secreto
3052 3072 3307 3129 debemus
3335 3076 3476 3131 acci-

1893 3173 2039 3229 pere,
2065 3159 2157 3213 ubi
2182 3175 2393 3230 semper
2419 3160 2475 3215 ﬁt
2504 3163 2731 3232 gloriosa
2756 3165 3057 3221 conversio.
3088 3165 3358 3237 Sequitur,
3382 3168 3477 3222 int-

202 3264 299 3311 aut
327 3271 436 3311 non
468 3272 622 3327 posse
643 3259 948 3318 defendere.
981 3262 1047 3317 Et
1072 3264 1277 3332 respice
1306 3280 1463 3336 quam
1489 3270 1790 3326 necessarie
1815 3257 1861 3321 C
1893 3251 2183 3321 properium
2204 3251 2449 3321 ipsorum,
2478 3253 2612 3318 quod
2635 3253 3062 3321 exprobrauerunt
3095 3255 3204 3323 tibi,
3240 3256 3477 3314 Domine.

203 3348 349 3407 inter
371 3351 704 3410 calamitates
723 3368 850 3411 suas
871 3355 1001 3412 illud
1017 3357 1359 3427 opprobrium
1382 3372 1789 3434 commemorat,

205 3442 351 3513 quod
382 3442 451 3498 ad
486 3443 721 3502 divinam
764 3448 1061 3517 pertinebat
1089 3451 1485 3509 contumeliam.
1518 3454 1791 3524 Sequitur,

205 3544 253 3590 et
276 3534 559 3591 innotescat
586 3538 640 3591 in
667 3539 954 3594 nationibus
978 3556 1151 3595 coram
1173 3541 1333 3596 oculis
1358 3546 1566 3600 nostris.
1592 3544 1687 3601 llic
1709 3552 1796 3601 est

203 3629 653 3699 subaudiendum,
683 3632 938 3702 vindicta,
968 3649 1123 3705 quam
1150 3635 1287 3691 solet
1310 3637 1565 3693 Dominus
1588 3638 1656 3695 de
1675 3654 1794 3709 pcr-

207 3725 334 3781 ﬁdis
360 3726 566 3793 facere,
599 3727 812 3797 quando
841 3742 934 3782 eos
975 3729 1119 3797 cogit
1161 3729 1425 3785 desideria
1454 3746 1620 3800 prava
1643 3731 1794 3787 dam-

208 3832 365 3873 nare.
412 3817 544 3873 Cum
581 3818 738 3886 dicit,
781 3835 954 3873 coram
996 3820 1156 3874 oculis
1200 3822 1420 3890 nostris,
1469 3823 1794 3879 celeritatem

208 3907 450 3977 postulat
471 3908 717 3975 ultionis;
747 3916 805 3964 ut
843 3909 1021 3966 videat
1050 3908 1168 3966 ﬁeri
1196 3910 1339 3981 quod
1383 3911 1667 3983 aliquando
1696 3926 1794 3969 no-

207 4007 365 4054 verat
392 4014 551 4068 posse
579 3999 817 4056 concedi.

282 4089 445 4146 Vers.
478 4092 561 4146 15.
594 4091 812 4147 Vindica
840 4093 1137 4166 sanguinem
1163 4109 1416 4150 servorum
1438 4104 1671 4164 tuorum,
1704 4094 1795 4165 qui

202 4180 413 4250 eﬂ'usus
440 4191 531 4238 est.
559 4183 792 4241 Tertiam
818 4195 1020 4255 partem
1048 4202 1168 4257 quae
1196 4188 1429 4245 restabat
1460 4189 1788 4258 exsequitur,

204 4281 273 4328 ut
300 4273 519 4328 vindicet
543 4276 843 4348 sanguinem
882 4277 1154 4346 ﬁdelium,
1183 4280 1271 4350 qui
1307 4295 1402 4351 pro
1426 4280 1541 4350 ejus
1581 4280 1792 4335 nomine

203 4368 469 4439 martyria
499 4370 848 4438 pertulerunt.
897 4371 1190 4428 Vindicatio
1216 4382 1300 4428 est
1338 4373 1482 4428 enim
1512 4388 1606 4444 per
1632 4389 1792 4443 quam

202 4460 293 4515 vis
328 4467 385 4515 et
409 4459 603 4530 injuria
635 4461 779 4530 justa
812 4462 1162 4520 retributione
1203 4464 1520 4520 defenditur.
1570 4465 1676 4521 Sed
1705 4465 1793 4522 hic
1826 4534 1834 4541 ο

204 4549 342 4605 illud
370 4551 580 4607 videtur
604 4553 807 4622 optari,
836 4554 978 4622 quod
1024 4555 1090 4609 ad
1120 4557 1531 4613 conversionem
1559 4558 1790 4628 'reSpicit

1895 3341 2161 3398 Fecerunt
2185 3342 2437 3413 injurias,
2464 3343 2641 3399 dicant
2669 3345 2887 3414 laudes;
2937 3347 3149 3404 fuerunt
3191 3350 3476 3417 increduli,

1895 3432 2001 3488 sint
2026 3433 2235 3501 devoti;
2267 3436 2585 3490 exstiterunt
2612 3438 2852 3507 superbi,
2886 3440 3016 3515 ﬁant
3042 3440 3293 3499 humiles.
3327 3443 3478 3499 Tunc

1894 3527 2036 3581 enim
2059 3527 2313 3583 Dominus
2334 3529 2567 3599 gloriose
2592 3531 2890 3591 vindicatus
2908 3535 3236 3606 agnoscitur,
3261 3537 3479 3608 quando

1895 3618 2277 3673 maledicorum
2309 3635 2401 3675 ore
2426 3620 2695 3676 laudatur.

1969 3708 2118 3763 Vers.
2156 3711 2239 3765 16.
2268 3708 2379 3765 Nos
2402 3722 2569 3766 autem
2596 3714 2816 3785 papulus
2848 3724 2965 3771 tuus
2986 3728 3035 3771 et
3065 3736 3177 3775 oves
3194 3723 3362 3793 gregis
3383 3724 3479 3793 tui,
3578 3744 3585 3749 ’

1896 3800 2246 3870 conﬁtebimur
2274 3803 2362 3856 tibi
2391 3804 2439 3857 in
2462 3807 2734 3861 saccutum.
2793 3808 2869 3864 De
2899 3810 3003 3865 IIIIS
3034 3811 3198 3882 (sicut
3227 3816 3480 3888 arbitror)

1895 3893 2024 3949 dicit
2054 3895 2273 3965 reliquis
2318 3896 2408 3966 qni
2456 3898 2764 3955 Mathalhite
2812 3903 2991 3957 studio
3038 3909 3481 3977 congregati,lc-

1896 4001 2016 4058 gent
2048 3986 2257 4040 Domini
2287 3988 2559 4043 custodire
2591 4000 2921 4048 meruerunt.
2970 3992 3090 4051 Istae
3133 4012 3318 4053 revera
3357 4008 3483 4055 sunt

1896 4094 2008 4133 oues
2035 4078 2275 4144 Domini,
2309 4095 2426 4148 qua:
2474 4081 2591 4151 ejus
2618 4082 2838 4151 gloriam
2887 4088 3205 4146 conﬁtentes
3252 4091 3304 4147 in
3354 4092 3479 4149 ﬁdei

1895 4168 2145 4225 ﬁrmitate
2173 4180 2500 4226 manserunt.
2536 4172 2715 4228 Potest
2744 4184 2919 4231 autem
2944 4177 3044 4233 hoc
3074 4189 3127 4235 et
3150 4183 3474 4251 generaliter

1896 4270 2087 4340 accipi,
2112 4277 2170 4325 ut
2198 4269 2268 4325 ibi
2288 4270 2484 4326 mixtus
2507 4271 2751 4329 videatur
2772 4283 2823 4329 et
2853 4277 3075 4346 pepulus
3098 4280 3436 4341 Christianus
3459 4301 3474 4341 :

1895 4362 2144 4432 quoniam
2172 4362 2191 4434 (
2214 4363 2349 4418 sicut
2377 4379 2521 4434 saepe
2546 4364 2746 4420 dictum
2777 4369 2902 4439 est)
2930 4386 2995 4426 ex
3023 4370 3233 4430 duobus
3272 4377 3483 4448 populis

1894 4456 2235 4527 congregatio
2258 4455 2391 4512 facta
2422 4467 2505 4513 est
2534 4475 2634 4513 una
2667 4470 2999 4520 sanctorum.
3033 4466 3350 4526 Intuendum
3388 4487 3482 4526 au.

1897 4558 2001 4604 tem
2033 4557 2117 4605 est
2142 4550 2578 4608 lamentationem
2609 4568 2760 4609 suam
2802 4572 2904 4627 qua
2948 4560 3214 4615 suavitate
3259 4563 3482 4616 conclu-

205 4642 436 4699 inimici.
463 4644 596 4700 Nam
618 4660 738 4701 cum
768 4646 853 4703 hic
873 4648 942 4717 jin
973 4648 1051 4702 eis
1075 4649 1438 4717 temporaliter
1469 4650 1787 4717 vindicatur,

1898 4641 2059 4706 serit,
2089 4648 2147 4695 ut
2171 4640 2381 4697 Domini
2411 4643 2556 4700 dicat
2578 4659 2698 4701 esse
2718 4664 2950 4720 gregem,
2996 4665 3093 4719 pro
3122 4667 3227 4720 quo
3253 4652 3484 4709 devotis-

205 4738 484 4793 interitum
527 4748 739 4794 aeterna:
766 4740 1123 4795 damnationis
1164 4742 1424 4810 evadunt;
1453 4743 1530 4799 sic
1561 4746 1701 4799 enim
1736 4745 1789 4799 in

212 4830 532 4902 Apocalypsi
560 4833 781 4902 legimus
804 4833 988 4905 (Apoc.
1021 4851 1093 4899 vt,
1130 4836 1219 4907 10)
1255 4855 1265 4889 :
1292 4837 1399 4893 Sub
1424 4854 1516 4893 ara
1538 4840 1630 4893 Dei
1655 4855 1794 4895 mar-

210 4935 392 4993 tyrum
418 4926 913 4995 animaspostulare
938 4936 992 4981 ut
1014 4927 1411 4998 divinojudicio
1436 4932 1790 4989 vindicentur.

208 5016 345 5084 Quae
375 5016 537 5088 274
564 5017 795 5073 vindicta
826 5020 1130 5089 accipienda
1176 5033 1255 5075 est
1281 5022 1346 5077 ad
1376 5023 1594 5078 modum
1636 5041 1793 5096 quem

212 5108 473 5174 diximus,
535 5109 655 5179 quia
686 5109 826 5165 beati
864 5111 963 5165 viri
990 5112 1275 5168 crudeliter
1308 5128 1366 5168 se
1394 5130 1498 5170 non
1541 5126 1796 5185 expetunt

215 5201 497 5272 vindicari,
528 5217 648 5258 cum
672 5204 978 5274 acceperint
1005 5206 1204 5259 monita
1228 5221 1244 5261 :
1276 5206 1431 5262 Orate
1460 5224 1549 5275 pro
1576 5210 1793 5264 inimicis

210 5295 414 5360 vestris,
444 5295 719 5367 benefacite
748 5297 828 5353 Itis
857 5298 943 5367 qui
968 5298 1182 5354 oderunt
1207 5316 1292 5353 vos
1317 5299 1336 5372 (
1360 5299 1545 5356 Matth.
1575 5319 1629 5369 ν,
1659 5305 1728 5359 44
1749 5304 1793 5374 ),

211 5398 267 5441 et
292 5388 376 5442 his
404 5390 622 5445 similia.
651 5390 731 5445 Ad
764 5402 1091 5461 postremum
1141 5392 1252 5460 ipse
1299 5392 1556 5448 Dominus
1596 5410 1801 5465 praece-

215 5489 429 5546 ptorum
460 5494 681 5536 suorum
706 5482 1105 5552 potentissimus
1127 5495 1409 5537 exsecutor
1434 5482 1486 5538 in
1515 5500 1680 5541 cruce
1707 5502 1801 5556 po-

214 5572 351 5628 situs
376 5573 445 5627 ait
472 5589 486 5626 :
519 5571 695 5641 Pater,
720 5575 941 5645 .ignosce
974 5574 1076 5629 illis
1098 5614 1113 5641 ,
1140 5576 1260 5645 quia
1300 5576 1529 5630 nesciunt
1570 5578 1691 5646 quid
1720 5580 1799 5649 {a-

216 5665 357 5716 ciunt
386 5661 538 5734 (Luc.
568 5679 720 5728 xxut,
753 5663 863 5733 3i).

290 5757 442 5815 Vers.
474 5760 563 5815 14.
594 5758 757 5813 Intret
785 5760 835 5814 in
861 5768 1133 5828 conspectu
1164 5768 1248 5815 tuo
1286 5762 1496 5834 gemitus
1537 5766 1796 5833 compedi-

223 5860 418 5926 toruns;
472 5853 751 5914 secundum
793 5852 1194 5929 magnitudinem
1216 5854 1435 5930 'brucltii
1482 5859 1553 5915 ιιιὶ
1597 5862 1799 5929 νοεείιιε

1902 4731 2067 4786 simus
2095 4732 2464 4803 supplicabat,
2521 4750 2589 4793 ne
2618 4737 2819 4794 diutius
2847 4740 3166 4798 irasceretur
3195 4744 3275 4800 eis
3293 4783 3309 4811 ,
3351 4761 3485 4815 quos

1899 4836 2025 4877 suos
2052 4838 2172 4878 esse
2194 4824 2529 4881 meminerat.

1969 4911 2037 4966 Et
2066 4916 2118 4967 in
2143 4917 2386 4970 stvculum
2415 4919 2589 4973 siccati
2614 4921 2935 4977 narrabimus
2967 4922 3170 4978 laudem
3193 4930 3355 4980 tuam.
3390 4925 3486 4981 IIic

1900 5009 2049 5065 illam
2083 5013 2250 5084 tangit
2277 5012 2437 5071 futuri
2478 5018 2661 5073 smculi
2702 5018 3062 5075 beatissimam
3102 5019 3483 5090 psalmodiam.

1900 5123 2055 5179 quam
2086 5107 2281 5165 chorus
2301 5122 2605 5167 sanctorum
2634 5115 2749 5170 sine
2776 5114 3074 5170 cessatione
3098 5115 3337 5171 dicturus
3364 5126 3445 5171 est
3468 5129 3482 5177 ;

1901 5216 2006 5256 non
2050 5213 2107 5256 ut
2135 5202 2269 5258 alios
2311 5205 2564 5271 instruat,
2597 5208 2722 5276 quia
2762 5206 2832 5261 ibi
2875 5206 3050 5262 nullus
3073 5208 3173 5263 erit
3205 5206 3479 5270 indoctus;

1900 5293 1996 5349 sed
2044 5305 2100 5349 ut
2150 5294 2408 5352 honorem
2458 5297 2692 5353 debitum
2733 5298 3052 5369 reddentes,
3089 5301 3480 5373 praeconiorum

1904 5387 2140 5460 ipsorum
2167 5390 2433 5449 suavitate
2461 5398 2766 5462 pascantur.

2435 5532 2705 5590 Conclusio
2739 5537 2943 5608 psalmi.

1973 5674 2247 5731 Secundus
2293 5673 2393 5730 istc
2427 5673 2538 5745 jam
2587 5679 2821 5747 psalmus
2851 5688 2934 5737 σει
2973 5680 3060 5751 qui
3104 5681 3473 5739 honorabilem

1900 5765 2194 5822 Jerusalem
2225 5767 2306 5836 pia
2349 5768 2729 5828 lamentatione
2768 5773 3003 5830 deﬂevit.
3055 5775 3160 5831 Sed
3202 5774 3477 5831 sciendum

1902 5861 2044 5935 quod
2059 5861 2482 5935 septuagesimus
2496 5865 2683 5925 tertius
2696 5869 3054 5949 captivitatem
3072 5869 3310 5929 continet
3321 5882 3478 5941 quam
