4062 6344
591 363 671 432 no
1779 365 1851 425 tt.
1889 353 2168 426 AURELII
2206 349 2611 423 casswbout
3073 349 3086 356 ’
3726 355 3831 418 580

571 489 790 562 pertulit
816 488 915 546 sub
938 476 1190 543 Romanis
1217 502 1232 540 :
1263 486 1362 540 iste
1391 496 1520 539 vero
1543 480 1788 538 Antiochi
1811 482 1951 553 regis
1978 481 2140 538 deﬂet
2168 487 2220 546 Α
2243 478 2366 536 Ideo
2390 477 2532 534 enim
2565 474 2902 546 subjunctum
2922 483 3006 531 est
3032 473 3219 543 Israel,
3246 474 3368 545 quia
3398 474 3541 546 ipsos
3568 476 3828 548 pr0pitits

567 584 878 654 sacrilegam
931 589 984 637 et
1035 580 1454 636 crudelissimam
1506 577 1828 632 vastitatem.
1884 574 2143 632 Conside-
2243 572 2380 642 regit
2405 570 2632 641 quicum
2655 583 2788 640 puro
2808 568 3292 636 eorderespiciunt.
3314 566 3477 623 Israel
3501 569 3644 624 etaim
3671 571 3832 626 inter-

571 653 793 732 randum
824 689 1035 746 quoque
1062 653 1247 728 et'alta
1282 679 1460 727 mente
1500 669 1834 725 condendum
1879 674 1960 722 est
1999 664 2141 736 quod
2244 659 3420 734 pretatur(sicuts:epedictumest)virmente
3436 659 3830 716 vidensDeum.

571 769 846 826 charitatis
884 764 1060 820 studio
1103 777 1504 819 commonemur
1546 760 1800 817 Ecclesiae
1825 759 1941 829 ιι)θὶ
1987 757 2144 812 bonis
2244 753 2499 822 Intende;
2529 769 2590 809 ac
2616 754 2660 809 si
2684 753 2888 808 diceret
2919 769 2930 806 :
2958 753 3126 822 Supra
3159 767 3259 820 pos
3286 753 3462 808 lumen
3487 762 3592 808 tua:
3619 755 3834 823 pietatis

575 861 760 928 laetari,
785 868 837 913 et
857 859 1046 912 iterum
1067 853 1455 910 calamitatibus
1469 853 1584 923 ejus
1599 851 1946 908 vehementer
1957 847 2140 918 afﬂigi.

573 953 785 1022 Legitur
811 949 951 1005 enim
983 966 996 1002 :
1029 947 1234 1005 Felices
1281 947 1368 1017 qui
1412 947 1644 1016 gaudent
1681 945 1734 999 in
1783 957 1912 1011 pace
1938 951 2024 996 tua
2046 981 2059 1006 ,
2091 947 2146 994 et

575 1043 752 1099 felices
779 1054 966 1095 omnes
995 1039 1084 1110 qui
1122 1039 1575 1094 contristabuntur
1610 1036 1662 1090 in
1693 1034 1938 1090 omnibus
1963 1031 2147 1100 ﬂagelo

575 1132 640 1186 lis
669 1131 800 1185 tuis!
824 1129 1159 1199 Quapropter
1182 1126 1428 1182 convenit
1453 1124 1672 1196 utquod
1702 1124 1986 1193 unicuique
2017 1122 2148 1178 ﬁde-

575 1223 700 1276 lium
720 1221 1040 1292 provenerit,
1060 1218 1123 1272 ad
1140 1226 1352 1273 nostros
1369 1217 1583 1271 dolores
1604 1215 1960 1286 proximitatis
1973 1213 2148 1268 studio

576 1313 980 1381 transferamus,
1028 1313 1165 1367 sicut
1199 1311 1482 1382 Apostolus
1508 1310 1636 1364 dicit
1667 1325 1682 1362 :
1716 1307 1776 1364 Si
1802 1308 1926 1379 quid
1955 1307 2151 1377 patitur

576 1423 732 1460 unum
773 1405 1080 1472 membrum,
1129 1403 1502 1476 compatiuntur
1539 1402 1709 1455 omnia
1745 1400 2002 1468 membra;
2049 1401 2153 1456 sive

575 1498 890 1567 gloriﬁcatur
921 1513 1078 1550 unum
1109 1495 1414 1558 membrum,
1444 1494 1764 1565 congaudent
1796 1494 1964 1548 omnia
1992 1509 2152 1546 mem—

578 1590 669 1643 bra
699 1587 754 1661 (Ι
787 1589 901 1643 Cor.
933 1603 1027 1654 xu,
1052 1587 1166 1655 ‘26).
1197 1586 1331 1640 llinc
1357 1588 1498 1641 enim
1527 1587 1756 1640 charitas
1785 1586 1871 1640 illa
1901 1585 2151 1656 prmcelsa

579 1681 933 1750 conquiritur,
957 1679 1078 1732 hinc
1097 1677 1376 1748 praedicata
1395 1677 1565 1732 unitas
1587 1677 1868 1732 invenitur.
1890 1675 1954 1730 Et
1969 1676 2012 1730 si
2030 1690 2156 1730 cau-

581 1788 692 1828 sam
718 1773 840 1828 boni
862 1773 1012 1826 istius
1028 1771 1186 1832 altius
1206 1771 1572 1840 perscruteris,
1597 1770 1718 1826 hinc
1737 1777 1793 1826 et
1813 1770 1900 1824 illa
1921 1769 2154 1825 coelestis

2245 847 2500 914 infunde,
2532 855 2589 900 ut
2631 847 2719 917 qui
2754 861 2848 915 per
2879 859 2975 900 nos
3014 861 3198 900 sumus
3235 847 3546 915 tenebrosi,
3581 855 3832 916 aspectus

2249 940 2324 994 tui
2354 938 2639 994 reddamur
2663 937 2906 991 claritate
2937 936 3233 1006 coriSpicui.
3264 938 3536 1006 Sequitur,
3558 941 3647 1007 qui
3676 941 3832 992 dedu-

2250 1029 2324 1084 cis
2350 1030 2482 1084 velut
2510 1045 2624 1084 oves
2651 1027 2868 1096 Ioseph.
2895 1026 3088 1097 Ioseph
3128 1027 3336 1083 fidelem
3373 1029 3628 1098 populum
3667 1030 3832 1084 delic-

2249 1137 2369 1177 mus
2390 1122 2702 1186 advertere.
2734 1121 2828 1192 qui
2863 1121 2944 1176 sic
2971 1120 3024 1175 in
3069 1121 3247 1176 caulas
3280 1121 3488 1192 Domini
3529 1122 3831 1192 deducitur,

2251 1212 2406 1282 quasi
2435 1226 2562 1267 oves
2592 1212 2656 1266 ad
2707 1227 2900 1281 pascua
2946 1222 3354 1283 congregantur.
3393 1212 3525 1268 Nam
3566 1223 3624 1269 et
3666 1214 3832 1284 ipsum

2253 1319 2450 1360 nomen
2487 1304 2681 1375 Ioseph
2703 1304 2965 1373 signiﬁcat
2988 1305 3103 1360 sine
3127 1307 3442 1376 opprobrio,
3475 1309 3619 1378 quod
3643 1309 3834 1363 devoto

2262 1397 2457 1465 populo
2478 1405 2688 1451 certum
2717 1405 2801 1451 est
2843 1398 3150 1454 convenire.
3176 1395 3246 1450 Et
3279 1409 3403 1452 nota
3431 1400 3646 1469 propria
3673 1403 3833 1455 verba

2253 1485 2476 1555 singulis
2523 1486 2645 1541 data
2691 1486 2852 1541 fuisse
2883 1487 3142 1556 personis.
3173 1487 3387 1560 Regitur
3421 1492 3508 1560 qui
3538 1490 3702 1546 Israel
3722 1503 3830 1555 est;

2256 1576 2530 1630 deducitur
2577 1577 2666 1645 qui
2709 1576 2906 1644 Ioseph
2949 1587 3051 1633 est.
3096 1577 3348 1648 Addidit,
3397 1581 3482 1648 qui
3505 1583 3649 1635 sedes
3688 1599 3838 1650 super

2256 1665 2539 1735 cherubim,
2567 1683 2776 1738 appare.
2802 1666 3090 1736 Cherubim,
3111 1670 3387 1739 plenitudo
3413 1673 3653 1727 scicntia:
3678 1675 3838 1730 inter-

2258 1767 2520 1828 pretatur,
2550 1758 2603 1813 in
2633 1773 2738 1829 qua
2779 1757 3048 1814 Christum
3084 1761 3360 1817 Dominum
3412 1763 3648 1820 insidere
3669 1768 3836 1821 mani-

581 1863 795 1918 atlectio
822 1861 1072 1933 gignitur,
1103 1876 1220 1932 quae
1250 1861 1459 1917 Domini
1499 1861 1791 1918 Ecclesiam
1832 1861 2155 1932 locupletare

2259 1849 2451 1904 festum
2467 1856 2580 1904 est.
2613 1847 2719 1905 Sed
2746 1849 2996 1918 quoniam
3025 1849 3200 1905 adhuc
3241 1851 3296 1906 in
3338 1862 3549 1908 secreto
3583 1869 3694 1909 sum
3727 1871 3832 1910 ma-

583 1963 932 2012 monstratur.

837 2063 1196 2124 EXPOSIUO
1223 2065 1290 2122 IN
1315 2065 1634 2124 PSALMUM
1669 2064 1905 2122 LXXIX.

591 2175 656 2231 In
701 2180 882 2248 ﬁnem,
936 2195 1027 2250 pro
1073 2178 1162 2251 his
1198 2179 1286 2251 qui
1327 2179 1768 2251 immutabuntur,
1816 2179 2155 2236 testimonium

1125 2247 1322 2321 Asaph,
1352 2252 1599 2321 psalmus.

656 2353 834 2411 Doctis
871 2357 997 2412 viris
1026 2365 1078 2414 et
1106 2358 1160 2414 in
1187 2361 1450 2417 auditorio
1476 2361 1670 2420 Christi
1700 2365 2006 2422 salutariter
2033 2383 2155 2423 cru—

585 2445 708 2503 ditis
737 2451 778 2505 si
811 2451 927 2521 quis
956 2453 1147 2508 usitata
1193 2464 1433 2526 repetere
1476 2466 1727 2528 conetur,
1753 2459 1992 2516 oﬁ‘endit.
2023 2460 2156 2516 Nam

583 2557 701 2596 cum
734 2545 910 2598 omnia
938 2545 1071 2600 tituli
1100 2545 1252 2601 istius
1280 2547 1442 2603 verba
1458 2549 1567 2620 jam
1595 2561 1717 2606 nota
1742 2553 1871 2622 sint,
1907 2561 2072 2609 restat
2102 2562 2159 2608 ut

585 2631 686 2687 hoc
711 2635 849 2702 quod
889 2636 1095 2692 noviter
1119 2637 1249 2692 dixit
1279 2639 1614 2695 testimonium
1643 2643 1816 2715 Asaph
1851 2646 2160 2715 perquirere

584 2724 889 2781 debeamus.
908 2727 1009 2782 Iste
1027 2729 1198 2799 Λεαρῆ
1213 2739 1336 2786 ante
1357 2731 1612 2802 trepidus,
1631 2746 1756 2790 ante
1770 2736 2050 2806 sollicitus,
2068 2739 2156 2808 qui

585 2832 680 2888 pro
703 2818 996 2890 Synagogae
1038 2823 1269 2891 peccatis
1320 2825 1466 2880 visus
1503 2835 1587 2881 est
1627 2827 1849 2898 psalmis
1887 2831 2159 2900 prioribus

545 2935 556 2945 -
583 2924 825 2978 exorare,
851 2923 994 2967 tanta
1020 2928 1158 2969 nunc
1187 2917 1607 2987 praesumptione
1627 2920 1945 2991 completur,
1975 2924 2159 2993 utjam

585 3007 920 3060 commutatis
947 3008 1000 3062 in
1021 3007 1208 3063 melius
1242 3012 1603 3067 testimonium
1633 3016 2002 3072 conversionis
2027 3032 2161 3087 pra:-

584 3094 712 3149 bere
753 3095 1014 3153 videatur.
1040 3099 1177 3155 Dicit
1205 3102 1346 3156 enim
1377 3102 1443 3157 de
1470 3105 1640 3174 primo
1677 3107 1910 3163 adventu
1948 3109 2162 3166 Domini

583 3183 905 3255 Salvatoris,
937 3189 1025 3259 qui
1054 3189 1321 3247 hominem
1349 3192 1727 3251 deterioratum
1772 3198 1889 3268 lege
1927 3203 2151 3270 peccati,

2250 1939 2462 2009 jestatis
2486 1948 2624 2009 erat,
2655 1949 2808 2012 rogat
2837 1951 2894 1996 ut
2923 1941 3186 1998 beneﬁcio
3221 1951 3421 1999 sanctae
3455 1944 3838 2003 incarnationis

2257 2041 2541 2104 apparent;
2568 2041 2829 2104 quatenus
2851 2033 3035 2089 ﬁdeles
3054 2049 3181 2092 suos
3205 2035 3506 2092 ﬁrmissima
3529 2039 3840 2095 credulitate

2260 2126 2579 2184 consolidat.
2612 2128 2678 2184 Et
2703 2127 2824 2184 vide
2847 2129 2970 2199 quia
2997 2131 3136 2184 trina
3163 2130 3501 2187 invocatione
3526 2146 3718 2194 versus
3744 2135 3840 2190 iste

2253 2229 2539 2278 contextus
2563 2229 2678 2291 est,
2707 2231 2769 2278 ut
2792 2223 2970 2280 omnia
2999 2225 3277 2295 cooperari
3305 2235 3549 2282 sanctam
3581 2226 3842 2298 signiﬁcet

2257 2315 2601 2373 Trinitatem.

2325 2430 2480 2487 Vera.
2511 2430 2566 2486 ‘2.
2592 2429 2774 2486 Coram
2814 2431 3062 2503 Ephrem,
3087 2439 3135 2487 et
3178 2430 3469 2502 Benjamin,
3499 2442 3550 2487 et
3580 2431 3838 2488 Manasse.

2256 2523 2442 2580 Excita
2457 2526 2730 2596 potentiam
2759 2533 2896 2578 tuam
2919 2534 2967 2579 et
2987 2525 3122 2593 veni,
3146 2535 3198 2579 ut
3219 2525 3384 2579 salvos
3406 2526 3572 2595 facias
3601 2543 3714 2580 nos.
3743 2526 3838 2580 Ista

2258 2618 2475 2674 nomina
2515 2626 2872 2674 constetesse
2914 2619 3084 2688 gentis
3117 2620 3420 2685 llehraicat,
3451 2629 3576 2676 ante
3621 2636 3758 2692 quos
3792 2631 3843 2676 ut

2258 2719 2543 2782 appareat,
2574 2711 2838 2780 spirituali
2880 2711 3073 2767 virtute
3112 2712 3463 2781 deprecatur;
3509 2716 3614 2770 hoc
3641 2724 3758 2780 est,
3790 2725 3844 2770 ut

2259 2803 2280 2873 (
2303 2802 2438 2858 sicut
2457 2802 2755 2873 promissus
2778 2802 2950 2858 fuerat
2971 2818 3065 2874 per
3084 2803 3415 2878 prophetas)
3441 2819 3506 2860 ex
3535 2807 3843 2863 Iudaeorum

2259 2902 2420 2964 gente
2449 2901 2720 2950 nascatur.
2755 2895 2859 2951 Sed
2887 2897 3136 2966 quoniam
3171 2913 3275 2952 non
3309 2897 3574 2953 incassum
3607 2900 3724 2954 hrcc
3753 2917 3845 2956 no-

2261 2985 2406 3040 mina
2432 3000 2582 3041 more
2611 2985 2900 3056 Scripturae
2929 2987 3122 3044 divina:
3163 2989 3413 3045 videntur
3440 2999 3622 3060 aptata
3641 3034 3656 3057 ,
3680 2993 3848 3048 inter-

2263 3077 2591 3146 pretationes
2611 3091 2794 3132 eorum
2819 3078 3212 3136 studiosissime
3231 3081 3587 3148 requiramus.
3617 3081 3846 3153 Ephrem

2263 3167 2641 3238 interpretatur
2677 3169 3046 3237 fructiﬁcatio;
3076 3169 3366 3245 Benjamin,
3399 3174 3540 3229 ﬁlius
3571 3176 3844 3242 dexterae;

585 3278 651 3333 ad
676 3289 874 3335 sancta:
892 3253 1315 3340 conversationis
1341 3286 1479 3342 dona
1507 3287 1782 3358 perduxit,
1819 3253 2157 3348 translatam-'-
2185 3253 2231 3316 Ο
2261 3259 2551 3358 Μῖηωξθῆ
2585 3260 2803 3358 obuius.“
3007 3262 3232 3358 "im?
3251 3267 3473 3358 nesse-
3495 3274 3711 3358 conﬁat
3741 3265 3847 3322 Do-

585 3383 688 3438 que
710 3369 914 3425 vineam
933 3371 999 3427 de
1021 3371 1253 3446 Egypto
1283 3380 1533 3446 potentiae
1557 3394 1668 3436 suae
1691 3381 1869 3437 radice
1892 3383 2157 3440 solidarit.

591 3457 703 3516 lloc
731 3470 814 3516 est
841 3465 980 3532 quod
1009 3463 1134 3520 dicit
1151 3468 1485 3522 testimonium
1502 3487 1593 3539 pro
1614 3470 1693 3526 his
1715 3473 1798 3541 qui
1820 3473 2162 3529 immutabun—

583 3557 690 3605 tur.
719 3550 971 3610 Cantatur
998 3569 1126 3627 ergo
1158 3558 1384 3630 hymnus
1407 3560 1506 3618 iste
1534 3563 1600 3618 de
1621 3563 1850 3620 adventu
1879 3565 1977 3619 viri
2008 3567 2156 3638 agri-

583 3641 824 3708 cultoris,
853 3653 907 3699 et
947 3643 1096 3701 vinea
1129 3647 1368 3716 Domini,
1394 3660 1450 3704 ut
1473 3650 1584 3722 jam
1621 3667 1728 3710 non
1769 3654 2033 3727 obscuris,
2065 3659 2160 3714 sed

586 3734 882 3792 manifestis
931 3738 1183 3810 precibus
1231 3739 1346 3812 ejus
1388 3744 1682 3814 postuletur
1727 3747 2004 3806 adventus.
2060 3751 2162 3820 Qui

586 3827 820 3900 psalmus
847 3831 1084 3902 ejusdem
1114 3835 1193 3888 rei
1223 3837 1488 3892 secundus
1518 3853 1635 3894 esse
1664 3838 2015 3911 dignoscitur.

1164 3944 1357 4002 Divisio
1377 3947 1581 4018 psalmi.

656 4053 828 4126 Δίαρή
850 4054 952 4112 iste
977 4071 1132 4127 quem
1160 4058 1344 4115 titulus
1366 4061 1642 4131 praecinuit
1667 4073 2073 4135 commutatum,
2107 4069 2160 4124 in

585 4144 754 4214 prima
769 4148 1007 4205 sectione
1029 4149 1237 4206 Domini
1251 4151 1568 4223 deprecatur
1583 4156 1652 4212 ad
1661 4169 1896 4215 ventum.
1913 4160 2159 4217 Secunda

585 4244 807 4294 testatur
831 4241 1280 4310 quemadmodum
1302 4246 1477 4316 vinea,
1509 4263 1630 4318 quae
1655 4258 1738 4304 est
1765 4249 2022 4318 Ecclesia,
2048 4262 2158 4308 toto

583 4324 714 4380 orbe
741 4327 810 4382 sit
829 4328 1067 4384 dilatata.
1092 4332 1272 4387 Tertio
1302 4333 1422 4391 loco
1448 4337 1826 4396 incarnationis
1851 4341 1968 4411 ejus
1997 4342 2162 4399 bene-

584 4414 703 4472 ficio
725 4431 818 4488 per
843 4420 1241 4482 similitudinem
1269 4424 1439 4482 vinea:
1475 4428 1678 4485 visitari
1705 4430 2023 4500 deprecatur
2060 4434 2160 4492 Ec-

583 4508 796 4566 clesium
815 4549 831 4580 _.
856 4527 1020 4584 seque
1047 4514 1276 4572 Domino
1310 4520 1540 4590 postulat
1575 4522 1874 4582 adhaerere.

1124 4628 1394 4702 Expositio
1424 4635 1628 4705 psalmi.

656 4736 812 4794 Vere.
841 4739 895 4794 1.
931 4739 1033 4807 Qui
1056 4742 1188 4813 regis
1216 4741 1409 4812 Israel,
1432 4747 1666 4818 intende;
1687 4752 1775 4822 qui
1791 4752 2003 4810 deducis
2025 4753 2159 4809 velut

583 4845 695 4884 ores
721 4829 843 4903 [ηις.
870 4832 958 4900 Α.,
979 4832 1141 4905 ouem]
1166 4833 1385 4909 Ioseph;
1423 4843 1510 4910 qui
1529 4843 1672 4899 sedes
1691 4861 1842 4918 super
1877 4848 2154 4916 cherubim,

584 4937 794 4990 appare.
821 4925 920 4980 Per
934 4929 1218 4984 secundam
1240 4933 1470 5001 speciem
1486 4935 1806 4994 deﬁnitionis
1827 4955 1944 5011 qua:
1970 4942 2156 5000 Graece

584 5021 944 5075 ennoematice
964 5022 1122 5093 275
1149 5022 1374 5094 dicitur,
1407 5027 1591 5085 Latine
1619 5032 1766 5087 notio
1794 5044 2150 5105 nuncupatur,

586 5119 778 5176 magno
804 5108 1068 5168 desiderio
1089 5115 1271 5170 venire
1290 5116 1530 5176 Christus
1559 5120 1810 5178 Dominus
1833 5127 2150 5194 postulatur;

587 5204 646 5250 ut
673 5211 766 5266 per
785 5198 838 5252 id
861 5202 1000 5270 quod
1027 5201 1170 5275 facit,
1200 5205 1506 5275 planissime
1531 5211 1793 5268 indicatus
1821 5229 1942 5272 esse
1973 5217 2158 5272 videa-

588 5295 692 5342 tur.
724 5287 856 5343 Nam
885 5291 984 5348 ista
1031 5295 1241 5364 species
1279 5299 1603 5357 definitionis
1639 5317 1744 5359 non
1777 5321 1873 5375 per
1908 5309 2158 5364 substan-

588 5379 748 5446 tiam,
785 5381 876 5437 sed
926 5397 1020 5452 per
1047 5398 1196 5442 actus
1240 5405 1366 5447 suos
1405 5407 1833 5466 unamquamque
1872 5412 2156 5466 personam

586 5471 820 5528 indicare
846 5477 1202 5544 cognoscitur.
1236 5481 1400 5539 Recte
1445 5484 1602 5554 igitur
1628 5485 1822 5542 dicitur
1862 5488 1990 5561 Regi
2034 5492 2161 5548 cteli

584 5572 638 5619 et
666 5573 819 5619 terrae
845 5583 857 5618 :
889 5566 991 5632 Qui
1035 5569 1166 5643 regis
1197 5569 1392 5642 Israel,
1421 5575 1588 5645 cujus
1617 5578 1836 5633 arbitrio
1885 5590 1938 5634 et
1982 5592 2162 5640 creata

583 5665 704 5712 sunt
729 5665 785 5712 et
807 5657 1245 5720 administrantur
1263 5665 1528 5721 universa.
1576 5667 1682 5724 Sed
1706 5670 1949 5738 quamvis
1977 5675 2159 5732 omnia

580 5747 633 5804 in
657 5746 773 5818 ejus
809 5761 1070 5820 potestate
1099 5756 1206 5810 sint
1242 5753 1445 5826 posita,
1479 5757 1568 5812 illa
1593 5764 1771 5815 tamen
1797 5774 1985 5831 regere
2025 5761 2162 5820 dici-

581 5847 685 5908 tur,
713 5858 830 5914 que
857 5860 914 5903 se
943 5854 1172 5904 tractare
1197 5847 1404 5906 scelesti
1432 5852 1834 5913 conversatione
1867 5875 2148 5931 uomunt,

2265 3352 2412 3407 mino
2442 3352 2740 3419 Salvatori;
2769 3351 3105 3408 fructiﬁcavit
3130 3353 3272 3409 enim
3298 3354 3513 3424 quando
3535 3355 3606 3410 ad
3637 3365 3844 3426 tempus

2263 3459 2492 3514 corpore
2519 3445 2801 3512 trucidato,
2833 3446 2898 3500 ad
2939 3454 3192 3516 perpetua
3223 3447 3479 3504 caelorum
3509 3464 3676 3520 regna
3720 3465 3842 3505 sur-

2263 3538 2424 3592 rexit.
2450 3536 2616 3592 Filius
2643 3537 2908 3605 dextem,
2942 3537 2995 3593 id
3025 3547 3105 3593 cst
3135 3537 3300 3594 Filius
3325 3541 3712 3608 omnipotentis
3739 3541 3842 3598 Pa-

2265 3631 2381 3687 tris.
2405 3631 2634 3694 Oblitus,
2666 3633 2790 3687 illud
2813 3631 3012 3687 indicat
3033 3634 3244 3703 quando
3271 3634 3588 3705 iniuriarum
3619 3650 3836 3692 suarum

2265 3721 2482 3792 oblitus,
2509 3724 2563 3778 in
2584 3737 2742 3779 cruce
2771 3724 2976 3794 positus
3017 3739 3112 3794 pro
3146 3724 3371 3782 Iudaico
3408 3726 3609 3796 populo
3645 3729 3843 3800 suppli-

2264 3814 2427 3868 cavit.
2457 3813 2658 3870 Orabat
2679 3829 2808 3887 ergo
2837 3824 2894 3870 ut
2921 3817 2974 3870 in
3017 3816 3098 3872 his
3127 3817 3411 3872 virtutibus
3439 3819 3688 3887 veniret,
3715 3835 3840 3890 quas

2263 3922 2384 3963 eum
2418 3907 2677 3964 facturum
2705 3925 2826 3965 esse
2861 3911 3164 3967 nullatenus
3208 3913 3521 3984 ambigeret.
3564 3915 3836 3986 Sequitur,

2264 4000 2427 4052 excita
2474 3999 2749 4070 potentiam
2794 4009 3008 4056 tuamet
3047 4003 3188 4068 ueni,
3220 4011 3274 4056 ut
3314 4004 3484 4059 salvos
3527 4007 3692 4068 facias
3732 4024 3836 4062 nos.

2262 4087 2524 4155 Quantam
2553 4089 2706 4144 nobis
2737 4090 3014 4146 utilitatem
3045 4106 3138 4162 per
3178 4094 3600 4151 incarnationem
3633 4097 3835 4152 Domini

2263 4190 2484 4236 noverat
2530 4196 2652 4237 esse
2681 4181 3040 4251 tribuendam,
3077 4192 3224 4240 tanto
3261 4187 3498 4243 studiose
3525 4188 3840 4258 deprecatur

2262 4282 2319 4328 ut
2341 4274 2524 4330 excitet
2547 4275 2823 4344 potentiam
2847 4291 3019 4344 suam,
3043 4288 3088 4330 et
3108 4279 3272 4332 veniat
3291 4280 3354 4334 ad
3381 4291 3599 4350 peccata
3626 4282 3838 4338 humani

2260 4365 2476 4434 generis
2493 4366 2777 4421 abluenda.
2797 4367 2948 4434 Quod
2963 4369 3104 4424 enim
3122 4365 3467 4440 desiderium,
3485 4388 3606 4443 qua:
3630 4389 3838 4445 preces,

2263 4473 2380 4528 quae
2424 4467 2546 4513 vota
2592 4458 2860 4515 sufficiant
2898 4461 3026 4517 illud
3067 4472 3348 4532 expetere,
3398 4465 3542 4534 quod
3587 4469 3840 4523 mundum

2261 4549 2430 4620 possit
2453 4564 2482 4604 a
2507 4565 2601 4607 sua
2633 4552 2908 4622 impietate
2936 4554 3182 4610 salvare?

2185 4651 2242 4714 1)
2335 4661 2489 4719 Vers.
2519 4663 2575 4720 3.
2607 4661 2747 4719 Deus
2770 4666 3032 4732 virtutum,
3063 4675 3292 4722 converte
3321 4684 3432 4737 nos,
3460 4676 3508 4724 et
3539 4672 3749 4726 ostende
3768 4673 3842 4742 {a-

2263 4753 2388 4808 ciem
2425 4764 2592 4822 tuam,
2620 4767 2667 4810 et
2706 4756 2834 4812 salvi
2872 4760 3077 4815 erimus.
3119 4760 3379 4827 Quoniam
3415 4764 3678 4820 credebat
3700 4766 3752 4821 in
3789 4781 3842 4822 se

2262 4847 2524 4904 mirabilia
2565 4847 2833 4917 facienda,
2874 4850 3022 4922 juste
3060 4851 3225 4907 Deum
3269 4855 3538 4912 invocavit
3578 4861 3840 4927 uirtutum,

2261 4938 2349 5008 qui
2379 4939 2527 4994 solus
2556 4942 2808 5010 praevalet
2839 4942 2905 4998 de
2950 4943 3335 5001 incredulitatis
3376 4958 3548 5005 morte
3593 4950 3840 5008 liberare.

2262 5028 2330 5084 Et
2355 5031 2476 5100 quia
2497 5045 2556 5088 se
2572 5043 2795 5089 noverat
2814 5049 2932 5090 esse
2955 5035 3258 5104 distortum,
3285 5041 3504 5094 converti
3522 5055 3582 5096 se
3615 5058 3836 5115 magno-

2271 5141 2396 5196 pere
2427 5128 2736 5196 postulavit.
2770 5129 2880 5185 lloc
2907 5131 3048 5186 enim
3078 5133 3162 5188 cui
3191 5135 3470 5190 conveniat
3510 5134 3718 5206 faccre,
3746 5138 3841 5193 nisi

2261 5221 2518 5274 virtutum
2547 5219 2794 5288 Domino,
2821 5224 2910 5292 qui
2933 5224 3078 5282 solus
3115 5233 3304 5295 potens
3332 5238 3412 5282 est
3436 5244 3557 5299 qua:
3586 5230 3704 5285 vult
3731 5232 3845 5286 uni-

2266 5325 2418 5366 versa
2441 5312 2750 5381 complere?
2770 5314 2894 5370 Post
2917 5317 3282 5374 conversionis
3299 5329 3472 5374 autem
3497 5320 3841 5389 beneﬁcium,

2261 5410 2385 5472 apte
2407 5405 2670 5474 sequitur,
2703 5406 2908 5460 ostende
2943 5406 3126 5474 faciem
3157 5417 3330 5477 tuam;
3365 5413 3488 5481 quia
3531 5414 3675 5468 solet
3707 5415 3846 5469 Divi-

2268 5494 2405 5549 nitas
2446 5495 2687 5551 homines
2720 5495 2829 5566 jam
2859 5511 3120 5554 converso
3161 5500 3323 5556 corde
3363 5505 3658 5574 respicere.
3693 5506 3842 5574 Quod

2265 5586 2407 5640 enim
2430 5586 2652 5657 addidit,
2679 5597 2728 5643 et
2754 5588 2884 5644 salvi
2903 5591 3108 5661 erimus,
3138 5593 3412 5650 evidenter
3439 5599 3710 5668 signiﬁcat
3745 5600 3843 5654 Do—

2263 5679 2467 5734 minum
2488 5679 2839 5748 Salvatorem,
2863 5682 3015 5753 cujus
3039 5699 3222 5741 revera
3251 5701 3436 5744 sumus
3473 5689 3842 5748 incarnatione

2260 5769 2470 5827 salvati.

2269 5858 2278 5864 ’
2333 5861 2488 5920 Vers.
2520 5861 2572 5919 4.
2609 5863 2822 5920 Domine
2845 5863 2984 5921 Deus
3011 5866 3282 5936 virtutum,
3311 5885 3570 5944 quousque
3605 5873 3838 5931 irasceris
