4062 6344
251 396 353 459 581

1152 391 1518 453 ΕΧΡΟΞΙΤΙΟ
1558 391 1623 449 ιΝ
1663 389 2122 449 PSALTERIUM.
2168 388 2358 445 PSAL.
2403 388 2635 445 LXXIX.

3416 386 3521 448 58-2

246 518 304 571 in
334 516 614 570 orationem
641 511 772 566 servi
815 509 930 564 tui?
957 505 1067 565 [loc
1094 509 1159 567 de
1196 510 1287 565 illo
1317 519 1556 580 tempore
1586 506 1819 565 sentien-
1848 507 1902 567 Α
1927 521 2066 561 rum.
2099 504 2255 558 Vinea
2276 504 2517 574 qttippea
2542 501 2735 561 vitibus
2756 502 2895 558 dicta
2914 510 3013 558 est.
3037 502 3183 558 Hanc
3209 519 3274 558 ex
3291 503 3521 577 Ai'gypto

243 609 378 665 dum
411 616 494 663 est
519 621 625 676 quo
655 604 826 675 Asapli
868 602 1051 659 venire
1094 603 1377 658 Dominum
1424 602 1741 674 postulabat.
1773 600 1842 655 Et

244 702 373 773 quia
406 714 502 770 pro
531 696 934 768 dispensatione
977 694 1156 750 divina
1188 703 1304 751 erat
1333 696 1663 765 aliquatenus
1690 692 1841 749 diffe-

243 793 479 849 rendum
498 834 513 858 ,
541 790 670 847 dicit
702 807 717 843 :
745 789 1019 867 Quousque
1048 788 1284 844 irasceris
1322 788 1375 842 in
1405 788 1687 842 orationem
1711 778 1843 841 servi

242 889 357 955 tui,
392 896 449 942 ut
474 901 580 940 non
612 884 700 940 illa
717 882 830 954 jam
860 880 1139 952 provenire
1169 880 1349 948 facias,
1380 896 1497 951 qum
1533 880 1843 950 promisisse

242 976 626 1049 cognosceris?
654 976 719 1031 Et
747 976 951 1030 intuere
978 975 1227 1044 pietatem
1256 988 1317 1029 ac
1361 971 1685 1029 desiderium
1716 987 1841 1043 snp-

245 1070 523 1140 plicantis.
564 1067 770 1123 Iratum
811 1065 910 1122 sibi
952 1065 1233 1121 Dominum
1262 1064 1550 1130 credebat,
1591 1063 1844 1134 quoniam

246 1164 487 1219 humano
506 1162 688 1234 generi
716 1160 1004 1216 subvenire
1029 1158 1294 1214 tardabat.

327 1255 479 1312 Vers.
500 1257 555 1311 5.
579 1253 778 1309 Cibabis
795 1270 886 1308 nos
907 1269 1036 1324 pane
1054 1253 1420 1323 lacrymarum,
1444 1259 1489 1306 et
1510 1258 1683 1322 potum
1698 1248 1843 1303 dabis

246 1347 472 1402 nobisin
503 1348 744 1417 lacrymis
786 1346 839 1399 in
881 1345 1158 1398 mensura?
1206 1344 1492 1413 Postquam
1535 1357 1595 1397 se
1639 1340 1844 1395 differri

249 1453 412 1509 posse
442 1444 814 1507 praisenserat,
841 1441 1121 1489 enumerat
1143 1434 1279 1488 mala
1303 1449 1421 1504 qua:
1446 1447 1702 1503 passurus
1728 1437 1848 1487 erat

250 1532 482 1601 pepulus
510 1529 875 1585 Hebraeorum.
912 1528 1048 1583 Dicit
1075 1528 1244 1596 enim,
1277 1526 1480 1582 Cibabis
1502 1543 1593 1581 nos
1616 1543 1746 1598 pane
1769 1528 1847 1581 la-

249 1638 579 1693 crymarum,
618 1620 925 1690 significans
962 1633 1056 1675 eos
1101 1619 1203 1675 sub
1254 1619 1541 1675 afflictione
1589 1621 1843 1674 victuros.

257 1714 422 1768 Panis
450 1712 590 1768 enim
622 1714 962 1783 lacrymarum
985 1712 1089 1765 vita
1116 1719 1199 1766 est
1229 1710 1382 1781 plena
1409 1710 1708 1775 doloribus;
1751 1708 1847 1766 sed

253 1815 439 1861 tamen
462 1805 513 1860 in
535 1820 595 1860 ea
621 1803 827 1859 Domini
858 1801 1202 1857 miseratione
1225 1802 1475 1866 c‘bamur,
1503 1800 1713 1870 quando
1736 1800 1846 1854 cla-

1943 597 2164 653 deduxit
2191 597 2398 666 magnis
2427 596 2672 665 notisque
2707 595 3006 663 miraculis,
3037 603 3091 651 et
3115 596 3359 666 expulsis
3388 615 3520 669 gett-

1946 691 2109 754 tibus,
2142 690 2193 746 id
2228 700 2341 758 est,
2371 689 2727 756 Amorrhmis,
2752 687 3005 763 Cethteis,
3050 689 3339 759 Jebusaeis,
3364 704 3523 748 cane-

1942 785 2121 854 risque
2147 784 2264 839 aliis
2290 784 2524 838 finitimis
2548 796 2755 848 eorum,
2790 790 3038 851 tanquam
3069 783 3327 838 mirabilis
3372 786 3524 853 plan-

1944 875 2071 929 tavit
2099 875 2350 943 agricola.
2386 874 2498 929 lloc
2539 882 2621 927 est
2647 874 2985 926 testimonium
3009 874 3273 929 redditutn
3314 875 3380 930 de
3419 874 3522 929 im-

1944 967 2156 1022 mutatis
2203 966 2459 1034 llebrteis,
2511 966 2653 1037 quod
2691 966 2994 1021 continetur
3029 966 3082 1021 itt
3129 966 3303 1022 titulo.
3361 967 3522 1023 Vinea

1942 1058 2204 1130 s’qnidem
2242 1060 2494 1115 Ecclesia:
2522 1069 2575 1115 et
2617 1059 2703 1113 hic
2752 1059 3111 1129 pulcherrime
3138 1074 3475 1132 comparatur
3506 1080 3520 1118 :

1944 1151 2195 1221 quoniam
2217 1151 2455 1206 sicutilla
2473 1151 2608 1205 inti
2634 1149 2757 1204 folia
2783 1149 2981 1207 caduca
3008 1153 3340 1208 necessarios
3361 1154 3523 1210 infert

1945 1243 2167 1311 fructus,
2192 1246 2269 1299 sic
2291 1254 2344 1300 et
2366 1246 2463 1302 ista
2483 1226 2619 1301 inter
2642 1246 2825 1302 turbas
2855 1248 3164 1304 umbratiles
3192 1250 3520 1319 peccantium

1944 1350 2164 1395 ornatur
2194 1340 2341 1409 fruge
2363 1349 2693 1410 sanctorum,
2724 1342 2813 1412 qui
2842 1343 3025 1397 saeculi
3057 1342 3213 1412 hujus
3232 1342 3522 1398 afflictione

1948 1440 2197 1504 tanquam
2229 1432 2584 1489 torcularibus
2613 1435 2816 1503 pressi,
2855 1450 3100 1503 saporem
3141 1446 3338 1491 norunt
3380 1453 3522 1491 ema-

1950 1542 2081 1581 nare
2111 1526 2500 1581 dulcissimttm.
2545 1526 2671 1582 Sive
2707 1527 2827 1596 quia
2869 1527 3007 1582 fossa
3058 1528 3175 1597 plus
3207 1529 3442 1598 prolicit,
3474 1536 3525 1582 ct

1951 1627 2137 1690 putata
2163 1618 2571 1686 multiplicatur,
2602 1619 2740 1689 quod
2769 1618 2867 1673 soli
2915 1619 3104 1674 merito
3143 1619 3297 1673 datur
3341 1622 3523 1673 Ecefen

1950 1712 2066 1776 site,
2098 1726 2214 1781 qua:
2242 1711 2379 1767 Solet
2410 1711 2670 1780 passionis
2703 1710 2836 1766 falce
2870 1725 3146 1780 crescere,
3179 1722 3233 1767 et
3279 1728 3529 1782 persecne

1949 1803 2152 1858 tionum
2187 1803 2354 1874 plagis
2384 1804 2437 1858 in
2478 1812 2663 1859 sancto
2694 1804 2888 1875 populo
2937 1818 3148 1874 semper
3186 1803 3388 1875 augeri.
3420 1804 3525 1860 Sed

253 1898 417 1953 dibus
438 1895 792 1965 mrumttisque
818 1908 922 1949 non
949 1893 1357 1963 exstinguimur,
1390 1891 1486 1947 sed
1518 1893 1692 1961 potius
1722 1908 1842 1947 eru-
1871 1893 1918 1953 Β
1946 1894 2060 1949 haec
2106 1898 2251 1950 vinea
2298 1895 2748 1966 quemadmodum
2790 1910 2884 1966 per
2921 1896 3227 1951 universum
3268 1896 3523 1952 mundum

254 1989 459 2047 dimur.
504 1987 779 2059 Sequitur,
810 1995 856 2041 et
900 1995 1076 2057 potum
1112 1984 1255 2038 dabis
1296 1984 1435 2038 nobis
1487 1986 1539 2035 in
1582 1982 1841 2051 Iacrymis.

257 2082 419 2138 Prius
441 2080 809 2151 dixitpanem;
832 2092 970 2133 nunc
990 2076 1119 2132 dicit
1140 2084 1193 2131 et
1213 2085 1408 2145 potum.
1435 2074 1538 2129 Ista
1567 2072 1712 2128 enim
1738 2072 1845 2127 duo

257 2182 388 2229 sunt
434 2174 621 2244 quibus
663 2171 792 2226 vivit
833 2169 1007 2224 omnis
1055 2166 1393 2233 humanitas,
1436 2173 1495 2219 ut
1537 2180 1718 2236 partem
1753 2176 1847 2231 pro

259 2264 500 2336 qualibet
522 2275 641 2316 esca
675 2275 874 2330 ponas,
907 2266 1083 2328 potum
1128 2272 1222 2328 pro
1252 2257 1398 2311 omni
1431 2254 1668 2326 potione.
1714 2255 1847 2309 Nam

261 2353 411 2426 quod
438 2364 641 2424 tempus
670 2368 695 2405 a
730 2352 977 2423 lacrymis
1006 2365 1127 2407 esse
1152 2357 1359 2420 poterat
1380 2362 1623 2414 vacuum,
1654 2345 1847 2416 quibus

259 2458 321 2507 et
343 2450 455 2520 ipsa
485 2446 706 2504 refectio
729 2444 1010 2500 videbatur
1037 2456 1157 2499 esse
1201 2441 1463 2513 ploratio?
1496 2439 1561 2494 In
1588 2454 1849 2507 mensura,

263 2542 321 2613 in
351 2539 635 2595 distributo
661 2535 875 2592 modulo
905 2535 1064 2601 dicit,
1094 2534 1229 2589 sicut
1250 2533 1322 2587 ait
1343 2530 1627 2601 Apostolus
1653 2548 1664 2582 ε
1690 2527 1851 2584 Fide-

162 2672 171 2677 -
264 2633 333 2688 iis
367 2630 531 2697 Deus,
569 2631 651 2702 qui
685 2645 786 2683 non
830 2628 1048 2699 patietur
1093 2641 1178 2680 vos
1212 2624 1395 2677 tentari
1444 2638 1599 2694 supra
1637 2622 1690 2674 id
1712 2617 1850 2691 quod

265 2724 483 2796 potestis
508 2766 524 2792 ,
565 2721 647 2776 sed
693 2721 843 2789 faciet
882 2734 996 2772 cum
1037 2716 1312 2772 tentatione
1365 2714 1516 2768 etiam
1554 2721 1850 2783 proventum

260 2830 513 2885 vestrum,
539 2827 591 2871 ut
615 2816 815 2888 possitis
837 2816 1079 2869 sustinere
1109 2810 1160 2881 (ι
1193 2810 1310 2867 Cor.
1339 2811 1524 2878 x,15).

345 2909 496 2965 Vers.
524 2908 574 2964 6.
605 2907 831 2963 Posuisti
862 2921 953 2960 nos
983 2905 1035 2958 in
1074 2902 1526 2958 contradictionem
1548 2899 1723 2954 vicinis
1752 2916 1851 2954 no-

263 3003 421 3069 stris,
444 3010 489 3057 et
515 3000 707 3055 inimici
746 2999 902 3053 nostri
927 2996 1212 3051 deriserunt
1232 3010 1344 3048 nos.
1383 2992 1731 3048 Contradictio
1762 2990 1852 3048 illa

263 3095 486 3166 gentilis
513 3091 792 3163 cogitanda
832 3097 941 3155 est,
983 3103 1101 3159 qua:
1141 3088 1423 3143 adversum
1473 3084 1851 3156 prmdicatores

268 3185 473 3241 Christi
517 3182 693 3254 pravis
747 3179 1177 3237 contentionibus
1223 3178 1545 3249 erigebatur,
1574 3176 1852 3233 credentes

1950 1986 2170 2042 dilatata
2199 1988 2299 2054 sit,
2329 1987 2515 2042 subter
2546 1985 2790 2043 edicitur.

2020 2079 2172 2134 Vers.
2199 2078 2253 2133 9.
2285 2077 2434 2132 Viam
2465 2079 2628 2148 fecisti
2657 2080 2711 2133 in
2741 2089 3006 2149 conspectu
3033 2082 3162 2151 ejus,
3190 2089 3234 2135 et
3285 2079 3532 2152 plantasti

1946 2171 2144 2225 radices
2172 2171 2305 2241 ejus,
2334 2181 2379 2224 et
2405 2171 2596 2241 repleta
2617 2179 2690 2225 est
2713 2180 2867 2226 terra.
2895 2171 2985 2226 Isti
3018 2173 3186 2227 vinea:
3216 2171 3531 2239 fructuosae,

1948 2277 2068 2333 qua:
2091 2263 2275 2317 mundi
2307 2262 2476 2331 spatia
2506 2262 2927 2333 comprehendit,
2956 2265 3087 2316 viam
3109 2264 3226 2332 fecit
3252 2262 3532 2329 Dominus,

1949 2356 2076 2411 dum
2102 2356 2218 2425 ejus
2250 2354 2629 2425 conspectibus
2668 2370 2925 2427 apparere
2973 2356 3221 2427 dignatus
3269 2365 3371 2411 est.
3412 2354 3529 2426 lpsa

1951 2448 2092 2504 enim
2118 2446 2430 2517 proficiendi
2470 2446 2565 2501 fuit
2585 2462 2780 2515 causa,
2813 2455 2873 2503 ut
2900 2462 3054 2503 suum
3086 2448 3289 2503 videret
3326 2450 3533 2518 agrico-

1951 2540 2080 2607 lam,
2111 2549 2166 2596 et
2193 2539 2260 2595 ab
2289 2554 2353 2595 eo
2393 2539 2617 2595 imbrem
2647 2539 3041 2611 praedicationis
3064 2542 3366 2610 acciperet,
3400 2557 3534 2610 qua-

1955 2643 2109 2689 tenus
2150 2633 2351 2689 fructus
2398 2633 2745 2688 suavissimos
2796 2642 3119 2703 procrearet.
3169 2633 3446 2703 Sequitur,
3486 2641 3534 2687 et

1956 2728 2195 2800 pfantasti
2224 2727 2422 2780 radices
2446 2728 2580 2797 ejus,
2603 2734 2650 2780 et
2678 2726 2871 2795 repleta
2896 2736 2969 2781 est
3001 2734 3159 2781 terra.
3186 2727 3399 2781 Radices
3424 2726 3534 2795 ejus

1957 2828 2080 2876 sunt
2103 2818 2377 2889 propheta:
2404 2816 2638 2872 cmlestis
2662 2815 2817 2886 Regis
2844 2817 3155 2887 operatione
3180 2816 3435 2886 plautati:
3467 2832 3532 2871 ex

1958 2909 2149 2980 quibus
2178 2908 2268 2962 illa
2293 2907 2477 2962 felices
2501 2906 2749 2979 palmites
2780 2907 3022 2972 tendens,
3043 2909 3350 2963 universum
3377 2923 3533 2962 utun-

1958 3001 2083 3058 dum
2114 2998 2263 3069 quasi
2290 2997 2513 3055 amoenis
2543 2996 2671 3053 ﬁdei
2701 2997 3026 3054 umbraculis
3056 2999 3353 3068 occupavit.

2035 3093 2185 3148 Vers.
2211 3091 2297 3146 10.
2326 3090 2538 3159 Operuit
2568 3099 2757 3144 montes
2777 3092 2953 3143 umbra
2974 3091 3105 3160 ejus,
3132 3098 3177 3143 et
3201 3090 3406 3143 arbusta
3424 3090 3535 3159 ejus

1959 3187 2132 3242 cedro:
2162 3183 2278 3238 Dei.
2309 3184 2554 3241 Latitudo
2581 3194 2633 3239 et
2661 3183 2883 3238 altitudo
2913 3183 3062 3238 istius
3092 3182 3261 3238 vineae
3284 3182 3536 3238 decenter

268 3276 357 3331 illa
391 3290 450 3331 se
477 3289 632 3345 posse
660 3270 972 3338 defendere.
1004 3286 1122 3342 (ιιιω
1154 3269 1207 3324 in
1244 3269 1456 3339 tempus
1486 3268 1597 3323 θυῖε
1636 3267 1851 3323 Videbar
1880 3276 1929 3341 C
1956 3279 2259 3349 exponitur.
2292 3276 2412 3332 Illos
2442 3275 2582 3331 enim
2612 3274 2756 3329 novit
2781 3274 2992 3344 operire
3019 3288 3152 3344 quos
3174 3273 3358 3343 nutrit,
3404 3287 3535 3343 quo-

269 3376 357 3423 tur
386 3366 609 3422 adorare
634 3364 922 3435 gentilitas.
952 3361 1078 3418 Sive
1108 3361 1276 3430 magis
1315 3360 1442 3416 illud
1472 3369 1683 3429 tempus
1708 3374 1857 3414 eom-

272 3473 575 3514 ntemorare
595 3456 836 3523 videtur,
873 3453 1013 3526 quod
1045 3453 1097 3508 in
1125 3452 1495 3524 superioribus
1523 3452 1656 3506 dixit
1688 3467 1703 3507 :
1732 3449 1855 3522 quia

271 3552 375 3605 sub
420 3565 544 3635 rege
590 3547 851 3604 Antiocho
898 3547 1023 3601 dum
1066 3545 1230 3616 aliqui
1277 3544 1446 3599 Judaei
1489 3542 1857 3599 sacrificarent

273 3643 454 3709 idolis,
480 3641 911 3698 contradicebant
932 3639 1017 3695 his
1039 3639 1126 3710 qui
1156 3639 1328 3710 legem
1353 3637 1562 3692 Domini
1586 3637 1855 3693 custodire

269 3736 606 3791 videbantur.
642 3734 709 3789 Et
737 3732 856 3789 ideo
877 3733 1088 3799 vicinos,
1120 3737 1368 3801 parentes
1389 3729 1641 3784 debemus
1661 3729 1853 3784 adver-

274 3836 414 3895 tere,
448 3827 536 3896 qni
563 3826 640 3880 eis
660 3824 1004 3896 proximitate
1026 3822 1236 3893 generis
1264 3820 1630 3876 adhaerebant.
1661 3820 1853 3892 Sequi-

270 3928 381 3986 tur,
412 3927 461 3972 et
485 3918 679 3971 inimici
699 3917 857 3972 nostri
880 3915 1163 3970 deriserunt
1186 3930 1298 3968 nos.
1337 3912 1523 3968 Merito
1545 3912 1741 3967 inimici
1766 3912 1856 3966 de-

266 4010 546 4077 rittebant,
592 4010 730 4065 inter
775 4023 908 4079 quos
957 4015 1066 4062 tam
1125 4005 1386 4062 nefarium
1433 4003 1685 4058 videbant
1733 4019 1856 4060 esse

271 4104 549 4159 certamen
572 4143 588 4169 ,
618 4110 676 4157 ut
705 4115 827 4173 pars
859 4113 1044 4155 eorum
1077 4098 1130 4152 in
1178 4096 1396 4167 pristina
1441 4093 1698 4164 religione
1727 4108 1855 4148 cen-

271 4201 474 4259 staret,
506 4209 625 4264 pars
653 4204 831 4248 autem
853 4191 1010 4246 idolis
1036 4196 1217 4245 coacta
1246 4187 1490 4243 serviret.

346 4288 500 4344 Vers.
551 4289 604 4344 7.
635 4285 853 4341 Domine
890 4284 1028 4340 Deus
1064 4284 1333 4348 virtutum,
1376 4288 1605 4334 converte
1642 4296 1764 4346 nos,
1808 4287 1854 4333 et

265 4379 477 4434 ostende
503 4378 681 4449 {aciem
703 4386 862 4443 tuam,
891 4383 936 4430 et
962 4374 1089 4428 salvi
1114 4373 1321 4427 erimus.
1354 4370 1631 4439 Repetitur
1666 4384 1855 4425 versus

265 4487 426 4543 quem
454 4471 562 4543 jam
589 4467 835 4539 superius
860 4475 985 4523 ante
1028 4465 1127 4521 hos
1154 4473 1263 4520 tres
1303 4464 1547 4533 posuisse
1583 4475 1853 4518 monstra-

268 4576 357 4621 tur
393 4582 407 4618 :
440 4565 564 4635 quia
590 4561 943 4619 desiderantis
985 4574 1102 4613 mos
1128 4567 1209 4613 est
1257 4557 1564 4627 frequenter
1611 4564 1854 4626 repetere

1958 3373 2101 3427 niam
2131 3373 2242 3443 ejus
2268 3370 2445 3425 umbra
2468 3360 2770 3434 fructilleat,
2798 3379 2851 3425 et
2869 3369 3098 3439 amplius
3124 3368 3248 3423 facit
3270 3383 3534 3437 crescere,

1958 3480 2076 3535 qua:
2105 3464 2271 3534 magis
2304 3472 2482 3533 tegere
2508 3463 2906 3533 comprobatur.
2953 3461 3058 3517 Sed
3099 3462 3269 3532 qualis
3307 3470 3392 3517 est
3434 3462 3535 3516 ista

1956 3558 2108 3612 vinea
2165 3572 2283 3626 qua:
2309 3567 2505 3611 montes
2549 3556 2746 3625 operit?
2775 3554 2965 3624 Utique
2993 3568 3221 3624 superna
3243 3595 3257 3620 ,
3287 3553 3537 3623 quoniam

1958 3647 2205 3718 qurelibet
2229 3646 2449 3702 altitudo
2480 3654 2740 3703 terrarum
2766 3656 2955 3701 cuncta
2992 3648 3090 3702 sub
3130 3646 3269 3701 cmlo
3308 3654 3411 3700 est.
3437 3645 3537 3701 Se-

1957 3740 2157 3812 quitur,
2203 3749 2250 3795 et
2290 3741 2498 3795 arbusta
2524 3742 2633 3812 ejus
2658 3740 2834 3794 cedros
2867 3737 2981 3794 Dei.
3017 3738 3149 3806 Quia
3172 3739 3349 3795 cedros
3379 3738 3539 3809 dicit,

1957 3834 2094 3889 bene
2134 3833 2338 3888 arbusta
2379 3834 2588 3903 posuit;
2623 3834 2760 3888 viles
2791 3834 2932 3887 enim
2978 3833 3191 3900 quando
3227 3833 3280 3887 in
3319 3833 3538 3888 arbores

1958 3926 2273 3992 ascendunt,
2305 3926 2514 3980 arbusta
2545 3925 2905 3979 nominantur.
2936 3923 3043 3979 Sed
3088 3923 3331 3993 quamvis
3362 3924 3413 3976 in
3447 3922 3528 3977 tri-

1956 4019 2157 4091 gesimo
2184 4018 2389 4088 psalmo
2415 4016 2592 4071 cedros
2617 4030 2715 4086 pro
2743 4014 2991 4083 superbia
3027 4014 3353 4085 designanda
3394 4015 3539 4084 posi-

1960 4117 2040 4164 tas
2069 4107 2370 4162 dixerimus
2395 4145 2411 4170 ,
2442 4114 2618 4159 tamen
2646 4104 2897 4172 quoniam
2930 4103 3014 4158 hic
3039 4112 3121 4159 est
3152 4103 3388 4157 additum
3422 4103 3534 4168 Dei,

1964 4204 2229 4266 martyres
2260 4195 2513 4249 debemus
2541 4192 2842 4257 advertere,
2877 4191 2967 4261 qui
2998 4190 3050 4245 in
3083 4192 3320 4247 Ecclesia
3343 4191 3539 4247 Christi

1958 4285 2012 4341 in
2038 4286 2294 4341 altissima
2338 4290 2462 4338 sunt
2502 4281 2775 4337 cacumina
2802 4281 3099 4337 constituti.
3126 4284 3190 4338 Et
3214 4284 3309 4337 bos
3346 4282 3536 4338 Eccle-

1958 4377 2035 4433 sia
2061 4376 2306 4449 protegit,
2340 4375 2590 4445 quoniam
2622 4374 2675 4431 in
2709 4373 2825 4446 ejus
2869 4388 2988 4432 esse
3031 4376 3237 4448 gremio
3292 4389 3538 4447 compro-

1958 4471 2174 4526 bantur.

2034 4565 2180 4622 Vers.
2208 4566 2295 4623 11.
2322 4563 2611 4620 Extendisti
2652 4564 2887 4634 palmites
2934 4570 3044 4637 ejus
3084 4581 3241 4637 usque
3268 4566 3339 4620 ad
3375 4581 3536 4635 mare,

264 4674 389 4730 quae
415 4657 619 4728 magnis
646 4654 892 4727 precibus
919 4652 1149 4723 postulat
1170 4650 1439 4705 advenire.
1473 4648 1589 4720 lpsa
1617 4658 1703 4705 est
1722 4663 1851 4721 ergo
1879 4668 1930 4730 ι)
1955 4669 2001 4717 ει
2022 4676 2181 4730 usque
2194 4658 2263 4712 ad
2282 4660 2470 4724 ﬂumen
2491 4660 2796 4729 propagines
2818 4661 2949 4731 ejus.
2971 4657 3221 4713 Palmites
3238 4657 3541 4727 significant

262 4753 452 4824 facies,
487 4749 538 4804 id
563 4758 645 4804 est
671 4747 956 4820 praesentia
991 4745 1209 4811 Christi,
1244 4758 1335 4814 per
1360 4757 1517 4814 quam
1559 4743 1686 4797 salvi
1726 4741 1849 4814 [acti

258 4858 464 4906 sumus,
496 4855 590 4911 per
614 4854 769 4910 quam
811 4839 1030 4908 laqueos
1060 4834 1248 4892 mortis
1272 4836 1539 4892 evasimus
1570 4851 1585 4889 :
1616 4835 1728 4904 ipsa
1750 4834 1846 4891 de-

260 4937 429 5006 nique
448 4948 566 5005 qua:
592 4940 648 4990 et
669 4930 901 5003 indignis
924 4940 977 4987 et
1000 4929 1376 4986 confitentibus
1402 4929 1660 4985 caelorum
1685 4941 1847 5000 regna

263 5025 514 5096 largitur.

345 5117 492 5172 Vers.
538 5115 593 5172 8.
642 5112 854 5170 Vineam
892 5129 955 5168 ea:
992 5111 1223 5184 {Egypto
1272 5110 1608 5176 transtulisti;
1655 5109 1849 5181 ejecisti

260 5216 468 5280 gentes,
496 5215 542 5261 et
566 5205 806 5278 plantasti
846 5220 975 5258 eam.
1017 5202 1174 5258 Venit
1210 5202 1277 5257 ad
1321 5201 1611 5257 secundam
1656 5201 1851 5257 sectio-

261 5318 413 5371 nem,
447 5300 502 5357 in
529 5316 628 5372 qua
661 5315 754 5370 per
781 5298 1035 5369 mysticus
1076 5295 1447 5366 figurationes,
1479 5310 1597 5367 quae
1638 5296 1849 5350 fuerunt

264 5404 419 5465 gesta
451 5399 855 5449 commemorat.
887 5388 1039 5456 Quod
1069 5388 1284 5443 schema
1325 5386 1519 5442 dicitur
1559 5385 1846 5453 metabole,

265 5487 424 5541 unius
452 5486 531 5542 rei
570 5484 818 5555 frequens
849 5482 1061 5538 iteratio
1104 5479 1205 5535 sub
1247 5480 1502 5535 varietate
1543 5479 1843 5535 verborum.

267 5579 371 5636 Per
392 5579 493 5636 hos
512 5579 653 5634 enim
685 5592 781 5632 sex
806 5590 995 5630 verstts
1020 5573 1182 5645 276
1212 5587 1376 5642 usque
1407 5570 1473 5626 ad
1520 5571 1725 5626 tertiam
1762 5570 1846 5624 di-

267 5670 549 5736 visionem,
581 5669 728 5723 vinea
758 5666 861 5721 ista
907 5664 1248 5720 describitur.
1296 5660 1510 5717 Vineam
1546 5660 1689 5716 enim
1717 5659 1849 5714 dicit

270 5764 613 5819 Hebraeorum
646 5770 889 5833 gentem,
915 5773 1071 5829 quam
1113 5758 1337 5826 positam
1380 5756 1430 5810 in
1477 5763 1599 5825 typo
1640 5762 1848 5808 constat

272 5859 545 5925 Ecclesiae,
578 5857 720 5915 unde
743 5856 972 5912 fidelium
1003 5862 1123 5910 nata
1151 5862 1230 5908 est
1261 5854 1598 5924 congregatio
1630 5850 1851 5922 populo-

1955 4750 2248 4821 discipulos
2275 4748 2516 4811 Domini,
2548 4750 2740 4820 quibus
2770 4749 2884 4819 ipse
2926 4749 2978 4803 in
3028 4748 3322 4817 Evangelia
3357 4747 3486 4803 dicit
3516 4764 3532 4804 :

1955 4842 2067 4914 Ego
2108 4858 2221 4896 sum
2250 4840 2361 4894 vitis
2400 4856 2548 4909 vera,
2580 4850 2627 4895 et
2653 4857 2740 4897 vos
2786 4840 3017 4911 palmites
3062 4838 3260 4911 (Joan.
3294 4854 3397 4909 xv,
3439 4838 3538 4909 5).

1955 4934 2120 4998 Mare,
2146 4941 2455 4989 cunctarum
2487 4934 2722 5004 gentium
2754 4934 2870 4989 vult
2896 4932 3112 5004 intelligi
3140 4932 3534 4989 sanctissimam

1954 5023 2344 5078 credulitatem.
2385 5021 2673 5077 Extendt'sti
2701 5024 2841 5079 enim
2868 5022 3017 5090 dicit,
3055 5022 3305 5093 quoniam
3332 5023 3400 5079 ab
3440 5022 3534 5080 Je-

1956 5114 2240 5186 rosolymis
2270 5114 2387 5169 haec
2416 5115 2571 5170 vinea
2602 5129 2698 5184 per
2726 5113 3089 5183 apostolorum
3127 5114 3535 5184 praedicationes

1953 5206 2007 5261 in
2032 5215 2249 5262 cunctas
2279 5205 2461 5260 mundi
2495 5214 2669 5273 partes
2697 5212 2915 5260 extensa
2945 5213 3048 5259 est.
3092 5205 3349 5275 Accipere
3392 5207 3535 5262 enim

1954 5312 2060 5353 non
2083 5312 2367 5368 possumus
2389 5296 2635 5363 localem,
2660 5295 2727 5352 de
2748 5308 2850 5367 qua
2867 5294 2977 5365 jam
2998 5296 3196 5353 dictum
3218 5306 3298 5353 est
3326 5314 3339 5350 :
3370 5296 3536 5351 Plan-

1953 5392 2071 5446 tasti
2095 5391 2288 5445 radices
2326 5390 2470 5462 ejus',
2498 5399 2543 5444 et
2572 5389 2767 5459 repleta
2792 5399 2867 5444 est
2898 5399 3056 5445 terra.
3094 5390 3412 5462 Propagines
3442 5404 3537 5445 au-

1956 5491 2060 5537 tem
2106 5484 2217 5552 ejus
2261 5480 2395 5536 filios
2442 5481 2864 5551 regenerationis
2912 5481 3071 5549 dicit,
3101 5481 3191 5553 qui
3238 5495 3270 5537 a
3315 5479 3537 5537 ﬂumine

1950 5571 2182 5628 Jordane
2233 5579 2650 5639 emanaverunt,
2694 5572 2783 5628 ubi
2826 5572 3080 5629 Dominus
3126 5573 3179 5629 in
3226 5571 3532 5643 exemplum

1953 5672 2153 5718 nostrre
2180 5662 2367 5718 salutis
2397 5662 2654 5733 baptizari
2681 5664 2926 5735 dignatus
2962 5674 3064 5721 est.

2026 5757 2179 5811 Vers.
2209 5753 2293 5810 η.
2322 5754 2510 5826 thuid
2530 5758 2809 5830 deposuisti
2829 5758 2980 5831 [tnss.
2999 5758 3090 5827 A.,
3111 5758 3197 5825 F.,
3221 5756 3539 5828 destruxisti]

1953 5851 2224 5907 maceriam
2245 5849 2379 5949 ejus,
2402 5857 2451 5937 et
2473 5851 2782 5909 vindemiant
2812 5870 2923 5908 eam
2953 5870 3123 5908 omnes
3145 5853 3231 5921 qui
3270 5855 3539 5905 transeunt
