4062 6344
550 410 655 473 583

1749 418 1822 477 Μ.
1861 418 2137 478 Αυιιειιι
2179 417 2584 478 CASSIODORI

3721 414 3834 478 58‘

551 541 726 595 viam?
747 535 902 593 istius
931 535 1098 591 viuere
1123 548 1239 606 quae
1268 547 1296 588 a
1327 533 1549 590 Judaieo
1572 533 1767 606 populo
1793 535 1940 591 ducit
1961 535 2127 606 origi-
2157 544 2211 605 Α
2231 538 2355 593 caelo
2385 544 2434 592 et
2465 535 2610 602 vide;
2640 535 2798 609 277
2839 535 3048 593 scilicet
3089 535 3280 607 quibus
3320 533 3572 591 fluctibus
3613 534 3822 592 laboret

552 646 695 696 nem,
727 629 949 683 miratur
973 642 1066 682 cur
1097 624 1252 680 fuerit
1274 638 1460 682 eversa
1486 626 1734 692 munitio,
1759 626 1860 682 hoc
1885 636 1988 692 est,
2023 627 2130 684 Do-

551 720 683 776 mini
710 719 976 776 subtracta
1016 715 1274 773 defensio.
1309 713 1539 770 Maceria
1573 725 1658 772 est
1698 718 1842 773 enim
1883 716 1954 774 de
1997 717 2128 774 solis

551 813 813 884 lapidibus
838 818 1145 867 constructa
1185 809 1426 865 custodia
1447 849 1462 875 ,
1491 825 1613 882 quae
1649 811 1790 867 solet
1815 811 2000 867 vineas
2028 811 2127 868 de-

549 904 879 964 fensabiliter
925 902 1170 958 circuire.
1213 901 1280 956 Et
1320 901 1511 958 merito
1543 903 1632 958 tali
1659 903 1823 960 verbo
1863 903 1918 958 in
1964 917 2128 973 supe-

549 997 677 1052 riori
708 992 1054 1049 translatione
1083 992 1396 1062 permansit.
1426 992 1698 1063 Sequitur,
1727 1003 1776 1048 et
1815 993 2129 1049 vindemiant

545 1103 658 1141 eam
685 1101 875 1140 omnes.
902 1083 999 1139 Hic
1018 1083 1346 1152 vindemiant,
1380 1083 1432 1137 in
1457 1083 1597 1138 malo
1620 1084 1849 1153 positum
1871 1084 2128 1140 debemus

546 1178 814 1248 accipere,
845 1176 982 1232 sicut
1011 1183 1065 1230 et
1107 1173 1368 1230 Jeremias
1393 1153 1564 1230 dietfz
1609 1175 1765 1242 Vide,
1803 1175 2037 1240 Domine,
2081 1182 2129 1230 et

547 1271 809 1326 considera
853 1270 974 1339 quia
1005 1269 1324 1324 vindemiasti
1359 1286 1470 1324 nos.
1503 1269 1758 1326 Sacerdos
1792 1278 1839 1325 et
1880 1270 2129 1340 prapheta

547 1364 608 1418 de
622 1362 909 1418 sanetuario
932 1371 1019 1416 tuo
1035 1361 1320 1431 defecerunt
1339 1360 1552 1434 (Thren.
1583 1377 1642 1429 ιι,
1666 1361 1779 1432 20).
1805 1361 2130 1417 Vindemiant

547 1468 675 1523 ergo
697 1452 844 1520 dicit,
880 1451 1136 1522 diripiunt
1165 1460 1324 1522 atque
1352 1452 1698 1518 conculcant;
1729 1453 1870 1520 quod
1895 1469 1924 1507 a
1952 1463 2129 1510 trans-

549 1546 796 1603 euntibus
824 1543 937 1601 ﬁeri
961 1545 1117 1610 solet,
1151 1544 1240 1614 qui
1286 1535 1558 1614 praedandi
1581 1545 1757 1600 studio
1797 1543 2008 1600 labores
2030 1561 2129 1600 au-

550 1639 690 1694 ferre
719 1638 962 1692 nituntur
983 1637 1208 1692 alienos.
1239 1635 1518 1692 Vindemia
1541 1637 1755 1705 dicitur,
1786 1637 2000 1707 quando
2028 1654 2128 1694 uva

547 1728 642 1782 viti
667 1726 931 1793 demitur;
965 1725 1105 1796 quod
1131 1725 1289 1782 etiam
1318 1726 1406 1782 isti
1445 1727 1614 1782 vineae
1640 1728 1782 1785 Deus
1820 1743 1916 1799 per
1940 1728 2128 1786 Isaiam

551 1819 862 1891 prophetam
892 1818 1124 1875 minatur
1154 1837 1168 1873 :
1203 1818 1476 1874 Destruam
1496 1820 1770 1874 maceriam
1794 1821 1924 1892 ejus,
1954 1831 2004 1876 et
2036 1821 2131 1876 erit

2230 629 2562 695 humanitas,
2592 630 2785 700 quibus
2828 629 3062 699 peccatis
3107 628 3174 685 ad
3215 628 3424 684 inferna
3456 627 3733 698 rapiatur,
3765 637 3820 684 et

2228 721 2525 780 delectetur
2555 721 2726 791 vitiis,
2756 721 2896 779 unde
2925 738 3043 779 eam
3089 732 3344 794 perpetua
3388 730 3566 778 morte
3605 729 3818 778 constat

2229 814 2516 886 exstingui.
2545 812 2678 870 Cum
2707 823 2885 870 autem
2921 813 3088 870 dicit:
3129 814 3295 870 Visita
3323 815 3521 870 vineam
3561 814 3751 883 istam,
3774 821 3821 869 et

2229 905 2391 977 dirige
2417 923 2528 962 eam
2557 923 2708 976 quam
2734 907 2980 978 plantavit
3003 907 3210 961 dextera
3237 917 3345 974 tua,
3374 905 3667 961 adventum
3699 919 3820 961 san-

2228 1005 2330 1053 cta:
2359 998 2743 1056 incarnationis
2763 999 3100 1068 expostulat,
3125 1007 3182 1054 ut
3205 1007 3471 1070 praesente
3489 998 3700 1053 cultore
3719 1012 3817 1054 suo

2227 1088 2382 1143 vinea
2410 1089 2644 1158 plantata
2675 1089 2940 1158 proﬁciat,
2970 1089 3089 1144 sine
3117 1104 3225 1158 quo
3253 1103 3354 1144 nec
3384 1089 3590 1144 fructus
3619 1089 3818 1143 inferre

2228 1189 2456 1252 poterat.
2491 1197 2590 1237 nec
2615 1184 2904 1252 proﬁcuam
2935 1181 3134 1238 habere
3177 1183 3463 1237 culturam.
3493 1181 3743 1250 Addidit,
3772 1189 3816 1236 et

2226 1285 2378 1341 super
2403 1271 2569 1340 [ilium
2612 1272 2860 1339 hominis,
2902 1289 3049 1343 quem
3085 1272 3400 1342 conﬁrmasti
3437 1273 3548 1327 tibi.
3585 1273 3816 1328 Omnino

2227 1361 2556 1418 declaratum
2598 1371 2682 1420 est
2728 1364 2867 1435 quod
2921 1364 3171 1434 superius
3224 1363 3392 1430 dixit,
3438 1365 3609 1418 visita.
3648 1363 3816 1419 Filius

2227 1456 2423 1525 quippe
2450 1455 2671 1510 hominis
2703 1454 2948 1511 Christus
2992 1464 3076 1512 est
3103 1457 3358 1512 Dominus
3398 1472 3463 1512 ex
3494 1456 3658 1512 Maria
3697 1456 3816 1511 Vir-

2227 1544 2350 1614 gine
2375 1545 2608 1614 genitus,
2639 1560 2667 1600 a
2696 1544 2856 1602 Patre
2887 1554 3044 1602 natus
3067 1557 3190 1602 ante
3231 1547 3410 1602 omnia
3452 1547 3672 1602 saecula.
3713 1547 3813 1613 Qui

2230 1633 2413 1704 utique
2432 1634 2777 1690 conﬁrmatus
2794 1645 2896 1700 est,
2922 1636 3136 1706 quando
3166 1635 3234 1691 de
3263 1637 3382 1707 ipso
3408 1637 3611 1692 veritas
3637 1645 3812 1707 pater-

2229 1740 2312 1780 na:
2358 1727 2504 1782 vocis
2528 1725 2796 1794 insonuit,
2831 1727 3016 1784 dicens
3052 1745 3063 1780 :
3100 1726 3200 1782 Hic
3221 1737 3297 1783 est
3338 1725 3510 1782 Filius
3554 1745 3695 1783 meus
3735 1729 3813 1782 di-

2227 1815 2418 1884 lectus,
2469 1818 2522 1872 in
2567 1835 2667 1888 quo
2712 1819 2838 1874 mihi
2884 1818 3006 1876 bene
3044 1820 3365 1890 complacui;
3420 1819 3589 1892 ipsum
3639 1822 3814 1878 audite

546 1911 602 1967 in
629 1912 989 1983 direptionem,
1020 1920 1068 1966 et
1094 1911 1356 1967 destruam
1400 1913 1640 1984 parietem
1687 1916 1830 1982 ejus,
1859 1921 1906 1968 et
1945 1913 2042 1968 erit
2069 1913 2123 1967 in
2155 1919 2201 1982 Β
2227 1907 2440 1982 (Matth.
2472 1923 2552 1976 ιιι,
2583 1908 2700 1980 17).

547 2002 1172 2076 conculcationem(lsai.
1205 2018 1266 2072 v,
1310 2001 1408 2074 5).
1441 2002 1689 2068 Addidit,
1735 2005 1824 2074 qui
1865 2012 2130 2060 transeunt

548 2097 702 2155 viam.
749 2094 944 2152 Gentes
981 2093 1265 2166 signiﬁcat,
1297 2108 1419 2164 quae
1447 2095 1609 2163 viam,
1645 2093 1697 2150 id
1737 2102 1821 2151 est
1858 2095 2128 2151 Christum

551 2191 831 2247 Dominum
861 2197 1206 2256 transeuntes,
1244 2187 1298 2245 in
1328 2189 1595 2246 idolorum
1629 2190 1908 2247 sacriﬁciis
1933 2189 2133 2263 iugiter

555 2287 961 2358 permanebant.
2115 2279 2130 2287 ‘

622 2377 776 2435 Vers.
803 2377 886 2432 15.
913 2375 1284 2433 Exterminavit
1307 2393 1421 2433 eam
1457 2392 1580 2448 aper
1601 2377 1666 2433 de
1695 2379 1853 2449 silva,
1883 2389 1931 2435 et
1952 2379 2132 2451 singu-

552 2471 677 2528 laris
699 2472 835 2541 [erus
855 2471 1094 2542 depastus
1129 2481 1200 2526 est
1224 2487 1354 2526 eam.
1401 2468 1792 2540 Externtinavit,
1825 2481 1976 2528 extra
2021 2482 2134 2530 ter-

553 2563 728 2618 minos
755 2571 914 2633 atque
935 2563 1160 2633 patriam
1192 2577 1344 2620 suam
1373 2563 1571 2635 ubique
1592 2565 1879 2634 dispersit,
1909 2565 2053 2636 quod
2082 2569 2134 2623 in

555 2665 714 2728 gente
742 2656 964 2726 contigit
991 2655 1334 2722 Judaaorum;
1361 2655 1465 2711 hoc
1491 2665 1575 2711 est
1599 2656 1739 2726 quod
1763 2659 2009 2727 superius
2037 2659 2133 2728 ait,

554 2749 864 2804 vindemiant
891 2764 1023 2804 eam.
1061 2749 1276 2820 Aprum,
1302 2748 1688 2819 Vespasianum
1717 2751 1940 2807 forsitan
1969 2751 2134 2808 debe-

560 2855 680 2898 mus
702 2841 966 2913 accipere,
999 2841 1091 2912 qui
1113 2842 1217 2897 illis
1241 2841 1448 2898 exstitit
1475 2854 1528 2898 et
1561 2841 1712 2898 fortis
1736 2853 1789 2899 et
1817 2857 2011 2900 saevus.
2034 2844 2137 2900 Per

553 2933 658 2991 boc
680 2944 857 2991 autem
887 2948 1081 2990 nomen
1121 2933 1452 3004 signiﬁcatur
1491 2934 1692 2990 Judzeis
1721 2936 1886 2992 fuisse
1917 2945 2138 2992 contra-

556 3027 714 3092 rium,
739 3025 830 3096 qui
863 3025 965 3080 hoc
990 3025 1188 3081 animal
1217 3025 1357 3082 inter
1379 3036 1572 3082 caetera
1596 3026 1795 3084 habere
1821 3027 2138 3084 videbantur

561 3117 911 3174 immundum.
938 3116 1011 3171 De
1032 3118 1180 3182 silva,
1203 3116 1408 3172 scilicet
1425 3116 1492 3171 de
1510 3117 1778 3186 gentibus,
1805 3132 1927 3188 quae
1948 3120 2139 3174 merito

553 3209 693 3268 silvis
739 3210 997 3282 squalidis
1043 3219 1450 3282 comparantur,
1497 3226 1614 3281 quae
1655 3212 1831 3268 adhuc
1877 3213 2048 3269 insitae
2071 3212 2140 3270 de

2304 2001 2455 2055 Vers.
2487 1999 2822 2056 16.1ncensa
2860 2001 2968 2071 igni
2992 2009 3039 2057 et
3076 2000 3263 2068 eﬂ'ossa
3291 2019 3447 2059 manu
3475 2003 3538 2058 ab
3577 2004 3814 2075 inerepa-

2229 2094 2364 2149 tione
2388 2095 2553 2149 vultus
2577 2095 2649 2149 tui
2671 2095 2924 2164 peribunt.
2949 2094 3172 2151 Incensa
3194 2098 3301 2169 igni
3339 2106 3388 2152 et
3420 2096 3611 2165 effossa
3636 2115 3813 2168 manu,

2233 2189 2465 2243 humana
2487 2186 2612 2243 vitia
2649 2188 2945 2260 signiﬁcata
2987 2188 3244 2246 debemus
3273 2189 3580 2247 advertere.
3619 2191 3814 2249 Incen-

2232 2277 2376 2335 ditur
2404 2279 2600 2351 quippe
2626 2281 2819 2350 aliquis
2850 2279 2974 2350 igne
3007 2281 3337 2352 cupiditatis,
3369 2284 3484 2339 sive
3513 2283 3702 2340 calore
3721 2298 3811 2340 sn-

2235 2371 2452 2442 perbiae,
2477 2370 2690 2441 quando
2711 2371 2932 2428 crimina
2963 2373 3189 2429 nefanda
3219 2375 3574 2431 commiserit.
3610 2374 3818 2445 E/fossa

2232 2475 2366 2518 vero
2405 2478 2562 2516 manu
2593 2469 2741 2533 sunt,
2773 2477 2895 2518 cum
2944 2477 3042 2534 per
3083 2465 3450 2534 operationem
3499 2465 3817 2523 sceleratam

2236 2554 2353 2610 aliis
2382 2567 2745 2625 prreparamus
2793 2554 3036 2622 insidias,
3069 2566 3126 2613 et
3153 2557 3402 2628 decipere
3439 2560 3689 2616 volumus
3730 2576 3820 2617 ne-

2237 2646 2636 2714 scientes,dum
2657 2660 2755 2703 nos
2777 2647 2830 2702 in
2857 2648 3024 2718 ipsam
3055 2649 3221 2720 magis
3253 2649 3459 2706 foveam
3481 2666 3817 2707 corruamus.

2240 2733 2367 2792 Haec
2387 2751 2515 2807 ergo
2541 2748 2779 2808 peccata,
2811 2739 2874 2792 ab
2897 2739 3236 2807 increpatione
3263 2742 3432 2796 vultus
3463 2741 3678 2798 Domini
3710 2760 3822 2810 per-

2238 2830 2402 2898 ibunt,
2434 2830 2648 2900 quando
2679 2831 2780 2886 illis
2826 2830 3108 2888 dicendum
3135 2841 3254 2889 est:
3286 2832 3368 2888 Ite
3401 2835 3452 2887 in
3477 2835 3647 2907 ignem
3673 2842 3822 2889 teter-

2238 2939 2382 2994 num,
2411 2924 2498 2994 qui
2539 2933 2747 2995 paratus
2787 2933 2862 2980 est
2901 2925 3103 2980 diabolo
3133 2935 3182 2980 et
3215 2928 3411 2999 angelis
3445 2933 3556 3001 ejus
3601 2927 3819 3001 (Matth.

2241 3032 2377 3085 xxv,
2403 3015 2513 3085 14).
2537 3015 2652 3072 Non
2675 3017 2816 3072 enim
2836 3017 3059 3074 ulterius
3075 3015 3237 3074 visuri
3259 3029 3403 3089 sunt,
3420 3035 3579 3091 quem
3603 3030 3821 3092 propter

2239 3119 2337 3163 sua
2359 3107 2563 3163 scelera
2592 3106 2956 3178 perdiderunt.

2245 3225 2248 3232 ·
2316 3207 2467 3263 Vers.
2493 3207 2578 3263 l7.
2604 3204 2727 3262 Fiat
2753 3225 2933 3264 manus
2963 3221 3052 3264 tua
3084 3227 3233 3282 super
3255 3211 3414 3265 virum
3441 3211 3668 3268 der—terte
3698 3222 3820 3280 tute,

555 3303 830 3360 fructuoso
858 3302 1100 3374 germine
1128 3318 1236 3358 non
1264 3301 1499 3358 fuerunt.
1527 3304 1661 3374 Aper
1680 3303 1823 3359 enim
1847 3303 2020 3360 dictus
2049 3314 2134 3361 est
2159 3297 2206 3362 C
2237 3308 2284 3354 ει
2317 3314 2472 3368 ευμεν
2499 3298 2668 3368 ﬁlium
2693 3299 2915 3354 hominis
2935 3317 3086 3372 quem
3120 3301 3436 3371 conﬁrmasti
3462 3303 3575 3356 tibi.
3610 3304 3825 3360 Grande

555 3397 625 3452 ab
653 3411 718 3453 eo
743 3395 884 3467 quod
912 3395 964 3450 in
997 3394 1128 3450 locis
1153 3396 1358 3464 asperis
1389 3404 1771 3451 commoretur.
1811 3394 2137 3469 Singularem

555 3497 734 3544 autem
771 3491 969 3557 ferum,
994 3486 1172 3542 Titum
1213 3485 1331 3556 ejus
1360 3486 1528 3542 ﬁlium
1559 3497 1847 3555 memorat,
1886 3490 1976 3558 qui
2006 3489 2134 3545 reli-

556 3583 710 3654 quias
738 3581 866 3637 belli
899 3589 1043 3637 tanta
1071 3581 1411 3652 populatione
1439 3581 1729 3650 contrivit,
1763 3591 1821 3638 ut
1841 3593 2052 3654 gentem
2083 3593 2137 3640 et

557 3672 826 3728 civitatem
848 3671 999 3742 quasi
1031 3672 1312 3728 herbarum
1341 3671 1535 3743 pabula
1569 3671 1796 3729 terribili
1826 3673 2138 3743 depastione

557 3772 917 3820 consumeret.
941 3763 1173 3820 Necesse
1199 3765 1342 3818 enim
1364 3762 1462 3819 fuit
1484 3763 1588 3820 hoc
1612 3763 1781 3819 vineae
1807 3765 2135 3834 contingere,

557 3857 708 3928 cujus
738 3856 969 3914 maceria
1008 3856 1288 3913 videbatur
1311 3870 1433 3914 esse
1477 3856 1741 3928 deposita.
1778 3855 2139 3926 Spiritualiter

557 3961 734 4008 autem
769 3965 892 4020 aper
923 3959 1138 4021 propter
1178 3950 1506 4006 ferocitatem
1551 3957 1607 4006 et
1642 3949 2005 4006 fortitudinem
2052 3951 2138 4006 ni-

558 4044 722 4100 miam
751 4043 994 4099 diabolus
1033 4042 1251 4114 intelligi
1279 4050 1472 4112 potest.
1502 4042 1580 4098 De
1621 4042 1750 4097 silva
1776 4051 1958 4098 autem
1983 4042 2138 4110 dixit,

557 4135 679 4207 quia
719 4135 1067 4207 cogitationes
1098 4134 1213 4206 ejus
1239 4144 1479 4205 agrestes
1506 4136 1746 4206 aviaeque
1782 4149 1996 4205 semper
2021 4135 2138 4191 exi-

556 4237 728 4284 stunt.
771 4227 841 4283 Et
868 4236 992 4284 nota
1026 4227 1164 4296 quod
1217 4227 1301 4284 his
1343 4243 1439 4285 sex
1479 4228 1723 4284 versibus
1761 4228 1853 4300 qui
1895 4227 2139 4299 przedicti

557 4329 704 4387 sunt,
734 4320 890 4375 vinea
918 4318 1016 4374 ista
1047 4318 1362 4375 describitur
1383 4334 1479 4390 per
1505 4329 1752 4390 quartam
1779 4321 2015 4391 speciem
2047 4323 2142 4377 de-

556 4408 848 4476 ﬁnitionis,
875 4423 994 4480 qua:
1023 4406 1210 4465 Graece
1251 4409 1667 4481 hypographice,
1701 4409 1890 4466 Latine
1937 4411 2142 4466 descri-

561 4503 817 4576 ptionalis
845 4500 1164 4573 appellatur.
1196 4502 1341 4567 llzec,
1372 4503 1609 4559 adhibita
1630 4503 1946 4560 circuitione
1969 4501 2140 4559 dicto-

556 4613 675 4655 rum
707 4596 1109 4666 factorumque,
1150 4610 1264 4652 rem
1289 4594 1357 4653 de
1382 4611 1487 4667 qua
1515 4596 1772 4668 quaeritur
1813 4595 2138 4668 competenti

555 4686 947 4758 signiﬁcatione
975 4685 1234 4741 declarat.

626 4777 782 4835 Vere.
805 4775 893 4831 14.
928 4775 1064 4832 Deus
1087 4775 1350 4844 virtutum,
1373 4785 1660 4835 convertere
1671 4795 1690 4847 ,'
1714 4781 1907 4853 respice
1923 4779 1986 4835 de
2010 4781 2134 4836 calo

553 4879 601 4925 et
631 4869 760 4937 vide,
785 4878 832 4924 et
859 4870 1002 4924 visita
1025 4869 1222 4925 vineam
1242 4869 1413 4924 istam.

623 4958 775 5015 Vers.
804 4959 886 5015 15.
905 4957 972 5014 Ει
989 4960 1176 5030 per/ise
1195 4975 1328 5028 eam,
1353 4976 1508 5030 quant
1528 4961 1775 5030 plantavit
1790 4963 1996 5021 dextera
2017 4973 2136 5030 tua;

553 5061 600 5106 et
621 5065 771 5119 super
798 5051 964 5119 ﬁlium
997 5051 1246 5119 hominis,
1277 5068 1424 5121 quem
1449 5053 1763 5122 conﬁrmasti
1795 5055 1902 5110 tibi.
1935 5054 2137 5111 Relatis

554 5140 804 5196 omnibus
829 5156 949 5211 qua:
991 5145 1241 5211 superius
1277 5144 1649 5216 contigerunt,
1682 5148 1856 5216 Αωρή
1895 5147 2041 5203 venit
2066 5147 2133 5202 ad

556 5230 766 5308 tertiam
787 5233 1102 5302 sectionem,
1131 5235 1183 5290 in
1217 5250 1323 5306 qua
1364 5244 1516 5306 rogat
1541 5244 1599 5291 ut
1622 5239 1965 5308 omnipotens
1987 5241 2130 5308 agri-
2176 5278 2185 5286 .

553 5301 672 5379 cola
719 5323 883 5378 visitet
911 5301 1106 5378 vineam
1136 5301 1453 5396 dissipatam
1475 5342 1632 5399 quam
1678 5301 1914 5397 plantare
1947 5301 2134 5397 digna-

555 5420 642 5470 tus
669 5422 771 5482 est,
800 5422 856 5470 et
881 5415 1116 5488 respiciat
1145 5431 1297 5488 super
1329 5417 1494 5486 ﬁlium
1524 5419 1773 5488 hominis,
1825 5435 1974 5490 quem
2005 5435 2130 5474 con-

555 5508 774 5579 ﬁrmavit
795 5507 917 5564 sibi.
943 5509 1315 5567 Commutatus
1344 5513 1540 5583 quippe
1569 5514 1620 5569 in
1649 5513 1860 5582 melius,
1895 5515 1997 5570 hoc
2021 5515 2132 5570 sin-

554 5599 736 5670 gulare
752 5599 1045 5657 remedium
1068 5600 1226 5656 rebus
1246 5603 1492 5660 omnibus
1514 5606 1820 5675 expetebat,
1846 5604 2132 5662 utChristo

555 5694 782 5751 Domino
809 5694 1152 5766 supplicaret.
1191 5694 1323 5751 Cum
1354 5695 1482 5752 dicit
1514 5713 1527 5749 :
1561 5695 1701 5751 Deus
1739 5695 1984 5751 virtutum
2009 5713 2133 5752 con-

554 5797 762 5856 vertere,
786 5791 918 5861 petit
935 5806 1055 5848 eum
1079 5799 1136 5846 ut
1162 5791 1431 5863 supplices
1452 5806 1579 5849 suos
1594 5804 1820 5851 serenus
1839 5791 2133 5862 aspiceret,

554 5889 613 5942 et
652 5883 1076 5956 periclitantibus
1123 5883 1792 5968 ευὺνθιιίιοιοιδθίιιιὶιωρ
1815 5885 2136 5976 gemitu,“

1115 6030 1141 6038 --
1191 6013 1395 6046 ιιι-...Λ

2244 3403 2658 3458 sacramentum,
2688 3394 2890 3464 grande
2925 3408 3122 3448 munus
3152 3393 3452 3449 D‘ivinitatis
3479 3397 3777 3464 exponitur
3806 3413 3819 3448 :

2243 3485 2364 3554 quia
2397 3483 2577 3540 tandiu
2617 3483 2835 3540 forsitan
2866 3484 3096 3542 dubitari
3119 3487 3309 3557 potuit,
3340 3488 3481 3558 quod
3514 3489 3679 3546 Israel
3718 3489 3825 3545 sal-

2244 3591 2342 3632 vus
2382 3575 2554 3648 ﬁeret,
2601 3577 2772 3632 donec
2817 3577 3067 3634 salutaris
3101 3577 3358 3634 Dominus
3397 3579 3696 3636 adveniret.
3730 3580 3825 3636 Illo

2244 3673 2385 3729 enim
2412 3674 2658 3729 veniente
2688 3673 2968 3744 promissio
3000 3682 3107 3730 tcta
3131 3676 3396 3746 completa
3420 3687 3524 3743 est,
3556 3692 3661 3734 nec
3688 3679 3822 3734 ulte-

2245 3765 2356 3820 rius
2382 3763 2451 3820 ab
2479 3765 2596 3835 ipso
2617 3760 2855 3822 discedit
2873 3765 3136 3834 Ecclesia,
3169 3782 3289 3838 quae
3317 3769 3510 3838 Sponsi
3541 3771 3626 3826 sui
3658 3770 3822 3842 spiri-

2245 3857 2372 3912 tuali
2406 3857 2692 3915 dilectione
2719 3858 3004 3929 conjuncta
3033 3867 3135 3914 est.
3167 3859 3298 3914 Nam
3336 3874 3460 3915 cum
3499 3861 3632 3916 dicit
3658 3879 3671 3914 :
3703 3860 3822 3915 Fiat

2244 3963 2424 4002 manus
2469 3956 2558 4002 tua
2600 3964 2754 4019 super
2799 3949 2964 4002 virum
3007 3947 3229 4005 dexteri:
3281 3959 3402 4018 tute,
3451 3949 3820 4016 Operationem

2244 4050 2442 4095 sancta:
2475 4039 2858 4097 incarnationis
2888 4043 3148 4110 exposcit.
3174 4041 3294 4108 Ipse
3327 4050 3409 4098 est
3434 4042 3580 4097 enim
3611 4043 3824 4116 degere

2244 4131 2438 4198 Patris,
2472 4132 2539 4188 de
2560 4147 2665 4204 quo
2695 4133 2800 4188 alio
2820 4134 2940 4188 loco
2959 4133 3091 4190 dicit
3117 4149 3134 4189 :
3179 4131 3298 4188 Non
3319 4134 3452 4188 enim
3478 4135 3531 4188 in
3561 4151 3690 4188 arcu
3717 4151 3823 4190 mea

2243 4222 2472 4294 sperabo,
2501 4231 2549 4277 et
2586 4223 2790 4294 gladius
2813 4239 2951 4278 meus
2979 4241 3082 4279 non
3109 4223 3324 4279 salvabit
3356 4241 3471 4292 me;
3502 4227 3592 4282 sed
3619 4227 3723 4281 dea:
3743 4243 3824 4281 era

2244 4322 2351 4379 tua,
2377 4322 2424 4368 et
2450 4312 2716 4368 brachium
2754 4323 2921 4382 tuum,
2947 4325 2993 4370 et
3022 4316 3334 4370 illuminatio
3363 4318 3527 4372 vultus
3548 4321 3621 4373 tui
3652 4317 3820 4389 (Psal.

2243 4421 2392 4476 XLHI,
2427 4405 2479 4472 7,
2524 4405 2616 4479 4).
2649 4407 2851 4463 Deinde
2899 4424 3048 4463 more
3084 4422 3183 4464 suo
3227 4421 3446 4479 propter
3488 4410 3825 4478 explanatio-

2243 4513 2367 4553 nem
2394 4499 2590 4570 repetit
2619 4499 2760 4570 quod
2800 4502 3044 4570 superius
3091 4500 3247 4570 dixit,
3277 4510 3326 4556 et
3363 4518 3518 4570 super
3543 4502 3716 4571 ﬁlium
3738 4503 3828 4556 ho-

2238 4589 2484 4646 minis.A
2511 4592 2780 4648 communi
2812 4591 3146 4664 jungendum
3185 4603 3290 4658 est,
3332 4591 3457 4648 Fiat
3495 4610 3680 4649 atauus
3717 4605 3822 4662 tua,

2165 4697 2221 4760 1)
2244 4682 2296 4739 id
2327 4693 2410 4738 est
2435 4684 2677 4754 operatio
2696 4697 2878 4740 sancta
2901 4686 2967 4741 ad
2984 4685 3232 4742 eil‘ectum
3259 4688 3519 4756 promissa
3545 4690 3824 4758 perducat.

2245 4773 2412 4830 Fi'ius
2438 4776 2580 4832 enim
2604 4777 2821 4833 hominis
2844 4779 2983 4834 idem
3007 4779 3124 4850 ipse
3155 4791 3236 4836 est
3259 4779 3516 4837 Dominus
3552 4782 3822 4852 Christus,

2241 4867 2332 4939 qui
2375 4869 2536 4924 etiam
2569 4869 2780 4924 dextera
2823 4869 2998 4926 Patris
3026 4879 3127 4927 est.
3160 4871 3430 4941 Sequitur,
3461 4889 3610 4940 queui
3637 4875 3827 4944 conﬁr-

2243 4961 2395 5018 masti
2417 4959 2528 5014 tibi.
2551 4959 2908 5016 Conﬁrmatus
2930 4971 3012 5018 est
3039 4962 3220 5034 utique
3249 4962 3389 5034 apud
3420 4963 3674 5023 homines
3698 4968 3827 5037 (sic-

2243 5060 2302 5110 ut
2325 5053 2448 5132 jam.
2475 5053 2676 5110 dictum
2724 5056 2831 5125 est)
2853 5057 3066 5127 quando
3098 5057 3166 5113 de
3189 5058 3305 5127 ipso
3335 5074 3439 5114 vox
3483 5070 3726 5129 paterna:
3749 5075 3826 5118 ve-

2239 5147 2413 5204 ritatis
2438 5148 2697 5217 insonuit,
2725 5149 2910 5206 dicens
2935 5168 2950 5207 :
2985 5150 3088 5206 llic
3108 5162 3180 5206 est
3207 5149 3376 5208 Filius
3417 5169 3558 5208 meus
3588 5153 3826 5222 dilectus,

2235 5241 2290 5295 in
2312 5257 2414 5311 quo
2443 5241 2567 5295 mihi
2602 5241 2725 5298 bene
2751 5243 3076 5314 complacui;
3102 5244 3273 5314 ipsum
3299 5243 3476 5300 audite
3503 5244 3723 5317 (Matth.
3747 5260 3823 5311 ιιι,

2239 5335 2353 5406 i7).
2386 5335 2536 5405 Quod
2578 5353 2685 5393 non
2714 5337 2858 5409 piget
2876 5336 3116 5410 ejusdem
3147 5339 3381 5410 exempli
3411 5339 3702 5398 iteratione
3725 5339 3823 5397 de-

2235 5426 2472 5495 clarare,
2505 5429 2718 5498 quando
2745 5429 2881 5486 etin
2915 5430 3232 5488 auctoritate
3263 5430 3454 5488 eadem
3487 5433 3654 5489 verba
3696 5448 3824 5490 eon-

2236 5523 2342 5571 stat
2364 5530 2484 5573 esse
2506 5517 2751 5588 repetita.

2305 5618 2460 5675 Vers.
2491 5619 2579 5676 i8.
2612 5620 2680 5677 Et
2704 5639 2806 5677 non
2825 5622 3134 5680 discedimus
3159 5642 3191 5679 a
3213 5635 3292 5691 te;
3316 5625 3598 5695 viviﬁcabis
3638 5643 3753 5692 nos,
3776 5635 3824 5683 et

2235 5729 2418 5770 nomen
2449 5724 2592 5770 tuum
2630 5716 2996 5773 invocabimus.
3028 5717 3109 5773 Ad
3139 5718 3418 5789 superiora
3449 5719 3672 5789 respicit
3699 5734 3825 5789 pars

2236 5803 2335 5859 ista
2363 5807 2630 5862 versiculi.
2665 5807 2804 5863 Dicit
2844 5809 3027 5864 enim:
3062 5806 3184 5864 Fiat
3213 5826 3396 5864 manus
3426 5819 3516 5865 tua
3555 5827 3713 5883 super
3749 5812 3822 5866 vi-

2235 5911 2352 5956 rum
2373 5898 2593 5960 dextera
2632 5909 2753 5972 true,
2790 5899 2844 5960 id
2874 5911 2980 5976 eSI,
3007 5910 3063 5959 ut
3106 5902 3321 5962 mittere
3359 5901 3602 5976 digneris
3627 5899 3822 5969 Filium
