4092 6344
297 459 405 517 585

1202 456 1565 515 EXPOSITIO
1604 456 1667 513 ΙΝ
1711 455 2178 517 PSALTERIUM.
2218 458 2414 518 PSAL.
2457 458 2677 517 LXXX.

3462 464 3567 519 586

292 584 466 640 tuum,
493 586 583 642 qui
619 586 772 641 reum
798 572 1054 629 mundum
1089 572 1279 628 liberet
1304 588 1333 627 a
1364 573 1589 628 crimine
1629 579 1876 642 peccato-
1901 578 1952 636 Α
1982 583 2356 629 immaculatos
2384 575 2639 642 reddunt,
2665 589 2799 646 quos
2830 575 3059 645 pollutos
3083 576 3312 647 propriis
3339 574 3565 632 sceleri-

292 684 434 726 rum.
451 668 519 722 Et
545 682 647 722 non
672 668 978 722 discedimus
1000 685 1032 722 a
1050 676 1095 722 te
1111 685 1129 734 ;
1144 668 1196 722 id
1219 678 1491 739 est,quem
1509 668 1671 724 semel
1697 675 1875 723 mente

292 760 886 831 concepimus,-cordis
914 760 1085 817 oculis
1109 761 1306 832 iugiter
1340 762 1677 828 intueamur;
1720 775 1819 815 nec
1845 776 1874 816 a

295 864 351 912 te
376 855 719 918 devotionem
748 862 984 910 nostram
1013 853 1281 924 possimus
1306 869 1579 921 amovere,
1608 854 1759 924 cujus
1781 853 1877 907 ad-

295 949 483 1004 venire
512 946 705 1003 Filium
742 960 1067 1017 magnopere
1086 946 1461 1016 cognoscimur
1480 945 1773 1016 expetisse.
1805 944 1875 1001 Et

294 1054 415 1110 qua:
452 1039 523 1094 sit
548 1037 749 1093 utilitas
788 1039 856 1092 ab
888 1038 1002 1109 ipso
1028 1054 1131 1093 non
1179 1037 1435 1101 discedere
1476 1044 1873 1108 consequenter

294 1131 601 1201 exponitur,
623 1130 897 1200 uiviﬁcabis
916 1146 1030 1197 nos,
1060 1139 1104 1185 et
1133 1147 1316 1184 nomen
1339 1139 1485 1184 tuum
1512 1130 1872 1185 invocabimus.

300 1223 597 1294 Δνὶιλὶνὶειιὺίε
625 1239 738 1292 nos,
770 1222 1006 1294 quando,
1040 1230 1381 1292 peccatorum
1414 1231 1586 1279 morte
1608 1223 1871 1294 deposita,

294 1330 363 1370 ex
389 1328 524 1385 aqua
554 1323 609 1369 et
628 1312 830 1382 Spiritu
856 1322 1043 1367 sancto
1072 1313 1426 1368 renascimur.
1460 1312 1665 1369 Nomen
1696 1323 1876 1370 autem

292 1406 412 1477 ejus
449 1403 832 1473 invocabimus,
879 1403 985 1459 hoc
1026 1403 1311 1474 signiﬁcat,
1362 1406 1614 1475 quoniam
1642 1390 1878 1463 Domini

291 1500 495 1557 Christi
540 1498 879 1556 institutione
922 1498 1146 1555 salutari
1192 1501 1246 1555 in
1279 1499 1523 1555 oratione
1569 1499 1877 1570 quotidiana

290 1608 490 1651 nomen
520 1592 692 1649 Patris
715 1592 919 1664 iugiter
939 1592 1278 1649 invocamus.

367 1685 519 1741 Vers.
544 1683 633 1740 i9.
664 1683 882 1741 Domine
917 1683 1055 1740 Deus
1099 1686 1362 1751 virtutum,
1411 1695 1641 1759 converte
1674 1702 1805 1751 nos;
1832 1694 1880 1741 et

289 1777 499 1834 ostende
533 1776 722 1847 [aciem
756 1785 915 1845 tuam,
960 1787 1007 1831 et
1050 1777 1177 1832 salvi
1217 1778 1423 1832 erimus.
1457 1777 1586 1844 Qua:
1618 1778 1874 1845 suavitas,

288 1887 410 1941 qua:
437 1874 509 1928 sit
544 1872 744 1929 utilitas
772 1871 1028 1929 versiculi
1064 1872 1224 1942 hujus
1265 1873 1391 1929 hinc
1430 1873 1589 1929 datur
1625 1873 1873 1943 intelligi,

1978 663 2079 719 bus
2108 675 2450 734 acceperunt.
2486 667 2592 723 Sed
2623 677 2683 723 ut
2708 669 2950 740 partibus
2976 685 3064 726 res
3096 669 3366 739 expositas
3397 668 3561 739 278

1978 754 2031 808 in
2060 770 2220 811 unam
2266 759 2461 812 seriem
2510 760 2844 830 colligamus,
2889 761 3116 817 intentio
3141 762 3275 817 tituli
3309 760 3431 817 talis
3455 771 3562 826 esr,

1977 855 2033 899 ut
2058 844 2123 901 In
2152 848 2306 917 ﬁnem
2334 850 2577 921 designet
2620 852 2908 908 Dominum
2940 854 3241 919 Christum;
3272 868 3367 925 pro
3391 862 3565 907 torcu-

1978 939 2173 995 laribus
2222 941 2548 1010 Ecclesium;
2600 945 2774 1015 Asaph
2830 946 3328 1017 congregationem;
3384 946 3566 1016 quinta

1977 1031 2173 1086 sabbati
2214 1032 2529 1103 baptizatos.
2564 1036 2716 1092 Unde
2762 1038 3031 1107 colligitur
3062 1039 3325 1109 psalmum
3352 1039 3408 1094 in
3456 1038 3563 1095 Ec-

1975 1122 2142 1178 clesia
2165 1123 2378 1180 Domini
2404 1138 2728 1197 regeneratus
2755 1130 3154 1201 congregationi
3179 1145 3302 1187 esse
3342 1130 3560 1187 locutu-

1978 1226 2116 1267 rum.
2152 1213 2248 1269 llic
2278 1215 2421 1271 enim
2447 1218 2622 1288 Asaph
2662 1218 2729 1274 ad
2770 1218 3049 1275 historiam
3080 1220 3296 1289 quidem
3329 1219 3567 1292 loquitur

1978 1303 2326 1371 Judacis;sed
2372 1304 2566 1364 melius
2595 1310 2945 1379 spiritualiter
2992 1311 3310 1383 intelligitur
3354 1312 3424 1371 de
3468 1327 3565 1384 po-

1979 1397 2105 1469 pulo
2133 1397 2458 1455 Christiano.

2554 1515 2741 1572 Divisio
2784 1518 2986 1588 psalmi.

2052 1626 2112 1681 ln
2142 1626 2313 1695 prima
2337 1635 2486 1698 parte
2523 1629 2714 1700 psalmi
2746 1630 2976 1701 loquitur
3002 1633 3179 1703 Λεαρή
3205 1631 3471 1697 ﬁdelibus,
3496 1638 3564 1688 ut

1980 1730 2077 1786 per
2107 1732 2307 1788 organa
2341 1718 2550 1777 diversa
2596 1722 2923 1780 musicorum
2971 1724 3157 1781 laudes
3197 1724 3429 1781 debeant
3457 1724 3564 1780 Do-

1981 1808 2126 1864 mino
2164 1824 2497 1879 personare:
2528 1815 2781 1883 quoniam
2824 1816 2989 1870 multa
3039 1815 3301 1872 beneﬁcia
3339 1830 3438 1873 suo
3469 1830 3564 1886 ρος

1982 1899 2107 1969 pulo
2158 1910 2413 1970 praestare
2460 1903 2706 1975 dignatus
2752 1915 2853 1962 est.
2905 1906 3179 1974 Secunda,
3225 1908 3386 1964 verba
3439 1915 3565 1964 sunt

288 1961 541 2063 quonia'm
582 1962 640 2016 in
664 1962 768 2018 b°°
794 1962 1008 2071 Ῑῖεδίωξξ
1035 1962 1233 2071 ίξίΡῘξξί
1262 1978 1385 2071 {nm}
1414 1964 1736 2065 Γῗῐξθίίίίθηθ
1758 1978 1872 2020 me‘
1905 1968 1952 2030 Β
1981 1961 2192 2048 Domini
2212 1961 2588 2052 comminantis
2609 2013 2677 2053 ne
2707 1961 2848 2055 idola
2878 1961 3146 2067 colantur,
3164 1961 3432 2071 sedi—ipse

287 2054 546 2119 moravit;
578 2061 636 2108 ut
678 2053 832 2123 quasi
875 2054 1012 2124 prati
1061 2053 1284 2109 ﬁoriferi
1329 2053 1610 2124 planitiem
1660 2064 1870 2111 tensam

287 2160 386 2216 per
423 2145 639 2203 ordines
664 2155 840 2203 certos
869 2146 1177 2217 iucunditas
1218 2147 1359 2202 rosei
1385 2147 1584 2204 coloris
1629 2159 1867 2205 ornaret.

287 2238 347 2293 In
386 2241 486 2295 ista
513 2239 777 2310 siquidem
804 2240 1070 2296 brevitate
1110 2239 1349 2310 regulam
1389 2239 1553 2295 totius
1593 2240 1871 2310 religionis

285 2333 524 2404 exponit.
559 2332 797 2389 Primum
834 2342 917 2389 est
959 2333 1124 2401 enim,
1159 2341 1215 2388 ut
1243 2349 1336 2387 nos
1370 2331 1623 2388 Dominus
1664 2349 1873 2388 conver-

286 2432 398 2491 tat;
424 2424 636 2491 deinde,
659 2434 719 2480 ut.
747 2425 979 2480 ostendat
1000 2424 1185 2495 faciem
1212 2438 1364 2480 suam
1384 2440 1399 2490 ;
1423 2424 1600 2492 tertio,
1625 2432 1684 2479 ut
1708 2427 1871 2480 salvos

284 2516 638 2573 efﬁciat.Non
664 2518 807 2573 enim
822 2528 1109 2588 antequam
1136 2524 1413 2584 conuertat,
1440 2517 1660 2571 ostendit
1686 2517 1870 2587 facient

281 2626 466 2678 suam;
499 2626 601 2668 nec
621 2611 813 2677 salvat,
847 2608 951 2664 nisi
980 2623 1079 2663 nos
1112 2610 1260 2677 prius
1289 2609 1491 2665 lumine
1513 2623 1623 2665 sua:
1647 2609 1870 2679 pietatis

281 2703 600 2774 inspexerit.
633 2703 970 2771 Quapropter
994 2714 1181 2756 versus
1211 2701 1311 2755 iste
1348 2711 1531 2756 mente
1556 2700 1871 2758 condendos

279 2803 386 2858 est,
420 2791 543 2862 quia
574 2807 669 2862 per
710 2792 883 2862 ipsum
905 2791 1003 2847 sub
1041 2790 1302 2848 brevitate
1325 2792 1576 2863 petimus,
1611 2793 1872 2864 quidquid

280 2884 442 2940 nobis
473 2885 729 2955 expedire
757 2891 1107 2940 monstratur.

826 2991 1100 3048 Conclusio
1129 2992 1333 3064 psalmi.
1422 3050 1431 3057 ρ

355 3110 524 3165 Nimis
549 3108 724 3173 Asaplt
752 3108 913 3163 istum
944 3115 1309 3161 commutatum
1335 3112 1548 3162 constat
1575 3105 1629 3161 in
1655 3105 1866 3173 melius,

283 3203 374 3273 qui
400 3201 609 3256 veniam
638 3199 838 3255 Christi
864 3199 1139 3255 dilatatam
1173 3207 1284 3254 toto
1324 3198 1454 3254 orbe
1480 3200 1785 3269 conspexit,
1815 3206 1870 3255 et

282 3292 530 3363 palmites
575 3290 691 3362 ejus
738 3300 949 3346 montes
991 3290 1315 3345 obumbrare
1362 3289 1495 3345 vidit
1544 3297 1600 3344 et
1644 3290 1861 3346 cedros.

283 3381 660 3452 Spectaculum
704 3394 891 3437 revera
936 3380 1187 3447 beatum,
1229 3379 1383 3448 cujus
1425 3380 1707 3435 amoenitas
1753 3380 1865 3449 ipsa

284 3477 511 3548 cogitata
556 3472 782 3530 refectio
819 3482 938 3530 est:
965 3482 1020 3528 ut
1064 3480 1177 3528 toto
1206 3471 1404 3526 mundo
1443 3486 1543 3526 una
1572 3472 1725 3526 vinea
1755 3486 1871 3527 um-

283 3573 433 3625 bram
476 3568 634 3624 faciat
661 3566 771 3623 suis
816 3566 1113 3633 frondibus,
1166 3580 1237 3620 ne.
1262 3565 1382 3635 quis
1411 3564 1646 3621 ﬁdelium
1676 3565 1870 3620 redda-

284 3668 371 3715 tur
392 3660 505 3715 sole
525 3658 765 3714 fuscatus
781 3675 795 3724 ;
813 3657 880 3714 de
896 3658 1090 3728 quibus
1111 3657 1368 3726 scriptum
1390 3665 1473 3711 est
1488 3673 1503 3710 :
1521 3654 1626 3710 Per
1638 3656 1770 3710 diem
1791 3656 1871 3710 sol

284 3768 388 3807 non
408 3760 516 3806 uret
531 3761 599 3820 te,
617 3766 778 3820 neque
789 3751 915 3806 luna
929 3766 1019 3819 per
1038 3756 1235 3804 noctem
1249 3748 1419 3819 (Psal.
1434 3764 1570 3816 cxx,
1584 3748 1869 3819 6).Verum

284 3848 392 3903 ista
410 3846 568 3902 vinea
587 3859 685 3915 pro
702 3844 869 3899 botris
896 3844 1179 3899 mustuosis
1199 3850 1415 3898 sanctos
1452 3842 1613 3897 infert
1640 3842 1866 3911 fructus,

284 3947 557 4008 martyres
581 3943 753 4003 creat,
776 3935 1065 4005 prophetas
1090 3934 1290 3999 educit,
1315 3934 1587 4005 apostolos
1608 3934 1795 4006 gignit,
1810 3937 1871 3991 ﬁ-

283 4027 439 4097 deles
458 4028 569 4083 edit
593 4028 932 4093 innumeros;
962 4035 1017 4082 et
1035 4025 1294 4097 quidquid
1333 4027 1388 4081 in
1426 4027 1662 4083 Ecclesia
1686 4038 1870 4085 sancta

284 4092 522 4193 gloriose
555 4122 777 4192 geritur,
811 4120 899 4175 isti
920 4092 1254 4174 similitudini
1283 4118 1539 4175 decenter
1563 4128 1795 4188 aptatur.

534 4230 898 4288 EXPOSITIO
934 4232 1001 4287 IN
1040 4231 1367 4289 PSALMUM
1408 4232 1625 4289 LXXX.

359 4324 428 4379 In
449 4324 622 4394 ﬁnem,
646 4340 741 4393 pro
770 4324 1130 4390 torcularibus,
1158 4324 1353 4394 Asaph,
1373 4325 1554 4395 quinta
1580 4324 1795 4379 sabbati.

356 4434 467 4490 Pro
512 4436 876 4504 torcularibus,
905 4435 1205 4492 Ecclesiam
1247 4436 1537 4507 signilieari
1581 4438 1872 4509 superiori-

281 4530 387 4585 bus
417 4538 497 4585 est
524 4530 692 4585 titulis
713 4530 1041 4597 indicatum;
1070 4531 1162 4585 sed
1188 4531 1439 4600 quoniam
1466 4530 1537 4586 ibi
1568 4530 1706 4586 hanc
1736 4546 1873 4601 prae-

268 4622 656 4691 figurationem
688 4621 743 4677 in
775 4637 996 4677 uvarum
1021 4622 1367 4692 expressione
1399 4622 1701 4691 posuimus,
1730 4636 1871 4677 nunc

1975 2085 2059 2140 lus
2089 2085 2342 2143 adoretur
2368 2088 2460 2158 qui
2491 2100 2743 2158 prmstare
2773 2093 3048 2161 profutura
3072 2108 3294 2150 munera
3322 2108 3556 2149 consue-

1975 2178 2068 2232 vit.
2093 2179 2150 2233 ln
2180 2179 2335 2236 tertia
2358 2191 2509 2249 parte
2528 2182 2705 2253 Asaph
2729 2197 2797 2239 ex
2822 2199 2917 2239 sua
2942 2185 3135 2240 iterum
3162 2199 3393 2256 persona
3420 2180 3562 2241 relo-

1973 2273 2175 2342 quitur,
2234 2288 2461 2344 arguens
2511 2275 2776 2343 inﬁdeles,
2821 2292 2918 2332 cur
2962 2276 3182 2334 fallaces
3222 2278 3561 2346 exstiterint,

1973 2376 2098 2418 cum
2125 2364 2204 2420 eis
2233 2364 2373 2420 dona
2420 2367 2637 2424 Domini
2687 2369 2906 2439 copiosa
2936 2370 3182 2441 largitate
3210 2370 3406 2427 collata
3435 2370 3560 2425 sint.

2505 2474 2776 2549 Expositio
2823 2483 3031 2552 psalmi.

2048 2588 2196 2645 Vers.
2218 2589 2555 2647 LExsultate
2578 2593 2685 2649 Deo
2714 2595 2945 2668 adjutori
2972 2604 3146 2651 nostro
3167 2613 3184 2651 :
3202 2594 3424 2669 jubilate
3454 2594 3562 2651 Deo

1972 2679 2154 2736 Jacob.
2170 2684 2342 2753 Asaph
2359 2686 2480 2753 iste,
2500 2701 2658 2756 quem
2674 2702 2816 2758 saepe
2834 2689 3067 2745 diximus
3080 2692 3381 2761 signiﬁcare
3395 2693 3561 2764 Syna-

1972 2787 2185 2843 gogam,
2201 2775 2427 2845 populos
2441 2787 2745 2833 commonet
2759 2780 2965 2848 ﬁdeles,
2982 2790 3041 2835 ut
3056 2798 3160 2836 non
3174 2782 3423 2838 desinant
3442 2800 3563 2842 cum

1975 2880 2186 2920 summa
2211 2867 2396 2922 laetitia
2414 2869 2523 2923 Deo
2539 2870 2724 2925 laudes
2749 2872 2947 2939 dicere,
2965 2874 3055 2943 qui
3083 2889 3178 2930 eos
3202 2889 3231 2930 a
3254 2877 3565 2937 saevissimis

1971 2963 2225 3033 periculis
2264 2972 2346 3020 est
2373 2965 2620 3038 dignatus
2666 2967 2893 3038 eripere.
2931 2971 3174 3043 Adjutori
3214 2981 3392 3029 autem
3423 2973 3566 3043 quod

1972 3053 2123 3122 dixit,
2158 3070 2317 3112 verus
2348 3057 2487 3113 Deus
2516 3059 2608 3112 tali
2640 3061 2804 3115 verbo
2826 3062 3125 3118 declaratur
3150 3081 3164 3117 :
3189 3067 3310 3135 quia
3350 3065 3566 3123 ﬁctitius

1964 3145 2103 3202 deus
2122 3163 2226 3202 non
2251 3158 2333 3203 est
2354 3151 2583 3220 atljntor,
2618 3153 2711 3207 sed
2744 3154 2938 3222 elisor;
2969 3172 3074 3211 non
3095 3172 3313 3227 sanans,
3335 3160 3429 3216 sed
3454 3164 3567 3218 vul‘

1970 3252 2200 3305 nerans;
2236 3255 2340 3294 non
2373 3241 2678 3310 sublevans,
2704 3245 2799 3299 sed
2821 3245 2975 3301 valde
3005 3246 3343 3321 demergens.
3371 3251 3566 3309 Nostra

1896 3341 1942 3405 ρ
1972 3330 2115 3386 enim
2148 3331 2273 3388 dum
2300 3331 2448 3401 dicit,
2472 3334 2695 3392 devotos
2721 3352 2779 3392 se
2807 3352 3152 3397 commonere
3192 3352 3438 3400 testatur.
3468 3345 3566 3401 Ju-

1975 3422 2129 3477 bilute
2174 3423 2373 3479 dictum
2404 3435 2488 3482 est
2526 3441 2557 3482 a
2594 3427 2851 3499 iuvando,
2886 3432 2937 3486 id
2984 3439 3069 3488 est
3112 3434 3468 3506 delaetando;
3505 3449 3562 3496 ut

1973 3516 2165 3585 quibus
2194 3532 2299 3573 non
2342 3527 2554 3588 poterat
2578 3523 2868 3578 exsultatio
2894 3526 3180 3583 verborum
3210 3530 3480 3597 sufﬁcere,
3512 3533 3563 3589 in

1973 3608 2486 3666 abundantissimam
2526 3622 2685 3683 atque
2717 3615 3150 3685 inexplicabilem
3174 3618 3414 3677 laetitiam
3440 3637 3563 3694 pro-

1973 3700 2179 3756 silirent
2210 3715 2227 3755 :
2260 3703 2461 3760 docens
2492 3705 2847 3776 gaudentibus
2881 3711 3073 3766 animis
3105 3710 3329 3770 Domino
3358 3714 3562 3773 debere

1972 3796 2168 3866 gratias
2206 3810 2384 3866 agere,
2412 3811 2518 3852 non
2549 3799 2802 3856 confusos
2831 3802 3008 3872 aliqua
3030 3805 3296 3861 anxietate
3318 3816 3560 3865 cantare.

1972 3884 2106 3939 Nam
2129 3885 2172 3939 si
2194 3893 2409 3942 terrena
2432 3886 2777 3957 despicimus,
2795 3906 3009 3961 semper
3025 3909 3091 3949 ex
3112 3895 3207 3949 illo
3233 3896 3564 3963 laetisumus.

1973 3976 2038 4031 ad
2070 3993 2228 4047 quem
2258 3993 2411 4034 mens
2441 3980 2645 4035 incerta
2674 3990 2835 4052 atque
2857 3983 3093 4040 titubans
3116 4001 3221 4042 non
3246 3999 3422 4055 potest
3442 4007 3563 4061 per-

1971 4068 2179 4123 venire.
2210 4066 2372 4122 Jacob
2420 4069 2680 4139 Signiﬁcat
2734 4074 2989 4143 populum
3037 4076 3425 4149 Christianum,
3473 4085 3561 4139 cui

1972 4162 2211 4217 anterior
2238 4161 2515 4232 Synagoga
2544 4168 2835 4235 consentit,
2868 4167 2991 4223 dum
3024 4170 3089 4222 ad
3120 4171 3279 4226 istum
3308 4188 3406 4244 per
3434 4193 3561 4245 gra-

1974 4251 2103 4307 tiam
2143 4252 2456 4308 translatum
2492 4263 2595 4322 est,
2629 4256 2771 4325 quod
2825 4258 2903 4311 illi
2947 4270 3157 4316 constat
3206 4264 3464 4323 ablatum.
3494 4270 3561 4326 lli

1972 4353 2097 4400 sunt
2123 4360 2259 4415 quos
2289 4346 2457 4401 dixit:
2494 4346 2685 4413 Quinta
2707 4350 2924 4421 sabbati,
2951 4354 3040 4425 qui
3071 4356 3136 4412 de
3165 4372 3320 4415 sacra
3349 4362 3562 4421 scilicet

1971 4430 2381 4501 regeneratione
2412 4443 2723 4491 nascuntur.

2052 4522 2204 4583 Ve'rs.
2232 4529 2289 4584 2.
2324 4528 2523 4586 Sumite
2549 4534 2827 4604 psalmum,
2852 4545 2899 4590 et
2921 4538 3037 4592 date
3059 4545 3359 4610 tympanum
3380 4558 3400 4607 ;
3423 4558 3562 4610 psm-

1974 4619 2159 4673 terium
2203 4624 2496 4692 jucundum
2538 4642 2652 4680 cum
2694 4630 2907 4684 cithara.
2948 4632 3156 4700 Organa
3206 4634 3421 4701 quidem
3464 4636 3562 4693 ista

283 4713 343 4783 in
367 4712 648 4768 baccarum
675 4714 954 4769 vindemiis
979 4714 1474 4784 explicemus.Cum
1505 4724 1691 4769 tunsus
1721 4729 1870 4770 acer.
1898 4719 1953 4780 Ῑ)
1975 4721 2200 4780 utraque
2226 4715 2431 4769 musica
2469 4728 2613 4784 sunt,
2635 4719 2728 4774 sed
2762 4734 2948 4776 causas
2970 4723 3245 4779 continere
3271 4726 3562 4794 probantur

283 4820 385 4861 vus
410 4806 671 4862 olivarum
703 4807 975 4877 subjectus
1007 4806 1167 4862 fuerit
1198 4808 1554 4877 agricolarum
1594 4816 1709 4863 arte
1740 4823 1873 4877 pon-

282 4892 541 4962 deribus,
585 4895 858 4966 nimiaque
908 4895 1136 4966 cmperit
1180 4910 1430 4965 pressura
1488 4898 1763 4966 torqueri,
1815 4906 1870 4954 et

281 5000 560 5042 amurcam
589 5002 884 5056 caenosam,
917 4996 969 5043 et
1010 4988 1185 5043 oleum
1210 4988 1577 5058 pinguissima:
1620 4989 1869 5059 puritatis

258 5088 521 5136 emanat.
552 5080 704 5148 Quod
725 5080 779 5136 in
811 5080 1064 5139 Ecclesiae
1090 5080 1548 5150 persecutionibus
1573 5080 1688 5139 ﬁeri
1712 5096 1868 5151 posse

280 5186 394 5227 non
434 5172 653 5230 dubium
683 5182 788 5243 est,
821 5172 1034 5243 quando
1078 5181 1131 5227 et
1162 5172 1271 5227 Deo
1309 5187 1469 5241 puras
1514 5183 1723 5228 mentes
1769 5174 1867 5231 de-

279 5263 474 5331 clarat,
508 5273 563 5321 et
600 5264 895 5320 faecilentas
923 5261 1279 5323 conscientias
1308 5262 1584 5317 evidenter
1610 5264 1866 5334 assignat.

285 5355 483 5423 Quinta
527 5370 657 5411 vero
703 5355 926 5421 sabbati,
968 5354 1230 5425 signiﬁcat
1274 5368 1303 5407 a
1353 5353 1574 5409 sabbato
1623 5356 1867 5425 quintum

280 5448 450 5515 diem,
482 5450 696 5520 quando
722 5449 979 5505 Dominus
999 5450 1053 5503 in
1081 5424 1387 5503 cituditione
1413 5462 1594 5502 rerum
1625 5463 1691 5503 ex
1715 5449 1867 5518 aquis

280 5542 489 5596 creavit
514 5540 789 5609 animalia,
820 5542 959 5595 sicut
997 5539 1218 5596 Genesis
1251 5538 1408 5593 lectio
1436 5538 1664 5593 decursa
1699 5546 1869 5595 testa-

260 5640 409 5686 itur:
445 5632 587 5687 Dixit
618 5632 754 5688 Deus
777 5649 797 5687 :
822 5632 1116 5687 Producant
1150 5647 1296 5701 aqute
1331 5632 1536 5702 reptilia
1577 5634 1870 5690 animarum

280 5723 513 5777 vivarum
542 5721 696 5796 (Gen.
724 5740 762 5791 ι,
794 5722 907 5795 20).
936 5723 1046 5780 lloc
1075 5723 1142 5779 ad
1169 5724 1503 5794 baptismatis
1529 5722 1753 5794 gratiam
1796 5726 1870 5781 si-

282 5817 585 5873 militudine
618 5818 814 5873 decora
840 5818 1211 5889 conjungitur;
1241 5834 1361 5888 quae
1388 5832 1574 5873 revera
1617 5819 1867 5875 animalia

281 5910 402 5966 viva
424 5924 521 5967 sua
551 5908 879 5969 fecunditate
901 5909 1160 5980 producit,
1184 5910 1308 5970 dum
1331 5910 1676 5969 Sanctiﬁcatus
1706 5926 1859 5982 aqua:

574 6002 843 6065 PATROL.
893 5999 1092 6063 LXX.

1975 4804 2237 4873 egregias.
2268 4805 2405 4860 Dicit
2433 4810 2575 4862 enim
2609 4827 2621 4861 :
2650 4812 2892 4882 Accipite
2927 4814 3211 4882 psalmum,
3237 4826 3291 4871 et
3313 4817 3439 4874 date
3469 4821 3562 4876 ho-

1975 4907 2073 4949 nas
2102 4908 2317 4964 operas.
2353 4897 2596 4954 Psalmus
2625 4902 2768 4957 enim
2805 4902 2872 4956 ad
2917 4902 3096 4958 divina
3126 4906 3289 4961 verba
3334 4910 3562 4977 pertinet

1973 4984 2311 5055 intimanda,
2363 4990 2616 5059 quoniam
2678 4991 3033 5048 conformatio
3083 4993 3251 5063 ipsius
3302 5012 3562 5058 canorum

1973 5086 2217 5136 ventrem
2248 5080 2411 5153 (sicut
2445 5097 2589 5152 saepe
2612 5083 2869 5156 diximus)
2911 5084 3074 5141 habet
3101 5086 3155 5141 iu
3176 5089 3389 5160 capite;
3419 5095 3561 5164 quod

1934 5219 1945 5233 .
1973 5174 2168 5229 merito
2193 5174 2260 5229 ad
2289 5175 2553 5244 psalmum
2579 5175 2829 5243 refertur,
2862 5178 2952 5247 qui
2972 5191 3193 5250 semper
3218 5195 3437 5239 resonat
3463 5199 3559 5242 su-

1971 5280 2141 5337 perna
2190 5269 2465 5340 mysteria.
2499 5267 2823 5339 Tympanum
2861 5279 2985 5339 est,
3019 5275 3161 5343 quod
3203 5285 3356 5333 tenso
3411 5278 3561 5337 corio

1971 5361 2123 5430 quasi
2155 5375 2317 5430 supra
2340 5361 2473 5416 duas
2504 5362 2587 5431 (ut
2614 5363 2686 5416 ita
2710 5362 2962 5435 dixerim)
2990 5376 3160 5423 metas
3180 5369 3280 5425 sibi
3308 5369 3377 5425 ab
3406 5383 3561 5431 acuta

1972 5462 2125 5523 parte
2174 5455 2452 5523 copulatas
2500 5455 2637 5510 solet
2682 5471 2936 5514 resonare
2981 5475 3327 5530 percussum;
3359 5466 3436 5521 sic
3467 5467 3561 5523 ho~

1977 5545 2181 5599 minum
2209 5559 2424 5613 corpus,
2470 5545 2593 5600 dum
2628 5561 2723 5616 pro
2761 5550 2984 5606 Domino
3032 5554 3374 5613 tribulatione
3431 5573 3561 5627 qua-

1974 5637 2121 5702 titur,
2152 5637 2218 5691 ad
2276 5651 2506 5706 superna
2537 5641 2785 5696 mandata
2817 5642 3023 5698 dulcius
3055 5653 3407 5716 temperatur.
3445 5648 3560 5705 Hoc

1974 5744 2101 5800 ergo
2145 5739 2481 5797 commonet,
2514 5741 2571 5786 ut
2622 5735 2943 5805 accipientes
2992 5738 3167 5794 divina
3228 5741 3390 5794 verba
3458 5741 3559 5796 Do-

1974 5823 2117 5879 mino
2145 5822 2436 5879 debeamus
2456 5823 2648 5881 offerre
2675 5836 2886 5883 terrena
2915 5846 2929 5895 ;
2966 5832 3089 5899 quia
3113 5842 3236 5887 tunc
3274 5832 3386 5885 Deo
3418 5831 3560 5889 bene

1971 5915 2149 5970 damus
2170 5922 2467 5989 tympanum
2487 5917 2612 5974 dum
2642 5920 3011 5992 eleemosynas
3045 5925 3291 5994 facimus,
3322 5937 3444 5979 cum
3476 5925 3556 5999 je-

3088 6016 3159 6077 19
