4062 6344
519 379 624 437 587
1756 374 1828 431 Μ.
1868 371 2124 432 AURELI

2230 371 2598 433 iASSIODORl
3707 375 3818 435 588

518 492 677 564 iuniis
714 505 910 564 corpus
952 491 1260 565 al'lligimus,
1291 505 1412 548 cum
1455 489 1582 546 vitia
1615 489 1796 546 saeculi
1846 505 1966 546 cum
2015 505 2114 547 suo
2142 493 2195 554 Α
2221 503 2327 549 tem
2362 492 2468 548 Deo
2495 490 2678 558 Iacob,
2704 489 2758 548 id
2786 498 2868 548 est
2896 490 3011 549 Deo
3036 491 3484 549 Christianorum.
3515 491 3639 562 ipse
3665 494 3816 550 enim

518 583 870 641 nihilominus
895 592 1113 640 auclore
1139 583 1494 652 despicimus.
1528 581 1780 647 Addidit,
1814 583 2112 652 psalterium
2218 587 2530 643 rationalem
2549 597 2849 641 creaturam
2873 586 3078 641 caelesti
3107 586 3331 640 veritate
3351 584 3577 657 [ms.A.,
3596 582 3816 659 virtute]

519 677 802 739 iucundum
845 693 959 731 cum
1010 677 1234 735 cithara.
1261 675 1528 732 Admonet
1571 678 1730 732 etiam
1766 685 1818 730 et
1866 677 1979 731 haec
2008 677 2115 734 duo
2213 679 2499 753 judicavit;
2525 681 2663 737 sicut
2701 680 2757 734 in
2803 679 3093 750 Evangelia
3114 680 3225 734 ait:
3265 678 3421 733 Pater
3471 696 3574 733 non
3612 680 3818 749 judicat

519 770 906 846 iucundissime
926 770 1200 841 copulari:
1225 779 1280 825 ut
1305 779 1358 825 et
1379 770 1539 825 verba
1565 769 1658 824 Dei
1687 783 1809 839 qua:
1839 769 1892 824 in
1919 768 2111 840 psalte-

519 867 599 921 rio
627 866 988 931 continentur,
1014 874 1069 920 et
1107 865 1305 918 cithara
1325 879 1444 934 qua:
1477 864 1740 918 humanos
1780 870 1931 918 actus
1953 863 2115 932 signi-

523 957 690 1015 ficare
709 955 1072 1028 cognoscitur,
1096 956 1150 1010 in
1183 971 1343 1010 unam
1372 955 1688 1011 societatem
1720 955 1954 1012 debeant
1983 969 2112 1010 con-

523 1051 708 1104 venire
755 1065 770 1102 :
817 1048 940 1117 quia
991 1057 1277 1118 utrumque
1322 1048 1494 1105 melos
1549 1048 1767 1103 sibimet
1807 1047 2114 1118 copulatum

525 1144 752 1200 Domino
797 1142 1056 1214 probatur
1102 1150 1404 1212 acceptum.
1433 1141 1745 1196 Psalterium
1789 1142 1934 1198 enim
1975 1141 2114 1197 idem

521 1237 787 1310 significat
809 1237 948 1307 quod
979 1236 1230 1310 psalmus,
1259 1237 1458 1290 cithara
1485 1239 1626 1307 quod
1657 1247 1994 1306 tympanum;
2020 1237 2115 1292 sed

523 1327 839 1386 diversitate
870 1328 1148 1396 nominum
1185 1328 1399 1384 easdem
1432 1342 1518 1383 res
1551 1328 1652 1383 sub
1687 1329 1948 1383 brevitate
1981 1343 2117 1382 con-

522 1421 698 1477 clusit.
735 1421 866 1475 Nam
897 1421 1349 1492 quemadmodum
1374 1421 1572 1475 cithara
1601 1432 1787 1476 contra
1818 1422 2119 1492 psalterium

522 1514 856 1569 conformata
884 1513 973 1578 sit,
1001 1515 1310 1584 frequenter
1335 1513 1636 1584 expositum
1668 1522 1771 1569 est.
1803 1513 1860 1567 ln
1891 1514 1993 1568 hoc
2016 1528 2117 1566 au-

523 1617 632 1664 tem
659 1615 715 1661 et
743 1606 989 1676 sequenti
1018 1620 1173 1662 versu
1205 1607 1397 1662 iterum
1421 1605 1575 1660 nobis
1602 1603 2114 1678 entliymematicus,

523 1699 576 1755 id
603 1708 688 1756 est
713 1697 1016 1754 rhetoricus
1041 1699 1391 1769 syllogismus
1420 1698 1680 1754 elucescit
1704 1698 1894 1754 eodem
1921 1698 2115 1754 modo:

471 1790 474 1794 ’
525 1794 733 1849 Canere
762 1800 1087 1863 praeceptum
1115 1802 1197 1849 est
1226 1793 1278 1848 in
1307 1791 1493 1857 lsrael,
1528 1800 1583 1848 et
1605 1791 1864 1862 judicium
1896 1791 2006 1846 Deo
2031 1790 2120 1846 Ja-

2218 774 2538 843 quempiam;
2570 771 2660 826 sed
2699 788 2847 827 omne
2872 771 3124 842 judicium
3160 771 3300 826 dedit
3330 769 3472 826 Filio
3517 769 3720 840 (Ioan.
3749 789 3816 841 γ,

2217 865 2346 933 22).
2377 865 2486 920 Hac
2513 879 2640 934 ergo
2662 864 3065 933 dispensatione
3095 863 3324 918 mirabili
3367 864 3652 918 Dominum
3691 879 3820 919 con-

2219 965 2326 1012 stat
2353 973 2474 1013 esse
2501 943 2844 1023 laudandum,
2868 957 2956 1026 qui
2985 965 3038 1011 et
3059 957 3228 1027 legem
3255 957 3419 1027 279
3448 955 3622 1022 dedit,
3656 966 3710 1011 et
3737 957 3818 1027 ju-

2219 1049 2416 1106 dicium
2447 1050 2680 1105 futurum
2721 1065 2830 1105 sua:
2862 1048 3159 1119 majestatis
3185 1048 3434 1103 innotuit.
3478 1047 3646 1102 Iacob
3679 1051 3819 1104 enim

2219 1142 2452 1199 diximus
2485 1142 2790 1213 significare
2818 1141 3071 1212 populum
3099 1148 3436 1210 sequentem,
3472 1141 3565 1208 qui
3598 1140 3820 1209 adopta'

2223 1247 2308 1292 tus
2334 1251 2430 1305 per
2459 1235 2686 1305 gratiam
2714 1233 2916 1291 Christi
2946 1233 3132 1304 prima:
3162 1232 3520 1288 districtionis
3549 1241 3820 1304 praecepta

2223 1330 2519 1399 superavit.

2299 1423 2450 1478 Vers.
2479 1422 2535 1478 5.
2563 1420 2939 1474 Testimonium
2984 1419 3037 1473 in
3067 1419 3262 1489 Ioseph
3301 1419 3472 1490 posuit
3517 1419 3676 1484 illud,
3707 1433 3820 1472 cunt

2223 1518 2383 1572 exiret
2417 1515 2482 1569 de
2525 1524 2658 1568 terra
2691 1512 2948 1584 zEgypti;
2993 1514 3219 1584 linguam
3259 1527 3413 1582 quam
3457 1527 3562 1564 non
3611 1519 3818 1565 noceret

2222 1611 2443 1666 audiuit.
2471 1607 2667 1677 Ioseph
2711 1605 2979 1678 signiﬁcat
3009 1612 3373 1674 augmentum,
3405 1604 3560 1673 cujus
3592 1603 3823 1658 nominis

2223 1700 2596 1772 interpretatio
2640 1698 3008 1754 testimonium
3040 1705 3122 1751 est
3153 1695 3366 1751 liebraii
3398 1696 3608 1765 populi,
3644 1697 3736 1764 qui
3764 1697 3820 1750 de

2224 1803 2359 1848 terra
2389 1791 2610 1864 Egypti
2633 1789 3017 1859 multiplicatus
3036 1787 3333 1844 exivit.Sed
3365 1788 3465 1842 hoc
3489 1786 3555 1840 ad
3586 1796 3823 1842 nostram

523 1885 624 1941 cob
653 1903 666 1938 :
697 1883 1019 1940 cantandum
1054 1893 1140 1940 est
1185 1884 1347 1953 igitur
1377 1883 1429 1938 in
1459 1882 1616 1938 initio
1647 1883 1851 1962 mensis
1886 1882 2031 1947 tuba,
2065 1882 2118 1936 in
2150 1893 2201 1956 Β
2228 1885 2632 1958 generationem
2681 1891 3048 1952 competenter
3096 1890 3331 1951 aptatur.
3377 1879 3511 1934 Nam
3552 1880 3697 1934 sicut
3743 1879 3826 1935 ille

524 1977 612 2033 die
657 1976 853 2048 insigni
891 1977 1251 2033 solemnitatis
1294 1990 1504 2031 eorum.
1539 1975 1696 2032 Modo
1724 1975 1929 2046 reliqua
1978 1989 2117 2044 per-

537 2077 860 2126 scrutemur.

537 2201 540 2203 λ
598 2159 750 2216 Vera.
783 2158 837 2214 5.
862 2158 1040 2214 Canite
1067 2159 1214 2212 initio
1240 2158 1426 2212 mensis
1457 2157 1600 2226 tuba,
1625 2158 1682 2214 in
1705 2157 1789 2214 die
1816 2157 2010 2232 insigni
2030 2175 2120 2214 so-

523 2252 798 2312 lemnitatis
818 2261 1013 2306 vestra.
1033 2250 1366 2321 Praeceptum
1390 2250 1568 2306 fuerat
1590 2251 1732 2308 inter
1755 2250 1862 2306 alia
1891 2250 2120 2318 Judaeis,

525 2355 584 2402 ut
609 2361 638 2400 a
681 2346 854 2416 prima
883 2344 972 2400 die
1015 2343 1229 2414 septimi
1277 2343 1500 2414 mensis,
1533 2352 1739 2414 septem
1768 2343 1961 2400 diebus
1993 2345 2121 2400 tuba

525 2449 798 2506 cauerent,
823 2438 964 2509 quod
1009 2437 1273 2514 hodieque
1315 2438 1606 2496 carnaliter
1644 2437 1882 2509 iaciunt,
1911 2454 2018 2493 non
2045 2441 2125 2495 in-

526 2533 826 2604 telligentcs
857 2532 979 2587 ideo
1009 2531 1177 2586 fuisse
1204 2531 1438 2602 iussum,
1467 2531 1720 2601 quoniam
1752 2529 1987 2600 Spiritus
2010 2545 2121 2586 san-

527 2625 597 2681 cli
625 2624 794 2696 gratia
826 2625 1153 2695 septiformis
1183 2623 1520 2694 baptizandis
1544 2632 1661 2678 erat
1686 2632 1797 2679 toto
1824 2623 1958 2679 orbe
1987 2639 2127 2694 pra:-

527 2707 780 2778 dicanda.
817 2719 970 2776 Unde
1001 2734 1144 2774 nunc
1182 2718 1366 2774 ﬁdeles
1397 2718 1652 2773 admouet
1683 2717 2043 2785 Christianos,
2071 2725 2129 2772 ut

526 2812 714 2871 laudes
745 2812 951 2866 Domini
977 2810 1282 2881 praeconiali
1309 2810 1545 2865 debeant
1573 2824 1704 2866 voce
1733 2817 1975 2876 cantare,
2007 2824 2128 2863 cum

527 2923 682 2966 novre
720 2908 1148 2980 regenerationis
1179 2906 1379 2962 iuerint
1405 2905 1601 2975 gaudia
1645 2907 1945 2960 consecuti.
1987 2902 2131 2957 Tuba

529 3005 673 3062 enim
728 3021 850 3062 cum
903 3005 1145 3075 ponitur,
1197 3001 1538 3073 grandisouis
1593 3000 1793 3071 aliquid
1848 2998 2133 3070 praedicari

531 3098 856 3154 clamoribus
908 3095 1194 3152 indicatur.
1229 3094 1321 3150 Sic
1359 3102 1414 3149 et
1452 3092 1589 3147 alius
1638 3090 1904 3162 propheta
1956 3089 2130 3144 dicit:

535 3190 790 3248 Exclamo
810 3197 856 3244 et
879 3189 1055 3244 exulta
1078 3189 1211 3242 sicut
1256 3186 1376 3240 tuba
1420 3201 1592 3239 vocem
1631 3181 1954 3257 tuam(1sai.
1977 3199 2131 3250 LVIII,

2224 1996 2322 2052 per
2351 1979 2515 2034 maris
2557 1977 2725 2033 Rubri
2769 1977 2940 2032 undas
2969 1976 3206 2031 salvatus
3235 1974 3442 2046 ejectus
3472 1983 3581 2042 est,
3624 1976 3704 2031 sic
3735 1990 3827 2032 nos

2223 2087 2256 2129 a
2279 2081 2420 2129 terra
2444 2071 2688 2143 Egypti,
2719 2069 2771 2125 id
2798 2079 2880 2126 est
2909 2084 2941 2124 a
2966 2070 3110 2124 vitiis
3136 2067 3443 2124 carnalibus
3463 2068 3721 2136 absoluti,
3751 2083 3827 2124 sa-

2223 2180 2316 2222 cra
2347 2164 2483 2220 unda
2509 2171 2883 2235 regenerante,
2914 2162 3265 2218 renascimur.
3295 2160 3404 2216 Nec
3427 2176 3628 2216 nomen
3653 2162 3825 2232 ipsum

2226 2259 2388 2315 maris
2420 2256 2586 2314 Rubri
2612 2265 2766 2312 vacat
2792 2273 2807 2310 :
2839 2257 2964 2327 quia
2992 2255 3132 2311 sicut
3169 2254 3302 2310 illud
3331 2252 3574 2308 Rubrum
3613 2263 3826 2309 constat

2227 2353 2356 2422 dici,
2389 2352 2462 2407 ita
2509 2359 2563 2408 et
2594 2351 2710 2406 haec
2739 2365 2878 2422 aqua
2921 2349 3084 2405 rubra
3137 2357 3312 2419 potest
3354 2351 3683 2418 nuncupari,
3719 2365 3829 2419 qua

2228 2459 2335 2500 una
2385 2460 2507 2500 cum
2543 2445 2802 2513 sanguine
2831 2443 2898 2497 de
2931 2443 3097 2497 latere
3143 2441 3356 2496 Domini
3387 2440 3691 2496 Salvatoris
3721 2442 3829 2495 exi-

2233 2539 2323 2591 vil.
2359 2535 2633 2607 Sequitur,
2665 2534 2895 2604 linguam
2916 2549 3068 2603 quam
3089 2549 3188 2586 non
3211 2539 3422 2586 noverat
3452 2532 3678 2587 audivit.
3711 2530 3822 2585 Lin-

2232 2646 2388 2702 guam
2418 2630 2509 2685 hic
2533 2627 2669 2683 Novi
2695 2626 3026 2682 Testamenti
3054 2633 3323 2694 praecepta
3353 2623 3616 2679 debemus
3641 2623 3826 2679 adver-

2235 2731 2370 2778 tere.
2403 2721 2538 2777 Nam
2584 2720 2629 2776 si
2667 2733 2944 2774 sermones
2987 2718 3273 2787 intelligas,
3303 2717 3574 2786 quomodo
3603 2718 3828 2789 lingunt

2233 2830 2391 2884 quam
2411 2830 2516 2867 non
2533 2821 2743 2867 nouerat
2771 2811 2997 2880 populus
3022 2811 3278 2866 ilebmus
3301 2810 3520 2878 audivit,
3535 2811 3663 2865 dum
3685 2811 3828 2866 Chri-

2234 2917 2377 2963 stum
2407 2908 2690 2961 Dominum
2722 2905 2955 2960 locutum
2986 2911 3199 2959 constet
3239 2902 3536 2959 llebraice?
3562 2904 3678 2960 Hoc
3705 2918 3822 2975 ergo

2235 3002 2387 3068 dicit,
2422 3001 2544 3072 quia
2569 3013 2668 3070 per.
2694 2995 3042 3066 Evangelium
3069 2995 3353 3050 audierunt
3379 2995 3635 3067 linguam,
3671 2997 3722 3051 id
3748 3006 3822 3053 est

2237 3103 2527 3166 praecepta,
2577 3105 2700 3162 quas
2745 3089 2896 3160 prius
2941 3104 3128 3152 eorum
3181 3088 3374 3162 notitia
3425 3103 3534 3150 non
3581 3089 3824 3148 habebat.

2239 3190 2366 3246 Sive
2393 3186 2524 3244 illud
2549 3184 2814 3256 signiﬁcat
2853 3194 3088 3254 tempus,
3116 3183 3330 3254 quando
3368 3184 3602 3252 apostoli
3635 3183 3826 3252 Spiritu

533 3282 1095 3356 i).Consideraudum
1125 3290 1210 3337 est
1237 3294 1454 3351 quoque
1490 3278 1633 3349 quod
1664 3295 1762 3352 per
1787 3292 1988 3348 organa
2017 3294 2134 3334 mu-
2157 3284 2205 3356 ο
2235 3293 2412 3338 sancto
2453 3280 2667 3350 repleti,
2732 3279 2920 3349 linguis
2959 3277 3156 3348 ignotis
3202 3285 3260 3336 et
3302 3277 3461 3334 uariis
3503 3287 3630 3332 sunt
3682 3278 3828 3334 locuti

532 3379 662 3432 sicae
691 3375 988 3446 disciplina:
1019 3383 1077 3434 et
1111 3373 1343 3444 psallere
1377 3372 1628 3440 Domino,
1661 3381 1717 3428 et
1755 3370 1900 3428 diem
1941 3371 2129 3441 praeci-

533 3472 712 3544 pimur
736 3469 1095 3527 solemnitatis
1139 3467 1369 3540 implere
1389 3509 1404 3536 ,
1440 3474 1500 3522 ut
1527 3465 1668 3522 sicut
1691 3465 1787 3521 illa
1815 3466 2132 3537 rediguntur

538 3565 608 3622 ad
655 3563 996 3620 dulcisonum
1044 3560 1239 3628 melos,
1283 3569 1337 3617 et
1387 3561 1441 3616 in
1484 3574 1646 3615 unam
1696 3559 2130 3616 convenientiam

535 3659 779 3718 suaviter
808 3658 1160 3729 colliguntur,
1188 3655 1262 3710 ita
1281 3652 1456 3710 omnis
1481 3662 1632 3708 actus
1658 3661 1842 3708 noster
1859 3652 2134 3726 redigatur

535 3743 603 3814 ad
634 3750 942 3820 Dominum,
971 3759 1025 3810 et
1054 3747 1450 3822 iucundissima
1481 3745 1849 3808 modulatione
1888 3746 2006 3818 ejus
2039 3761 2134 3800 au-

533 3833 686 3899 ribus
733 3841 1011 3898 oli‘eratur.
1051 3839 1148 3894 Est
1195 3839 1341 3894 enim
1385 3834 1685 3908 disciplinis
1715 3836 1885 3906 ipsius
1938 3851 2132 3905 magna

535 3938 618 3994 vis
663 3934 1106 4005 delectabilisque
1148 3931 1407 4002 cognitio,
1449 3945 1608 4000 quam
1657 3928 1909 3984 doctores
1953 3942 2130 3982 saecu-

538 4031 730 4088 larium
759 4028 1057 4086 litterarum
1087 4026 1380 4099 (largiente
1405 4023 1537 4092 Deo,
1572 4022 1661 4094 qui
1693 4020 1941 4077 concedit
1969 4035 2130 4078 omne

536 4125 675 4198 quod
701 4123 830 4180 utile
856 4121 975 4191 est)
1007 4119 1251 4176 fecerunt
1280 4117 1622 4174 doetrinabili
1666 4116 1899 4174 lectione
1927 4131 2130 4188 cogno-

536 4222 636 4284 sci,
655 4233 775 4288 qua:
803 4218 854 4272 in
888 4231 1068 4272 rerum
1096 4226 1285 4270 natura
1314 4214 1463 4284 prius
1483 4213 1768 4268 tenebatur
1793 4211 2127 4270 abscondita.

537 4311 717 4368 Prima
745 4324 872 4379 ergo
915 4309 1072 4380 hujus
1100 4307 1396 4378 disciplima
1439 4307 1652 4378 partitio
1684 4317 1766 4362 est
1793 4307 2126 4376 harmonica,

542 4405 869 4478 rhythmica,
911 4403 1153 4459 metrica.
1186 4403 1432 4457 Secunda
1483 4401 1698 4471 partitio
1742 4403 2128 4468 instrumentor

538 4517 659 4558 rum
689 4499 809 4572 ejus
831 4507 914 4554 est
944 4498 1000 4554 in
1031 4496 1469 4567 percussionalia,
1499 4496 1553 4550 in
1587 4496 1870 4563 tensibilia,
1909 4497 1963 4552 in
1991 4497 2127 4552 ﬂati-

537 4597 628 4654 lia.
657 4594 837 4653 Tertia
865 4591 1121 4649 dividitur
1147 4591 1200 4646 in
1232 4587 1580 4661 symphonias
1605 4603 1719 4644 sea.
1755 4590 1953 4657 Quarta
1987 4590 2126 4646 divi.-

2239 3375 2378 3446 (Act.
2395 3387 2455 3439 ιι,
2488 3371 2546 3441 ei

2309 3465 2466 3522 Vers.
2495 3463 2550 3518 6.
2583 3460 2801 3517 Divertit
2844 3460 2907 3515 ab
2951 3460 3190 3516 oneribus
3223 3459 3435 3516 dorsum
3457 3463 3614 3534 ejus;
3655 3475 3828 3516 manus

2235 3561 2349 3632 ejus
2371 3559 2424 3612 in
2453 3554 2676 3629 cophino
2701 3555 3002 3610 seruierunt.
3025 3554 3092 3610 Et
3127 3553 3236 3610 hoc
3275 3555 3522 3624 quamvis
3565 3557 3637 3609 ad
3667 3555 3828 3612 hieto.

2235 3655 2371 3709 riam
2393 3652 2499 3707 dici
2532 3650 2796 3716 videatur,
2819 3647 3034 3718 quando
3057 3648 3110 3702 in
3139 3646 3374 3719 Egypto
3396 3647 3714 3706 Iudaeorum
3739 3662 3828 3717 po-

2237 3745 2394 3814 pulus
2421 3741 2649 3798 diversis
2676 3740 3091 3796 necessitatibus
3131 3740 3424 3807 serviebat,
3451 3741 3618 3800 modo
3651 3750 3711 3798 ut
3751 3742 3826 3796 la-

2237 3849 2380 3896 tores
2420 3837 2642 3906 iaceret,
2677 3837 2840 3892 modo
2879 3845 2938 3892 ut
2989 3846 3189 3893 terram
3229 3838 3480 3907 cephinis
3523 3840 3828 3907 exhiberet,

2237 3941 2415 3988 tamen
2439 3930 2578 3987 istud
2600 3929 3028 3986 Christianorum
3055 3931 3294 4001 partibus
3321 3932 3635 4001 diligentius
3657 3934 3826 4004 applio

2234 4039 2439 4091 camus,
2473 4039 2502 4079 a
2532 4038 2762 4095 quorum
2789 4025 2952 4080 dorso
2977 4027 3174 4082 avertit
3206 4027 3347 4083 Deus
3371 4042 3538 4084 onera
3589 4039 3831 4118 peccato-

2234 4136 2376 4186 rum,
2404 4118 2619 4189 quando
2663 4131 2723 4174 se
2753 4117 2894 4173 felici
2943 4119 3244 4175 humilitate
3274 4117 3830 4190 prosternunt,sieut

2232 4214 2348 4285 ipse
2377 4215 2541 4272 dicit:
2578 4213 2757 4272 Venite
2794 4216 2861 4270 ad
2890 4232 2988 4284 me,
3018 4232 3195 4272 omnes
3227 4218 3314 4284 qui
3341 4219 3589 4272 laboratis
3617 4229 3667 4272 et
3711 4235 3829 4273 ane-

2232 4308 2335 4364 rati
2361 4309 2500 4375 estis,
2535 4316 2582 4363 et
2599 4323 2693 4380 ego
2722 4309 2951 4378 reﬁciam
2975 4324 3063 4363 vos
3089 4307 3308 4379 (Matth.
3332 4325 3408 4376 ai,
3433 4309 3552 4380 28).
3569 4309 3828 4378 Cophinos

2233 4413 2412 4460 autem
2445 4402 2672 4458 dicimus
2695 4415 2790 4473 per
2816 4418 2955 4474 quos
2984 4403 3224 4460 sordium
3267 4414 3618 4474 purgamenta
3663 4404 3830 4476 proji-

2230 4497 2422 4564 citnus,
2456 4505 2512 4551 ut
2542 4495 2647 4550 loci
2680 4497 2884 4567 puritas
2912 4497 3202 4552 elucescat.
3230 4495 3421 4550 Manus
3455 4512 3588 4568 ergo
3619 4512 3748 4552 suas
3775 4501 3826 4554 in

2231 4589 2309 4652 eis
2345 4596 2531 4644 tenent
2565 4590 2656 4660 qui
2689 4598 3027 4658 peccatorum
3063 4587 3415 4646 immunditiis
3453 4599 3826 4660 occupantur:

539 4689 686 4746 ditur
733 4687 784 4746 in
818 4696 975 4742 tonos
1000 4682 1325 4755 quindecim.
1353 4681 1441 4737 Sic
1483 4681 1643 4736 totius
1670 4681 1835 4736 virtus
1876 4681 2128 4751 pulcher-
2160 4675 2210 4740 Ι)
2237 4683 2331 4740 sed
2381 4684 2448 4739 de
2493 4683 2593 4738 hac
2640 4684 2899 4754 servitute
2947 4684 3238 4740 liberamur
3275 4699 3304 4738 a
3335 4683 3584 4752 Domino,
3613 4683 3829 4756 quando

539 4783 688 4840 rimae
716 4781 865 4836 istius
899 4777 1198 4847 disciplinae
1226 4774 1419 4830 talibus
1442 4774 1742 4846 priscorum
1770 4774 2127 4840 distinctioni-

541 4876 643 4932 bus
671 4876 996 4945 explicatur;
1028 4887 1125 4944 per
1149 4885 1286 4942 quos
1307 4871 1494 4928 modos
1519 4869 1574 4926 in
1600 4869 1947 4926 saicularibus
1979 4872 2127 4930 libris

544 4967 708 5032 multa
749 4967 961 5036 quidem
1010 4963 1234 5034 legimus
1263 4970 1479 5018 ostensa
1509 4960 1676 5022 fuisse
1705 4960 1982 5022 miracula.
2015 4962 2124 5021 Sed

541 5071 598 5114 ut
625 5057 862 5114 fabulosa
908 5057 1046 5114 forte
1087 5064 1396 5120 taceamus,
1426 5067 1521 5123 per
1567 5053 1828 5110 citharam
1871 5068 2122 5116 canoram

541 5150 616 5204 Da
627 5149 708 5203 vid
727 5148 950 5217 legimus
971 5161 1003 5204 a
1030 5147 1192 5210 Saule
1213 5147 1427 5216 fugasse
1448 5145 1771 5208 daemonium
1795 5143 1848 5213 (ι
1871 5146 2000 5218 Reg.
2015 5164 2124 5217 avt,

541 5240 672 5311 25);
705 5254 888 5304 muros
916 5238 1132 5298 Iericho
1159 5237 1526 5309 claugentibus
1555 5237 1697 5292 tubis
1734 5238 1979 5307 protinus
2007 5255 2129 5296 cor-

543 5335 713 5390 ruisse
733 5331 872 5404 (Ios.
903 5347 978 5399 vt,
1005 5333 1129 5404 20),
1164 5331 1324 5388 lectio
1347 5331 1529 5388 divina
1551 5338 1804 5398 testatur;
1831 5339 1887 5384 ut
1909 5331 2126 5394 dubium

477 5489 479 5491 ι
547 5439 653 5480 non
678 5425 748 5479 sit
776 5423 1009 5478 musicos
1031 5436 1194 5477 sonos
1217 5422 1457 5493 (iubente
1486 5432 1660 5478 tamen
1689 5435 1754 5476 ac
1784 5423 2127 5492 permittente

546 5517 798 5590 Domino)
829 5530 1048 5586 magnas
1077 5516 1388 5588 plerumque
1415 5517 1609 5574 fecisse
1634 5515 1879 5574 virtutes.

616 5612 768 5667 Vers.
795 5610 850 5665 4.
883 5609 1019 5675 Quia
1048 5619 1357 5680 preceptum
1401 5611 1456 5665 in
1485 5608 1653 5665 Israel
1679 5619 1774 5678 est,
1803 5619 1851 5665 et
1866 5609 2126 5680 judicium

545 5705 654 5760 Deo
674 5703 856 5760 Iacob.
886 5702 1024 5758 Dicit
1051 5716 1266 5758 causam
1295 5717 1460 5774 quare
1480 5702 1709 5760 debeant
1735 5703 1860 5760 tuba
1885 5718 2081 5759 canere
2106 5721 2121 5757 :

543 5797 665 5870 quia
701 5798 786 5852 lex
819 5797 941 5850 data
976 5806 1056 5850 est
1101 5811 1195 5867 per
1231 5796 1447 5868 Moysen
1494 5796 1548 5851 in
1593 5797 1880 5856 lsraelitico
1907 5797 2124 5867 populo,

545 5905 645 5958 qua
686 5889 895 5958 cOgnita
937 5889 1114 5945 nullus
1155 5903 1376 5958 peccare
1414 5889 1704 5948 debuisset.
1740 5889 2004 5950 Iudicium
2033 5906 2127 5948 au-

2229 4777 2493 4832 scelerum
2526 4785 2831 4836 nostrorum
2863 4776 3113 4832 sordibus
3135 4778 3439 4848 expiamur.

2302 4867 2454 4924 Vers.
2489 4868 2541 4924 7.
2576 4865 2644 4922 In
2669 4868 2993 4924 tribulatione
3017 4869 3266 4924 invocasti
3287 4887 3387 4936 me,
3419 4879 3467 4924 et
3487 4870 3706 4928 liberavi
3732 4877 3782 4928 le
3805 4886 3827 4926 :

2225 4961 2465 5017 mudivi
2501 4970 2548 5016 te
2585 4961 2638 5016 in
2677 4959 2974 5016 abscondito
3021 4963 3334 5033 tempestatis
3359 4979 3380 5018 .'
3421 4963 3635 5034 probavi
3667 4974 3720 5020 te
3751 4966 3818 5020 ad

2227 5071 2422 5132 aquam
2454 5055 2892 5112 contradictionis.
2931 5054 3050 5112 Iam
3081 5055 3298 5127 quidem
3329 5057 3541 5114 Domini
3574 5057 3825 5115 Salvato—

2229 5149 2306 5204 ris
2354 5148 2518 5204 verba
2569 5147 2900 5217 referuntur,
2947 5158 3002 5206 et
3051 5160 3264 5220 poterat
3306 5166 3428 5208 esse
3475 5152 3694 5220 divisio,
3721 5155 3826 5210 nisi

2232 5250 2354 5310 post
2384 5256 2596 5298 versum
2623 5242 2785 5298 istum
2819 5241 3114 5313 diapsahna
3145 5253 3501 5314 sequeretur:
3533 5246 3625 5302 ubi
3655 5251 3826 5319 magis

2229 5332 2623 5402 competentius
2646 5333 2918 5390 credimus
2940 5348 3060 5390 esse
3083 5333 3402 5392 faciendam.
3428 5335 3534 5392 Sed
3561 5337 3826 5408 quoniam

2230 5438 2459 5496 persona
2507 5433 2708 5480 mutata
2759 5434 2861 5492 est,
2894 5421 2996 5480 hac
3037 5428 3258 5484 schema
3290 5428 3488 5484 dicitur
3525 5431 3823 5501 ethopaiia,

2228 5517 2441 5588 quoties
2487 5520 2719 5591 aliquem
2748 5521 3137 5578 introducimus
3167 5524 3234 5578 ad
3263 5525 3612 5594 loquendum.
3645 5527 3828 5596 impu-

2228 5619 2414 5670 tantur
2441 5612 2902 5682 enimbeuelicia,
2930 5626 2988 5670 ut
3007 5615 3221 5684 gravior
3267 5615 3565 5674 aestimetur
3589 5618 3822 5674 oﬂ'ensa.

2229 5703 2351 5774 ipse
2377 5703 2521 5760 enim
2550 5720 2651 5760 nos
2681 5706 2750 5762 de
2780 5706 3110 5762 tribulatione
3147 5705 3349 5774 liberat,
3377 5709 3492 5776 ipse
3522 5711 3576 5762 in
3601 5712 3824 5768 abscon-

2229 5798 2335 5854 dito
2357 5801 2655 5870 angustiam
2687 5799 2840 5873 [mss.
2877 5799 2941 5854 G.
2971 5809 3027 5856 et
3056 5800 3140 5866 F.,
3171 5803 3224 5856 in
3246 5802 3544 5868 abscondita
3561 5800 3824 5874 angustia]

2230 5901 2431 5950 nostra:
2461 5892 2770 5964 tempestatis
2793 5892 2810 5964 [
2830 5907 2931 5950 ms.
2965 5894 3056 5961 A.,
3087 5893 3380 5952 tentationis
3399 5894 3414 5948 l
3435 5896 3652 5954 multis
3674 5911 3696 5954 δ
3723 5891 3820 5956 sed
