4092 6344
1081 405 1442 464 EXPOSITIO
1479 406 1542 463 ΙΝ
1584 403 2050 464 ΡΞᾹΗΓΕΒΙΟΜ.
2092 404 2287 462 PS‘AL.
2330 404 2546 464 LXXX.

3347 410 3453 468 590

204 524 368 601 probat
392 537 487 579 nos
518 521 569 579 in
595 522 1106 580 contradictionibus
1129 521 1759 593 baeretieorum,quando
1786 526 1839 586 Α
1864 519 2088 577 servire.
2132 518 2435 589 intelligant
2477 534 2606 591 ergo
2644 520 2829 577 Ariani
2860 519 3054 593 qii’ittfis
3093 520 3282 580 sociati
3322 524 3453 596 sint,

203 617 448 693 aliquibus
476 617 910 671 altercationibus
949 617 1096 672 velut
1126 614 1299 672 ventis
1332 614 1586 671 ﬂantibus
1620 616 1766 672 exci-

208 720 386 767 tamur.
415 705 541 761 Nam
573 707 619 761 si
662 708 726 763 ad
756 706 1032 763 historiam
1077 706 1300 777 referas,
1346 724 1532 778 aquam
1562 717 1767 762 contra—

206 799 423 858 dictionis
445 798 593 866 dicit,
618 799 833 870 quando
878 800 933 855 in
979 800 1193 857 deserto
1218 799 1414 856 ﬂuenta
1448 801 1768 857 Israeliticus

204 894 405 969 populus
440 891 729 950 incredulis
750 892 1021 951 mentibus
1050 893 1356 965 expetebat.

262 1081 402 1139 Vers.
429 1080 480 1135 8.
505 1079 668 1147 Audi,
710 1080 935 1152 populus
980 1096 1142 1149 meus,
1189 1088 1235 1135 et
1266 1079 1452 1151 loquar
1500 1077 1691 1149 Israel,
1718 1086 1767 1135 et

201 1176 480 1245 testiﬁcabor
508 1174 648 1230 tibi:
681 1173 873 1244 Israel,
906 1175 951 1230 si
988 1191 1068 1230 me
1110 1174 1356 1241 audieris,
1381 1190 1484 1229 non
1514 1174 1606 1227 erit
1641 1174 1694 1227 in
1721 1182 1768 1227 te

199 1272 308 1326 deus
328 1284 514 1335 recens,
546 1284 711 1339 neque
744 1268 986 1323 adorabis
1023 1268 1174 1325 deum
1200 1268 1447 1323 alienum.
1482 1265 1769 1337 lnterjecto

200 1360 521 1431 diapsalmate
550 1361 719 1433 (quod
737 1360 889 1417 nobis
914 1371 997 1417 est
1011 1361 1063 1417 in
1081 1360 1432 1417 divisionibus
1447 1373 1771 1431 magnopere

199 1453 645 1526 custodiendum),
672 1455 817 1511 venit
838 1454 905 1509 ad
927 1454 1219 1510 secundam
1248 1462 1474 1524 partem.
1512 1451 1618 1509 Sed
1648 1467 1770 1508 cum

201 1547 263 1603 sit
286 1544 515 1602 anterius
542 1544 691 1616 loqui
715 1562 874 1617 quam
898 1546 1104 1613 audire,
1129 1546 1215 1602 hic
1238 1546 1383 1617 prius
1414 1545 1642 1617 positum
1668 1554 1771 1616 est,

199 1636 359 1706 Audi;
387 1646 445 1694 ut
473 1637 726 1694 advertas
763 1638 832 1694 ad
872 1637 1277 1709 intelligentiam
1321 1639 1496 1708 potius
1548 1636 1770 1704 dictum,

198 1744 294 1786 non
320 1729 385 1786 ad
412 1729 627 1786 aurium
658 1730 1023 1787 transitorium
1053 1745 1265 1786 sonum.
1300 1730 1438 1787 Dicit
1462 1729 1648 1796 etiam,
1681 1745 1775 1800 po-

198 1823 336 1894 pulus
377 1837 557 1892 meus,
607 1831 667 1877 ut
711 1821 861 1877 illam
910 1830 1274 1892 sequestraret
1320 1836 1615 1889 amurcam,
1656 1836 1774 1891 qute

1873 612 1964 682 qui
1989 625 2049 666 se
2077 624 2105 664 a
2135 609 2397 665 catholica
2434 611 2663 668 sanitate
2690 611 3018 683 disiungunt.

1943 702 2099 759 Vers.
2130 702 2182 757 9.
2216 699 2331 771 Ego
2368 702 2502 756 enim
2546 719 2660 757 sum
2701 701 2953 758 Dominus
2996 702 3135 759 Deus
3183 714 3328 775 tuus,
3366 707 3456 779 qui

1869 795 2027 850 eduxi
2059 805 2105 851 te
2126 794 2191 850 de
2216 803 2352 850 terra
2382 794 2456 849 1E
2462 796 2625 868 gypti.
2658 794 2838 852 Dilata
2878 815 2934 853 os
2968 808 3134 867 tuum,
3163 811 3212 857 et
3237 802 3457 876 implebo

1869 890 2023 943 illud.
2051 888 2370 945 Redduntur
2394 889 2553 961 justas
2569 905 2745 947 causae
2761 908 2928 962 quare
2956 894 3090 952 deus
3117 895 3328 953 adorari
3350 914 3459 956 non

1869 982 2067 1039 debeat
2086 983 2312 1038 alienus.
2326 982 2562 1039 Primum
2576 984 2717 1055 quod
2744 984 2885 1042 Deus
2905 997 3089 1043 noster
3114 989 3461 1049 immutabilis

1870 1084 2032 1145 atque
2060 1084 2292 1131 aeternus
2322 1084 2425 1139 est,
2453 1074 2544 1146 qui
2573 1074 2641 1131 de
2661 1089 2722 1132 se
2750 1074 2884 1131 dixit
2913 1094 2927 1131 :
2954 1075 3069 1149 Ego
3098 1095 3213 1133 sum
3239 1080 3326 1151 qui
3347 1098 3462 1136 sum

1875 1163 2072 1237 (Exod.
2097 1180 2178 1233 ιιι,
2219 1164 2333 1235 id).
2369 1166 2591 1235 Deinde,
2624 1176 2684 1223 ut
2725 1169 2906 1225 omnia
2936 1169 3354 1243 intelligeremus
3394 1173 3463 1228 ab

1872 1255 1993 1330 ipso
2021 1257 2137 1312 fieri
2164 1270 2496 1328 quaecunque
2524 1258 2678 1313 nobis
2716 1258 2993 1329 profutura
3021 1263 3334 1331 succedunt,
3367 1264 3459 1332 ait,

1872 1348 1962 1420 qui
1987 1348 2140 1402 eduxi
2176 1356 2224 1402 te
2264 1347 2325 1401 de
2350 1356 2486 1401 terra
2514 1346 2752 1422 Afgypti.
2800 1350 2930 1417 Qua:
2976 1353 3212 1408 secunda
3256 1352 3465 1423 species
3504 1418 3505 1421 η

1875 1440 2201 1497 deﬁnitionis
2232 1440 2417 1511 Graece
2446 1442 2819 1498 ennoematice
2847 1443 3073 1511 dicitur,
3106 1445 3295 1503 Latine
3318 1446 3466 1503 notio
3503 1428 3508 1465 ί

1880 1508 2393 1606 nuncupatur..ﬂazc
2434 1532 2537 1587 isto
2580 1531 2741 1587 modo
2785 1547 2999 1603 semper
3049 1508 3299 1607 efficitur,
3344 1552 3467 1595 cum

1877 1628 2249 1698 unusquisque
2279 1625 2348 1682 de
2376 1625 2530 1681 factis
2562 1626 2792 1695 propriis
2822 1625 3112 1697 judicatur,
3140 1643 3258 1699 qua:
3284 1641 3338 1686 et
3363 1631 3468 1700 ipsi
3496 1634 3509 1691 l

1878 1729 2108 1787 tantum,
2129 1734 2235 1775 non
2258 1726 2314 1775 et
2338 1718 2456 1773 aliis
2480 1718 2760 1774 videantur
2788 1718 3055 1776 accidere.
3084 1720 3189 1775 Sed
3217 1721 3318 1778 hoc
3344 1736 3468 1779 cum

1878 1812 2080 1870 ludatis
2132 1812 2198 1867 ad
2248 1810 2527 1867 historiam
2572 1810 2788 1877 dicitur,
2837 1810 3259 1869 Christianorum
3308 1816 3470 1887 280

200 1913 543 1971 torcularibus
574 1912 830 1969 Ecclesiae
860 1923 1112 1985 tanquam
1144 1927 1269 1986 pars
1306 1910 1572 1967 faccilenta
1614 1911 1776 1982 proji—
1806 1920 1855 1981 Β
1881 1906 2205 1981 generalitas
2255 1913 2644 1961 commonetur.
2679 1902 2865 1960 Educit
2910 1907 3054 1961 enim
3092 1922 3192 1963 nos
3230 1908 3295 1963 de
3335 1917 3469 1965 terra

200 2004 341 2060 citur.
374 2004 463 2059 Ille
483 2013 573 2059 est
593 2005 735 2059 enim
767 2004 989 2074 populus
1017 2003 1133 2071 Dei,
1162 2003 1254 2075 qui
1274 2004 1444 2059 nescit
1466 2019 1585 2058 cum
1616 2003 1769 2057 malis

201 2095 357 2169 aliqua
386 2110 600 2151 morum
633 2096 989 2165 permixtione
1010 2094 1298 2161 confundi;
1330 2093 1423 2149 sed
1449 2094 1501 2149 in
1523 2093 1628 2149 olei
1653 2093 1770 2163 pin-

201 2187 410 2257 guedine
455 2201 521 2241 ac
564 2185 791 2256 puritate
839 2187 892 2241 in
940 2186 1137 2242 Christi
1167 2186 1337 2256 gratia
1389 2185 1772 2241 mundissimus

199 2278 505 2348 perseierat.
540 2276 812 2348 Sequitur,
840 2275 1026 2344 Israel,
1053 2286 1099 2332 et
1146 2276 1452 2346 testiﬁcabor
1498 2276 1609 2331 tibi.
1637 2273 1771 2331 Cum

200 2365 276 2424 hic
313 2378 437 2429 ante
476 2368 712 2439 iudicem
747 2369 961 2425 soleant
1006 2377 1172 2425 testes
1225 2368 1477 2438 produci,
1510 2367 1625 2439 ipse
1669 2367 1774 2422 Do-

200 2456 359 2514 minus
381 2458 570 2529 judicii
609 2468 797 2516 testem
838 2473 897 2515 se
940 2458 1072 2515 dicit
1099 2473 1220 2516 esse
1251 2458 1534 2525 veritatis;
1565 2466 1623 2513 ut
1650 2458 1771 2514 nul-

199 2548 273 2605 lus
316 2549 383 2607 de
429 2550 694 2606 factorum
737 2565 960 2606 suorum
999 2551 1441 2621 compensatione
1480 2550 1772 2620 dubitaret,

198 2640 276 2697 ubi
304 2640 429 2698 talis
474 2641 796 2712 astipulator
838 2642 1127 2708 existeret;
1170 2640 1313 2713 quod
1354 2652 1532 2698 tamen
1580 2657 1772 2697 conse-

200 2746 411 2806 quenter
442 2735 682 2805 exponit.
709 2733 1035 2805 Testiﬂcatur
1074 2734 1218 2790 enim
1266 2735 1523 2789 Dominus
1564 2734 1778 2805 quando

200 2825 246 2882 in
271 2826 367 2883 illo
403 2824 614 2896 judicio
642 2824 943 2895 majestatis
970 2839 1083 2881 sua:
1112 2825 1401 2896 unicuique
1441 2823 1652 2881 dederit
1681 2840 1778 2895 pro

200 2920 451 2977 factorum
476 2933 698 2975 suorum
741 2919 997 2991 qualitate
1030 2920 1352 2977 sententiam
1382 2936 1398 2975 :
1427 2920 1517 2975 ubi
1559 2920 1781 2977 testibus

201 3026 323 3085 opus
343 3028 454 3070 non
474 3012 649 3069 eritut
669 3011 1067 3084 judicetur,sed
1091 3013 1263 3084 ipsum
1280 3012 1543 3084 judicium
1565 3022 1781 3071 actuum

205 3118 499 3162 nostrorum
532 3106 904 3162 testimonium
948 3104 1116 3162 dabit.
1140 3104 1394 3161 Dicturus
1422 3114 1506 3164 est
1534 3105 1677 3163 enim
1700 3106 1782 3177 ju-

203 3199 290 3254 stis
316 3215 331 3254 z
361 3196 596 3267 Esurivi,
625 3208 672 3253 et
696 3199 909 3253 dedistis
932 3198 1060 3253 mihi
1081 3199 1391 3253 manducare
1412 3215 1431 3264 ;
1456 3198 1610 3264 sitivi,
1626 3208 1673 3253 et
1693 3199 1783 3254 de—

1876 2000 2120 2073 As‘gypti,
2149 1997 2365 2069 quando
2393 2013 2489 2068 per
2514 1998 2940 2068 regenerationis
2966 2000 3191 2069 gratiam
3221 2014 3253 2054 a
3282 2015 3471 2071 pecca-

1877 2094 1945 2148 tis
1976 2090 2265 2149 teterrimis
2292 2089 2504 2157 liberat,
2522 2087 2716 2158 quibus
2739 2087 3055 2145 tenebamur
3081 2090 3324 2160 obnoxii,
3345 2106 3469 2148 cum

1877 2198 2068 2240 manus
2097 2194 2300 2239 nostra:
2333 2181 2507 2255 (sicut
2532 2181 2607 2236 ait
2635 2180 2912 2253 superius)
2949 2183 3001 2236 in
3039 2183 3257 2255 cophino
3284 2185 3471 2239 servie-

1875 2278 2018 2332 bant.
2042 2276 2313 2347 Sequitur,
2347 2272 2522 2330 Dilata
2562 2289 2618 2328 os
2646 2284 2809 2340 tuum,
2843 2282 2891 2329 et
2922 2275 3140 2343 implebo
3186 2274 3347 2330 illud.
3376 2277 3472 2330 Di-

1877 2370 2007 2436 lata,
2031 2369 2261 2439 divulga,
2284 2366 2595 2435 dissemina,
2626 2365 2931 2422 confitendo
2952 2367 3157 2437 utique,
3178 2367 3261 2423 vel
3284 2368 3472 2424 admo-

1876 2461 2085 2527 nendo;
2113 2470 2168 2515 ut
2194 2459 2279 2515 illa
2306 2459 2440 2515 velis
2464 2458 2608 2530 loqui
2629 2473 2749 2527 quae
2772 2457 2929 2528 digna
2956 2458 3239 2515 videantur
3260 2461 3468 2519 auditu.

1877 2554 2026 2609 Tunc
2055 2552 2196 2609 enim
2236 2566 2430 2608 sensus
2468 2550 2728 2621 spirituali
2774 2550 2944 2621 gratia
2971 2551 3231 2621 repletur,
3259 2555 3472 2624 quando

1879 2644 1937 2700 in
1970 2644 2159 2700 laudes
2193 2644 2403 2699 Domini
2436 2660 2492 2698 os
2520 2644 2791 2698 dilatatam
2838 2658 2961 2701 esse
3005 2647 3376 2717 cognoscitur;
3416 2660 3473 2706 ut

1882 2737 1989 2793 hoc
2038 2752 2133 2808 per
2179 2736 2297 2808 ejus
2338 2735 2563 2808 gratiam
2611 2736 2948 2803 inchoemus,
2982 2745 3044 2807 {et
3086 2739 3205 2809 ejus
3252 2755 3473 2796 munere

1882 2843 2002 2885 com
2011 2829 2283 2899 pleamus;
2310 2828 2448 2883 sicut
2475 2826 2603 2882 dicit
2619 2827 2907 2897 Apostolus
2926 2844 2939 2880 :
2966 2828 3275 2884 Dilatamini
3292 2839 3342 2886 et
3360 2848 3473 2890 vos.

1882 2919 2064 2977 Nolite
2102 2924 2289 2994 jugum
2335 2921 2520 2975 ducere
2566 2934 2686 2973 cum
2738 2919 3035 2989 inﬁdelibus
3084 2919 3185 2992 (II
3228 2921 3348 2979 Cor.
3395 2937 3474 2994 νι,

1883 3017 1972 3078 ιδ.
2007 3018 2126 3087 ιιι).

1960 3108 2115 3167 Vers.
2136 3109 2221 3165 i0.
2241 3107 2309 3162 Et
2337 3124 2440 3163 non
2462 3108 2657 3164 audivit
2681 3121 2907 3178 poputus
2927 3124 3069 3164 meus
3092 3124 3263 3165 vocem
3285 3125 3470 3179 meant,

1883 3213 1932 3261 et
1954 3204 2122 3259 Israel
2146 3220 2249 3257 non
2276 3202 2493 3257 intendit
2512 3202 2654 3257 mihi.

204 3290 339 3346 distis
381 3292 511 3347 mihi
549 3291 716 3345 bibere
744 3290 961 3364 (Matth.
1003 3307 1131 3360 xxv,
1162 3290 1287 3365 55),
1324 3302 1379 3348 et
1419 3292 1644 3363 reliqua.
1673 3293 1777 3347 lm-
1801 3297 1850 3361 C
1953 3295 2110 3352 Vers.
2144 3293 2232 3349 11.
2267 3293 2337 3348 Et
2372 3293 2547 3348 dimisi
2575 3310 2659 3348 eos
2703 3295 2983 3349 secundum
3017 3295 3325 3352 desiderium
3353 3314 3472 3354 cor-

204 3383 294 3452 piis
321 3394 498 3440 autem
532 3384 675 3456 quod
706 3384 830 3438 talia
870 3399 976 3440 non
1003 3384 1232 3440 fecerint
1266 3386 1584 3456 imputabit;
1615 3386 1689 3441 ita
1721 3386 1779 3441 fit

203 3484 251 3529 ut
271 3476 537 3548 judicium
567 3478 683 3547 ejus
713 3492 819 3531 non
852 3479 966 3533 sine
1010 3480 1319 3534 testimonio
1350 3494 1471 3535 esse
1508 3479 1775 3535 videatur.

199 3565 418 3637 Addidit,
450 3569 654 3637 Israel,
678 3570 721 3625 si
744 3587 821 3625 me
847 3571 1094 3637 audieris,
1124 3587 1226 3625 non
1258 3572 1354 3626 erit
1393 3574 1446 3626 in
1475 3579 1523 3626 te
1551 3572 1676 3628 deus
1701 3587 1781 3625 re-

199 3676 322 3717 cens.
349 3665 573 3735 Repetit
595 3663 781 3732 Israel,
806 3675 872 3720 ut
891 3678 953 3720 se
982 3664 1299 3720 familiarem
1328 3666 1610 3735 intelligat,
1637 3674 1692 3721 et
1712 3665 1780 3720 ad

200 3750 330 3823 iussa
371 3756 594 3812 Domini
644 3755 965 3811 obedienter
1004 3765 1126 3810 vota
1184 3764 1481 3811 convertat.
1533 3757 1779 3825 Magnum

200 3855 333 3905 enim
376 3860 782 3907 sacramentum
827 3864 935 3905 uno
977 3848 1144 3905 verbo
1177 3849 1533 3915 concluditur,
1578 3859 1634 3903 ut
1670 3850 1781 3918 jam

202 3946 321 3997 tunc
361 3952 594 3999 ventura
640 3943 859 3999 hazresis
889 3943 1132 3998 veritatis
1159 3943 1424 4000 sententia
1461 3944 1781 3998 vinceretur.

202 4031 337 4091 Dixit
359 4039 530 4103 enim,
552 4054 655 4092 non
685 4038 778 4094 erit
805 4038 859 4092 in
889 4047 936 4093 te
959 4040 1084 4091 deus
1112 4053 1303 4103 recens,
1334 4052 1402 4092 ne
1430 4037 1658 4092 Verbum
1686 4038 1786 4091 Pa-

201 4128 300 4184 tris
337 4131 617 4203 quisquam
667 4139 882 4202 putaret
925 4144 1048 4186 esse
1093 4130 1194 4185 sub
1233 4138 1495 4201 tempore.
1528 4129 1660 4184 Nam
1697 4129 1787 4185 ille

204 4239 372 4279 recens
410 4234 491 4281 est
530 4228 617 4297 qui
645 4226 999 4296 antiquiorem
1040 4222 1222 4279 habet.
1251 4223 1595 4293 Quapropter
1621 4225 1669 4277 si
1705 4238 1788 4275 re-

207 4330 315 4369 cens
335 4330 437 4371 non
472 4325 655 4388 potest
675 4316 803 4383 dici,
832 4326 1161 4372 coaeternum
1190 4315 1351 4372 debet
1371 4312 1567 4371 mentis
1589 4314 1790 4371 sanitas

206 4410 461 4468 conﬁteri.
497 4412 563 4467 Et
588 4426 658 4467 ne
688 4414 857 4482 possit
880 4410 1075 4482 aliquis
1108 4410 1278 4466 Deum
1316 4407 1589 4464 Christum
1618 4422 1792 4465 recen-

208 4507 304 4556 tem
321 4502 523 4570 dicere,
538 4519 695 4575 quem
712 4504 781 4559 de
803 4504 965 4559 Maria
998 4504 1215 4573 Virgine
1246 4509 1429 4557 natum
1454 4516 1578 4559 esse
1600 4517 1797 4575 cogno-

212 4594 324 4663 scit,
344 4596 497 4666 cujus
523 4597 823 4652 humanitas
845 4598 979 4652 facta
1002 4596 1259 4666 probatur
1278 4610 1401 4651 esse
1416 4596 1515 4651 sub
1531 4604 1789 4666 tempore,

1883 3391 1963 3446 dis
1989 3406 2189 3458 eorum,
2224 3399 2273 3444 et
2300 3387 2444 3443 ibunt
2472 3389 2528 3442 iu
2560 3387 2908 3442 voluntatibus
2938 3389 3064 3443 suis.
3089 3388 3343 3456 Quamvis
3371 3391 3470 3448 im-

1883 3484 2113 3557 pleverit
2145 3482 2403 3537 Dominus
2432 3478 2815 3550 prophetarum
2842 3494 2938 3534 ora
2962 3480 3204 3549 dilatata,
3227 3482 3360 3538 dicit
3378 3497 3473 3541 eos

1881 3578 2097 3634 auditos
2127 3590 2236 3631 non
2281 3572 2448 3629 fuisse
2493 3572 2562 3627 ab
2604 3572 2897 3628 Israelitico
2940 3575 3157 3645 populo,
3190 3576 3314 3631 dum
3358 3578 3475 3648 ejus

1883 3670 2106 3726 minime
2128 3667 2281 3739 jussa
2309 3665 2679 3743 compleverit.
2711 3664 2803 3720 ille
2832 3666 2975 3720 enim
3018 3681 3133 3720 suae
3174 3667 3316 3737 plebi
3356 3678 3475 3725 tan-

1884 3780 2045 3835 quam
2071 3761 2190 3817 oleo
2218 3761 2567 3831 loquebatur;
2594 3758 2688 3813 sed
2723 3773 2941 3813 amurca
2977 3774 3086 3814 non
3125 3770 3336 3830 poterat
3377 3779 3475 3819 au-

1892 3857 2029 3922 dire;
2062 3870 2179 3925 quas
2212 3863 2329 3909 erat
2355 3853 2501 3907 velut
2529 3850 2730 3906 inutilis
2774 3851 3095 3918 reSpuenda.
3131 3853 3370 3918 Addidit,
3400 3851 3471 3909 Et

1887 3949 2059 4002 dimisi
2081 3964 2164 4001 eos
2189 3946 2469 4000 secundum
2495 3942 2805 3996 desiderium
2837 3943 3007 3997 cordis
3043 3960 3232 4011 eorum,
3260 3952 3307 3999 et
3331 3946 3478 4001 ibunt

1887 4041 1941 4095 in
1967 4038 2312 4094 voluntatibus
2337 4039 2465 4091 suis.
2499 4036 2754 4103 Sequitur
2781 4036 2914 4089 ultio
2935 4036 3089 4105 digna
3123 4036 3480 4104 peccati.Non

1888 4136 2034 4193 enim
2087 4133 2379 4188 dimittitur
2428 4129 2743 4200 impunitus,
2777 4130 2868 4200 qui
2913 4146 2943 4185 a
2993 4132 3205 4187 Domini
3257 4134 3481 4193 tuitione

1890 4226 2185 4283 deseritur.
2219 4225 2312 4280 Ille
2341 4223 2483 4279 enim
2513 4235 2649 4293 quos
2672 4221 2946 4288 relinquit,
2967 4220 3151 4292 afﬂigit
3176 4240 3190 4277 :
3215 4224 3335 4295 quia
3366 4240 3480 4281 ma-

1890 4324 2065 4380 lorum
2093 4319 2334 4375 omnium
2366 4318 2651 4373 retributio
2676 4323 2757 4371 est
2787 4324 2930 4369 tanta
2956 4316 3193 4373 bonitate
3223 4318 3477 4379 fraudari.

1893 4415 2052 4473 Putat
2078 4414 2222 4469 enim
2255 4420 2500 4483 peccator
2548 4425 2715 4481 genus
2760 4424 2880 4465 esse
2933 4409 3205 4480 beneficii,
3238 4412 3284 4467 si
3324 4412 3472 4488 [ed.,

1895 4503 2045 4576 dum]
2082 4505 2197 4564 suis
2228 4503 2590 4559 voluntatibus
2620 4504 2956 4572 permittatur
2984 4504 3208 4572 expleri,
3242 4505 3365 4559 dum
3397 4508 3479 4559 tti-

1898 4606 1983 4652 cat
2016 4597 2303 4667 Apostolus
2330 4609 2341 4650 :
2377 4594 2615 4649 Tradidit
2647 4593 2764 4648 illos
2798 4595 2935 4648 Deus
2962 4597 3013 4648 in
3044 4597 3483 4660 concupiscentiae

213 4684 350 4757 dicit,
378 4706 481 4747 non
521 4692 621 4746 erit
650 4691 737 4745 tibi
767 4692 892 4746 deus
916 4707 1093 4774 recens
1114 4706 1137 4747 :
1167 4691 1419 4762 quoniam
1449 4691 1566 4763 ipse
1590 4702 1674 4747 est
1696 4692 1787 4762 qui
1813 4685 1869 4747 D
1896 4690 2064 4743 cordis
2086 4706 2284 4751 eorum,
2304 4690 2359 4741 in
2390 4685 2962 4759 itttmundilt'ant(Rom.
2994 4686 3164 4757 1,24),
3182 4686 3479 4757 etrcliqua.

216 4789 331 4840 ante
356 4799 521 4841 omne
557 4784 874 4855 principium
916 4785 1128 4854 genitus
1161 4784 1228 4841 de
1263 4784 1434 4840 Patris
1472 4784 1793 4853 substantia,

217 4876 396 4945 aequali
415 4891 541 4933 cum
564 4893 630 4933 eo
656 4878 1022 4933 coaeternitate
1043 4879 1310 4944 consistit,
1340 4892 1571 4947 regnans
1598 4893 1694 4947 per
1714 4879 1796 4932 in-

220 4966 353 5024 iinita
402 4971 599 5027 saecula
641 4972 983 5026 saeculorum.
1014 4969 1168 5026 Unde
1218 4970 1454 5026 mirabili
1500 4978 1797 5038 sanctoque

219 5065 531 5133 compendio
561 5066 750 5120 Patres
777 5065 946 5119 nostri
983 5064 1115 5119 duas
1146 5073 1362 5120 naturas
1395 5077 1711 5135 permanere
1739 5061 1795 5117 in

219 5164 318 5205 uno
358 5155 583 5210 Domino
624 5155 843 5212 Christo
886 5155 1061 5210 unitas
1105 5165 1267 5223 atque
1313 5155 1576 5224 perfectas
1604 5153 1711 5209 dici
1740 5163 1796 5208 et

219 5243 361 5297 credi
392 5248 728 5312 maluerunt;
761 5256 820 5301 ut
848 5246 1084 5301 omnium
1125 5246 1501 5300 haereticorum
1541 5244 1793 5299 morbosa

218 5342 279 5385 ac
324 5332 487 5388 fetida
535 5337 797 5391 eructatio
839 5347 1088 5406 tanquam
1117 5336 1291 5391 hiatus
1332 5336 1551 5406 pestifer
1596 5336 1796 5391 salubri

221 5423 455 5478 remedio
484 5424 844 5482 clauderetur.
876 5425 943 5480 In
973 5436 1021 5480 te
1052 5428 1228 5482 autem
1266 5427 1408 5496 quod
1435 5427 1589 5491 dixit,
1623 5428 1793 5497 signi-

225 5510 344 5568 ﬁcat
384 5515 440 5571 in
465 5518 628 5574 corde
654 5528 768 5588 tuo,
796 5518 885 5575 ubi
914 5520 1073 5575 debet
1096 5520 1312 5583 veritas,
1342 5534 1447 5575 non
1481 5518 1683 5573 falsitas
1717 5521 1799 5574 in-

222 5607 414 5664 veniri.
445 5611 675 5682 Adiecit,
725 5628 883 5684 neque
919 5612 1160 5667 adorabis
1200 5611 1348 5665 deum
1388 5612 1635 5665 alimum.
1664 5612 1797 5667 Cum

218 5710 378 5771 supra
406 5704 749 5763 interdixerit
769 5706 873 5761 coli
894 5717 1137 5761 recentem
1160 5706 1311 5759 deum
1337 5719 1447 5759 non
1471 5704 1685 5769 dobere,
1716 5705 1800 5760 hic

220 5793 437 5850 adorare
481 5796 632 5853 deum
658 5798 827 5857 vetuit
852 5800 1117 5883 alienum;
1142 5806 1200 5853 ut
1226 5814 1361 5868 pene
1405 5812 1499 5867 par
1528 5796 1598 5851 sit
1627 5798 1801 5853 scelus

1975 4782 2125 4837 Vers.
2163 4782 2248 4835 i2.
2278 4779 2338 4835 Si
2366 4780 2502 4848 plebs
2526 4794 2637 4832 mea
2664 4778 2890 4831 audisset
2918 4792 3018 4841 me,
3058 4775 3226 4831 Israel
3245 4779 3291 4831 si
3317 4778 3371 4831 in
3391 4779 3485 4834 viis

1896 4876 2021 4930 meis
2048 4875 2382 4938 ambulasset,
2412 4888 2505 4943 pro
2533 4870 2697 4925 nihilo
2737 4871 2972 4924 inimicos
3010 4886 3185 4924 eorum
3218 4871 3485 4926 humilius.

1898 4983 2021 5033 sem,
2050 4976 2097 5018 et
2124 4981 2276 5034 super
2306 4963 2603 5017 tribulantes
2633 4979 2720 5017 eos
2760 4963 3010 5016 misissem
3052 4977 3261 5017 manum
3293 4980 3483 5020 meam.

1900 5058 2256 5129 Quaerendum
2280 5067 2361 5112 est
2381 5073 2548 5126 quare
2578 5056 2774 5127 plebem
2802 5055 2997 5109 dixerit
3017 5071 3188 5117 suam,
3213 5072 3332 5127 quae
3358 5072 3483 5114 eum

1900 5168 2006 5207 non
2035 5160 2154 5205 erat
2181 5150 2459 5203 auditura?
2487 5149 2653 5205 Suam
2683 5149 2836 5214 dixit,
2865 5148 2989 5216 quia
3020 5149 3067 5203 ei
3096 5149 3267 5219 legem
3311 5149 3482 5221 dedit,

1901 5243 2161 5298 miracula
2188 5258 2377 5312 magna
2409 5241 2755 5305 monstravit;
2781 5250 2836 5294 ut
2864 5244 3019 5311 culpa
3048 5255 3338 5314 cresceret,
3363 5262 3483 5305 cum
3512 5304 3519 5317 ,

1899 5336 1953 5393 in
1984 5351 2105 5389 eum
2139 5334 2290 5403 plebs
2324 5333 2492 5387 electa
2523 5342 2818 5403 peccasset.
2853 5333 2919 5388 Et
2966 5345 3089 5389 nota
3129 5337 3481 5406 quemadmo-

1899 5428 2024 5482 dum
2055 5441 2115 5481 se
2140 5426 2198 5478 in
2230 5424 2330 5478 hoc
2359 5426 2528 5493 primo
2571 5437 2725 5478 versu
2766 5426 3145 5496 subsequentia
3184 5428 3347 5483 verba
3384 5430 3485 5487 de-

1902 5520 2130 5575 clarant.
2162 5517 2315 5586 Quod
2344 5516 2496 5580 dixit,
2529 5517 2668 5586 plebs
2698 5534 2828 5583 mea,
2858 5518 2961 5573 hoc
3000 5520 3261 5589 significat
3290 5518 3484 5577 Israel.

1901 5611 2054 5679 Quod
2105 5610 2224 5677 ait,
2266 5612 2491 5663 audisset
2536 5624 2651 5673 me,
2707 5609 2809 5663 hoc
2854 5611 2966 5663 vult
3020 5611 3278 5679 intelligi,
3334 5612 3380 5665 si
3420 5612 3477 5667 its

1900 5705 1992 5759 viis
2044 5703 2167 5757 meis
2217 5700 2544 5755 ambulasset.
2581 5699 2672 5754 ille
2719 5703 2858 5767 enim
2903 5710 2957 5756 et
2994 5703 3141 5757 audit
3168 5702 3478 5772 Dominum,

1904 5805 1957 5851 et
1989 5797 2039 5850 in
2072 5796 2173 5850 viis
2203 5793 2317 5863 ejus
2347 5791 2601 5858 ambulat,
2644 5791 2736 5861 qui
2766 5793 3031 5848 mandatis
3061 5794 3224 5861 ipsius
3263 5808 3369 5849 non
3402 5810 3480 5849 re-

220 5893 468 5941 recentem
508 5890 661 5947 deum
705 5899 911 5964 putare,
944 5900 998 5948 et
1042 5882 1267 5948 nefanda
1314 5888 1476 5948 idolis
1520 5887 1805 5950 devotione
1905 5889 2108 5959 pcritur
2136 5887 2413 5945 adversus.
2449 5882 2517 5940 Et
2546 5883 2668 5939 vide
2696 5883 2941 5940 ordinent
2978 5884 3143 5941 fuisse
3187 5894 3481 5941 servatum.
