  <div class='ocr_page' id='page_1' title='image "/cluster/home/n/w/nwhite01/storage/ocr_20150623/70/hvd.32044015469356/302.png"; bbox 0 0 4092 6344; ppageno 0'>
   <div class='ocr_carea' id='block_1_1' title="bbox 232 414 329 475">
    <p class='ocr_par' dir='ltr' id='par_1_1' title="bbox 232 414 329 475">
     <span class='ocr_line' id='line_1_1' title="bbox 232 414 329 475; baseline -0.052 1"><span class='ocrx_word' id='word_1_1' title='bbox 232 414 329 475; x_wconf 75' lang='lat'><strong>593</strong></span> 
     </span>
    </p>
   </div>
   <div class='ocr_carea' id='block_1_2' title="bbox 1105 374 2588 467">
    <p class='ocr_par' dir='ltr' id='par_1_2' title="bbox 1105 374 2588 467">
     <span class='ocr_line' id='line_1_2' title="bbox 1105 374 2588 467; baseline -0.002 -3"><span class='ocrx_word' id='word_1_2' title='bbox 1105 374 1467 467; x_wconf 74' lang='lat' dir='ltr'><strong>exobsmo</strong></span> <span class='ocrx_word' id='word_1_3' title='bbox 1502 408 1568 465; x_wconf 87' lang='lat' dir='ltr'><strong>IN</strong></span> <span class='ocrx_word' id='word_1_4' title='bbox 1609 406 2072 467; x_wconf 68' lang='lat' dir='ltr'><strong>assummum.</strong></span> <span class='ocrx_word' id='word_1_5' title='bbox 2117 405 2310 464; x_wconf 83' lang='lat' dir='ltr'><strong>PSAL.</strong></span> <span class='ocrx_word' id='word_1_6' title='bbox 2354 404 2588 463; x_wconf 78' lang='lat' dir='ltr'><strong>LXXXI.</strong></span> 
     </span>
    </p>
   </div>
   <div class='ocr_carea' id='block_1_3' title="bbox 3375 402 3486 465">
    <p class='ocr_par' dir='ltr' id='par_1_3' title="bbox 3375 402 3486 465">
     <span class='ocr_line' id='line_1_3' title="bbox 3375 402 3486 465; baseline 0 0"><span class='ocrx_word' id='word_1_7' title='bbox 3375 402 3486 465; x_wconf 64' lang='lat'><strong>89‘</strong></span> 
     </span>
    </p>
   </div>
   <div class='ocr_carea' id='block_1_4' title="bbox 228 514 3489 600">
    <p class='ocr_par' dir='ltr' id='par_1_4' title="bbox 228 514 3489 600">
     <span class='ocr_line' id='line_1_4' title="bbox 228 514 3489 600; baseline -0.004 -17"><span class='ocrx_word' id='word_1_8' title='bbox 228 529 391 600; x_wconf 86' lang='lat' dir='ltr'><strong>potest</strong></span> <span class='ocrx_word' id='word_1_9' title='bbox 424 519 527 577; x_wconf 91' lang='lat' dir='ltr'><strong>dici</strong></span> <span class='ocrx_word' id='word_1_10' title='bbox 568 533 599 574; x_wconf 89' lang='lat' dir='ltr'><strong>a</strong></span> <span class='ocrx_word' id='word_1_11' title='bbox 639 526 828 576; x_wconf 89' lang='lat' dir='ltr'><strong>natura</strong></span> <span class='ocrx_word' id='word_1_12' title='bbox 873 518 1088 577; x_wconf 79' lang='lat' dir='ltr'><strong>deitatis</strong></span> <span class='ocrx_word' id='word_1_13' title='bbox 1131 529 1276 577; x_wconf 89' lang='lat' dir='ltr'><strong>stare</strong></span> <span class='ocrx_word' id='word_1_14' title='bbox 1317 520 1402 577; x_wconf 91' lang='lat' dir='ltr'><strong>vel</strong></span> <span class='ocrx_word' id='word_1_15' title='bbox 1449 521 1655 587; x_wconf 89' lang='lat' dir='ltr'><strong>sedere,</strong></span> <span class='ocrx_word' id='word_1_16' title='bbox 1702 520 1793 591; x_wconf 87' lang='lat' dir='ltr'><strong>qui</strong></span> <span class='ocrx_word' id='word_1_17' title='bbox 1821 522 1871 583; x_wconf 75' lang='grc' dir='ltr'>Α</span> <span class='ocrx_word' id='word_1_18' title='bbox 1898 519 2115 589; x_wconf 76' lang='lat' dir='ltr'><strong>pupillo,</strong></span> <span class='ocrx_word' id='word_1_19' title='bbox 2148 519 2234 573; x_wconf 88' lang='lat' dir='ltr'><strong>cui</strong></span> <span class='ocrx_word' id='word_1_20' title='bbox 2267 526 2418 589; x_wconf 88' lang='lat' dir='ltr'><strong>pater</strong></span> <span class='ocrx_word' id='word_1_21' title='bbox 2447 516 2678 573; x_wconf 77' lang='lat' dir='ltr'><strong>carnalis</strong></span> <span class='ocrx_word' id='word_1_22' title='bbox 2711 515 2942 571; x_wconf 86' lang='lat' dir='ltr'><strong>lnnnana</strong></span> <span class='ocrx_word' id='word_1_23' title='bbox 2979 514 3172 572; x_wconf 86' lang='lat' dir='ltr'><strong>solatia</strong></span> <span class='ocrx_word' id='word_1_24' title='bbox 3210 528 3319 571; x_wconf 90' lang='lat' dir='ltr'><strong>non</strong></span> <span class='ocrx_word' id='word_1_25' title='bbox 3347 526 3489 586; x_wconf 73' lang='lat' dir='ltr'><strong>prte-</strong></span> 
     </span>
    </p>
   </div>
   <div class='ocr_carea' id='block_1_5' title="bbox 228 612 1796 676">
    <p class='ocr_par' dir='ltr' id='par_1_5' title="bbox 228 612 1796 676">
     <span class='ocr_line' id='line_1_5' title="bbox 228 612 1796 676; baseline -0.004 -1"><span class='ocrx_word' id='word_1_26' title='bbox 228 619 358 676; x_wconf 87' lang='lat' dir='ltr'><strong>nnlla</strong></span> <span class='ocrx_word' id='word_1_27' title='bbox 416 614 518 670; x_wconf 88' lang='lat' dir='ltr'><strong>loci</strong></span> <span class='ocrx_word' id='word_1_28' title='bbox 582 612 1032 670; x_wconf 87' lang='lat' dir='ltr'><strong>determinatione</strong></span> <span class='ocrx_word' id='word_1_29' title='bbox 1095 613 1453 670; x_wconf 74' lang='lat' dir='ltr'><strong>concluditur.</strong></span> <span class='ocrx_word' id='word_1_30' title='bbox 1530 614 1637 670; x_wconf 90' lang='lat' dir='ltr'><strong>Sed</strong></span> <span class='ocrx_word' id='word_1_31' title='bbox 1693 614 1796 669; x_wconf 90' lang='lat' dir='ltr'><strong>iste</strong></span> 
     </span>
    </p>
   </div>
   <div class='ocr_carea' id='block_1_6' title="bbox 225 708 1798 781">
    <p class='ocr_par' dir='ltr' id='par_1_6' title="bbox 225 708 1798 781">
     <span class='ocr_line' id='line_1_6' title="bbox 225 708 1798 781; baseline -0.004 -11"><span class='ocrx_word' id='word_1_32' title='bbox 225 709 391 781; x_wconf 88' lang='lat' dir='ltr'><strong>Asaph</strong></span> <span class='ocrx_word' id='word_1_33' title='bbox 435 708 611 764; x_wconf 89' lang='lat' dir='ltr'><strong>divina</strong></span> <span class='ocrx_word' id='word_1_34' title='bbox 650 708 982 778; x_wconf 91' lang='lat' dir='ltr'><strong>inspectione</strong></span> <span class='ocrx_word' id='word_1_35' title='bbox 1023 708 1374 778; x_wconf 89' lang='lat' dir='ltr'><strong>illuminatus,</strong></span> <span class='ocrx_word' id='word_1_36' title='bbox 1409 708 1572 763; x_wconf 88' lang='lat' dir='ltr'><strong>Detmt</strong></span> <span class='ocrx_word' id='word_1_37' title='bbox 1600 709 1798 763; x_wconf 89' lang='lat' dir='ltr'><strong>clamat</strong></span> 
     </span>
    </p>
   </div>
   <div class='ocr_carea' id='block_1_7' title="bbox 223 800 1797 875">
    <p class='ocr_par' dir='ltr' id='par_1_7' title="bbox 223 800 1797 875">
     <span class='ocr_line' id='line_1_7' title="bbox 223 800 1797 875; baseline -0.005 -13"><span class='ocrx_word' id='word_1_38' title='bbox 223 809 387 862; x_wconf 84' lang='lat' dir='ltr'><strong>Jesum</strong></span> <span class='ocrx_word' id='word_1_39' title='bbox 432 800 702 857; x_wconf 82' lang='lat' dir='ltr'><strong>Christum</strong></span> <span class='ocrx_word' id='word_1_40' title='bbox 752 802 805 855; x_wconf 91' lang='lat' dir='ltr'><strong>in</strong></span> <span class='ocrx_word' id='word_1_41' title='bbox 846 817 1104 875; x_wconf 72' lang='lat' dir='ltr'><strong>synagoga</strong></span> <span class='ocrx_word' id='word_1_42' title='bbox 1152 801 1376 868; x_wconf 81' lang='lat' dir='ltr'><strong>stetisse,</strong></span> <span class='ocrx_word' id='word_1_43' title='bbox 1419 803 1506 857; x_wconf 90' lang='lat' dir='ltr'><strong>cui</strong></span> <span class='ocrx_word' id='word_1_44' title='bbox 1554 800 1671 856; x_wconf 82' lang='lat' dir='ltr'><strong>nisa</strong></span> <span class='ocrx_word' id='word_1_45' title='bbox 1713 807 1797 856; x_wconf 85' lang='lat' dir='ltr'><strong>est</strong></span> 
     </span>
    </p>
   </div>
   <div class='ocr_carea' id='block_1_8' title="bbox 224 891 1797 967">
    <p class='ocr_par' dir='ltr' id='par_1_8' title="bbox 224 891 1797 967">
     <span class='ocr_line' id='line_1_8' title="bbox 224 891 1797 967; baseline -0.004 -16"><span class='ocrx_word' id='word_1_46' title='bbox 224 896 486 967; x_wconf 90' lang='lat' dir='ltr'><strong>impiorum</strong></span> <span class='ocrx_word' id='word_1_47' title='bbox 518 892 673 948; x_wconf 88' lang='lat' dir='ltr'><strong>turba</strong></span> <span class='ocrx_word' id='word_1_48' title='bbox 717 892 1006 959; x_wconf 76' lang='lat' dir='ltr'><strong>resistere;</strong></span> <span class='ocrx_word' id='word_1_49' title='bbox 1050 900 1108 949; x_wconf 91' lang='lat' dir='ltr'><strong>ut</strong></span> <span class='ocrx_word' id='word_1_50' title='bbox 1137 892 1328 949; x_wconf 77' lang='lat' dir='ltr'><strong>affectu</strong></span> <span class='ocrx_word' id='word_1_51' title='bbox 1368 901 1591 962; x_wconf 90' lang='lat' dir='ltr'><strong>paterno</strong></span> <span class='ocrx_word' id='word_1_52' title='bbox 1624 891 1797 948; x_wconf 85' lang='lat' dir='ltr'><strong>corri-</strong></span> 
     </span>
    </p>
   </div>
   <div class='ocr_carea' id='block_1_9' title="bbox 221 982 1792 1055">
    <p class='ocr_par' dir='ltr' id='par_1_9' title="bbox 221 982 1792 1055">
     <span class='ocr_line' id='line_1_9' title="bbox 221 982 1792 1055; baseline -0.001 -14"><span class='ocrx_word' id='word_1_53' title='bbox 221 992 358 1055; x_wconf 81' lang='lat' dir='ltr'><strong>geret</strong></span> <span class='ocrx_word' id='word_1_54' title='bbox 401 997 534 1053; x_wconf 92' lang='lat' dir='ltr'><strong>quos</strong></span> <span class='ocrx_word' id='word_1_55' title='bbox 584 982 639 1037; x_wconf 93' lang='lat' dir='ltr'><strong>in</strong></span> <span class='ocrx_word' id='word_1_56' title='bbox 682 982 891 1053; x_wconf 88' lang='lat' dir='ltr'><strong>seipsos</strong></span> <span class='ocrx_word' id='word_1_57' title='bbox 936 984 1113 1053; x_wconf 86' lang='lat' dir='ltr'><strong>potius</strong></span> <span class='ocrx_word' id='word_1_58' title='bbox 1161 992 1489 1054; x_wconf 81' lang='lat' dir='ltr'><strong>cognoverat</strong></span> <span class='ocrx_word' id='word_1_59' title='bbox 1535 982 1792 1039; x_wconf 83' lang='lat' dir='ltr'><strong>insanire.</strong></span> 
     </span>
    </p>
   </div>
   <div class='ocr_carea' id='block_1_10' title="bbox 218 1072 1797 1146">
    <p class='ocr_par' dir='ltr' id='par_1_10' title="bbox 218 1072 1797 1146">
     <span class='ocr_line' id='line_1_10' title="bbox 218 1072 1797 1146; baseline -0.001 -15"><span class='ocrx_word' id='word_1_60' title='bbox 218 1074 299 1131; x_wconf 86' lang='lat' dir='ltr'><strong>Sic</strong></span> <span class='ocrx_word' id='word_1_61' title='bbox 324 1073 460 1131; x_wconf 90' lang='lat' dir='ltr'><strong>enim</strong></span> <span class='ocrx_word' id='word_1_62' title='bbox 488 1072 558 1128; x_wconf 92' lang='lat' dir='ltr'><strong>de</strong></span> <span class='ocrx_word' id='word_1_63' title='bbox 580 1072 715 1143; x_wconf 81' lang='lat' dir='ltr'><strong>.ipso</strong></span> <span class='ocrx_word' id='word_1_64' title='bbox 760 1083 816 1130; x_wconf 88' lang='lat' dir='ltr'><strong>et</strong></span> <span class='ocrx_word' id='word_1_65' title='bbox 844 1073 1078 1132; x_wconf 80' lang='lat' dir='ltr'><strong>Joannes</strong></span> <span class='ocrx_word' id='word_1_66' title='bbox 1110 1075 1347 1146; x_wconf 83' lang='lat' dir='ltr'><strong>Baptista</strong></span> <span class='ocrx_word' id='word_1_67' title='bbox 1376 1075 1508 1131; x_wconf 89' lang='lat' dir='ltr'><strong>dicit</strong></span> <span class='ocrx_word' id='word_1_68' title='bbox 1540 1092 1553 1127; x_wconf 90' lang='lat'><strong>:</strong></span> <span class='ocrx_word' id='word_1_69' title='bbox 1588 1073 1797 1130; x_wconf 67' lang='lat' dir='ltr'><strong>Medius</strong></span> 
     </span>
    </p>
   </div>
   <div class='ocr_carea' id='block_1_11' title="bbox 216 1165 1792 1239">
    <p class='ocr_par' dir='ltr' id='par_1_11' title="bbox 216 1165 1792 1239">
     <span class='ocr_line' id='line_1_11' title="bbox 216 1165 1792 1239; baseline -0.001 -18"><span class='ocrx_word' id='word_1_70' title='bbox 216 1176 371 1221; x_wconf 87' lang='lat' dir='ltr'><strong>autem</strong></span> <span class='ocrx_word' id='word_1_71' title='bbox 407 1175 631 1221; x_wconf 81' lang='lat' dir='ltr'><strong>vestrum</strong></span> <span class='ocrx_word' id='word_1_72' title='bbox 673 1175 794 1236; x_wconf 97' lang='lat' dir='ltr'><strong>stat,</strong></span> <span class='ocrx_word' id='word_1_73' title='bbox 840 1183 987 1236; x_wconf 84' lang='lat' dir='ltr'><strong>quem</strong></span> <span class='ocrx_word' id='word_1_74' title='bbox 1016 1184 1102 1222; x_wconf 83' lang='lat' dir='ltr'><strong>vos</strong></span> <span class='ocrx_word' id='word_1_75' title='bbox 1145 1168 1351 1222; x_wconf 77' lang='lat' dir='ltr'><strong>nescitis</strong></span> <span class='ocrx_word' id='word_1_76' title='bbox 1382 1166 1565 1239; x_wconf 80' lang='lat' dir='ltr'><strong>(Joan.</strong></span> <span class='ocrx_word' id='word_1_77' title='bbox 1608 1182 1648 1235; x_wconf 86' lang='grc' dir='ltr'>ι,</span> <span class='ocrx_word' id='word_1_78' title='bbox 1674 1165 1792 1238; x_wconf 72' lang='grc'><strong>26).</strong></span> 
     </span>
    </p>
   </div>
   <div class='ocr_carea' id='block_1_12' title="bbox 216 1260 1796 1327">
    <p class='ocr_par' dir='ltr' id='par_1_12' title="bbox 216 1260 1796 1327">
     <span class='ocr_line' id='line_1_12' title="bbox 216 1260 1796 1327; baseline 0.001 -12"><span class='ocrx_word' id='word_1_79' title='bbox 216 1260 420 1315; x_wconf 82' lang='lat' dir='ltr'><strong>Addidit</strong></span> <span class='ocrx_word' id='word_1_80' title='bbox 456 1260 642 1327; x_wconf 87' lang='lat' dir='ltr'><strong>etiam,</strong></span> <span class='ocrx_word' id='word_1_81' title='bbox 675 1262 909 1326; x_wconf 88' lang='lat' dir='ltr'><strong>deorum,</strong></span> <span class='ocrx_word' id='word_1_82' title='bbox 950 1272 1009 1317; x_wconf 92' lang='lat' dir='ltr'><strong>ut</strong></span> <span class='ocrx_word' id='word_1_83' title='bbox 1048 1261 1349 1317; x_wconf 85' lang='lat' dir='ltr'><strong>evidentius</strong></span> <span class='ocrx_word' id='word_1_84' title='bbox 1388 1261 1456 1317; x_wconf 91' lang='lat' dir='ltr'><strong>de</strong></span> <span class='ocrx_word' id='word_1_85' title='bbox 1487 1260 1796 1317; x_wconf 83' lang='lat' dir='ltr'><strong>hominibus</strong></span> 
     </span>
    </p>
   </div>
   <div class='ocr_carea' id='block_1_13' title="bbox 217 1352 1794 1425">
    <p class='ocr_par' dir='ltr' id='par_1_13' title="bbox 217 1352 1794 1425">
     <span class='ocr_line' id='line_1_13' title="bbox 217 1352 1794 1425; baseline 0.003 -18"><span class='ocrx_word' id='word_1_86' title='bbox 217 1352 399 1409; x_wconf 91' lang='lat' dir='ltr'><strong>dictum</strong></span> <span class='ocrx_word' id='word_1_87' title='bbox 428 1354 764 1419; x_wconf 88' lang='lat' dir='ltr'><strong>adverteres,</strong></span> <span class='ocrx_word' id='word_1_88' title='bbox 796 1352 939 1411; x_wconf 89' lang='lat' dir='ltr'><strong>inter</strong></span> <span class='ocrx_word' id='word_1_89' title='bbox 969 1370 1104 1424; x_wconf 87' lang='lat' dir='ltr'><strong>quos</strong></span> <span class='ocrx_word' id='word_1_90' title='bbox 1140 1355 1495 1425; x_wconf 86' lang='lat' dir='ltr'><strong>corporaliter</strong></span> <span class='ocrx_word' id='word_1_91' title='bbox 1525 1353 1794 1411; x_wconf 87' lang='lat' dir='ltr'><strong>habitasse</strong></span> 
     </span>
    </p>
   </div>
   <div class='ocr_carea' id='block_1_14' title="bbox 214 1446 1793 1519">
    <p class='ocr_par' dir='ltr' id='par_1_14' title="bbox 214 1446 1793 1519">
     <span class='ocr_line' id='line_1_14' title="bbox 214 1446 1793 1519; baseline 0.003 -18"><span class='ocrx_word' id='word_1_92' title='bbox 214 1447 541 1516; x_wconf 79' lang='lat' dir='ltr'><strong>cognoscitur</strong></span> <span class='ocrx_word' id='word_1_93' title='bbox 570 1446 849 1514; x_wconf 81' lang='lat' dir='ltr'><strong>Christus;</strong></span> <span class='ocrx_word' id='word_1_94' title='bbox 897 1449 1035 1505; x_wconf 90' lang='lat' dir='ltr'><strong>sicut</strong></span> <span class='ocrx_word' id='word_1_95' title='bbox 1069 1449 1275 1505; x_wconf 88' lang='lat' dir='ltr'><strong>Baruch</strong></span> <span class='ocrx_word' id='word_1_96' title='bbox 1304 1449 1563 1519; x_wconf 87' lang='lat' dir='ltr'><strong>propheta</strong></span> <span class='ocrx_word' id='word_1_97' title='bbox 1594 1449 1793 1519; x_wconf 64' lang='lat' dir='ltr'><strong>pratdi-</strong></span> 
     </span>
    </p>
   </div>
   <div class='ocr_carea' id='block_1_15' title="bbox 211 1539 1795 1608">
    <p class='ocr_par' dir='ltr' id='par_1_15' title="bbox 211 1539 1795 1608">
     <span class='ocr_line' id='line_1_15' title="bbox 211 1539 1795 1608; baseline 0.001 -12"><span class='ocrx_word' id='word_1_98' title='bbox 211 1542 318 1596; x_wconf 76' lang='lat' dir='ltr'><strong>xit:</strong></span> <span class='ocrx_word' id='word_1_99' title='bbox 351 1539 473 1595; x_wconf 84' lang='lat' dir='ltr'><strong>Post</strong></span> <span class='ocrx_word' id='word_1_100' title='bbox 521 1542 633 1595; x_wconf 81' lang='lat' dir='ltr'><strong>Ita&#39;c</strong></span> <span class='ocrx_word' id='word_1_101' title='bbox 674 1543 727 1597; x_wconf 86' lang='lat' dir='ltr'><strong>in</strong></span> <span class='ocrx_word' id='word_1_102' title='bbox 772 1543 920 1598; x_wconf 89' lang='lat' dir='ltr'><strong>terris</strong></span> <span class='ocrx_word' id='word_1_103' title='bbox 959 1543 1093 1598; x_wconf 77' lang='lat' dir='ltr'><strong>uisus</strong></span> <span class='ocrx_word' id='word_1_104' title='bbox 1137 1552 1229 1608; x_wconf 86' lang='lat' dir='ltr'><strong>est,</strong></span> <span class='ocrx_word' id='word_1_105' title='bbox 1272 1551 1319 1596; x_wconf 92' lang='lat' dir='ltr'><strong>et</strong></span> <span class='ocrx_word' id='word_1_106' title='bbox 1362 1559 1474 1596; x_wconf 87' lang='lat' dir='ltr'><strong>cum</strong></span> <span class='ocrx_word' id='word_1_107' title='bbox 1506 1542 1795 1597; x_wconf 83' lang='lat' dir='ltr'><strong>hominibus</strong></span> 
     </span>
    </p>
   </div>
   <div class='ocr_carea' id='block_1_16' title="bbox 209 1630 1796 1703">
    <p class='ocr_par' dir='ltr' id='par_1_16' title="bbox 209 1630 1796 1703">
     <span class='ocr_line' id='line_1_16' title="bbox 209 1630 1796 1703; baseline 0.002 -19"><span class='ocrx_word' id='word_1_108' title='bbox 209 1642 517 1686; x_wconf 76' lang='lat' dir='ltr'><strong>conversatus</strong></span> <span class='ocrx_word' id='word_1_109' title='bbox 545 1640 616 1686; x_wconf 87' lang='lat' dir='ltr'><strong>est</strong></span> <span class='ocrx_word' id='word_1_110' title='bbox 646 1631 873 1703; x_wconf 87' lang='lat' dir='ltr'><strong>(Baruclt</strong></span> <span class='ocrx_word' id='word_1_111' title='bbox 917 1648 1008 1699; x_wconf 89' lang='grc' dir='ltr'>ιιι,</span> <span class='ocrx_word' id='word_1_112' title='bbox 1035 1631 1148 1702; x_wconf 79' lang='grc'><strong>58).</strong></span> <span class='ocrx_word' id='word_1_113' title='bbox 1178 1630 1310 1686; x_wconf 86' lang='lat' dir='ltr'><strong>Nam</strong></span> <span class='ocrx_word' id='word_1_114' title='bbox 1339 1631 1442 1685; x_wconf 89' lang='lat' dir='ltr'><strong>hoc</strong></span> <span class='ocrx_word' id='word_1_115' title='bbox 1471 1630 1537 1686; x_wconf 91' lang='lat' dir='ltr'><strong>de</strong></span> <span class='ocrx_word' id='word_1_116' title='bbox 1564 1630 1796 1687; x_wconf 75' lang='lat' dir='ltr'><strong>hornini-</strong></span> 
     </span>
    </p>
   </div>
   <div class='ocr_carea' id='block_1_17' title="bbox 210 1720 1791 1795">
    <p class='ocr_par' dir='ltr' id='par_1_17' title="bbox 210 1720 1791 1795">
     <span class='ocr_line' id='line_1_17' title="bbox 210 1720 1791 1795; baseline 0.003 -20"><span class='ocrx_word' id='word_1_117' title='bbox 210 1720 299 1777; x_wconf 91' lang='lat' dir='ltr'><strong>bus</strong></span> <span class='ocrx_word' id='word_1_118' title='bbox 334 1722 534 1778; x_wconf 89' lang='lat' dir='ltr'><strong>dictum</strong></span> <span class='ocrx_word' id='word_1_119' title='bbox 575 1727 771 1792; x_wconf 85' lang='lat' dir='ltr'><strong>saepius</strong></span> <span class='ocrx_word' id='word_1_120' title='bbox 813 1724 1154 1791; x_wconf 80' lang='lat' dir='ltr'><strong>invenimus;</strong></span> <span class='ocrx_word' id='word_1_121' title='bbox 1198 1722 1340 1778; x_wconf 90' lang='lat' dir='ltr'><strong>unde</strong></span> <span class='ocrx_word' id='word_1_122' title='bbox 1375 1731 1431 1777; x_wconf 90' lang='lat' dir='ltr'><strong>et</strong></span> <span class='ocrx_word' id='word_1_123' title='bbox 1469 1722 1534 1777; x_wconf 91' lang='lat' dir='ltr'><strong>ad</strong></span> <span class='ocrx_word' id='word_1_124' title='bbox 1571 1724 1791 1795; x_wconf 78' lang='lat' dir='ltr'><strong>Moysen</strong></span> 
     </span>
    </p>
   </div>
   <div class='ocr_carea' id='block_1_18' title="bbox 209 1812 1790 1887">
    <p class='ocr_par' dir='ltr' id='par_1_18' title="bbox 209 1812 1790 1887">
     <span class='ocr_line' id='line_1_18' title="bbox 209 1812 1790 1887; baseline 0.003 -20"><span class='ocrx_word' id='word_1_125' title='bbox 209 1812 323 1869; x_wconf 82' lang='lat' dir='ltr'><strong>dicit</strong></span> <span class='ocrx_word' id='word_1_126' title='bbox 355 1833 367 1868; x_wconf 89' lang='lat'>:</span> <span class='ocrx_word' id='word_1_127' title='bbox 399 1814 656 1881; x_wconf 77' lang='lat' dir='ltr'><strong>Constitui</strong></span> <span class='ocrx_word' id='word_1_128' title='bbox 700 1824 749 1871; x_wconf 87' lang='lat' dir='ltr'><strong>te</strong></span> <span class='ocrx_word' id='word_1_129' title='bbox 790 1816 943 1871; x_wconf 85' lang='lat' dir='ltr'><strong>deum</strong></span> <span class='ocrx_word' id='word_1_130' title='bbox 983 1814 1280 1870; x_wconf 80' lang='lat' dir='ltr'><strong>Pharaonis</strong></span> <span class='ocrx_word' id='word_1_131' title='bbox 1321 1814 1520 1887; x_wconf 79' lang='lat' dir='ltr'><strong>(Exod.</strong></span> <span class='ocrx_word' id='word_1_132' title='bbox 1571 1832 1665 1883; x_wconf 83' lang='lat' dir='ltr'><strong>vn,</strong></span> <span class='ocrx_word' id='word_1_133' title='bbox 1713 1815 1790 1887; x_wconf 81' lang='grc'><strong>1).</strong></span> 
     </span>
    </p>
   </div>
   <div class='ocr_carea' id='block_1_19' title="bbox 208 1904 1439 1979">
    <p class='ocr_par' dir='ltr' id='par_1_19' title="bbox 208 1904 1439 1979">
     <span class='ocr_line' id='line_1_19' title="bbox 208 1904 1439 1979; baseline 0.002 -20"><span class='ocrx_word' id='word_1_134' title='bbox 208 1904 271 1960; x_wconf 83' lang='lat' dir='ltr'><strong>Et</strong></span> <span class='ocrx_word' id='word_1_135' title='bbox 309 1906 532 1962; x_wconf 90' lang='lat' dir='ltr'><strong>inferius</strong></span> <span class='ocrx_word' id='word_1_136' title='bbox 578 1908 815 1978; x_wconf 78' lang='lat' dir='ltr'><strong>psalmus</strong></span> <span class='ocrx_word' id='word_1_137' title='bbox 857 1909 973 1979; x_wconf 91' lang='lat' dir='ltr'><strong>ipse</strong></span> <span class='ocrx_word' id='word_1_138' title='bbox 1010 1909 1249 1963; x_wconf 91' lang='lat' dir='ltr'><strong>dicturus</strong></span> <span class='ocrx_word' id='word_1_139' title='bbox 1290 1919 1373 1964; x_wconf 90' lang='lat' dir='ltr'><strong>est</strong></span> <span class='ocrx_word' id='word_1_140' title='bbox 1425 1925 1439 1962; x_wconf 88' lang='lat'><strong>:</strong></span> 
     </span>
    </p>
   </div>
   <div class='ocr_carea' id='block_1_20' title="bbox 209 1995 1791 2071">
    <p class='ocr_par' dir='ltr' id='par_1_20' title="bbox 209 1995 1791 2071">
     <span class='ocr_line' id='line_1_20' title="bbox 209 1995 1791 2071; baseline 0.006 -22"><span class='ocrx_word' id='word_1_141' title='bbox 209 1995 287 2051; x_wconf 88' lang='lat' dir='ltr'><strong>Dii</strong></span> <span class='ocrx_word' id='word_1_142' title='bbox 315 2001 451 2067; x_wconf 82' lang='lat' dir='ltr'><strong>estis,</strong></span> <span class='ocrx_word' id='word_1_143' title='bbox 484 2011 533 2055; x_wconf 89' lang='lat' dir='ltr'><strong>et</strong></span> <span class='ocrx_word' id='word_1_144' title='bbox 561 2002 660 2071; x_wconf 81' lang='lat' dir='ltr'><strong>ﬁlii</strong></span> <span class='ocrx_word' id='word_1_145' title='bbox 684 2001 887 2056; x_wconf 73' lang='grc' dir='ltr'><strong>Επειδὶ</strong></span> <span class='ocrx_word' id='word_1_146' title='bbox 912 2020 1104 2057; x_wconf 90' lang='lat' dir='ltr'><strong>omnes.</strong></span> <span class='ocrx_word' id='word_1_147' title='bbox 1147 2003 1236 2058; x_wconf 91' lang='lat' dir='ltr'><strong>Sic</strong></span> <span class='ocrx_word' id='word_1_148' title='bbox 1265 2003 1407 2057; x_wconf 87' lang='lat' dir='ltr'><strong>enim</strong></span> <span class='ocrx_word' id='word_1_149' title='bbox 1438 2014 1491 2058; x_wconf 89' lang='lat' dir='ltr'><strong>et</strong></span> <span class='ocrx_word' id='word_1_150' title='bbox 1523 2004 1665 2060; x_wconf 87' lang='lat' dir='ltr'><strong>ﬁlios</strong></span> <span class='ocrx_word' id='word_1_151' title='bbox 1696 2004 1791 2061; x_wconf 86' lang='lat' dir='ltr'><strong>Dei</strong></span> 
     </span>
    </p>
   </div>
   <div class='ocr_carea' id='block_1_21' title="bbox 206 2092 1791 2165">
    <p class='ocr_par' dir='ltr' id='par_1_21' title="bbox 206 2092 1791 2165">
     <span class='ocr_line' id='line_1_21' title="bbox 206 2092 1791 2165; baseline 0.005 -19"><span class='ocrx_word' id='word_1_152' title='bbox 206 2092 437 2149; x_wconf 85' lang='lat' dir='ltr'><strong>homines</strong></span> <span class='ocrx_word' id='word_1_153' title='bbox 465 2110 742 2151; x_wconf 89' lang='lat' dir='ltr'><strong>vocamus.</strong></span> <span class='ocrx_word' id='word_1_154' title='bbox 771 2097 921 2165; x_wconf 89' lang='lat' dir='ltr'><strong>Quod</strong></span> <span class='ocrx_word' id='word_1_155' title='bbox 953 2098 996 2151; x_wconf 88' lang='lat' dir='ltr'><strong>si</strong></span> <span class='ocrx_word' id='word_1_156' title='bbox 1028 2096 1095 2152; x_wconf 91' lang='lat' dir='ltr'><strong>ad</strong></span> <span class='ocrx_word' id='word_1_157' title='bbox 1129 2106 1371 2153; x_wconf 81' lang='lat' dir='ltr'><strong>naturam</strong></span> <span class='ocrx_word' id='word_1_158' title='bbox 1402 2098 1616 2153; x_wconf 88' lang='lat' dir='ltr'><strong>deitatis</strong></span> <span class='ocrx_word' id='word_1_159' title='bbox 1648 2097 1791 2156; x_wconf 82' lang='lat' dir='ltr'><strong>refe-</strong></span> 
     </span>
    </p>
   </div>
   <div class='ocr_carea' id='block_1_22' title="bbox 207 2189 1790 2261">
    <p class='ocr_par' dir='ltr' id='par_1_22' title="bbox 207 2189 1790 2261">
     <span class='ocr_line' id='line_1_22' title="bbox 207 2189 1790 2261; baseline 0.006 -24"><span class='ocrx_word' id='word_1_160' title='bbox 207 2198 307 2251; x_wconf 89' lang='lat' dir='ltr'><strong>ras,</strong></span> <span class='ocrx_word' id='word_1_161' title='bbox 333 2202 496 2243; x_wconf 91' lang='lat' dir='ltr'><strong>unum</strong></span> <span class='ocrx_word' id='word_1_162' title='bbox 530 2198 618 2244; x_wconf 90' lang='lat' dir='ltr'><strong>est</strong></span> <span class='ocrx_word' id='word_1_163' title='bbox 648 2189 883 2245; x_wconf 80' lang='lat' dir='ltr'><strong>Verbum</strong></span> <span class='ocrx_word' id='word_1_164' title='bbox 913 2189 1056 2259; x_wconf 91' lang='lat' dir='ltr'><strong>quod</strong></span> <span class='ocrx_word' id='word_1_165' title='bbox 1086 2190 1351 2246; x_wconf 79' lang='lat' dir='ltr'><strong>veraciter</strong></span> <span class='ocrx_word' id='word_1_166' title='bbox 1376 2205 1440 2245; x_wconf 80' lang='lat' dir='ltr'><strong>ac</strong></span> <span class='ocrx_word' id='word_1_167' title='bbox 1468 2191 1685 2261; x_wconf 85' lang='lat' dir='ltr'><strong>proprie</strong></span> <span class='ocrx_word' id='word_1_168' title='bbox 1711 2191 1790 2247; x_wconf 88' lang='lat' dir='ltr'><strong>sic</strong></span> 
     </span>
    </p>
   </div>
   <div class='ocr_carea' id='block_1_23' title="bbox 207 2277 1791 2356">
    <p class='ocr_par' dir='ltr' id='par_1_23' title="bbox 207 2277 1791 2356">
     <span class='ocr_line' id='line_1_23' title="bbox 207 2277 1791 2356; baseline 0.007 -25"><span class='ocrx_word' id='word_1_169' title='bbox 207 2277 387 2335; x_wconf 87' lang='lat' dir='ltr'><strong>debeat</strong></span> <span class='ocrx_word' id='word_1_170' title='bbox 447 2284 770 2353; x_wconf 88' lang='lat' dir='ltr'><strong>nuncupari.</strong></span> <span class='ocrx_word' id='word_1_171' title='bbox 849 2282 1087 2341; x_wconf 89' lang='lat' dir='ltr'><strong>Dicimus</strong></span> <span class='ocrx_word' id='word_1_172' title='bbox 1135 2298 1516 2356; x_wconf 87' lang='lat' dir='ltr'><strong>nonnunquam</strong></span> <span class='ocrx_word' id='word_1_173' title='bbox 1569 2284 1791 2342; x_wconf 84' lang='lat' dir='ltr'><strong>abusive</strong></span> 
     </span>
    </p>
   </div>
   <div class='ocr_carea' id='block_1_24' title="bbox 207 2370 1785 2448">
    <p class='ocr_par' dir='ltr' id='par_1_24' title="bbox 207 2370 1785 2448">
     <span class='ocr_line' id='line_1_24' title="bbox 207 2370 1785 2448; baseline 0.004 -23"><span class='ocrx_word' id='word_1_174' title='bbox 207 2370 344 2440; x_wconf 88' lang='lat' dir='ltr'><strong>deos,</strong></span> <span class='ocrx_word' id='word_1_175' title='bbox 396 2384 449 2430; x_wconf 78' lang='lat' dir='ltr'><strong>ct</strong></span> <span class='ocrx_word' id='word_1_176' title='bbox 498 2392 724 2447; x_wconf 86' lang='lat' dir='ltr'><strong>superas</strong></span> <span class='ocrx_word' id='word_1_177' title='bbox 772 2385 1105 2448; x_wconf 85' lang='lat' dir='ltr'><strong>potestates,</strong></span> <span class='ocrx_word' id='word_1_178' title='bbox 1158 2379 1297 2434; x_wconf 88' lang='lat' dir='ltr'><strong>sicut</strong></span> <span class='ocrx_word' id='word_1_179' title='bbox 1343 2379 1418 2434; x_wconf 90' lang='lat' dir='ltr'><strong>ait</strong></span> <span class='ocrx_word' id='word_1_180' title='bbox 1467 2378 1785 2446; x_wconf 84' lang='lat' dir='ltr'><strong>Apostolus:</strong></span> 
     </span>
    </p>
   </div>
   <div class='ocr_carea' id='block_1_25' title="bbox 206 2460 1788 2537">
    <p class='ocr_par' dir='ltr' id='par_1_25' title="bbox 206 2460 1788 2537">
     <span class='ocr_line' id='line_1_25' title="bbox 206 2460 1788 2537; baseline 0.008 -23"><span class='ocrx_word' id='word_1_181' title='bbox 206 2460 309 2518; x_wconf 83' lang='lat' dir='ltr'><strong>Etsi</strong></span> <span class='ocrx_word' id='word_1_182' title='bbox 326 2464 436 2520; x_wconf 85' lang='lat' dir='ltr'><strong>sint</strong></span> <span class='ocrx_word' id='word_1_183' title='bbox 466 2470 555 2537; x_wconf 89' lang='lat' dir='ltr'><strong>qui</strong></span> <span class='ocrx_word' id='word_1_184' title='bbox 588 2470 827 2525; x_wconf 85' lang='lat' dir='ltr'><strong>dicantur</strong></span> <span class='ocrx_word' id='word_1_185' title='bbox 856 2470 961 2537; x_wconf 89' lang='lat' dir='ltr'><strong>dii,</strong></span> <span class='ocrx_word' id='word_1_186' title='bbox 992 2472 1094 2527; x_wconf 86' lang='lat' dir='ltr'><strong>sive</strong></span> <span class='ocrx_word' id='word_1_187' title='bbox 1124 2473 1174 2524; x_wconf 89' lang='lat' dir='ltr'><strong>in</strong></span> <span class='ocrx_word' id='word_1_188' title='bbox 1205 2470 1361 2535; x_wconf 77' lang='lat' dir='ltr'><strong>caelo,</strong></span> <span class='ocrx_word' id='word_1_189' title='bbox 1392 2470 1495 2525; x_wconf 82' lang='lat' dir='ltr'><strong>sive</strong></span> <span class='ocrx_word' id='word_1_190' title='bbox 1525 2470 1577 2524; x_wconf 91' lang='lat' dir='ltr'><strong>in</strong></span> <span class='ocrx_word' id='word_1_191' title='bbox 1609 2480 1745 2524; x_wconf 89' lang='lat' dir='ltr'><strong>terra</strong></span> <span class='ocrx_word' id='word_1_192' title='bbox 1766 2485 1788 2526; x_wconf 83' lang='lat'><strong>.&#39;</strong></span> 
     </span>
    </p>
   </div>
   <div class='ocr_carea' id='block_1_26' title="bbox 205 2557 1787 2632">
    <p class='ocr_par' dir='ltr' id='par_1_26' title="bbox 205 2557 1787 2632">
     <span class='ocr_line' id='line_1_26' title="bbox 205 2557 1787 2632; baseline 0.007 -26"><span class='ocrx_word' id='word_1_193' title='bbox 205 2557 335 2611; x_wconf 87' lang='lat' dir='ltr'><strong>nobis</strong></span> <span class='ocrx_word' id='word_1_194' title='bbox 374 2568 549 2617; x_wconf 83' lang='lat' dir='ltr'><strong>tamen</strong></span> <span class='ocrx_word' id='word_1_195' title='bbox 588 2578 721 2616; x_wconf 86' lang='lat' dir='ltr'><strong>unus</strong></span> <span class='ocrx_word' id='word_1_196' title='bbox 761 2572 831 2616; x_wconf 86' lang='lat' dir='ltr'><strong>est</strong></span> <span class='ocrx_word' id='word_1_197' title='bbox 862 2560 999 2617; x_wconf 83' lang='lat' dir='ltr'><strong>Deus</strong></span> <span class='ocrx_word' id='word_1_198' title='bbox 1031 2561 1188 2617; x_wconf 89' lang='lat' dir='ltr'><strong>Pater</strong></span> <span class='ocrx_word' id='word_1_199' title='bbox 1236 2561 1286 2632; x_wconf 87' lang='lat' dir='ltr'><strong>(I</strong></span> <span class='ocrx_word' id='word_1_200' title='bbox 1333 2561 1453 2619; x_wconf 85' lang='lat' dir='ltr'><strong>Cor.</strong></span> <span class='ocrx_word' id='word_1_201' title='bbox 1480 2577 1594 2630; x_wconf 86' lang='lat' dir='ltr'><strong>vttt,</strong></span> <span class='ocrx_word' id='word_1_202' title='bbox 1626 2561 1678 2629; x_wconf 88' lang='lat'><strong>5,</strong></span> <span class='ocrx_word' id='word_1_203' title='bbox 1708 2560 1787 2631; x_wconf 85' lang='lat'><strong>6).</strong></span> 
     </span>
    </p>
   </div>
   <div class='ocr_carea' id='block_1_27' title="bbox 205 2645 1790 2718">
    <p class='ocr_par' dir='ltr' id='par_1_27' title="bbox 205 2645 1790 2718">
     <span class='ocr_line' id='line_1_27' title="bbox 205 2645 1790 2718; baseline 0.006 -17"><span class='ocrx_word' id='word_1_204' title='bbox 205 2645 446 2718; x_wconf 86' lang='lat' dir='ltr'><strong>Sequitur</strong></span> <span class='ocrx_word' id='word_1_205' title='bbox 482 2671 496 2707; x_wconf 90' lang='lat'><strong>:</strong></span> <span class='ocrx_word' id='word_1_206' title='bbox 529 2654 593 2707; x_wconf 88' lang='lat' dir='ltr'><strong>In</strong></span> <span class='ocrx_word' id='word_1_207' title='bbox 622 2655 786 2709; x_wconf 88' lang='lat' dir='ltr'><strong>medio</strong></span> <span class='ocrx_word' id='word_1_208' title='bbox 817 2664 982 2708; x_wconf 89' lang='lat' dir='ltr'><strong>autem</strong></span> <span class='ocrx_word' id='word_1_209' title='bbox 1007 2655 1126 2708; x_wconf 84' lang='lat' dir='ltr'><strong>deos</strong></span> <span class='ocrx_word' id='word_1_210' title='bbox 1153 2654 1415 2708; x_wconf 84' lang='lat' dir='ltr'><strong>discernit.</strong></span> <span class='ocrx_word' id='word_1_211' title='bbox 1445 2650 1585 2710; x_wconf 83' lang='lat' dir='ltr'><strong>Ecce</strong></span> <span class='ocrx_word' id='word_1_212' title='bbox 1614 2653 1790 2710; x_wconf 83' lang='lat' dir='ltr'><strong>adhuc</strong></span> 
     </span>
    </p>
   </div>
   <div class='ocr_carea' id='block_1_28' title="bbox 205 2740 1789 2817">
    <p class='ocr_par' dir='ltr' id='par_1_28' title="bbox 205 2740 1789 2817">
     <span class='ocr_line' id='line_1_28' title="bbox 205 2740 1789 2817; baseline 0.007 -24"><span class='ocrx_word' id='word_1_213' title='bbox 205 2740 496 2801; x_wconf 90' lang='lat' dir='ltr'><strong>incarnatio</strong></span> <span class='ocrx_word' id='word_1_214' title='bbox 535 2746 650 2815; x_wconf 88' lang='lat' dir='ltr'><strong>ejus</strong></span> <span class='ocrx_word' id='word_1_215' title='bbox 680 2747 788 2803; x_wconf 93' lang='lat' dir='ltr'><strong>situ</strong></span> <span class='ocrx_word' id='word_1_216' title='bbox 833 2762 1093 2817; x_wconf 90' lang='lat' dir='ltr'><strong>corporeo</strong></span> <span class='ocrx_word' id='word_1_217' title='bbox 1124 2747 1447 2803; x_wconf 86' lang='lat' dir='ltr'><strong>declaratur.</strong></span> <span class='ocrx_word' id='word_1_218' title='bbox 1502 2747 1633 2801; x_wconf 85' lang='lat' dir='ltr'><strong>Nam</strong></span> <span class='ocrx_word' id='word_1_219' title='bbox 1665 2763 1789 2804; x_wconf 87' lang='lat' dir='ltr'><strong>cum</strong></span> 
     </span>
    </p>
   </div>
   <div class='ocr_carea' id='block_1_29' title="bbox 206 2831 1791 2909">
    <p class='ocr_par' dir='ltr' id='par_1_29' title="bbox 206 2831 1791 2909">
     <span class='ocr_line' id='line_1_29' title="bbox 206 2831 1791 2909; baseline 0.006 -23"><span class='ocrx_word' id='word_1_220' title='bbox 206 2831 341 2902; x_wconf 85' lang='lat' dir='ltr'><strong>dicit,</strong></span> <span class='ocrx_word' id='word_1_221' title='bbox 374 2835 431 2889; x_wconf 89' lang='lat' dir='ltr'><strong>in</strong></span> <span class='ocrx_word' id='word_1_222' title='bbox 456 2839 651 2906; x_wconf 87' lang='lat' dir='ltr'><strong>medio,</strong></span> <span class='ocrx_word' id='word_1_223' title='bbox 678 2838 845 2893; x_wconf 79' lang='lat' dir='ltr'><strong>locale</strong></span> <span class='ocrx_word' id='word_1_224' title='bbox 874 2839 1105 2909; x_wconf 86' lang='lat' dir='ltr'><strong>spatium</strong></span> <span class='ocrx_word' id='word_1_225' title='bbox 1137 2839 1420 2909; x_wconf 81' lang='lat' dir='ltr'><strong>significat,</strong></span> <span class='ocrx_word' id='word_1_226' title='bbox 1448 2839 1589 2909; x_wconf 91' lang='lat' dir='ltr'><strong>quod</strong></span> <span class='ocrx_word' id='word_1_227' title='bbox 1622 2840 1791 2895; x_wconf 87' lang='lat' dir='ltr'><strong>turbis</strong></span> 
     </span>
    </p>
   </div>
   <div class='ocr_carea' id='block_1_30' title="bbox 207 2925 1791 3001">
    <p class='ocr_par' dir='ltr' id='par_1_30' title="bbox 207 2925 1791 3001">
     <span class='ocr_line' id='line_1_30' title="bbox 207 2925 1791 3001; baseline 0.006 -26"><span class='ocrx_word' id='word_1_228' title='bbox 207 2925 560 2983; x_wconf 86' lang='lat' dir='ltr'><strong>ambientibus</strong></span> <span class='ocrx_word' id='word_1_229' title='bbox 597 2930 933 3000; x_wconf 80' lang='lat' dir='ltr'><strong>cingebatur.</strong></span> <span class='ocrx_word' id='word_1_230' title='bbox 985 2928 1119 2984; x_wconf 88' lang='lat' dir='ltr'><strong>Deos</strong></span> <span class='ocrx_word' id='word_1_231' title='bbox 1150 2931 1414 2996; x_wconf 83' lang='lat' dir='ltr'><strong>discernit,</strong></span> <span class='ocrx_word' id='word_1_232' title='bbox 1450 2929 1500 2985; x_wconf 93' lang='lat' dir='ltr'><strong>id</strong></span> <span class='ocrx_word' id='word_1_233' title='bbox 1533 2939 1616 2986; x_wconf 90' lang='lat' dir='ltr'><strong>est</strong></span> <span class='ocrx_word' id='word_1_234' title='bbox 1659 2944 1791 3001; x_wconf 79' lang='lat' dir='ltr'><strong>apo-</strong></span> 
     </span>
    </p>
   </div>
   <div class='ocr_carea' id='block_1_31' title="bbox 205 3016 1791 3093">
    <p class='ocr_par' dir='ltr' id='par_1_31' title="bbox 205 3016 1791 3093">
     <span class='ocr_line' id='line_1_31' title="bbox 205 3016 1791 3093; baseline 0.008 -25"><span class='ocrx_word' id='word_1_235' title='bbox 205 3016 361 3073; x_wconf 75' lang='lat' dir='ltr'><strong>ttolos</strong></span> <span class='ocrx_word' id='word_1_236' title='bbox 389 3030 555 3090; x_wconf 88' lang='lat' dir='ltr'><strong>atque</strong></span> <span class='ocrx_word' id='word_1_237' title='bbox 578 3020 774 3091; x_wconf 89' lang='lat' dir='ltr'><strong>justos,</strong></span> <span class='ocrx_word' id='word_1_238' title='bbox 796 3020 884 3093; x_wconf 85' lang='lat' dir='ltr'><strong>qui</strong></span> <span class='ocrx_word' id='word_1_239' title='bbox 907 3021 1200 3093; x_wconf 88' lang='lat' dir='ltr'><strong>majestatis</strong></span> <span class='ocrx_word' id='word_1_240' title='bbox 1223 3023 1335 3093; x_wconf 75' lang='lat' dir='ltr'><strong>ejus</strong></span> <span class='ocrx_word' id='word_1_241' title='bbox 1368 3024 1568 3078; x_wconf 89' lang='lat' dir='ltr'><strong>monita</strong></span> <span class='ocrx_word' id='word_1_242' title='bbox 1602 3024 1791 3080; x_wconf 86' lang='lat' dir='ltr'><strong>ﬁdem-</strong></span> 
     </span>
    </p>
   </div>
   <div class='ocr_carea' id='block_1_32' title="bbox 204 3112 1785 3185">
    <p class='ocr_par' dir='ltr' id='par_1_32' title="bbox 204 3112 1785 3185">
     <span class='ocr_line' id='line_1_32' title="bbox 204 3112 1785 3185; baseline 0.008 -26"><span class='ocrx_word' id='word_1_243' title='bbox 204 3118 299 3174; x_wconf 82' lang='lat' dir='ltr'><strong>que</strong></span> <span class='ocrx_word' id='word_1_244' title='bbox 334 3112 508 3165; x_wconf 89' lang='lat' dir='ltr'><strong>secuti</strong></span> <span class='ocrx_word' id='word_1_245' title='bbox 554 3121 700 3167; x_wconf 89' lang='lat' dir='ltr'><strong>sunt.</strong></span> <span class='ocrx_word' id='word_1_246' title='bbox 747 3112 1047 3167; x_wconf 82' lang='lat' dir='ltr'><strong>Discernere</strong></span> <span class='ocrx_word' id='word_1_247' title='bbox 1090 3113 1233 3169; x_wconf 90' lang='lat' dir='ltr'><strong>enim</strong></span> <span class='ocrx_word' id='word_1_248' title='bbox 1276 3114 1341 3169; x_wconf 90' lang='lat' dir='ltr'><strong>ad</strong></span> <span class='ocrx_word' id='word_1_249' title='bbox 1391 3114 1785 3185; x_wconf 80' lang='lat' dir='ltr'><strong>praescientiam</strong></span> 
     </span>
    </p>
   </div>
   <div class='ocr_carea' id='block_1_33' title="bbox 206 3201 1785 3276">
    <p class='ocr_par' dir='ltr' id='par_1_33' title="bbox 206 3201 1785 3276">
     <span class='ocr_line' id='line_1_33' title="bbox 206 3201 1785 3276; baseline 0.007 -24"><span class='ocrx_word' id='word_1_250' title='bbox 206 3201 425 3266; x_wconf 82' lang='lat' dir='ltr'><strong>pertinet</strong></span> <span class='ocrx_word' id='word_1_251' title='bbox 458 3204 909 3276; x_wconf 83' lang='lat' dir='ltr'><strong>intellectumque</strong></span> <span class='ocrx_word' id='word_1_252' title='bbox 937 3205 1197 3271; x_wconf 89' lang='lat' dir='ltr'><strong>divinum,</strong></span> <span class='ocrx_word' id='word_1_253' title='bbox 1244 3206 1333 3275; x_wconf 91' lang='lat' dir='ltr'><strong>qui</strong></span> <span class='ocrx_word' id='word_1_254' title='bbox 1373 3222 1472 3263; x_wconf 92' lang='lat' dir='ltr'><strong>nos</strong></span> <span class='ocrx_word' id='word_1_255' title='bbox 1512 3207 1580 3263; x_wconf 91' lang='lat' dir='ltr'><strong>de</strong></span> <span class='ocrx_word' id='word_1_256' title='bbox 1609 3222 1785 3263; x_wconf 87' lang='lat' dir='ltr'><strong>massa</strong></span> 
     </span>
    </p>
   </div>
   <div class='ocr_carea' id='block_1_34' title="bbox 1898 608 3489 670">
    <p class='ocr_par' dir='ltr' id='par_1_34' title="bbox 1898 608 3489 670">
     <span class='ocr_line' id='line_1_34' title="bbox 1898 608 3489 670; baseline -0.002 0"><span class='ocrx_word' id='word_1_257' title='bbox 1898 614 2077 670; x_wconf 88' lang='lat' dir='ltr'><strong>hebat.</strong></span> <span class='ocrx_word' id='word_1_258' title='bbox 2104 613 2235 669; x_wconf 82' lang='lat' dir='ltr'><strong>Nam</strong></span> <span class='ocrx_word' id='word_1_259' title='bbox 2261 613 2399 669; x_wconf 89' lang='lat' dir='ltr'><strong>sicut</strong></span> <span class='ocrx_word' id='word_1_260' title='bbox 2422 621 2546 669; x_wconf 86' lang='lat' dir='ltr'><strong>ante</strong></span> <span class='ocrx_word' id='word_1_261' title='bbox 2570 611 2752 668; x_wconf 86' lang='lat' dir='ltr'><strong>mundi</strong></span> <span class='ocrx_word' id='word_1_262' title='bbox 2782 610 3221 668; x_wconf 82' lang='lat' dir='ltr'><strong>constitutibnem</strong></span> <span class='ocrx_word' id='word_1_263' title='bbox 3252 608 3489 667; x_wconf 80' lang='lat' dir='ltr'><strong>Verbum</strong></span> 
     </span>
    </p>
   </div>
   <div class='ocr_carea' id='block_1_35' title="bbox 1897 699 3490 774">
    <p class='ocr_par' dir='ltr' id='par_1_35' title="bbox 1897 699 3490 774">
     <span class='ocr_line' id='line_1_35' title="bbox 1897 699 3490 774; baseline -0.002 -14"><span class='ocrx_word' id='word_1_264' title='bbox 1897 706 2018 760; x_wconf 87' lang='lat' dir='ltr'><strong>sine</strong></span> <span class='ocrx_word' id='word_1_265' title='bbox 2047 711 2217 758; x_wconf 90' lang='lat' dir='ltr'><strong>matre</strong></span> <span class='ocrx_word' id='word_1_266' title='bbox 2246 702 2345 757; x_wconf 90' lang='lat' dir='ltr'><strong>fuit</strong></span> <span class='ocrx_word' id='word_1_267' title='bbox 2372 743 2387 769; x_wconf 90' lang='lat'><strong>,</strong></span> <span class='ocrx_word' id='word_1_268' title='bbox 2419 704 2488 757; x_wconf 89' lang='lat' dir='ltr'><strong>ita</strong></span> <span class='ocrx_word' id='word_1_269' title='bbox 2526 710 2766 774; x_wconf 87' lang='lat' dir='ltr'><strong>tempore</strong></span> <span class='ocrx_word' id='word_1_270' title='bbox 2795 701 3178 757; x_wconf 86' lang='lat' dir='ltr'><strong>incarnationis</strong></span> <span class='ocrx_word' id='word_1_271' title='bbox 3204 715 3316 757; x_wconf 83' lang='lat' dir='ltr'><strong>suae</strong></span> <span class='ocrx_word' id='word_1_272' title='bbox 3344 699 3490 758; x_wconf 83' lang='lat' dir='ltr'><strong>idem</strong></span> 
     </span>
    </p>
   </div>
   <div class='ocr_carea' id='block_1_36' title="bbox 1899 795 3413 867">
    <p class='ocr_par' dir='ltr' id='par_1_36' title="bbox 1899 795 3413 867">
     <span class='ocr_line' id='line_1_36' title="bbox 1899 795 3413 867; baseline 0.001 -16"><span class='ocrx_word' id='word_1_273' title='bbox 1899 796 2015 866; x_wconf 90' lang='lat' dir='ltr'><strong>ipse</strong></span> <span class='ocrx_word' id='word_1_274' title='bbox 2046 795 2304 851; x_wconf 90' lang='lat' dir='ltr'><strong>Dominus</strong></span> <span class='ocrx_word' id='word_1_275' title='bbox 2332 795 2577 851; x_wconf 89' lang='lat' dir='ltr'><strong>Christus</strong></span> <span class='ocrx_word' id='word_1_276' title='bbox 2618 795 2823 852; x_wconf 77' lang='lat' dir='ltr'><strong>exstitit</strong></span> <span class='ocrx_word' id='word_1_277' title='bbox 2850 796 2967 853; x_wconf 88' lang='lat' dir='ltr'><strong>sine</strong></span> <span class='ocrx_word' id='word_1_278' title='bbox 2994 804 3147 867; x_wconf 85' lang='lat' dir='ltr'><strong>patre</strong></span> <span class='ocrx_word' id='word_1_279' title='bbox 3177 804 3413 853; x_wconf 88' lang='lat' dir='ltr'><strong>terreno.</strong></span> 
     </span>
    </p>
   </div>
   <div class='ocr_carea' id='block_1_37' title="bbox 1969 887 3493 963">
    <p class='ocr_par' dir='ltr' id='par_1_37' title="bbox 1969 887 3493 963">
     <span class='ocr_line' id='line_1_37' title="bbox 1969 887 3493 963; baseline 0.001 -18"><span class='ocrx_word' id='word_1_280' title='bbox 1969 888 2127 945; x_wconf 79' lang='lat' dir='ltr'><strong>Vers.</strong></span> <span class='ocrx_word' id='word_1_281' title='bbox 2167 891 2223 943; x_wconf 78' lang='grc'><strong>4.</strong></span> <span class='ocrx_word' id='word_1_282' title='bbox 2269 887 2473 960; x_wconf 78' lang='lat' dir='ltr'><strong>Eripite</strong></span> <span class='ocrx_word' id='word_1_283' title='bbox 2512 906 2824 960; x_wconf 86' lang='lat' dir='ltr'><strong>pauperem,</strong></span> <span class='ocrx_word' id='word_1_284' title='bbox 2875 898 2923 944; x_wconf 88' lang='lat' dir='ltr'><strong>et</strong></span> <span class='ocrx_word' id='word_1_285' title='bbox 2970 906 3185 963; x_wconf 90' lang='lat' dir='ltr'><strong>egenum</strong></span> <span class='ocrx_word' id='word_1_286' title='bbox 3229 890 3292 944; x_wconf 89' lang='lat' dir='ltr'><strong>de</strong></span> <span class='ocrx_word' id='word_1_287' title='bbox 3332 903 3493 947; x_wconf 71' lang='lat' dir='ltr'><strong>manu</strong></span> 
     </span>
    </p>
   </div>
   <div class='ocr_carea' id='block_1_38' title="bbox 1897 980 3493 1053">
    <p class='ocr_par' dir='ltr' id='par_1_38' title="bbox 1897 980 3493 1053">
     <span class='ocr_line' id='line_1_38' title="bbox 1897 980 3493 1053; baseline 0.004 -19"><span class='ocrx_word' id='word_1_288' title='bbox 1897 982 2181 1053; x_wconf 84' lang='lat' dir='ltr'><strong>peccatoris</strong></span> <span class='ocrx_word' id='word_1_289' title='bbox 2211 980 2441 1036; x_wconf 88' lang='lat' dir='ltr'><strong>liberate.</strong></span> <span class='ocrx_word' id='word_1_290' title='bbox 2496 982 2577 1037; x_wconf 87' lang='lat' dir='ltr'><strong>Ad</strong></span> <span class='ocrx_word' id='word_1_291' title='bbox 2607 982 2730 1039; x_wconf 92' lang='lat' dir='ltr'><strong>illos</strong></span> <span class='ocrx_word' id='word_1_292' title='bbox 2760 982 2877 1037; x_wconf 83' lang='lat' dir='ltr'><strong>haec</strong></span> <span class='ocrx_word' id='word_1_293' title='bbox 2905 982 3067 1039; x_wconf 89' lang='lat' dir='ltr'><strong>verba</strong></span> <span class='ocrx_word' id='word_1_294' title='bbox 3100 982 3221 1038; x_wconf 82' lang='lat' dir='ltr'><strong>ﬁeri</strong></span> <span class='ocrx_word' id='word_1_295' title='bbox 3249 982 3493 1040; x_wconf 89' lang='lat' dir='ltr'><strong>sentiun-</strong></span> 
     </span>
    </p>
   </div>
   <div class='ocr_carea' id='block_1_39' title="bbox 1901 1075 3493 1147">
    <p class='ocr_par' dir='ltr' id='par_1_39' title="bbox 1901 1075 3493 1147">
     <span class='ocr_line' id='line_1_39' title="bbox 1901 1075 3493 1147; baseline 0 -17"><span class='ocrx_word' id='word_1_296' title='bbox 1901 1083 2006 1142; x_wconf 87' lang='lat' dir='ltr'><strong>tur,</strong></span> <span class='ocrx_word' id='word_1_297' title='bbox 2028 1076 2118 1147; x_wconf 90' lang='lat' dir='ltr'><strong>qui</strong></span> <span class='ocrx_word' id='word_1_298' title='bbox 2150 1091 2340 1131; x_wconf 89' lang='lat' dir='ltr'><strong>manus</strong></span> <span class='ocrx_word' id='word_1_299' title='bbox 2368 1089 2492 1132; x_wconf 87' lang='lat' dir='ltr'><strong>suas</strong></span> <span class='ocrx_word' id='word_1_300' title='bbox 2521 1075 2738 1147; x_wconf 90' lang='lat' dir='ltr'><strong>quidem</strong></span> <span class='ocrx_word' id='word_1_301' title='bbox 2784 1076 2839 1131; x_wconf 91' lang='lat' dir='ltr'><strong>in</strong></span> <span class='ocrx_word' id='word_1_302' title='bbox 2866 1090 2999 1132; x_wconf 90' lang='lat' dir='ltr'><strong>nece</strong></span> <span class='ocrx_word' id='word_1_303' title='bbox 3028 1075 3238 1131; x_wconf 89' lang='lat' dir='ltr'><strong>Domini</strong></span> <span class='ocrx_word' id='word_1_304' title='bbox 3267 1076 3493 1132; x_wconf 87' lang='lat' dir='ltr'><strong>minime</strong></span> 
     </span>
    </p>
   </div>
   <div class='ocr_carea' id='block_1_40' title="bbox 1897 1150 3571 1239">
    <p class='ocr_par' dir='ltr' id='par_1_40' title="bbox 1897 1150 3571 1239">
     <span class='ocr_line' id='line_1_40' title="bbox 1897 1150 3571 1239; baseline 0 -15"><span class='ocrx_word' id='word_1_305' title='bbox 1897 1150 2409 1239; x_wconf 33' lang='lat' dir='ltr'><strong>miscueruntfsed</strong></span> <span class='ocrx_word' id='word_1_306' title='bbox 2466 1178 2651 1225; x_wconf 90' lang='lat' dir='ltr'><strong>contra</strong></span> <span class='ocrx_word' id='word_1_307' title='bbox 2703 1168 2997 1224; x_wconf 87' lang='lat' dir='ltr'><strong>sceleratas</strong></span> <span class='ocrx_word' id='word_1_308' title='bbox 3048 1170 3493 1239; x_wconf 59' lang='lat' dir='ltr'><strong>praesumptiones</strong></span> <span class='ocrx_word' id='word_1_309' title='bbox 3559 1150 3571 1161; x_wconf 59' lang='grc'><em>’</em></span> 
     </span>
    </p>
   </div>
   <div class='ocr_carea' id='block_1_41' title="bbox 1897 1262 3491 1333">
    <p class='ocr_par' dir='ltr' id='par_1_41' title="bbox 1897 1262 3491 1333">
     <span class='ocr_line' id='line_1_41' title="bbox 1897 1262 3491 1333; baseline -0.001 -14"><span class='ocrx_word' id='word_1_310' title='bbox 1897 1262 2109 1319; x_wconf 86' lang='lat' dir='ltr'><strong>obviam</strong></span> <span class='ocrx_word' id='word_1_311' title='bbox 2152 1264 2231 1319; x_wconf 90' lang='lat' dir='ltr'><strong>ire</strong></span> <span class='ocrx_word' id='word_1_312' title='bbox 2275 1263 2583 1331; x_wconf 89' lang='lat' dir='ltr'><strong>noluerunt,</strong></span> <span class='ocrx_word' id='word_1_313' title='bbox 2623 1269 2760 1319; x_wconf 87' lang='lat' dir='ltr'><strong>utet</strong></span> <span class='ocrx_word' id='word_1_314' title='bbox 2786 1263 2937 1319; x_wconf 90' lang='lat' dir='ltr'><strong>illum</strong></span> <span class='ocrx_word' id='word_1_315' title='bbox 2970 1277 2999 1317; x_wconf 91' lang='lat' dir='ltr'><strong>a</strong></span> <span class='ocrx_word' id='word_1_316' title='bbox 3028 1262 3270 1333; x_wconf 89' lang='lat' dir='ltr'><strong>pernicie</strong></span> <span class='ocrx_word' id='word_1_317' title='bbox 3296 1276 3491 1332; x_wconf 79' lang='lat' dir='ltr'><strong>corpo—</strong></span> 
     </span>
    </p>
   </div>
   <div class='ocr_carea' id='block_1_42' title="bbox 1899 1356 3490 1427">
    <p class='ocr_par' dir='ltr' id='par_1_42' title="bbox 1899 1356 3490 1427">
     <span class='ocr_line' id='line_1_42' title="bbox 1899 1356 3490 1427; baseline -0.001 -16"><span class='ocrx_word' id='word_1_318' title='bbox 1899 1356 1999 1412; x_wconf 92' lang='lat' dir='ltr'><strong>rali</strong></span> <span class='ocrx_word' id='word_1_319' title='bbox 2029 1356 2339 1425; x_wconf 82' lang='lat' dir='ltr'><strong>liberarent,</strong></span> <span class='ocrx_word' id='word_1_320' title='bbox 2365 1366 2420 1412; x_wconf 94' lang='lat' dir='ltr'><strong>et</strong></span> <span class='ocrx_word' id='word_1_321' title='bbox 2455 1371 2516 1413; x_wconf 92' lang='lat' dir='ltr'><strong>se</strong></span> <span class='ocrx_word' id='word_1_322' title='bbox 2548 1372 2577 1410; x_wconf 93' lang='lat' dir='ltr'><strong>a</strong></span> <span class='ocrx_word' id='word_1_323' title='bbox 2606 1371 2873 1413; x_wconf 89' lang='lat' dir='ltr'><strong>consensu</strong></span> <span class='ocrx_word' id='word_1_324' title='bbox 2900 1356 3172 1427; x_wconf 82' lang='lat' dir='ltr'><strong>pravitatis</strong></span> <span class='ocrx_word' id='word_1_325' title='bbox 3199 1363 3490 1422; x_wconf 83' lang='lat' dir='ltr'><strong>exuerent;</strong></span> 
     </span>
    </p>
   </div>
   <div class='ocr_carea' id='block_1_43' title="bbox 1898 1448 3492 1531">
    <p class='ocr_par' dir='ltr' id='par_1_43' title="bbox 1898 1448 3492 1531">
     <span class='ocr_line' id='line_1_43' title="bbox 1898 1448 3492 1531; baseline -0.003 -25"><span class='ocrx_word' id='word_1_326' title='bbox 1898 1450 1966 1506; x_wconf 88' lang='lat' dir='ltr'><strong>de</strong></span> <span class='ocrx_word' id='word_1_327' title='bbox 2012 1450 2204 1521; x_wconf 89' lang='lat' dir='ltr'><strong>quibus</strong></span> <span class='ocrx_word' id='word_1_328' title='bbox 2240 1459 2305 1531; x_wconf 56' lang='grc' dir='ltr'>ει</span> <span class='ocrx_word' id='word_1_329' title='bbox 2353 1449 2480 1504; x_wconf 87' lang='lat' dir='ltr'><strong>alibi</strong></span> <span class='ocrx_word' id='word_1_330' title='bbox 2524 1449 2723 1505; x_wconf 90' lang='lat' dir='ltr'><strong>dicitur</strong></span> <span class='ocrx_word' id='word_1_331' title='bbox 2769 1468 2782 1503; x_wconf 89' lang='lat'><strong>:</strong></span> <span class='ocrx_word' id='word_1_332' title='bbox 2830 1448 2995 1505; x_wconf 86' lang='lat' dir='ltr'><strong>Canes</strong></span> <span class='ocrx_word' id='word_1_333' title='bbox 3035 1450 3164 1503; x_wconf 88' lang='lat' dir='ltr'><strong>muti</strong></span> <span class='ocrx_word' id='word_1_334' title='bbox 3204 1449 3492 1503; x_wconf 84' lang='lat' dir='ltr'><strong>nescierunt</strong></span> 
     </span>
    </p>
   </div>
   <div class='ocr_carea' id='block_1_44' title="bbox 1899 1543 3490 1618">
    <p class='ocr_par' dir='ltr' id='par_1_44' title="bbox 1899 1543 3490 1618">
     <span class='ocr_line' id='line_1_44' title="bbox 1899 1543 3490 1618; baseline -0.003 -17"><span class='ocrx_word' id='word_1_335' title='bbox 1899 1547 2091 1601; x_wconf 87' lang='lat' dir='ltr'><strong>latrare</strong></span> <span class='ocrx_word' id='word_1_336' title='bbox 2144 1545 2318 1618; x_wconf 88' lang='lat' dir='ltr'><strong>(Isai.</strong></span> <span class='ocrx_word' id='word_1_337' title='bbox 2368 1561 2487 1613; x_wconf 80' lang='grc' dir='ltr'>ιιί,</span> <span class='ocrx_word' id='word_1_338' title='bbox 2537 1544 2667 1615; x_wconf 81' lang='grc'>10).</span> <span class='ocrx_word' id='word_1_339' title='bbox 2724 1543 2830 1614; x_wconf 89' lang='lat' dir='ltr'><strong>Ipsi</strong></span> <span class='ocrx_word' id='word_1_340' title='bbox 2878 1558 3011 1614; x_wconf 88' lang='lat' dir='ltr'><strong>ergo</strong></span> <span class='ocrx_word' id='word_1_341' title='bbox 3060 1550 3490 1608; x_wconf 87' lang='lat' dir='ltr'><strong>commonentur,</strong></span> 
     </span>
    </p>
   </div>
   <div class='ocr_carea' id='block_1_45' title="bbox 1899 1635 3493 1708">
    <p class='ocr_par' dir='ltr' id='par_1_45' title="bbox 1899 1635 3493 1708">
     <span class='ocr_line' id='line_1_45' title="bbox 1899 1635 3493 1708; baseline -0.003 -13"><span class='ocrx_word' id='word_1_342' title='bbox 1899 1654 1969 1695; x_wconf 92' lang='lat' dir='ltr'><strong>ne</strong></span> <span class='ocrx_word' id='word_1_343' title='bbox 2021 1639 2270 1695; x_wconf 87' lang='lat' dir='ltr'><strong>desinant</strong></span> <span class='ocrx_word' id='word_1_344' title='bbox 2324 1636 2523 1708; x_wconf 86' lang='lat' dir='ltr'><strong>injuste</strong></span> <span class='ocrx_word' id='word_1_345' title='bbox 2579 1635 2833 1691; x_wconf 85' lang='lat' dir='ltr'><strong>traditum</strong></span> <span class='ocrx_word' id='word_1_346' title='bbox 2889 1635 3139 1705; x_wconf 87' lang='lat' dir='ltr'><strong>eripere,</strong></span> <span class='ocrx_word' id='word_1_347' title='bbox 3194 1635 3285 1705; x_wconf 92' lang='lat' dir='ltr'><strong>qui</strong></span> <span class='ocrx_word' id='word_1_348' title='bbox 3336 1643 3493 1691; x_wconf 87' lang='lat' dir='ltr'><strong>erant</strong></span> 
     </span>
    </p>
   </div>
   <div class='ocr_carea' id='block_1_46' title="bbox 1898 1725 3494 1803">
    <p class='ocr_par' dir='ltr' id='par_1_46' title="bbox 1898 1725 3494 1803">
     <span class='ocr_line' id='line_1_46' title="bbox 1898 1725 3494 1803; baseline -0.002 -15"><span class='ocrx_word' id='word_1_349' title='bbox 1898 1733 2083 1803; x_wconf 89' lang='lat' dir='ltr'><strong>iniquo</strong></span> <span class='ocrx_word' id='word_1_350' title='bbox 2123 1732 2359 1787; x_wconf 76' lang='lat' dir='ltr'><strong>facinore</strong></span> <span class='ocrx_word' id='word_1_351' title='bbox 2401 1730 2695 1801; x_wconf 90' lang='lat' dir='ltr'><strong>peccaturi.</strong></span> <span class='ocrx_word' id='word_1_352' title='bbox 2736 1728 2867 1783; x_wconf 87' lang='lat' dir='ltr'><strong>Nam</strong></span> <span class='ocrx_word' id='word_1_353' title='bbox 2910 1742 3032 1783; x_wconf 90' lang='lat' dir='ltr'><strong>cum</strong></span> <span class='ocrx_word' id='word_1_354' title='bbox 3061 1728 3235 1796; x_wconf 91' lang='lat' dir='ltr'><strong>possis</strong></span> <span class='ocrx_word' id='word_1_355' title='bbox 3272 1725 3494 1785; x_wconf 79' lang='lat' dir='ltr'><strong>obviare</strong></span> 
     </span>
    </p>
   </div>
   <div class='ocr_carea' id='block_1_47' title="bbox 1898 1818 3495 1894">
    <p class='ocr_par' dir='ltr' id='par_1_47' title="bbox 1898 1818 3495 1894">
     <span class='ocr_line' id='line_1_47' title="bbox 1898 1818 3495 1894; baseline -0.003 -14"><span class='ocrx_word' id='word_1_356' title='bbox 1898 1824 2191 1894; x_wconf 86' lang='lat' dir='ltr'><strong>perversis,</strong></span> <span class='ocrx_word' id='word_1_357' title='bbox 2236 1823 2282 1879; x_wconf 87' lang='lat' dir='ltr'><strong>si</strong></span> <span class='ocrx_word' id='word_1_358' title='bbox 2328 1822 2546 1879; x_wconf 87' lang='lat' dir='ltr'><strong>desinas</strong></span> <span class='ocrx_word' id='word_1_359' title='bbox 2597 1820 2899 1887; x_wconf 88' lang='lat' dir='ltr'><strong>adversari,</strong></span> <span class='ocrx_word' id='word_1_360' title='bbox 2946 1834 3245 1875; x_wconf 89' lang='lat' dir='ltr'><strong>consensus</strong></span> <span class='ocrx_word' id='word_1_361' title='bbox 3290 1818 3495 1875; x_wconf 84' lang='lat' dir='ltr'><strong>erroris</strong></span> 
     </span>
    </p>
   </div>
   <div class='ocr_carea' id='block_1_48' title="bbox 1494 1907 3495 1987">
    <p class='ocr_par' dir='ltr' id='par_1_48' title="bbox 1494 1907 3495 1987">
     <span class='ocr_line' id='line_1_48' title="bbox 1494 1907 3495 1987; baseline -0.003 -13"><span class='ocrx_word' id='word_1_362' title='bbox 1494 1907 1604 1980; x_wconf 74' lang='lat' dir='ltr'><strong>Ego</strong></span> <span class='ocrx_word' id='word_1_363' title='bbox 1645 1908 1790 1963; x_wconf 68' lang='grc' dir='ltr'><strong>άίπὶε</strong></span> <span class='ocrx_word' id='word_1_364' title='bbox 1823 1914 1869 1976; x_wconf 87' lang='grc' dir='ltr'><strong>Β</strong></span> <span class='ocrx_word' id='word_1_365' title='bbox 1898 1908 2004 1973; x_wconf 88' lang='lat' dir='ltr'><strong>est.</strong></span> <span class='ocrx_word' id='word_1_366' title='bbox 2033 1915 2327 1987; x_wconf 89' lang='lat' dir='ltr'><strong>Pauperem</strong></span> <span class='ocrx_word' id='word_1_367' title='bbox 2360 1930 2491 1971; x_wconf 91' lang='lat' dir='ltr'><strong>vero</strong></span> <span class='ocrx_word' id='word_1_368' title='bbox 2526 1923 2573 1968; x_wconf 92' lang='lat' dir='ltr'><strong>et</strong></span> <span class='ocrx_word' id='word_1_369' title='bbox 2605 1929 2820 1985; x_wconf 87' lang='lat' dir='ltr'><strong>egenum</strong></span> <span class='ocrx_word' id='word_1_370' title='bbox 2860 1913 2927 1969; x_wconf 93' lang='lat' dir='ltr'><strong>de</strong></span> <span class='ocrx_word' id='word_1_371' title='bbox 2958 1913 3184 1969; x_wconf 86' lang='lat' dir='ltr'><strong>Domino</strong></span> <span class='ocrx_word' id='word_1_372' title='bbox 3214 1912 3495 1968; x_wconf 84' lang='lat' dir='ltr'><strong>Salvatore</strong></span> 
     </span>
    </p>
   </div>
   <div class='ocr_carea' id='block_1_49' title="bbox 1893 2005 3493 2085">
    <p class='ocr_par' dir='ltr' id='par_1_49' title="bbox 1893 2005 3493 2085">
     <span class='ocr_line' id='line_1_49' title="bbox 1893 2005 3493 2085; baseline -0.003 -20"><span class='ocrx_word' id='word_1_373' title='bbox 1893 2009 1998 2065; x_wconf 90' lang='lat' dir='ltr'><strong>dici</strong></span> <span class='ocrx_word' id='word_1_374' title='bbox 2062 2023 2221 2079; x_wconf 87' lang='lat' dir='ltr'><strong>posse</strong></span> <span class='ocrx_word' id='word_1_375' title='bbox 2279 2009 2588 2080; x_wconf 89' lang='lat' dir='ltr'><strong>frequenter</strong></span> <span class='ocrx_word' id='word_1_376' title='bbox 2649 2006 2957 2085; x_wconf 80' lang='lat' dir='ltr'><strong>expositum</strong></span> <span class='ocrx_word' id='word_1_377' title='bbox 2997 2014 3081 2062; x_wconf 88' lang='lat' dir='ltr'><strong>est</strong></span> <span class='ocrx_word' id='word_1_378' title='bbox 3134 2024 3147 2058; x_wconf 90' lang='lat'><strong><em>:</em></strong></span> <span class='ocrx_word' id='word_1_379' title='bbox 3200 2005 3324 2075; x_wconf 87' lang='lat' dir='ltr'><strong>quia</strong></span> <span class='ocrx_word' id='word_1_380' title='bbox 3368 2018 3493 2060; x_wconf 89' lang='lat' dir='ltr'><strong>cum</strong></span> 
     </span>
    </p>
   </div>
   <div class='ocr_carea' id='block_1_50' title="bbox 1896 2098 3493 2171">
    <p class='ocr_par' dir='ltr' id='par_1_50' title="bbox 1896 2098 3493 2171">
     <span class='ocr_line' id='line_1_50' title="bbox 1896 2098 3493 2171; baseline -0.003 -14"><span class='ocrx_word' id='word_1_381' title='bbox 1896 2103 2285 2158; x_wconf 88' lang='lat' dir='ltr'><strong>humanitatem</strong></span> <span class='ocrx_word' id='word_1_382' title='bbox 2315 2101 2574 2171; x_wconf 88' lang='lat' dir='ltr'><strong>suscepit,</strong></span> <span class='ocrx_word' id='word_1_383' title='bbox 2620 2099 2776 2154; x_wconf 92' lang='lat' dir='ltr'><strong>simul</strong></span> <span class='ocrx_word' id='word_1_384' title='bbox 2808 2106 2864 2154; x_wconf 89' lang='lat' dir='ltr'><strong>et</strong></span> <span class='ocrx_word' id='word_1_385' title='bbox 2908 2098 3263 2168; x_wconf 84' lang='lat' dir='ltr'><strong>indigentiam</strong></span> <span class='ocrx_word' id='word_1_386' title='bbox 3297 2108 3493 2153; x_wconf 64' lang='lat' dir='ltr'><strong>nostra</strong></span> 
     </span>
    </p>
   </div>
   <div class='ocr_carea' id='block_1_51' title="bbox 1892 2187 3493 2263">
    <p class='ocr_par' dir='ltr' id='par_1_51' title="bbox 1892 2187 3493 2263">
     <span class='ocr_line' id='line_1_51' title="bbox 1892 2187 3493 2263; baseline -0.001 -16"><span class='ocrx_word' id='word_1_387' title='bbox 1892 2194 2224 2263; x_wconf 88' lang='lat' dir='ltr'><strong>paupertatis</strong></span> <span class='ocrx_word' id='word_1_388' title='bbox 2249 2191 2567 2262; x_wconf 87' lang='lat' dir='ltr'><strong>assumpsit,</strong></span> <span class='ocrx_word' id='word_1_389' title='bbox 2599 2190 2736 2246; x_wconf 88' lang='lat' dir='ltr'><strong>sicut</strong></span> <span class='ocrx_word' id='word_1_390' title='bbox 2764 2198 2818 2246; x_wconf 90' lang='lat' dir='ltr'><strong>et</strong></span> <span class='ocrx_word' id='word_1_391' title='bbox 2854 2190 2982 2245; x_wconf 89' lang='lat' dir='ltr'><strong>alibi</strong></span> <span class='ocrx_word' id='word_1_392' title='bbox 3017 2189 3217 2245; x_wconf 90' lang='lat' dir='ltr'><strong>dicitur</strong></span> <span class='ocrx_word' id='word_1_393' title='bbox 3242 2206 3254 2242; x_wconf 86' lang='lat'>:</span> <span class='ocrx_word' id='word_1_394' title='bbox 3280 2187 3493 2261; x_wconf 80' lang='lat' dir='ltr'><strong>Pauper</strong></span> 
     </span>
    </p>
   </div>
   <div class='ocr_carea' id='block_1_52' title="bbox 1889 2282 2977 2357">
    <p class='ocr_par' dir='ltr' id='par_1_52' title="bbox 1889 2282 2977 2357">
     <span class='ocr_line' id='line_1_52' title="bbox 1889 2282 2977 2357; baseline -0.004 -17"><span class='ocrx_word' id='word_1_395' title='bbox 1889 2294 1938 2341; x_wconf 90' lang='lat' dir='ltr'><strong>et</strong></span> <span class='ocrx_word' id='word_1_396' title='bbox 1968 2285 2145 2339; x_wconf 82' lang='lat' dir='ltr'><strong>dolens</strong></span> <span class='ocrx_word' id='word_1_397' title='bbox 2173 2301 2267 2357; x_wconf 88' lang='lat' dir='ltr'><strong>ego</strong></span> <span class='ocrx_word' id='word_1_398' title='bbox 2294 2301 2406 2339; x_wconf 88' lang='lat' dir='ltr'><strong>sum</strong></span> <span class='ocrx_word' id='word_1_399' title='bbox 2436 2282 2610 2355; x_wconf 85' lang='lat' dir='ltr'><strong>(Psal.</strong></span> <span class='ocrx_word' id='word_1_400' title='bbox 2639 2298 2829 2349; x_wconf 76' lang='grc' dir='ltr'>ιιινιιι,</span> <span class='ocrx_word' id='word_1_401' title='bbox 2861 2282 2977 2354; x_wconf 79' lang='grc'><strong>50).</strong></span> 
     </span>
    </p>
   </div>
   <div class='ocr_carea' id='block_1_53' title="bbox 1964 2374 3492 2447">
    <p class='ocr_par' dir='ltr' id='par_1_53' title="bbox 1964 2374 3492 2447">
     <span class='ocr_line' id='line_1_53' title="bbox 1964 2374 3492 2447; baseline 0 -17"><span class='ocrx_word' id='word_1_402' title='bbox 1964 2375 2119 2432; x_wconf 89' lang='lat' dir='ltr'><strong>Vers.</strong></span> <span class='ocrx_word' id='word_1_403' title='bbox 2163 2377 2215 2433; x_wconf 83' lang='lat'><strong>5.</strong></span> <span class='ocrx_word' id='word_1_404' title='bbox 2262 2376 2588 2443; x_wconf 85' lang='lat' dir='ltr'><strong>Nescierunt,</strong></span> <span class='ocrx_word' id='word_1_405' title='bbox 2621 2390 2782 2447; x_wconf 88' lang='lat' dir='ltr'><strong>neque</strong></span> <span class='ocrx_word' id='word_1_406' title='bbox 2822 2374 3207 2443; x_wconf 80' lang='lat' dir='ltr'><strong>intellexerunt,</strong></span> <span class='ocrx_word' id='word_1_407' title='bbox 3255 2375 3311 2427; x_wconf 90' lang='lat' dir='ltr'><strong>in</strong></span> <span class='ocrx_word' id='word_1_408' title='bbox 3351 2383 3492 2430; x_wconf 79' lang='lat' dir='ltr'><strong>tene-</strong></span> 
     </span>
    </p>
   </div>
   <div class='ocr_carea' id='block_1_54' title="bbox 1892 2467 3490 2537">
    <p class='ocr_par' dir='ltr' id='par_1_54' title="bbox 1892 2467 3490 2537">
     <span class='ocr_line' id='line_1_54' title="bbox 1892 2467 3490 2537; baseline -0.001 -14"><span class='ocrx_word' id='word_1_409' title='bbox 1892 2468 1999 2524; x_wconf 86' lang='lat' dir='ltr'><strong>bris</strong></span> <span class='ocrx_word' id='word_1_410' title='bbox 2028 2470 2295 2523; x_wconf 82' lang='lat' dir='ltr'><strong>ambulant</strong></span> <span class='ocrx_word' id='word_1_411' title='bbox 2328 2485 2347 2523; x_wconf 90' lang='lat'><strong><em>:</em></strong></span> <span class='ocrx_word' id='word_1_412' title='bbox 2378 2470 2710 2523; x_wconf 87' lang='lat' dir='ltr'><strong>movebuntur</strong></span> <span class='ocrx_word' id='word_1_413' title='bbox 2753 2468 2927 2524; x_wconf 86' lang='lat' dir='ltr'><strong>omnia</strong></span> <span class='ocrx_word' id='word_1_414' title='bbox 2958 2467 3290 2537; x_wconf 73' lang='lat' dir='ltr'><strong>fundamenta</strong></span> <span class='ocrx_word' id='word_1_415' title='bbox 3319 2476 3490 2523; x_wconf 67' lang='lat' dir='ltr'><strong>terras.</strong></span> 
     </span>
    </p>
   </div>
   <div class='ocr_carea' id='block_1_55' title="bbox 1892 2559 3491 2634">
    <p class='ocr_par' dir='ltr' id='par_1_55' title="bbox 1892 2559 3491 2634">
     <span class='ocr_line' id='line_1_55' title="bbox 1892 2559 3491 2634; baseline -0.001 -16"><span class='ocrx_word' id='word_1_416' title='bbox 1892 2562 2029 2618; x_wconf 88' lang='lat' dir='ltr'><strong>Vera</strong></span> <span class='ocrx_word' id='word_1_417' title='bbox 2061 2563 2358 2628; x_wconf 88' lang='lat' dir='ltr'><strong>conclusio,</strong></span> <span class='ocrx_word' id='word_1_418' title='bbox 2393 2562 2677 2634; x_wconf 70' lang='lat' dir='ltr'><strong>breaisque</strong></span> <span class='ocrx_word' id='word_1_419' title='bbox 2706 2562 2978 2618; x_wconf 88' lang='lat' dir='ltr'><strong>sententia</strong></span> <span class='ocrx_word' id='word_1_420' title='bbox 3004 2579 3018 2615; x_wconf 90' lang='lat'><strong>:</strong></span> <span class='ocrx_word' id='word_1_421' title='bbox 3051 2576 3158 2617; x_wconf 92' lang='lat' dir='ltr'><strong>non</strong></span> <span class='ocrx_word' id='word_1_422' title='bbox 3189 2561 3308 2617; x_wconf 91' lang='lat' dir='ltr'><strong>illos</strong></span> <span class='ocrx_word' id='word_1_423' title='bbox 3333 2559 3491 2617; x_wconf 79' lang='lat' dir='ltr'><strong>intel-</strong></span> 
     </span>
    </p>
   </div>
   <div class='ocr_carea' id='block_1_56' title="bbox 1891 2657 3490 2728">
    <p class='ocr_par' dir='ltr' id='par_1_56' title="bbox 1891 2657 3490 2728">
     <span class='ocr_line' id='line_1_56' title="bbox 1891 2657 3490 2728; baseline 0.001 -16"><span class='ocrx_word' id='word_1_424' title='bbox 1891 2657 2077 2712; x_wconf 70' lang='lat' dir='ltr'><strong>lexisse</strong></span> <span class='ocrx_word' id='word_1_425' title='bbox 2133 2667 2409 2714; x_wconf 88' lang='lat' dir='ltr'><strong>auctorem</strong></span> <span class='ocrx_word' id='word_1_426' title='bbox 2465 2658 2698 2723; x_wconf 90' lang='lat' dir='ltr'><strong>luminis,</strong></span> <span class='ocrx_word' id='word_1_427' title='bbox 2744 2658 2835 2728; x_wconf 90' lang='lat' dir='ltr'><strong>qui</strong></span> <span class='ocrx_word' id='word_1_428' title='bbox 2892 2658 2945 2711; x_wconf 91' lang='lat' dir='ltr'><strong>in</strong></span> <span class='ocrx_word' id='word_1_429' title='bbox 2984 2658 3201 2712; x_wconf 84' lang='lat' dir='ltr'><strong>tenebris</strong></span> <span class='ocrx_word' id='word_1_430' title='bbox 3253 2657 3490 2714; x_wconf 83' lang='lat' dir='ltr'><strong>ambula-</strong></span> 
     </span>
    </p>
   </div>
   <div class='ocr_carea' id='block_1_57' title="bbox 1891 2748 3489 2821">
    <p class='ocr_par' dir='ltr' id='par_1_57' title="bbox 1891 2748 3489 2821">
     <span class='ocr_line' id='line_1_57' title="bbox 1891 2748 3489 2821; baseline 0 -18"><span class='ocrx_word' id='word_1_431' title='bbox 1891 2748 2051 2816; x_wconf 84' lang='lat' dir='ltr'><strong>bant;</strong></span> <span class='ocrx_word' id='word_1_432' title='bbox 2096 2752 2259 2821; x_wconf 75' lang='grc'><strong>282</strong></span> <span class='ocrx_word' id='word_1_433' title='bbox 2313 2749 2382 2805; x_wconf 89' lang='lat' dir='ltr'><strong>de</strong></span> <span class='ocrx_word' id='word_1_434' title='bbox 2423 2750 2615 2817; x_wconf 90' lang='lat' dir='ltr'><strong>quibus</strong></span> <span class='ocrx_word' id='word_1_435' title='bbox 2663 2750 2795 2804; x_wconf 82' lang='lat' dir='ltr'><strong>dicit</strong></span> <span class='ocrx_word' id='word_1_436' title='bbox 2836 2749 3127 2819; x_wconf 87' lang='lat' dir='ltr'><strong>Apostolus</strong></span> <span class='ocrx_word' id='word_1_437' title='bbox 3180 2765 3194 2802; x_wconf 90' lang='lat'><strong>:</strong></span> <span class='ocrx_word' id='word_1_438' title='bbox 3247 2750 3309 2805; x_wconf 89' lang='lat' dir='ltr'><strong>Si</strong></span> <span class='ocrx_word' id='word_1_439' title='bbox 3351 2750 3489 2803; x_wconf 79' lang='lat' dir='ltr'><strong>enim</strong></span> 
     </span>
    </p>
   </div>
   <div class='ocr_carea' id='block_1_58' title="bbox 1891 2841 3489 2911">
    <p class='ocr_par' dir='ltr' id='par_1_58' title="bbox 1891 2841 3489 2911">
     <span class='ocr_line' id='line_1_58' title="bbox 1891 2841 3489 2911; baseline 0.001 -17"><span class='ocrx_word' id='word_1_440' title='bbox 1891 2843 2262 2911; x_wconf 77' lang='lat' dir='ltr'><strong>coqnovissent,</strong></span> <span class='ocrx_word' id='word_1_441' title='bbox 2312 2858 2572 2911; x_wconf 86' lang='lat' dir='ltr'><strong>nunquam</strong></span> <span class='ocrx_word' id='word_1_442' title='bbox 2603 2841 2881 2896; x_wconf 90' lang='lat' dir='ltr'><strong>Dominum</strong></span> <span class='ocrx_word' id='word_1_443' title='bbox 2912 2842 3091 2911; x_wconf 72' lang='lat' dir='ltr'><strong>gloria:</strong></span> <span class='ocrx_word' id='word_1_444' title='bbox 3118 2842 3489 2910; x_wconf 78' lang='lat' dir='ltr'><strong>crttciﬁa&#39;issettt</strong></span> 
     </span>
    </p>
   </div>
   <div class='ocr_carea' id='block_1_59' title="bbox 1891 2935 3488 3009">
    <p class='ocr_par' dir='ltr' id='par_1_59' title="bbox 1891 2935 3488 3009">
     <span class='ocr_line' id='line_1_59' title="bbox 1891 2935 3488 3009; baseline 0 -20"><span class='ocrx_word' id='word_1_445' title='bbox 1891 2935 1944 3007; x_wconf 89' lang='lat' dir='ltr'><strong>(l</strong></span> <span class='ocrx_word' id='word_1_446' title='bbox 1983 2936 2101 2990; x_wconf 86' lang='lat' dir='ltr'><strong>Cor.</strong></span> <span class='ocrx_word' id='word_1_447' title='bbox 2142 2952 2201 3000; x_wconf 87' lang='grc' dir='ltr'>ιι,</span> <span class='ocrx_word' id='word_1_448' title='bbox 2248 2937 2325 3009; x_wconf 89' lang='lat'><strong>8).</strong></span> <span class='ocrx_word' id='word_1_449' title='bbox 2378 2936 2647 3006; x_wconf 88' lang='lat' dir='ltr'><strong>Sequitur,</strong></span> <span class='ocrx_word' id='word_1_450' title='bbox 2696 2935 3024 2990; x_wconf 84' lang='lat' dir='ltr'><strong>movebuntur</strong></span> <span class='ocrx_word' id='word_1_451' title='bbox 3072 2935 3246 2989; x_wconf 88' lang='lat' dir='ltr'><strong>omnia</strong></span> <span class='ocrx_word' id='word_1_452' title='bbox 3291 2935 3488 3004; x_wconf 82' lang='lat' dir='ltr'><strong>funda-</strong></span> 
     </span>
    </p>
   </div>
   <div class='ocr_carea' id='block_1_60' title="bbox 1891 3028 3487 3101">
    <p class='ocr_par' dir='ltr' id='par_1_60' title="bbox 1891 3028 3487 3101">
     <span class='ocr_line' id='line_1_60' title="bbox 1891 3028 3487 3101; baseline 0.001 -19"><span class='ocrx_word' id='word_1_453' title='bbox 1891 3038 2061 3085; x_wconf 88' lang='lat' dir='ltr'><strong>menta</strong></span> <span class='ocrx_word' id='word_1_454' title='bbox 2102 3039 2269 3096; x_wconf 74' lang='lat' dir='ltr'><strong>terrea,</strong></span> <span class='ocrx_word' id='word_1_455' title='bbox 2314 3038 2371 3084; x_wconf 90' lang='lat' dir='ltr'><strong>ut</strong></span> <span class='ocrx_word' id='word_1_456' title='bbox 2408 3030 2675 3085; x_wconf 86' lang='lat' dir='ltr'><strong>veraciter</strong></span> <span class='ocrx_word' id='word_1_457' title='bbox 2713 3029 2783 3085; x_wconf 89' lang='lat' dir='ltr'><strong>de</strong></span> <span class='ocrx_word' id='word_1_458' title='bbox 2824 3044 2929 3101; x_wconf 91' lang='lat' dir='ltr'><strong>quo</strong></span> <span class='ocrx_word' id='word_1_459' title='bbox 2970 3029 3110 3083; x_wconf 89' lang='lat' dir='ltr'><strong>dicta</strong></span> <span class='ocrx_word' id='word_1_460' title='bbox 3180 3028 3289 3083; x_wconf 90' lang='lat' dir='ltr'><strong>sint</strong></span> <span class='ocrx_word' id='word_1_461' title='bbox 3323 3043 3487 3099; x_wconf 82' lang='lat' dir='ltr'><strong>supe-</strong></span> 
     </span>
    </p>
   </div>
   <div class='ocr_carea' id='block_1_61' title="bbox 1892 3119 3486 3191">
    <p class='ocr_par' dir='ltr' id='par_1_61' title="bbox 1892 3119 3486 3191">
     <span class='ocr_line' id='line_1_61' title="bbox 1892 3119 3486 3191; baseline -0.001 -15"><span class='ocrx_word' id='word_1_462' title='bbox 1892 3121 2036 3176; x_wconf 89' lang='lat' dir='ltr'><strong>riora</strong></span> <span class='ocrx_word' id='word_1_463' title='bbox 2066 3121 2242 3191; x_wconf 91' lang='lat' dir='ltr'><strong>possis</strong></span> <span class='ocrx_word' id='word_1_464' title='bbox 2283 3120 2593 3179; x_wconf 89' lang='lat' dir='ltr'><strong>advertere.</strong></span> <span class='ocrx_word' id='word_1_465' title='bbox 2642 3121 2864 3191; x_wconf 89' lang='lat' dir='ltr'><strong>Signum</strong></span> <span class='ocrx_word' id='word_1_466' title='bbox 2894 3120 3023 3176; x_wconf 89' lang='lat' dir='ltr'><strong>dicit</strong></span> <span class='ocrx_word' id='word_1_467' title='bbox 3052 3119 3192 3190; x_wconf 84' lang='lat' dir='ltr'><strong>quod</strong></span> <span class='ocrx_word' id='word_1_468' title='bbox 3224 3121 3276 3173; x_wconf 94' lang='lat' dir='ltr'><strong>in</strong></span> <span class='ocrx_word' id='word_1_469' title='bbox 3306 3120 3486 3175; x_wconf 87' lang='lat' dir='ltr'><strong>cruci-</strong></span> 
     </span>
    </p>
   </div>
   <div class='ocr_carea' id='block_1_62' title="bbox 1890 3211 3486 3281">
    <p class='ocr_par' dir='ltr' id='par_1_62' title="bbox 1890 3211 3486 3281">
     <span class='ocr_line' id='line_1_62' title="bbox 1890 3211 3486 3281; baseline -0.001 -12"><span class='ocrx_word' id='word_1_470' title='bbox 1890 3215 2089 3272; x_wconf 75' lang='lat' dir='ltr'><strong>iixione</strong></span> <span class='ocrx_word' id='word_1_471' title='bbox 2138 3216 2353 3271; x_wconf 87' lang='lat' dir='ltr'><strong>Domini</strong></span> <span class='ocrx_word' id='word_1_472' title='bbox 2411 3222 2623 3271; x_wconf 89' lang='lat' dir='ltr'><strong>constat</strong></span> <span class='ocrx_word' id='word_1_473' title='bbox 2677 3214 2956 3280; x_wconf 85' lang='lat' dir='ltr'><strong>evenisse;</strong></span> <span class='ocrx_word' id='word_1_474' title='bbox 3017 3213 3161 3268; x_wconf 85' lang='lat' dir='ltr'><strong>sicut</strong></span> <span class='ocrx_word' id='word_1_475' title='bbox 3208 3211 3486 3281; x_wconf 85' lang='lat' dir='ltr'><strong>Evangelii</strong></span> 
     </span>
    </p>
   </div>
   <div class='ocr_carea' id='block_1_63' title="bbox 205 3294 3485 3375">
    <p class='ocr_par' dir='ltr' id='par_1_63' title="bbox 205 3294 3485 3375">
     <span class='ocr_line' id='line_1_63' title="bbox 205 3294 3485 3375; baseline 0.003 -31"><span class='ocrx_word' id='word_1_476' title='bbox 205 3294 393 3357; x_wconf 80' lang='lat' dir='ltr'><strong>peccati</strong></span> <span class='ocrx_word' id='word_1_477' title='bbox 422 3296 607 3365; x_wconf 85' lang='lat' dir='ltr'><strong>eripit,</strong></span> <span class='ocrx_word' id='word_1_478' title='bbox 639 3304 694 3351; x_wconf 89' lang='lat' dir='ltr'><strong>et</strong></span> <span class='ocrx_word' id='word_1_479' title='bbox 724 3296 792 3351; x_wconf 88' lang='lat' dir='ltr'><strong>ad</strong></span> <span class='ocrx_word' id='word_1_480' title='bbox 835 3296 1095 3353; x_wconf 68' lang='lat' dir='ltr'><strong>caelorum</strong></span> <span class='ocrx_word' id='word_1_481' title='bbox 1135 3312 1297 3375; x_wconf 71' lang='lat' dir='ltr'><strong>regna</strong></span> <span class='ocrx_word' id='word_1_482' title='bbox 1336 3297 1601 3367; x_wconf 90' lang='lat' dir='ltr'><strong>perducit.</strong></span> <span class='ocrx_word' id='word_1_483' title='bbox 1637 3298 1790 3356; x_wconf 88' lang='lat' dir='ltr'><strong>Unde</strong></span> <span class='ocrx_word' id='word_1_484' title='bbox 1815 3294 1861 3359; x_wconf 90' lang='lat' dir='ltr'><strong>C</strong></span> <span class='ocrx_word' id='word_1_485' title='bbox 1895 3306 2138 3363; x_wconf 89' lang='lat' dir='ltr'><strong>doctrina</strong></span> <span class='ocrx_word' id='word_1_486' title='bbox 2171 3313 2398 3361; x_wconf 87' lang='lat' dir='ltr'><strong>testatur</strong></span> <span class='ocrx_word' id='word_1_487' title='bbox 2430 3304 2635 3365; x_wconf 7' lang='lat' dir='ltr'><strong>:jTerra</strong></span> <span class='ocrx_word' id='word_1_488' title='bbox 2657 3295 2799 3359; x_wconf 79' lang='lat' dir='ltr'><strong>mota</strong></span> <span class='ocrx_word' id='word_1_489' title='bbox 2830 3313 2926 3371; x_wconf 89' lang='lat' dir='ltr'><strong>est,</strong></span> <span class='ocrx_word' id='word_1_490' title='bbox 2954 3313 3111 3375; x_wconf 79' lang='lat' dir='ltr'><strong>petra:</strong></span> <span class='ocrx_word' id='word_1_491' title='bbox 3154 3302 3327 3356; x_wconf 79' lang='lat' dir='ltr'><strong>scissa:</strong></span> <span class='ocrx_word' id='word_1_492' title='bbox 3366 3308 3485 3355; x_wconf 88' lang='lat' dir='ltr'><strong>sunt</strong></span> 
     </span>
    </p>
   </div>
   <div class='ocr_carea' id='block_1_64' title="bbox 204 3382 1787 3463">
    <p class='ocr_par' dir='ltr' id='par_1_64' title="bbox 204 3382 1787 3463">
     <span class='ocr_line' id='line_1_64' title="bbox 204 3382 1787 3463; baseline 0.009 -29"><span class='ocrx_word' id='word_1_493' title='bbox 204 3382 349 3437; x_wconf 85' lang='lat' dir='ltr'><strong>etiam</strong></span> <span class='ocrx_word' id='word_1_494' title='bbox 380 3389 681 3458; x_wconf 85' lang='lat' dir='ltr'><strong>Apostolus</strong></span> <span class='ocrx_word' id='word_1_495' title='bbox 708 3388 837 3444; x_wconf 89' lang='lat' dir='ltr'><strong>dicit</strong></span> <span class='ocrx_word' id='word_1_496' title='bbox 864 3408 877 3442; x_wconf 90' lang='lat'><strong>:</strong></span> <span class='ocrx_word' id='word_1_497' title='bbox 910 3389 1038 3455; x_wconf 80' lang='lat' dir='ltr'><strong>Quis</strong></span> <span class='ocrx_word' id='word_1_498' title='bbox 1064 3391 1201 3445; x_wconf 88' lang='lat' dir='ltr'><strong>enim</strong></span> <span class='ocrx_word' id='word_1_499' title='bbox 1231 3401 1277 3445; x_wconf 91' lang='lat' dir='ltr'><strong>te</strong></span> <span class='ocrx_word' id='word_1_500' title='bbox 1307 3390 1551 3445; x_wconf 85' lang='lat' dir='ltr'><strong>discernit</strong></span> <span class='ocrx_word' id='word_1_501' title='bbox 1580 3391 1629 3463; x_wconf 82' lang='lat' dir='ltr'><strong>(l</strong></span> <span class='ocrx_word' id='word_1_502' title='bbox 1663 3389 1787 3450; x_wconf 87' lang='lat' dir='ltr'><strong>Cor.</strong></span> 
     </span>
    </p>
   </div>
   <div class='ocr_carea' id='block_1_65' title="bbox 205 3477 386 3549">
    <p class='ocr_par' dir='ltr' id='par_1_65' title="bbox 205 3477 386 3549">
     <span class='ocr_line' id='line_1_65' title="bbox 205 3477 386 3549; baseline 0.028 -23"><span class='ocrx_word' id='word_1_503' title='bbox 205 3487 269 3541; x_wconf 87' lang='lat' dir='ltr'><strong>tv,</strong></span> <span class='ocrx_word' id='word_1_504' title='bbox 295 3477 386 3549; x_wconf 85' lang='lat'><strong>7)?</strong></span> 
     </span>
    </p>
   </div>
   <div class='ocr_carea' id='block_1_66' title="bbox 271 3568 1790 3651">
    <p class='ocr_par' dir='ltr' id='par_1_66' title="bbox 271 3568 1790 3651">
     <span class='ocr_line' id='line_1_66' title="bbox 271 3568 1790 3651; baseline 0.008 -28"><span class='ocrx_word' id='word_1_505' title='bbox 271 3568 417 3629; x_wconf 90' lang='lat' dir='ltr'><strong>Vers.</strong></span> <span class='ocrx_word' id='word_1_506' title='bbox 456 3574 522 3631; x_wconf 77' lang='lat'><strong>2.</strong></span> <span class='ocrx_word' id='word_1_507' title='bbox 567 3574 839 3646; x_wconf 86' lang='lat' dir='ltr'><strong>Quousque</strong></span> <span class='ocrx_word' id='word_1_508' title='bbox 868 3576 1123 3649; x_wconf 86' lang='lat' dir='ltr'><strong>judicatis</strong></span> <span class='ocrx_word' id='word_1_509' title='bbox 1165 3576 1518 3648; x_wconf 86' lang='lat' dir='ltr'><strong>iniquitatem,</strong></span> <span class='ocrx_word' id='word_1_510' title='bbox 1559 3588 1607 3633; x_wconf 90' lang='lat' dir='ltr'><strong>et</strong></span> <span class='ocrx_word' id='word_1_511' title='bbox 1633 3580 1790 3651; x_wconf 81' lang='lat' dir='ltr'><strong>facies</strong></span> 
     </span>
    </p>
   </div>
   <div class='ocr_carea' id='block_1_67' title="bbox 203 3667 1783 3741">
    <p class='ocr_par' dir='ltr' id='par_1_67' title="bbox 203 3667 1783 3741">
     <span class='ocr_line' id='line_1_67' title="bbox 203 3667 1783 3741; baseline 0.009 -28"><span class='ocrx_word' id='word_1_512' title='bbox 203 3668 512 3726; x_wconf 87' lang='lat' dir='ltr'><strong>peccantium</strong></span> <span class='ocrx_word' id='word_1_513' title='bbox 558 3667 683 3741; x_wconf 91' lang='lat' dir='ltr'><strong>[ms.</strong></span> <span class='ocrx_word' id='word_1_514' title='bbox 712 3671 805 3737; x_wconf 85' lang='lat' dir='ltr'><strong>A.,</strong></span> <span class='ocrx_word' id='word_1_515' title='bbox 840 3667 1182 3741; x_wconf 85' lang='lat' dir='ltr'><strong>peccatorum]</strong></span> <span class='ocrx_word' id='word_1_516' title='bbox 1230 3671 1475 3725; x_wconf 80' lang='lat' dir='ltr'><strong>sumitis?</strong></span> <span class='ocrx_word' id='word_1_517' title='bbox 1524 3670 1783 3741; x_wconf 88' lang='lat' dir='ltr'><strong>Dicendo,</strong></span> 
     </span>
    </p>
   </div>
   <div class='ocr_carea' id='block_1_68' title="bbox 205 3750 1789 3835">
    <p class='ocr_par' dir='ltr' id='par_1_68' title="bbox 205 3750 1789 3835">
     <span class='ocr_line' id='line_1_68' title="bbox 205 3750 1789 3835; baseline 0.008 -28"><span class='ocrx_word' id='word_1_518' title='bbox 205 3750 509 3829; x_wconf 82' lang='lat' dir='ltr'><strong>Quousque,</strong></span> <span class='ocrx_word' id='word_1_519' title='bbox 568 3775 788 3830; x_wconf 89' lang='lat' dir='ltr'><strong>pravam</strong></span> <span class='ocrx_word' id='word_1_520' title='bbox 842 3762 1282 3818; x_wconf 91' lang='lat' dir='ltr'><strong>consuetudinem</strong></span> <span class='ocrx_word' id='word_1_521' title='bbox 1335 3760 1482 3833; x_wconf 83' lang='lat' dir='ltr'><strong>longi</strong></span> <span class='ocrx_word' id='word_1_522' title='bbox 1530 3764 1789 3835; x_wconf 89' lang='lat' dir='ltr'><strong>temporis</strong></span> 
     </span>
    </p>
   </div>
   <div class='ocr_carea' id='block_1_69' title="bbox 202 3851 1788 3926">
    <p class='ocr_par' dir='ltr' id='par_1_69' title="bbox 202 3851 1788 3926">
     <span class='ocr_line' id='line_1_69' title="bbox 202 3851 1788 3926; baseline 0.008 -27"><span class='ocrx_word' id='word_1_523' title='bbox 202 3853 480 3908; x_wconf 85' lang='lat' dir='ltr'><strong>accusavit.</strong></span> <span class='ocrx_word' id='word_1_524' title='bbox 520 3851 797 3924; x_wconf 84' lang='lat' dir='ltr'><strong>Susceptae</strong></span> <span class='ocrx_word' id='word_1_525' title='bbox 826 3854 1088 3925; x_wconf 91' lang='lat' dir='ltr'><strong>siquidem</strong></span> <span class='ocrx_word' id='word_1_526' title='bbox 1124 3854 1227 3926; x_wconf 82' lang='lat' dir='ltr'><strong>legi</strong></span> <span class='ocrx_word' id='word_1_527' title='bbox 1259 3854 1545 3910; x_wconf 88' lang='lat' dir='ltr'><strong>durissime</strong></span> <span class='ocrx_word' id='word_1_528' title='bbox 1574 3856 1788 3911; x_wconf 78' lang='lat' dir='ltr'><strong>restite-</strong></span> 
     </span>
    </p>
   </div>
   <div class='ocr_carea' id='block_1_70' title="bbox 201 3948 1783 4019">
    <p class='ocr_par' dir='ltr' id='par_1_70' title="bbox 201 3948 1783 4019">
     <span class='ocr_line' id='line_1_70' title="bbox 201 3948 1783 4019; baseline 0.004 -23"><span class='ocrx_word' id='word_1_529' title='bbox 201 3952 347 4011; x_wconf 86' lang='lat' dir='ltr'><strong>runt;</strong></span> <span class='ocrx_word' id='word_1_530' title='bbox 394 3948 617 4004; x_wconf 90' lang='lat' dir='ltr'><strong>directis</strong></span> <span class='ocrx_word' id='word_1_531' title='bbox 645 3948 919 4019; x_wconf 90' lang='lat' dir='ltr'><strong>prophetis</strong></span> <span class='ocrx_word' id='word_1_532' title='bbox 942 3960 1144 4005; x_wconf 89' lang='lat' dir='ltr'><strong>mortes</strong></span> <span class='ocrx_word' id='word_1_533' title='bbox 1168 3948 1430 4019; x_wconf 83' lang='lat' dir='ltr'><strong>pessimas</strong></span> <span class='ocrx_word' id='word_1_534' title='bbox 1454 3948 1783 4017; x_wconf 87' lang='lat' dir='ltr'><strong>intulerunt;</strong></span> 
     </span>
    </p>
   </div>
   <div class='ocr_carea' id='block_1_71' title="bbox 200 4036 1788 4111">
    <p class='ocr_par' dir='ltr' id='par_1_71' title="bbox 200 4036 1788 4111">
     <span class='ocr_line' id='line_1_71' title="bbox 200 4036 1788 4111; baseline 0.006 -25"><span class='ocrx_word' id='word_1_535' title='bbox 200 4036 495 4095; x_wconf 85' lang='lat' dir='ltr'><strong>venientem</strong></span> <span class='ocrx_word' id='word_1_536' title='bbox 547 4039 644 4095; x_wconf 86' lang='lat' dir='ltr'><strong>Dei</strong></span> <span class='ocrx_word' id='word_1_537' title='bbox 692 4039 890 4095; x_wconf 90' lang='lat' dir='ltr'><strong>Filium</strong></span> <span class='ocrx_word' id='word_1_538' title='bbox 941 4039 1258 4111; x_wconf 86' lang='lat' dir='ltr'><strong>cruciﬁgere</strong></span> <span class='ocrx_word' id='word_1_539' title='bbox 1312 4054 1470 4109; x_wconf 89' lang='lat' dir='ltr'><strong>quam</strong></span> <span class='ocrx_word' id='word_1_540' title='bbox 1519 4038 1788 4095; x_wconf 86' lang='lat' dir='ltr'><strong>honorare</strong></span> 
     </span>
    </p>
   </div>
   <div class='ocr_carea' id='block_1_72' title="bbox 198 4125 1785 4201">
    <p class='ocr_par' dir='ltr' id='par_1_72' title="bbox 198 4125 1785 4201">
     <span class='ocr_line' id='line_1_72' title="bbox 198 4125 1785 4201; baseline 0.006 -22"><span class='ocrx_word' id='word_1_541' title='bbox 198 4125 531 4195; x_wconf 86' lang='lat' dir='ltr'><strong>maluerunt;</strong></span> <span class='ocrx_word' id='word_1_542' title='bbox 578 4140 636 4187; x_wconf 91' lang='lat' dir='ltr'><strong>ut</strong></span> <span class='ocrx_word' id='word_1_543' title='bbox 680 4133 872 4187; x_wconf 89' lang='lat' dir='ltr'><strong>merito</strong></span> <span class='ocrx_word' id='word_1_544' title='bbox 916 4133 989 4188; x_wconf 88' lang='lat' dir='ltr'><strong>sit</strong></span> <span class='ocrx_word' id='word_1_545' title='bbox 1034 4132 1280 4187; x_wconf 90' lang='lat' dir='ltr'><strong>dictum:</strong></span> <span class='ocrx_word' id='word_1_546' title='bbox 1314 4132 1611 4201; x_wconf 80' lang='lat' dir='ltr'><strong>Quousque,</strong></span> <span class='ocrx_word' id='word_1_547' title='bbox 1663 4145 1785 4189; x_wconf 89' lang='lat' dir='ltr'><strong>cum</strong></span> 
     </span>
    </p>
   </div>
   <div class='ocr_carea' id='block_1_73' title="bbox 198 4216 1782 4294">
    <p class='ocr_par' dir='ltr' id='par_1_73' title="bbox 198 4216 1782 4294">
     <span class='ocr_line' id='line_1_73' title="bbox 198 4216 1782 4294; baseline 0.008 -27"><span class='ocrx_word' id='word_1_548' title='bbox 198 4216 352 4272; x_wconf 87' lang='lat' dir='ltr'><strong>etiam</strong></span> <span class='ocrx_word' id='word_1_549' title='bbox 392 4231 444 4276; x_wconf 90' lang='lat' dir='ltr'><strong>et</strong></span> <span class='ocrx_word' id='word_1_550' title='bbox 482 4222 656 4292; x_wconf 91' lang='lat' dir='ltr'><strong>ipsum</strong></span> <span class='ocrx_word' id='word_1_551' title='bbox 687 4222 1023 4294; x_wconf 87' lang='lat' dir='ltr'><strong>Creatorem,</strong></span> <span class='ocrx_word' id='word_1_552' title='bbox 1058 4234 1311 4293; x_wconf 87' lang='lat' dir='ltr'><strong>quantum</strong></span> <span class='ocrx_word' id='word_1_553' title='bbox 1352 4223 1417 4277; x_wconf 90' lang='lat' dir='ltr'><strong>ad</strong></span> <span class='ocrx_word' id='word_1_554' title='bbox 1452 4223 1782 4280; x_wconf 88' lang='lat' dir='ltr'><strong>voluntatem</strong></span> 
     </span>
    </p>
   </div>
   <div class='ocr_carea' id='block_1_74' title="bbox 199 4313 1783 4381">
    <p class='ocr_par' dir='ltr' id='par_1_74' title="bbox 199 4313 1783 4381">
     <span class='ocr_line' id='line_1_74' title="bbox 199 4313 1783 4381; baseline 0.007 -20"><span class='ocrx_word' id='word_1_555' title='bbox 199 4318 375 4365; x_wconf 89' lang='lat' dir='ltr'><strong>eorum</strong></span> <span class='ocrx_word' id='word_1_556' title='bbox 405 4315 621 4381; x_wconf 88' lang='lat' dir='ltr'><strong>attinet,</strong></span> <span class='ocrx_word' id='word_1_557' title='bbox 650 4315 953 4372; x_wconf 88' lang='lat' dir='ltr'><strong>interﬁcere</strong></span> <span class='ocrx_word' id='word_1_558' title='bbox 983 4316 1365 4372; x_wconf 89' lang='lat' dir='ltr'><strong>decrevissent.</strong></span> <span class='ocrx_word' id='word_1_559' title='bbox 1388 4313 1575 4369; x_wconf 85' lang='lat' dir='ltr'><strong>Facies</strong></span> <span class='ocrx_word' id='word_1_560' title='bbox 1603 4323 1783 4372; x_wconf 90' lang='lat' dir='ltr'><strong>autem</strong></span> 
     </span>
    </p>
   </div>
   <div class='ocr_carea' id='block_1_75' title="bbox 198 4403 1782 4480">
    <p class='ocr_par' dir='ltr' id='par_1_75' title="bbox 198 4403 1782 4480">
     <span class='ocr_line' id='line_1_75' title="bbox 198 4403 1782 4480; baseline 0.006 -27"><span class='ocrx_word' id='word_1_561' title='bbox 198 4403 384 4460; x_wconf 82' lang='lat' dir='ltr'><strong>sumitis</strong></span> <span class='ocrx_word' id='word_1_562' title='bbox 414 4409 740 4480; x_wconf 87' lang='lat' dir='ltr'><strong>peccantium</strong></span> <span class='ocrx_word' id='word_1_563' title='bbox 769 4409 969 4465; x_wconf 89' lang='lat' dir='ltr'><strong>dictum</strong></span> <span class='ocrx_word' id='word_1_564' title='bbox 1001 4417 1103 4477; x_wconf 88' lang='lat' dir='ltr'><strong>est,</strong></span> <span class='ocrx_word' id='word_1_565' title='bbox 1137 4415 1355 4479; x_wconf 87' lang='lat' dir='ltr'><strong>propter</strong></span> <span class='ocrx_word' id='word_1_566' title='bbox 1392 4421 1487 4464; x_wconf 88' lang='lat' dir='ltr'><strong>eos</strong></span> <span class='ocrx_word' id='word_1_567' title='bbox 1517 4406 1605 4478; x_wconf 91' lang='lat' dir='ltr'><strong>qui</strong></span> <span class='ocrx_word' id='word_1_568' title='bbox 1635 4421 1694 4463; x_wconf 90' lang='lat' dir='ltr'><strong>se</strong></span> <span class='ocrx_word' id='word_1_569' title='bbox 1724 4407 1782 4463; x_wconf 90' lang='lat' dir='ltr'><strong>in</strong></span> 
     </span>
    </p>
   </div>
   <div class='ocr_carea' id='block_1_76' title="bbox 198 4492 1781 4567">
    <p class='ocr_par' dir='ltr' id='par_1_76' title="bbox 198 4492 1781 4567">
     <span class='ocr_line' id='line_1_76' title="bbox 198 4492 1781 4567; baseline 0.005 -19"><span class='ocrx_word' id='word_1_570' title='bbox 198 4492 282 4551; x_wconf 91' lang='lat' dir='ltr'><strong>illa</strong></span> <span class='ocrx_word' id='word_1_571' title='bbox 308 4500 578 4557; x_wconf 87' lang='lat' dir='ltr'><strong>seditione</strong></span> <span class='ocrx_word' id='word_1_572' title='bbox 606 4501 970 4557; x_wconf 81' lang='lat' dir='ltr'><strong>cruciﬁxionis</strong></span> <span class='ocrx_word' id='word_1_573' title='bbox 1001 4502 1314 4557; x_wconf 89' lang='lat' dir='ltr'><strong>discernere</strong></span> <span class='ocrx_word' id='word_1_574' title='bbox 1341 4500 1658 4567; x_wconf 90' lang='lat' dir='ltr'><strong>noluerunt;</strong></span> <span class='ocrx_word' id='word_1_575' title='bbox 1684 4499 1781 4556; x_wconf 87' lang='lat' dir='ltr'><strong>sed</strong></span> 
     </span>
    </p>
   </div>
   <div class='ocr_carea' id='block_1_77' title="bbox 199 4593 1777 4665">
    <p class='ocr_par' dir='ltr' id='par_1_77' title="bbox 199 4593 1777 4665">
     <span class='ocr_line' id='line_1_77' title="bbox 199 4593 1777 4665; baseline 0.004 -22"><span class='ocrx_word' id='word_1_576' title='bbox 199 4602 312 4646; x_wconf 91' lang='lat' dir='ltr'><strong>cum</strong></span> <span class='ocrx_word' id='word_1_577' title='bbox 341 4593 646 4651; x_wconf 88' lang='lat' dir='ltr'><strong>furentibus</strong></span> <span class='ocrx_word' id='word_1_578' title='bbox 677 4596 975 4665; x_wconf 78' lang='lat' dir='ltr'><strong>furuerunt,</strong></span> <span class='ocrx_word' id='word_1_579' title='bbox 1008 4609 1127 4651; x_wconf 91' lang='lat' dir='ltr'><strong>cum</strong></span> <span class='ocrx_word' id='word_1_580' title='bbox 1158 4594 1550 4650; x_wconf 82' lang='lat' dir='ltr'><strong>insanientibus</strong></span> <span class='ocrx_word' id='word_1_581' title='bbox 1579 4594 1777 4649; x_wconf 83' lang='lat' dir='ltr'><strong>clama-</strong></span> 
     </span>
    </p>
   </div>
   <div class='ocr_carea' id='block_1_78' title="bbox 1894 3394 3483 3470">
    <p class='ocr_par' dir='ltr' id='par_1_78' title="bbox 1894 3394 3483 3470">
     <span class='ocr_line' id='line_1_78' title="bbox 1894 3394 3483 3470; baseline -0.004 -18"><span class='ocrx_word' id='word_1_582' title='bbox 1894 3396 2106 3470; x_wconf 80' lang='lat' dir='ltr'><strong>(Mattlt.</strong></span> <span class='ocrx_word' id='word_1_583' title='bbox 2142 3413 2313 3463; x_wconf 81' lang='lat' dir='ltr'><strong>xxvn,</strong></span> <span class='ocrx_word' id='word_1_584' title='bbox 2340 3395 2455 3469; x_wconf 80' lang='lat' dir='ltr'><strong>5i),</strong></span> <span class='ocrx_word' id='word_1_585' title='bbox 2485 3406 2539 3452; x_wconf 91' lang='lat' dir='ltr'><strong>et</strong></span> <span class='ocrx_word' id='word_1_586' title='bbox 2565 3396 2794 3467; x_wconf 85' lang='lat' dir='ltr'><strong>reliqua.</strong></span> <span class='ocrx_word' id='word_1_587' title='bbox 2823 3395 2936 3450; x_wconf 80' lang='lat' dir='ltr'><strong>Hoc</strong></span> <span class='ocrx_word' id='word_1_588' title='bbox 2960 3394 3106 3451; x_wconf 89' lang='lat' dir='ltr'><strong>enim</strong></span> <span class='ocrx_word' id='word_1_589' title='bbox 3134 3395 3181 3449; x_wconf 89' lang='lat' dir='ltr'><strong>si</strong></span> <span class='ocrx_word' id='word_1_590' title='bbox 3213 3394 3264 3447; x_wconf 92' lang='lat' dir='ltr'><strong>in</strong></span> <span class='ocrx_word' id='word_1_591' title='bbox 3294 3404 3483 3447; x_wconf 82' lang='lat' dir='ltr'><strong>causas</strong></span> 
     </span>
    </p>
   </div>
   <div class='ocr_carea' id='block_1_79' title="bbox 1890 3486 3483 3559">
    <p class='ocr_par' dir='ltr' id='par_1_79' title="bbox 1890 3486 3483 3559">
     <span class='ocr_line' id='line_1_79' title="bbox 1890 3486 3483 3559; baseline -0.003 -14"><span class='ocrx_word' id='word_1_592' title='bbox 1890 3491 2024 3545; x_wconf 88' lang='lat' dir='ltr'><strong>alias</strong></span> <span class='ocrx_word' id='word_1_593' title='bbox 2052 3493 2394 3554; x_wconf 85' lang='lat' dir='ltr'><strong>tranferatur,</strong></span> <span class='ocrx_word' id='word_1_594' title='bbox 2428 3488 2571 3543; x_wconf 89' lang='lat' dir='ltr'><strong>sicut</strong></span> <span class='ocrx_word' id='word_1_595' title='bbox 2596 3489 2789 3559; x_wconf 89' lang='lat' dir='ltr'><strong>perﬁdi</strong></span> <span class='ocrx_word' id='word_1_596' title='bbox 2809 3487 2979 3544; x_wconf 72' lang='lat' dir='ltr'><strong>Judaei</strong></span> <span class='ocrx_word' id='word_1_597' title='bbox 3009 3486 3217 3553; x_wconf 90' lang='lat' dir='ltr'><strong>volunt,</strong></span> <span class='ocrx_word' id='word_1_598' title='bbox 3250 3486 3483 3541; x_wconf 85' lang='lat' dir='ltr'><strong>nullate-</strong></span> 
     </span>
    </p>
   </div>
   <div class='ocr_carea' id='block_1_80' title="bbox 1890 3579 3483 3651">
    <p class='ocr_par' dir='ltr' id='par_1_80' title="bbox 1890 3579 3483 3651">
     <span class='ocr_line' id='line_1_80' title="bbox 1890 3579 3483 3651; baseline -0.001 -15"><span class='ocrx_word' id='word_1_599' title='bbox 1890 3596 1993 3637; x_wconf 90' lang='lat' dir='ltr'><strong>nus</strong></span> <span class='ocrx_word' id='word_1_600' title='bbox 2040 3581 2235 3651; x_wconf 88' lang='lat' dir='ltr'><strong>poterit</strong></span> <span class='ocrx_word' id='word_1_601' title='bbox 2280 3580 2588 3638; x_wconf 86' lang='lat' dir='ltr'><strong>convenire.</strong></span> <span class='ocrx_word' id='word_1_602' title='bbox 2640 3579 2801 3636; x_wconf 86' lang='lat' dir='ltr'><strong>Terra</strong></span> <span class='ocrx_word' id='word_1_603' title='bbox 2845 3595 2978 3636; x_wconf 89' lang='lat' dir='ltr'><strong>vero</strong></span> <span class='ocrx_word' id='word_1_604' title='bbox 3020 3589 3163 3635; x_wconf 91' lang='lat' dir='ltr'><strong>mota</strong></span> <span class='ocrx_word' id='word_1_605' title='bbox 3210 3587 3386 3648; x_wconf 87' lang='lat' dir='ltr'><strong>potest</strong></span> <span class='ocrx_word' id='word_1_606' title='bbox 3425 3588 3483 3637; x_wconf 86' lang='lat' dir='ltr'><strong>et</strong></span> 
     </span>
    </p>
   </div>
   <div class='ocr_carea' id='block_1_81' title="bbox 1889 3669 3485 3745">
    <p class='ocr_par' dir='ltr' id='par_1_81' title="bbox 1889 3669 3485 3745">
     <span class='ocr_line' id='line_1_81' title="bbox 1889 3669 3485 3745; baseline -0.005 -15"><span class='ocrx_word' id='word_1_607' title='bbox 1889 3675 2245 3745; x_wconf 86' lang='lat' dir='ltr'><strong>spiritualiter</strong></span> <span class='ocrx_word' id='word_1_608' title='bbox 2272 3674 2444 3744; x_wconf 85' lang='lat' dir='ltr'><strong>accipi</strong></span> <span class='ocrx_word' id='word_1_609' title='bbox 2478 3689 2493 3727; x_wconf 91' lang='lat'><strong>:</strong></span> <span class='ocrx_word' id='word_1_610' title='bbox 2527 3672 2653 3743; x_wconf 88' lang='lat' dir='ltr'><strong>quia</strong></span> <span class='ocrx_word' id='word_1_611' title='bbox 2694 3672 2789 3728; x_wconf 91' lang='lat' dir='ltr'><strong>illo</strong></span> <span class='ocrx_word' id='word_1_612' title='bbox 2829 3682 3069 3743; x_wconf 90' lang='lat' dir='ltr'><strong>tempore</strong></span> <span class='ocrx_word' id='word_1_613' title='bbox 3107 3669 3261 3726; x_wconf 89' lang='lat' dir='ltr'><strong>multi</strong></span> <span class='ocrx_word' id='word_1_614' title='bbox 3295 3682 3485 3739; x_wconf 82' lang='lat' dir='ltr'><strong>pecca-</strong></span> 
     </span>
    </p>
   </div>
   <div class='ocr_carea' id='block_1_82' title="bbox 1889 3761 3482 3835">
    <p class='ocr_par' dir='ltr' id='par_1_82' title="bbox 1889 3761 3482 3835">
     <span class='ocr_line' id='line_1_82' title="bbox 1889 3761 3482 3835; baseline -0.003 -12"><span class='ocrx_word' id='word_1_615' title='bbox 1889 3775 2057 3835; x_wconf 90' lang='lat' dir='ltr'><strong>tores,</strong></span> <span class='ocrx_word' id='word_1_616' title='bbox 2110 3768 2164 3822; x_wconf 89' lang='lat' dir='ltr'><strong>id</strong></span> <span class='ocrx_word' id='word_1_617' title='bbox 2203 3776 2288 3824; x_wconf 88' lang='lat' dir='ltr'><strong>est</strong></span> <span class='ocrx_word' id='word_1_618' title='bbox 2331 3766 2534 3823; x_wconf 86' lang='lat' dir='ltr'><strong>terreni</strong></span> <span class='ocrx_word' id='word_1_619' title='bbox 2579 3765 2826 3822; x_wconf 89' lang='lat' dir='ltr'><strong>homines</strong></span> <span class='ocrx_word' id='word_1_620' title='bbox 2873 3767 2987 3821; x_wconf 92' lang='lat' dir='ltr'><strong>viso</strong></span> <span class='ocrx_word' id='word_1_621' title='bbox 3027 3772 3178 3820; x_wconf 87' lang='lat' dir='ltr'><strong>tanto</strong></span> <span class='ocrx_word' id='word_1_622' title='bbox 3222 3761 3482 3819; x_wconf 88' lang='lat' dir='ltr'><strong>miraculo</strong></span> 
     </span>
    </p>
   </div>
   <div class='ocr_carea' id='block_1_83' title="bbox 1888 3856 3481 3931">
    <p class='ocr_par' dir='ltr' id='par_1_83' title="bbox 1888 3856 3481 3931">
     <span class='ocr_line' id='line_1_83' title="bbox 1888 3856 3481 3931; baseline -0.005 -13"><span class='ocrx_word' id='word_1_623' title='bbox 1888 3862 2255 3929; x_wconf 89' lang='lat' dir='ltr'><strong>crediderunt,</strong></span> <span class='ocrx_word' id='word_1_624' title='bbox 2286 3876 2352 3916; x_wconf 80' lang='lat' dir='ltr'><strong>ex</strong></span> <span class='ocrx_word' id='word_1_625' title='bbox 2383 3860 2576 3931; x_wconf 88' lang='lat' dir='ltr'><strong>quibus</strong></span> <span class='ocrx_word' id='word_1_626' title='bbox 2604 3858 2863 3915; x_wconf 88' lang='lat' dir='ltr'><strong>Centurio</strong></span> <span class='ocrx_word' id='word_1_627' title='bbox 2894 3856 3220 3913; x_wconf 83' lang='lat' dir='ltr'><strong>exclamavit</strong></span> <span class='ocrx_word' id='word_1_628' title='bbox 3255 3856 3481 3911; x_wconf 87' lang='lat' dir='ltr'><strong>dicens:</strong></span> 
     </span>
    </p>
   </div>
   <div class='ocr_carea' id='block_1_84' title="bbox 1895 3949 3025 4022">
    <p class='ocr_par' dir='ltr' id='par_1_84' title="bbox 1895 3949 3025 4022">
     <span class='ocr_line' id='line_1_84' title="bbox 1895 3949 3025 4022; baseline -0.008 -11"><span class='ocrx_word' id='word_1_629' title='bbox 1895 3955 2026 4012; x_wconf 83' lang='lat' dir='ltr'><strong>Vere</strong></span> <span class='ocrx_word' id='word_1_630' title='bbox 2056 3956 2223 4011; x_wconf 83' lang='lat' dir='ltr'><strong>Filius</strong></span> <span class='ocrx_word' id='word_1_631' title='bbox 2251 3954 2345 4009; x_wconf 89' lang='lat' dir='ltr'><strong>Dei</strong></span> <span class='ocrx_word' id='word_1_632' title='bbox 2373 3962 2483 4008; x_wconf 91' lang='lat' dir='ltr'><strong>erat</strong></span> <span class='ocrx_word' id='word_1_633' title='bbox 2514 3956 2608 4008; x_wconf 91' lang='lat' dir='ltr'><strong>iste</strong></span> <span class='ocrx_word' id='word_1_634' title='bbox 2636 3951 2686 4022; x_wconf 86' lang='grc'><strong>(1</strong></span> <span class='ocrx_word' id='word_1_635' title='bbox 2695 3951 2882 4018; x_wconf 81' lang='lat' dir='ltr'><strong>bidem,</strong></span> <span class='ocrx_word' id='word_1_636' title='bbox 2910 3949 3025 4018; x_wconf 75' lang='grc'>54).</span> 
     </span>
    </p>
   </div>
   <div class='ocr_carea' id='block_1_85' title="bbox 1965 4038 3483 4117">
    <p class='ocr_par' dir='ltr' id='par_1_85' title="bbox 1965 4038 3483 4117">
     <span class='ocr_line' id='line_1_85' title="bbox 1965 4038 3483 4117; baseline -0.004 -14"><span class='ocrx_word' id='word_1_637' title='bbox 1965 4049 2115 4103; x_wconf 91' lang='lat' dir='ltr'><strong>Vers.</strong></span> <span class='ocrx_word' id='word_1_638' title='bbox 2149 4048 2201 4103; x_wconf 87' lang='lat'><strong>6.</strong></span> <span class='ocrx_word' id='word_1_639' title='bbox 2234 4046 2347 4117; x_wconf 84' lang='lat' dir='ltr'><strong>Ego</strong></span> <span class='ocrx_word' id='word_1_640' title='bbox 2378 4045 2489 4100; x_wconf 72' lang='lat' dir='ltr'><strong>dixi</strong></span> <span class='ocrx_word' id='word_1_641' title='bbox 2519 4060 2540 4099; x_wconf 90' lang='lat'><strong><em>:</em></strong></span> <span class='ocrx_word' id='word_1_642' title='bbox 2572 4043 2658 4097; x_wconf 88' lang='lat' dir='ltr'><strong>Dii</strong></span> <span class='ocrx_word' id='word_1_643' title='bbox 2683 4044 2821 4108; x_wconf 87' lang='lat' dir='ltr'><strong>estis,</strong></span> <span class='ocrx_word' id='word_1_644' title='bbox 2853 4051 2899 4096; x_wconf 92' lang='lat' dir='ltr'><strong>et</strong></span> <span class='ocrx_word' id='word_1_645' title='bbox 2927 4041 3025 4111; x_wconf 78' lang='lat' dir='ltr'><strong>ﬁlii</strong></span> <span class='ocrx_word' id='word_1_646' title='bbox 3046 4038 3255 4095; x_wconf 70' lang='lat' dir='ltr'><strong>Euelsi</strong></span> <span class='ocrx_word' id='word_1_647' title='bbox 3275 4055 3483 4097; x_wconf 89' lang='lat' dir='ltr'><strong>omnes.</strong></span> 
     </span>
    </p>
   </div>
   <div class='ocr_carea' id='block_1_86' title="bbox 1888 4131 3482 4205">
    <p class='ocr_par' dir='ltr' id='par_1_86' title="bbox 1888 4131 3482 4205">
     <span class='ocr_line' id='line_1_86' title="bbox 1888 4131 3482 4205; baseline -0.004 -11"><span class='ocrx_word' id='word_1_648' title='bbox 1888 4138 2048 4194; x_wconf 88' lang='lat' dir='ltr'><strong>Venit</strong></span> <span class='ocrx_word' id='word_1_649' title='bbox 2090 4138 2156 4192; x_wconf 90' lang='lat' dir='ltr'><strong>ad</strong></span> <span class='ocrx_word' id='word_1_650' title='bbox 2206 4137 2415 4193; x_wconf 89' lang='lat' dir='ltr'><strong>tertiam</strong></span> <span class='ocrx_word' id='word_1_651' title='bbox 2467 4142 2707 4205; x_wconf 86' lang='lat' dir='ltr'><strong>partem,</strong></span> <span class='ocrx_word' id='word_1_652' title='bbox 2757 4134 2824 4189; x_wconf 90' lang='lat' dir='ltr'><strong>ad</strong></span> <span class='ocrx_word' id='word_1_653' title='bbox 2873 4132 3148 4203; x_wconf 90' lang='lat' dir='ltr'><strong>apostolos</strong></span> <span class='ocrx_word' id='word_1_654' title='bbox 3211 4139 3265 4187; x_wconf 90' lang='lat' dir='ltr'><strong>et</strong></span> <span class='ocrx_word' id='word_1_655' title='bbox 3307 4131 3482 4201; x_wconf 86' lang='lat' dir='ltr'><strong>justas</strong></span> 
     </span>
    </p>
   </div>
   <div class='ocr_carea' id='block_1_87' title="bbox 1888 4221 3484 4300">
    <p class='ocr_par' dir='ltr' id='par_1_87' title="bbox 1888 4221 3484 4300">
     <span class='ocr_line' id='line_1_87' title="bbox 1888 4221 3484 4300; baseline -0.004 -14"><span class='ocrx_word' id='word_1_656' title='bbox 1888 4231 2124 4300; x_wconf 90' lang='lat' dir='ltr'><strong>reliquos</strong></span> <span class='ocrx_word' id='word_1_657' title='bbox 2177 4229 2345 4285; x_wconf 83' lang='lat' dir='ltr'><strong>verba</strong></span> <span class='ocrx_word' id='word_1_658' title='bbox 2393 4235 2738 4283; x_wconf 89' lang='lat' dir='ltr'><strong>convertens.</strong></span> <span class='ocrx_word' id='word_1_659' title='bbox 2803 4225 2915 4280; x_wconf 91' lang='lat' dir='ltr'><strong>lloc</strong></span> <span class='ocrx_word' id='word_1_660' title='bbox 2970 4224 3113 4278; x_wconf 86' lang='lat' dir='ltr'><strong>enim</strong></span> <span class='ocrx_word' id='word_1_661' title='bbox 3165 4221 3484 4279; x_wconf 87' lang='lat' dir='ltr'><strong>honorabile</strong></span> 
     </span>
    </p>
   </div>
   <div class='ocr_carea' id='block_1_88' title="bbox 1889 4312 3483 4385">
    <p class='ocr_par' dir='ltr' id='par_1_88' title="bbox 1889 4312 3483 4385">
     <span class='ocr_line' id='line_1_88' title="bbox 1889 4312 3483 4385; baseline -0.006 -7"><span class='ocrx_word' id='word_1_662' title='bbox 1889 4336 2088 4378; x_wconf 89' lang='lat' dir='ltr'><strong>nomen</strong></span> <span class='ocrx_word' id='word_1_663' title='bbox 2139 4320 2269 4374; x_wconf 90' lang='lat' dir='ltr'><strong>solis</strong></span> <span class='ocrx_word' id='word_1_664' title='bbox 2326 4317 2570 4374; x_wconf 86' lang='lat' dir='ltr'><strong>ﬁdelibus</strong></span> <span class='ocrx_word' id='word_1_665' title='bbox 2622 4316 2810 4384; x_wconf 90' lang='lat' dir='ltr'><strong>datur,</strong></span> <span class='ocrx_word' id='word_1_666' title='bbox 2870 4313 2939 4370; x_wconf 87' lang='lat' dir='ltr'><strong>de</strong></span> <span class='ocrx_word' id='word_1_667' title='bbox 2988 4312 3183 4385; x_wconf 90' lang='lat' dir='ltr'><strong>quibus</strong></span> <span class='ocrx_word' id='word_1_668' title='bbox 3235 4312 3483 4383; x_wconf 86' lang='lat' dir='ltr'><strong>superius</strong></span> 
     </span>
    </p>
   </div>
   <div class='ocr_carea' id='block_1_89' title="bbox 1886 4405 3482 4481">
    <p class='ocr_par' dir='ltr' id='par_1_89' title="bbox 1886 4405 3482 4481">
     <span class='ocr_line' id='line_1_89' title="bbox 1886 4405 3482 4481; baseline -0.005 -13"><span class='ocrx_word' id='word_1_669' title='bbox 1886 4414 2020 4470; x_wconf 79' lang='lat' dir='ltr'><strong>dixit</strong></span> <span class='ocrx_word' id='word_1_670' title='bbox 2051 4431 2064 4468; x_wconf 89' lang='lat'><strong>:</strong></span> <span class='ocrx_word' id='word_1_671' title='bbox 2098 4412 2233 4468; x_wconf 88' lang='lat' dir='ltr'><strong>Deus</strong></span> <span class='ocrx_word' id='word_1_672' title='bbox 2261 4411 2397 4467; x_wconf 63' lang='lat' dir='ltr'><strong>stetit</strong></span> <span class='ocrx_word' id='word_1_673' title='bbox 2436 4411 2489 4464; x_wconf 89' lang='lat' dir='ltr'><strong>in</strong></span> <span class='ocrx_word' id='word_1_674' title='bbox 2518 4423 2776 4481; x_wconf 85' lang='lat' dir='ltr'><strong>synagoga</strong></span> <span class='ocrx_word' id='word_1_675' title='bbox 2815 4407 3047 4462; x_wconf 88' lang='lat' dir='ltr'><strong>deorum.</strong></span> <span class='ocrx_word' id='word_1_676' title='bbox 3094 4405 3482 4461; x_wconf 86' lang='lat' dir='ltr'><strong>Promissiones</strong></span> 
     </span>
    </p>
   </div>
   <div class='ocr_carea' id='block_1_90' title="bbox 1886 4496 3481 4578">
    <p class='ocr_par' dir='ltr' id='par_1_90' title="bbox 1886 4496 3481 4578">
     <span class='ocr_line' id='line_1_90' title="bbox 1886 4496 3481 4578; baseline -0.009 -14"><span class='ocrx_word' id='word_1_677' title='bbox 1886 4521 2013 4578; x_wconf 88' lang='lat' dir='ltr'><strong>ergo</strong></span> <span class='ocrx_word' id='word_1_678' title='bbox 2043 4506 2174 4562; x_wconf 89' lang='lat' dir='ltr'><strong>tales</strong></span> <span class='ocrx_word' id='word_1_679' title='bbox 2197 4512 2545 4574; x_wconf 88' lang='lat' dir='ltr'><strong>acceperant,</strong></span> <span class='ocrx_word' id='word_1_680' title='bbox 2569 4511 2625 4557; x_wconf 89' lang='lat' dir='ltr'><strong>ut</strong></span> <span class='ocrx_word' id='word_1_681' title='bbox 2652 4501 2696 4557; x_wconf 90' lang='lat' dir='ltr'><strong>si</strong></span> <span class='ocrx_word' id='word_1_682' title='bbox 2725 4498 2971 4556; x_wconf 83' lang='lat' dir='ltr'><strong>mandata</strong></span> <span class='ocrx_word' id='word_1_683' title='bbox 3000 4497 3211 4553; x_wconf 89' lang='lat' dir='ltr'><strong>Domini</strong></span> <span class='ocrx_word' id='word_1_684' title='bbox 3240 4496 3481 4551; x_wconf 87' lang='lat' dir='ltr'><strong>custodi-</strong></span> 
     </span>
    </p>
   </div>
   <div class='ocr_carea' id='block_1_91' title="bbox 1886 4588 3481 4670">
    <p class='ocr_par' dir='ltr' id='par_1_91' title="bbox 1886 4588 3481 4670">
     <span class='ocr_line' id='line_1_91' title="bbox 1886 4588 3481 4670; baseline -0.007 -15"><span class='ocrx_word' id='word_1_685' title='bbox 1886 4610 2025 4667; x_wconf 87' lang='lat' dir='ltr'><strong>rent,</strong></span> <span class='ocrx_word' id='word_1_686' title='bbox 2043 4600 2141 4670; x_wconf 81' lang='lat' dir='ltr'><strong>ﬁlii</strong></span> <span class='ocrx_word' id='word_1_687' title='bbox 2169 4605 2483 4654; x_wconf 88' lang='lat' dir='ltr'><strong>vocarentur</strong></span> <span class='ocrx_word' id='word_1_688' title='bbox 2508 4594 2735 4660; x_wconf 71' lang='lat' dir='ltr'><strong>Excelsi,</strong></span> <span class='ocrx_word' id='word_1_689' title='bbox 2757 4608 2853 4663; x_wconf 90' lang='lat' dir='ltr'><strong>per</strong></span> <span class='ocrx_word' id='word_1_690' title='bbox 2874 4589 3103 4662; x_wconf 82' lang='lat' dir='ltr'><strong>gratiam</strong></span> <span class='ocrx_word' id='word_1_691' title='bbox 3136 4588 3340 4658; x_wconf 90' lang='lat' dir='ltr'><strong>utique,</strong></span> <span class='ocrx_word' id='word_1_692' title='bbox 3368 4601 3481 4644; x_wconf 89' lang='lat' dir='ltr'><strong>non</strong></span> 
     </span>
    </p>
   </div>
   <div class='ocr_carea' id='block_1_92' title="bbox 200 4679 3487 4765">
    <p class='ocr_par' dir='ltr' id='par_1_92' title="bbox 200 4679 3487 4765">
     <span class='ocr_line' id='line_1_92' title="bbox 200 4679 3487 4765; baseline -0.002 -27"><span class='ocrx_word' id='word_1_693' title='bbox 200 4695 400 4755; x_wconf 79' lang='lat' dir='ltr'><strong>verunt,</strong></span> <span class='ocrx_word' id='word_1_694' title='bbox 436 4690 740 4761; x_wconf 90' lang='lat' dir='ltr'><strong>faciemque</strong></span> <span class='ocrx_word' id='word_1_695' title='bbox 791 4690 933 4744; x_wconf 90' lang='lat' dir='ltr'><strong>illam</strong></span> <span class='ocrx_word' id='word_1_696' title='bbox 964 4689 1303 4758; x_wconf 86' lang='lat' dir='ltr'><strong>peccantium</strong></span> <span class='ocrx_word' id='word_1_697' title='bbox 1348 4688 1501 4744; x_wconf 84' lang='lat' dir='ltr'><strong>tetris</strong></span> <span class='ocrx_word' id='word_1_698' title='bbox 1541 4687 1777 4744; x_wconf 85' lang='lat' dir='ltr'><strong>vultibus</strong></span> <span class='ocrx_word' id='word_1_699' title='bbox 1804 4684 1858 4745; x_wconf 80' lang='grc' dir='ltr'>Ι)</span> <span class='ocrx_word' id='word_1_700' title='bbox 1882 4709 1978 4765; x_wconf 85' lang='lat' dir='ltr'><strong>per</strong></span> <span class='ocrx_word' id='word_1_701' title='bbox 2008 4702 2271 4748; x_wconf 86' lang='lat' dir='ltr'><strong>naturam.</strong></span> <span class='ocrx_word' id='word_1_702' title='bbox 2302 4690 2486 4745; x_wconf 92' lang='lat' dir='ltr'><strong>Solum</strong></span> <span class='ocrx_word' id='word_1_703' title='bbox 2511 4688 2654 4743; x_wconf 88' lang='lat' dir='ltr'><strong>enim</strong></span> <span class='ocrx_word' id='word_1_704' title='bbox 2674 4685 2907 4741; x_wconf 89' lang='lat' dir='ltr'><strong>Verbum</strong></span> <span class='ocrx_word' id='word_1_705' title='bbox 2940 4690 3045 4746; x_wconf 86' lang='lat' dir='ltr'><strong>est,</strong></span> <span class='ocrx_word' id='word_1_706' title='bbox 3066 4680 3206 4751; x_wconf 90' lang='lat' dir='ltr'><strong>quod</strong></span> <span class='ocrx_word' id='word_1_707' title='bbox 3231 4679 3487 4734; x_wconf 77' lang='lat' dir='ltr'><strong>substan-</strong></span> 
     </span>
    </p>
   </div>
   <div class='ocr_carea' id='block_1_93' title="bbox 200 4772 1835 4850">
    <p class='ocr_par' dir='ltr' id='par_1_93' title="bbox 200 4772 1835 4850">
     <span class='ocr_line' id='line_1_93' title="bbox 200 4772 1835 4850; baseline 0.007 -23"><span class='ocrx_word' id='word_1_708' title='bbox 200 4772 496 4837; x_wconf 88' lang='lat' dir='ltr'><strong>induerunt.</strong></span> <span class='ocrx_word' id='word_1_709' title='bbox 546 4781 677 4837; x_wconf 89' lang='lat' dir='ltr'><strong>Nam</strong></span> <span class='ocrx_word' id='word_1_710' title='bbox 722 4784 766 4837; x_wconf 92' lang='lat' dir='ltr'><strong>si</strong></span> <span class='ocrx_word' id='word_1_711' title='bbox 808 4783 941 4838; x_wconf 79' lang='lat' dir='ltr'><strong>facie</strong></span> <span class='ocrx_word' id='word_1_712' title='bbox 985 4781 1214 4838; x_wconf 86' lang='lat' dir='ltr'><strong>fuissent</strong></span> <span class='ocrx_word' id='word_1_713' title='bbox 1256 4781 1433 4850; x_wconf 88' lang='lat' dir='ltr'><strong>divisi,</strong></span> <span class='ocrx_word' id='word_1_714' title='bbox 1477 4790 1531 4838; x_wconf 91' lang='lat' dir='ltr'><strong>et</strong></span> <span class='ocrx_word' id='word_1_715' title='bbox 1572 4781 1779 4838; x_wconf 88' lang='lat' dir='ltr'><strong>actibus</strong></span> <span class='ocrx_word' id='word_1_716' title='bbox 1828 4804 1835 4811; x_wconf 89' lang='grc'><strong>·</strong></span> 
     </span>
    </p>
   </div>
   <div class='ocr_carea' id='block_1_94' title="bbox 202 4877 1008 4948">
    <p class='ocr_par' dir='ltr' id='par_1_94' title="bbox 202 4877 1008 4948">
     <span class='ocr_line' id='line_1_94' title="bbox 202 4877 1008 4948; baseline 0.009 -24"><span class='ocrx_word' id='word_1_717' title='bbox 202 4885 405 4944; x_wconf 88' lang='lat' dir='ltr'><strong>quoque</strong></span> <span class='ocrx_word' id='word_1_718' title='bbox 432 4887 686 4946; x_wconf 90' lang='lat' dir='ltr'><strong>poterant</strong></span> <span class='ocrx_word' id='word_1_719' title='bbox 715 4877 1008 4948; x_wconf 83' lang='lat' dir='ltr'><strong>segregari.</strong></span> 
     </span>
    </p>
   </div>
   <div class='ocr_carea' id='block_1_95' title="bbox 266 4962 1783 5040">
    <p class='ocr_par' dir='ltr' id='par_1_95' title="bbox 266 4962 1783 5040">
     <span class='ocr_line' id='line_1_95' title="bbox 266 4962 1783 5040; baseline 0.001 -21"><span class='ocrx_word' id='word_1_720' title='bbox 266 4962 418 5022; x_wconf 75' lang='lat' dir='ltr'><strong>Vers.</strong></span> <span class='ocrx_word' id='word_1_721' title='bbox 460 4970 517 5024; x_wconf 78' lang='grc'><strong>5.</strong></span> <span class='ocrx_word' id='word_1_722' title='bbox 555 4966 797 5023; x_wconf 84' lang='lat' dir='ltr'><strong>Judicate</strong></span> <span class='ocrx_word' id='word_1_723' title='bbox 844 4985 999 5040; x_wconf 84' lang='lat' dir='ltr'><strong>egeno</strong></span> <span class='ocrx_word' id='word_1_724' title='bbox 1048 4977 1095 5022; x_wconf 88' lang='lat' dir='ltr'><strong>et</strong></span> <span class='ocrx_word' id='word_1_725' title='bbox 1149 4967 1385 5039; x_wconf 86' lang='lat' dir='ltr'><strong>pupillo;</strong></span> <span class='ocrx_word' id='word_1_726' title='bbox 1442 4966 1684 5021; x_wconf 79' lang='lat' dir='ltr'><strong>humilem</strong></span> <span class='ocrx_word' id='word_1_727' title='bbox 1734 4974 1783 5021; x_wconf 85' lang='lat' dir='ltr'><strong>et</strong></span> 
     </span>
    </p>
   </div>
   <div class='ocr_carea' id='block_1_96' title="bbox 201 5060 1783 5133">
    <p class='ocr_par' dir='ltr' id='par_1_96' title="bbox 201 5060 1783 5133">
     <span class='ocr_line' id='line_1_96' title="bbox 201 5060 1783 5133; baseline -0.001 -18"><span class='ocrx_word' id='word_1_728' title='bbox 201 5074 465 5130; x_wconf 83' lang='lat' dir='ltr'><strong>pauperem</strong></span> <span class='ocrx_word' id='word_1_729' title='bbox 510 5063 817 5133; x_wconf 75' lang='lat' dir='ltr'><strong>justi/icate.</strong></span> <span class='ocrx_word' id='word_1_730' title='bbox 895 5063 1182 5131; x_wconf 81' lang='lat' dir='ltr'><strong>lnterjecto</strong></span> <span class='ocrx_word' id='word_1_731' title='bbox 1232 5060 1584 5130; x_wconf 85' lang='lat' dir='ltr'><strong>diapsalmate</strong></span> <span class='ocrx_word' id='word_1_732' title='bbox 1635 5060 1783 5114; x_wconf 87' lang='lat' dir='ltr'><strong>venit</strong></span> 
     </span>
    </p>
   </div>
   <div class='ocr_carea' id='block_1_97' title="bbox 201 5150 1783 5227">
    <p class='ocr_par' dir='ltr' id='par_1_97' title="bbox 201 5150 1783 5227">
     <span class='ocr_line' id='line_1_97' title="bbox 201 5150 1783 5227; baseline 0.004 -23"><span class='ocrx_word' id='word_1_733' title='bbox 201 5150 262 5204; x_wconf 83' lang='lat' dir='ltr'><strong>ad</strong></span> <span class='ocrx_word' id='word_1_734' title='bbox 312 5160 602 5212; x_wconf 89' lang='lat' dir='ltr'><strong>secundam</strong></span> <span class='ocrx_word' id='word_1_735' title='bbox 659 5164 891 5227; x_wconf 85' lang='lat' dir='ltr'><strong>partem,</strong></span> <span class='ocrx_word' id='word_1_736' title='bbox 948 5155 1001 5210; x_wconf 92' lang='lat' dir='ltr'><strong>in</strong></span> <span class='ocrx_word' id='word_1_737' title='bbox 1057 5171 1160 5224; x_wconf 91' lang='lat' dir='ltr'><strong>qua</strong></span> <span class='ocrx_word' id='word_1_738' title='bbox 1214 5163 1521 5209; x_wconf 89' lang='lat' dir='ltr'><strong>commonet</strong></span> <span class='ocrx_word' id='word_1_739' title='bbox 1574 5155 1783 5210; x_wconf 81' lang='lat' dir='ltr'><strong>enixius</strong></span> 
     </span>
    </p>
   </div>
   <div class='ocr_carea' id='block_1_98' title="bbox 201 5240 1781 5317">
    <p class='ocr_par' dir='ltr' id='par_1_98' title="bbox 201 5240 1781 5317">
     <span class='ocr_line' id='line_1_98' title="bbox 201 5240 1781 5317; baseline 0.004 -22"><span class='ocrx_word' id='word_1_740' title='bbox 201 5240 440 5317; x_wconf 73' lang='lat' dir='ltr'><strong>inda-os,</strong></span> <span class='ocrx_word' id='word_1_741' title='bbox 492 5260 551 5305; x_wconf 88' lang='lat' dir='ltr'><strong>ut</strong></span> <span class='ocrx_word' id='word_1_742' title='bbox 598 5250 910 5305; x_wconf 76' lang='lat' dir='ltr'><strong>debuissent</strong></span> <span class='ocrx_word' id='word_1_743' title='bbox 960 5246 1260 5316; x_wconf 73' lang='lat' dir='ltr'><strong>intelligeze</strong></span> <span class='ocrx_word' id='word_1_744' title='bbox 1304 5260 1458 5315; x_wconf 90' lang='lat' dir='ltr'><strong>quem</strong></span> <span class='ocrx_word' id='word_1_745' title='bbox 1505 5246 1781 5316; x_wconf 87' lang='lat' dir='ltr'><strong>videbant,</strong></span> 
     </span>
    </p>
   </div>
   <div class='ocr_carea' id='block_1_99' title="bbox 200 5338 1785 5410">
    <p class='ocr_par' dir='ltr' id='par_1_99' title="bbox 200 5338 1785 5410">
     <span class='ocr_line' id='line_1_99' title="bbox 200 5338 1785 5410; baseline 0.004 -22"><span class='ocrx_word' id='word_1_746' title='bbox 200 5346 250 5389; x_wconf 90' lang='lat' dir='ltr'><strong>et</strong></span> <span class='ocrx_word' id='word_1_747' title='bbox 278 5341 621 5399; x_wconf 83' lang='lat' dir='ltr'><strong>adverterent</strong></span> <span class='ocrx_word' id='word_1_748' title='bbox 645 5344 889 5397; x_wconf 86' lang='lat' dir='ltr'><strong>humilem</strong></span> <span class='ocrx_word' id='word_1_749' title='bbox 921 5350 1140 5410; x_wconf 83' lang='lat' dir='ltr'><strong>prOpter</strong></span> <span class='ocrx_word' id='word_1_750' title='bbox 1170 5353 1228 5394; x_wconf 87' lang='lat' dir='ltr'><strong>se</strong></span> <span class='ocrx_word' id='word_1_751' title='bbox 1259 5338 1473 5402; x_wconf 87' lang='lat' dir='ltr'><strong>factum,</strong></span> <span class='ocrx_word' id='word_1_752' title='bbox 1504 5338 1591 5392; x_wconf 89' lang='lat' dir='ltr'><strong>cui</strong></span> <span class='ocrx_word' id='word_1_753' title='bbox 1619 5341 1785 5395; x_wconf 87' lang='lat' dir='ltr'><strong>coelo-</strong></span> 
     </span>
    </p>
   </div>
   <div class='ocr_carea' id='block_1_100' title="bbox 203 5421 1784 5506">
    <p class='ocr_par' dir='ltr' id='par_1_100' title="bbox 203 5421 1784 5506">
     <span class='ocr_line' id='line_1_100' title="bbox 203 5421 1784 5506; baseline 0.004 -25"><span class='ocrx_word' id='word_1_754' title='bbox 203 5442 312 5485; x_wconf 84' lang='lat' dir='ltr'><strong>rnnt</strong></span> <span class='ocrx_word' id='word_1_755' title='bbox 346 5444 640 5503; x_wconf 82' lang='lat' dir='ltr'><strong>potestates</strong></span> <span class='ocrx_word' id='word_1_756' title='bbox 680 5436 1184 5505; x_wconf 80' lang='lat' dir='ltr'><strong>dominationesque</strong></span> <span class='ocrx_word' id='word_1_757' title='bbox 1228 5433 1573 5499; x_wconf 74' lang='lat' dir='ltr'><strong>deserviunt;</strong></span> <span class='ocrx_word' id='word_1_758' title='bbox 1606 5421 1784 5506; x_wconf 42' lang='lat' dir='ltr'><strong>pupil;</strong></span> 
     </span>
    </p>
   </div>
   <div class='ocr_carea' id='block_1_101' title="bbox 201 5522 1780 5603">
    <p class='ocr_par' dir='ltr' id='par_1_101' title="bbox 201 5522 1780 5603">
     <span class='ocr_line' id='line_1_101' title="bbox 201 5522 1780 5603; baseline 0.003 -26"><span class='ocrx_word' id='word_1_759' title='bbox 201 5522 302 5579; x_wconf 89' lang='lat' dir='ltr'><strong>lum</strong></span> <span class='ocrx_word' id='word_1_760' title='bbox 349 5529 535 5596; x_wconf 85' lang='lat' dir='ltr'><strong>fuisse,</strong></span> <span class='ocrx_word' id='word_1_761' title='bbox 586 5533 677 5603; x_wconf 91' lang='lat' dir='ltr'><strong>qui</strong></span> <span class='ocrx_word' id='word_1_762' title='bbox 724 5541 903 5587; x_wconf 90' lang='lat' dir='ltr'><strong>rector</strong></span> <span class='ocrx_word' id='word_1_763' title='bbox 955 5538 1038 5586; x_wconf 86' lang='lat' dir='ltr'><strong>est</strong></span> <span class='ocrx_word' id='word_1_764' title='bbox 1084 5528 1357 5592; x_wconf 90' lang='lat' dir='ltr'><strong>omnium;</strong></span> <span class='ocrx_word' id='word_1_765' title='bbox 1406 5543 1639 5597; x_wconf 86' lang='lat' dir='ltr'><strong>egenum,</strong></span> <span class='ocrx_word' id='word_1_766' title='bbox 1690 5527 1780 5596; x_wconf 91' lang='lat' dir='ltr'><strong>qui</strong></span> 
     </span>
    </p>
   </div>
   <div class='ocr_carea' id='block_1_102' title="bbox 200 5615 1781 5694">
    <p class='ocr_par' dir='ltr' id='par_1_102' title="bbox 200 5615 1781 5694">
     <span class='ocr_line' id='line_1_102' title="bbox 200 5615 1781 5694; baseline 0.001 -25"><span class='ocrx_word' id='word_1_767' title='bbox 200 5615 443 5679; x_wconf 73' lang='lat' dir='ltr'><strong>donando</strong></span> <span class='ocrx_word' id='word_1_768' title='bbox 471 5626 642 5680; x_wconf 88' lang='lat' dir='ltr'><strong>nescit</strong></span> <span class='ocrx_word' id='word_1_769' title='bbox 667 5622 929 5694; x_wconf 80' lang='lat' dir='ltr'><strong>expendi;</strong></span> <span class='ocrx_word' id='word_1_770' title='bbox 953 5638 1246 5693; x_wconf 88' lang='lat' dir='ltr'><strong>pauperem,</strong></span> <span class='ocrx_word' id='word_1_771' title='bbox 1272 5618 1425 5690; x_wconf 87' lang='lat' dir='ltr'><strong>cujus</strong></span> <span class='ocrx_word' id='word_1_772' title='bbox 1451 5626 1574 5673; x_wconf 85' lang='lat' dir='ltr'><strong>sunt</strong></span> <span class='ocrx_word' id='word_1_773' title='bbox 1601 5616 1781 5671; x_wconf 85' lang='lat' dir='ltr'><strong>omnia</strong></span> 
     </span>
    </p>
   </div>
   <div class='ocr_carea' id='block_1_103' title="bbox 200 5694 1779 5783">
    <p class='ocr_par' dir='ltr' id='par_1_103' title="bbox 200 5694 1779 5783">
     <span class='ocr_line' id='line_1_103' title="bbox 200 5694 1779 5783; baseline -0.009 -4"><span class='ocrx_word' id='word_1_774' title='bbox 200 5728 314 5778; x_wconf 62' lang='lat' dir='ltr'><strong>ilum</strong></span> <span class='ocrx_word' id='word_1_775' title='bbox 354 5715 406 5769; x_wconf 92' lang='lat' dir='ltr'><strong>in</strong></span> <span class='ocrx_word' id='word_1_776' title='bbox 454 5694 598 5774; x_wconf 65' lang='lat' dir='ltr'><strong>cmld</strong></span> <span class='ocrx_word' id='word_1_777' title='bbox 639 5727 694 5774; x_wconf 84' lang='lat' dir='ltr'><strong>et</strong></span> <span class='ocrx_word' id='word_1_778' title='bbox 741 5721 794 5772; x_wconf 93' lang='lat' dir='ltr'><strong>in</strong></span> <span class='ocrx_word' id='word_1_779' title='bbox 846 5728 992 5773; x_wconf 88' lang='lat' dir='ltr'><strong>terra</strong></span> <span class='ocrx_word' id='word_1_780' title='bbox 1031 5725 1209 5772; x_wconf 85' lang='lat' dir='ltr'><strong>creata</strong></span> <span class='ocrx_word' id='word_1_781' title='bbox 1250 5724 1390 5769; x_wconf 89' lang='lat' dir='ltr'><strong>sunt.</strong></span> <span class='ocrx_word' id='word_1_782' title='bbox 1439 5714 1611 5783; x_wconf 85' lang='lat' dir='ltr'><strong>Ipsum</strong></span> <span class='ocrx_word' id='word_1_783' title='bbox 1654 5728 1779 5782; x_wconf 80' lang='lat' dir='ltr'><strong>ergo</strong></span> 
     </span>
    </p>
   </div>
   <div class='ocr_carea' id='block_1_104' title="bbox 201 5807 1777 5882">
    <p class='ocr_par' dir='ltr' id='par_1_104' title="bbox 201 5807 1777 5882">
     <span class='ocr_line' id='line_1_104' title="bbox 201 5807 1777 5882; baseline 0.001 -26"><span class='ocrx_word' id='word_1_784' title='bbox 201 5818 500 5863; x_wconf 82' lang='lat' dir='ltr'><strong>commonet</strong></span> <span class='ocrx_word' id='word_1_785' title='bbox 554 5813 866 5882; x_wconf 65' lang='lat' dir='ltr'><strong>iustiﬁcari,</strong></span> <span class='ocrx_word' id='word_1_786' title='bbox 924 5827 1082 5880; x_wconf 89' lang='lat' dir='ltr'><strong>quctn</strong></span> <span class='ocrx_word' id='word_1_787' title='bbox 1137 5808 1443 5864; x_wconf 64' lang='lat' dir='ltr'><strong>Judmorum</strong></span> <span class='ocrx_word' id='word_1_788' title='bbox 1510 5807 1777 5877; x_wconf 80' lang='lat' dir='ltr'><strong>protcrvia</strong></span> 
     </span>
    </p>
   </div>
   <div class='ocr_carea' id='block_1_105' title="bbox 200 5894 1777 5978">
    <p class='ocr_par' dir='ltr' id='par_1_105' title="bbox 200 5894 1777 5978">
     <span class='ocr_line' id='line_1_105' title="bbox 200 5894 1777 5978; baseline 0 -25"><span class='ocrx_word' id='word_1_789' title='bbox 200 5894 537 5965; x_wconf 79' lang='lat' dir='ltr'><strong>desiderabat</strong></span> <span class='ocrx_word' id='word_1_790' title='bbox 582 5906 869 5978; x_wconf 78' lang='lat' dir='ltr'><strong>exstingui.</strong></span> <span class='ocrx_word' id='word_1_791' title='bbox 921 5903 1148 5960; x_wconf 84' lang='lat' dir='ltr'><strong>Pulchre</strong></span> <span class='ocrx_word' id='word_1_792' title='bbox 1196 5913 1372 5959; x_wconf 61' lang='lat' dir='ltr'><strong>autem</strong></span> <span class='ocrx_word' id='word_1_793' title='bbox 1418 5902 1617 5976; x_wconf 77' lang='lat' dir='ltr'><strong>dictum</strong></span> <span class='ocrx_word' id='word_1_794' title='bbox 1660 5908 1777 5970; x_wconf 86' lang='lat' dir='ltr'><strong>est,</strong></span> 
     </span>
    </p>
   </div>
   <div class='ocr_carea' id='block_1_106' title="bbox 1885 4770 3473 4854">
    <p class='ocr_par' dir='ltr' id='par_1_106' title="bbox 1885 4770 3473 4854">
     <span class='ocr_line' id='line_1_106' title="bbox 1885 4770 3473 4854; baseline -0.011 -13"><span class='ocrx_word' id='word_1_795' title='bbox 1885 4787 2080 4843; x_wconf 89' lang='lat' dir='ltr'><strong>tialiter</strong></span> <span class='ocrx_word' id='word_1_796' title='bbox 2109 4795 2164 4841; x_wconf 90' lang='lat' dir='ltr'><strong>et</strong></span> <span class='ocrx_word' id='word_1_797' title='bbox 2195 4781 2408 4854; x_wconf 90' lang='lat' dir='ltr'><strong>proprie</strong></span> <span class='ocrx_word' id='word_1_798' title='bbox 2434 4780 2633 4836; x_wconf 88' lang='lat' dir='ltr'><strong>dicitur</strong></span> <span class='ocrx_word' id='word_1_799' title='bbox 2657 4778 2753 4833; x_wconf 87' lang='lat' dir='ltr'><strong>Dei</strong></span> <span class='ocrx_word' id='word_1_800' title='bbox 2778 4776 2974 4841; x_wconf 84' lang='lat' dir='ltr'><strong>Filius;</strong></span> <span class='ocrx_word' id='word_1_801' title='bbox 3008 4774 3143 4829; x_wconf 90' lang='lat' dir='ltr'><strong>sicut</strong></span> <span class='ocrx_word' id='word_1_802' title='bbox 3175 4780 3257 4826; x_wconf 87' lang='lat' dir='ltr'><strong>est</strong></span> <span class='ocrx_word' id='word_1_803' title='bbox 3302 4770 3473 4825; x_wconf 88' lang='lat' dir='ltr'><strong>illud:</strong></span> 
     </span>
    </p>
   </div>
   <div class='ocr_carea' id='block_1_107' title="bbox 1887 4863 3479 4935">
    <p class='ocr_par' dir='ltr' id='par_1_107' title="bbox 1887 4863 3479 4935">
     <span class='ocr_line' id='line_1_107' title="bbox 1887 4863 3479 4935; baseline -0.009 -1"><span class='ocrx_word' id='word_1_804' title='bbox 1887 4881 2141 4935; x_wconf 88' lang='lat' dir='ltr'><strong>Dominus</strong></span> <span class='ocrx_word' id='word_1_805' title='bbox 2173 4879 2303 4932; x_wconf 73' lang='lat' dir='ltr'><strong>dixit</strong></span> <span class='ocrx_word' id='word_1_806' title='bbox 2327 4876 2395 4930; x_wconf 90' lang='lat' dir='ltr'><strong>ad</strong></span> <span class='ocrx_word' id='word_1_807' title='bbox 2422 4890 2500 4929; x_wconf 88' lang='lat' dir='ltr'><strong>me</strong></span> <span class='ocrx_word' id='word_1_808' title='bbox 2528 4890 2546 4928; x_wconf 93' lang='lat'><strong><em>:</em></strong></span> <span class='ocrx_word' id='word_1_809' title='bbox 2570 4870 2741 4927; x_wconf 76' lang='lat' dir='ltr'><strong>Filius</strong></span> <span class='ocrx_word' id='word_1_810' title='bbox 2773 4885 2913 4923; x_wconf 81' lang='lat' dir='ltr'><strong>meus</strong></span> <span class='ocrx_word' id='word_1_811' title='bbox 2943 4884 2994 4923; x_wconf 88' lang='lat' dir='ltr'><strong>es</strong></span> <span class='ocrx_word' id='word_1_812' title='bbox 3018 4876 3074 4919; x_wconf 90' lang='lat' dir='ltr'><strong>tu</strong></span> <span class='ocrx_word' id='word_1_813' title='bbox 3107 4863 3280 4933; x_wconf 89' lang='lat' dir='ltr'><strong>(Psal.</strong></span> <span class='ocrx_word' id='word_1_814' title='bbox 3304 4879 3364 4929; x_wconf 87' lang='grc' dir='ltr'>ιι,</span> <span class='ocrx_word' id='word_1_815' title='bbox 3400 4863 3479 4933; x_wconf 83' lang='grc'>7).</span> 
     </span>
    </p>
   </div>
   <div class='ocr_carea' id='block_1_108' title="bbox 1885 4955 3478 5036">
    <p class='ocr_par' dir='ltr' id='par_1_108' title="bbox 1885 4955 3478 5036">
     <span class='ocr_line' id='line_1_108' title="bbox 1885 4955 3478 5036; baseline -0.013 -5"><span class='ocrx_word' id='word_1_816' title='bbox 1885 4976 2084 5031; x_wconf 81' lang='lat' dir='ltr'><strong>Omnes</strong></span> <span class='ocrx_word' id='word_1_817' title='bbox 2113 4979 2288 5025; x_wconf 88' lang='lat' dir='ltr'><strong>autem</strong></span> <span class='ocrx_word' id='word_1_818' title='bbox 2318 4968 2409 5023; x_wconf 91' lang='lat' dir='ltr'><strong>lilii</strong></span> <span class='ocrx_word' id='word_1_819' title='bbox 2453 4966 2568 5036; x_wconf 87' lang='lat' dir='ltr'><strong>ejus</strong></span> <span class='ocrx_word' id='word_1_820' title='bbox 2606 4970 2886 5027; x_wconf 90' lang='lat' dir='ltr'><strong>vocantur,</strong></span> <span class='ocrx_word' id='word_1_821' title='bbox 2920 4959 3009 5030; x_wconf 90' lang='lat' dir='ltr'><strong>qui</strong></span> <span class='ocrx_word' id='word_1_822' title='bbox 3049 4955 3251 5012; x_wconf 87' lang='lat' dir='ltr'><strong>sanctis</strong></span> <span class='ocrx_word' id='word_1_823' title='bbox 3276 4956 3478 5026; x_wconf 84' lang='lat' dir='ltr'><strong>jussio-</strong></span> 
     </span>
    </p>
   </div>
   <div class='ocr_carea' id='block_1_109' title="bbox 1888 5049 3485 5134">
    <p class='ocr_par' dir='ltr' id='par_1_109' title="bbox 1888 5049 3485 5134">
     <span class='ocr_line' id='line_1_109' title="bbox 1888 5049 3485 5134; baseline -0.014 -12"><span class='ocrx_word' id='word_1_824' title='bbox 1888 5066 2046 5123; x_wconf 89' lang='lat' dir='ltr'><strong>nibus</strong></span> <span class='ocrx_word' id='word_1_825' title='bbox 2075 5064 2447 5134; x_wconf 87' lang='lat' dir='ltr'><strong>acquiescunt;</strong></span> <span class='ocrx_word' id='word_1_826' title='bbox 2500 5060 2637 5113; x_wconf 62' lang='lat' dir='ltr'><strong>sicut</strong></span> <span class='ocrx_word' id='word_1_827' title='bbox 2666 5058 2715 5110; x_wconf 90' lang='lat' dir='ltr'><strong>in</strong></span> <span class='ocrx_word' id='word_1_828' title='bbox 2750 5052 3036 5122; x_wconf 81' lang='lat' dir='ltr'><strong>Evangelio</strong></span> <span class='ocrx_word' id='word_1_829' title='bbox 3064 5050 3257 5121; x_wconf 82' lang='lat' dir='ltr'><strong>legitur</strong></span> <span class='ocrx_word' id='word_1_830' title='bbox 3283 5066 3298 5102; x_wconf 86' lang='lat'><strong>:</strong></span> <span class='ocrx_word' id='word_1_831' title='bbox 3325 5049 3485 5113; x_wconf 74' lang='lat' dir='ltr'><strong>Quot-</strong></span> 
     </span>
    </p>
   </div>
   <div class='ocr_carea' id='block_1_110' title="bbox 1886 5142 3481 5231">
    <p class='ocr_par' dir='ltr' id='par_1_110' title="bbox 1886 5142 3481 5231">
     <span class='ocr_line' id='line_1_110' title="bbox 1886 5142 3481 5231; baseline -0.013 -17"><span class='ocrx_word' id='word_1_832' title='bbox 1886 5169 2007 5231; x_wconf 85' lang='lat' dir='ltr'><strong>quot</strong></span> <span class='ocrx_word' id='word_1_833' title='bbox 2032 5169 2203 5212; x_wconf 89' lang='lat' dir='ltr'><strong>autem</strong></span> <span class='ocrx_word' id='word_1_834' title='bbox 2240 5159 2539 5223; x_wconf 84' lang='lat' dir='ltr'><strong>receperunt</strong></span> <span class='ocrx_word' id='word_1_835' title='bbox 2580 5165 2714 5214; x_wconf 80' lang='lat' dir='ltr'><strong>cum,</strong></span> <span class='ocrx_word' id='word_1_836' title='bbox 2743 5147 2882 5200; x_wconf 88' lang='lat' dir='ltr'><strong>dedit</strong></span> <span class='ocrx_word' id='word_1_837' title='bbox 2911 5145 2982 5199; x_wconf 90' lang='lat' dir='ltr'><strong>eis</strong></span> <span class='ocrx_word' id='word_1_838' title='bbox 3013 5152 3309 5213; x_wconf 81' lang='lat' dir='ltr'><strong>potestatem</strong></span> <span class='ocrx_word' id='word_1_839' title='bbox 3342 5142 3481 5211; x_wconf 76' lang='lat' dir='ltr'><strong>ﬁlios</strong></span> 
     </span>
    </p>
   </div>
   <div class='ocr_carea' id='block_1_111' title="bbox 1887 5234 3479 5320">
    <p class='ocr_par' dir='ltr' id='par_1_111' title="bbox 1887 5234 3479 5320">
     <span class='ocr_line' id='line_1_111' title="bbox 1887 5234 3479 5320; baseline -0.011 -14"><span class='ocrx_word' id='word_1_840' title='bbox 1887 5252 1984 5306; x_wconf 89' lang='lat' dir='ltr'><strong>Dei</strong></span> <span class='ocrx_word' id='word_1_841' title='bbox 2016 5250 2127 5320; x_wconf 81' lang='lat' dir='ltr'><strong>ﬁeri</strong></span> <span class='ocrx_word' id='word_1_842' title='bbox 2158 5247 2339 5317; x_wconf 85' lang='lat' dir='ltr'><strong>(Joan.</strong></span> <span class='ocrx_word' id='word_1_843' title='bbox 2370 5261 2409 5311; x_wconf 87' lang='grc' dir='ltr'>ι,</span> <span class='ocrx_word' id='word_1_844' title='bbox 2434 5244 2544 5314; x_wconf 64' lang='grc'>12).</span> <span class='ocrx_word' id='word_1_845' title='bbox 2592 5239 2813 5296; x_wconf 83' lang='lat' dir='ltr'><strong>intende</strong></span> <span class='ocrx_word' id='word_1_846' title='bbox 2853 5254 2980 5295; x_wconf 91' lang='lat' dir='ltr'><strong>vero</strong></span> <span class='ocrx_word' id='word_1_847' title='bbox 3028 5236 3169 5308; x_wconf 91' lang='lat' dir='ltr'><strong>quod</strong></span> <span class='ocrx_word' id='word_1_848' title='bbox 3197 5251 3294 5308; x_wconf 88' lang='lat' dir='ltr'><strong>per</strong></span> <span class='ocrx_word' id='word_1_849' title='bbox 3332 5234 3479 5290; x_wconf 79' lang='lat' dir='ltr'><strong>deci-</strong></span> 
     </span>
    </p>
   </div>
   <div class='ocr_carea' id='block_1_112' title="bbox 1887 5325 3475 5407">
    <p class='ocr_par' dir='ltr' id='par_1_112' title="bbox 1887 5325 3475 5407">
     <span class='ocr_line' id='line_1_112' title="bbox 1887 5325 3475 5407; baseline -0.012 -6"><span class='ocrx_word' id='word_1_850' title='bbox 1887 5359 2030 5401; x_wconf 89' lang='lat' dir='ltr'><strong>mam</strong></span> <span class='ocrx_word' id='word_1_851' title='bbox 2070 5340 2281 5401; x_wconf 79' lang='lat' dir='ltr'><strong>tertiam</strong></span> <span class='ocrx_word' id='word_1_852' title='bbox 2322 5336 2554 5407; x_wconf 90' lang='lat' dir='ltr'><strong>speciem</strong></span> <span class='ocrx_word' id='word_1_853' title='bbox 2594 5331 2942 5397; x_wconf 89' lang='lat' dir='ltr'><strong>deﬁnitionis,</strong></span> <span class='ocrx_word' id='word_1_854' title='bbox 2975 5344 3131 5400; x_wconf 85' lang='lat' dir='ltr'><strong>quam</strong></span> <span class='ocrx_word' id='word_1_855' title='bbox 3162 5325 3336 5383; x_wconf 67' lang='lat' dir='ltr'><strong>Graeci</strong></span> <span class='ocrx_word' id='word_1_856' title='bbox 3366 5326 3475 5382; x_wconf 81' lang='grc' dir='ltr'><strong>κατ’</strong></span> 
     </span>
    </p>
   </div>
   <div class='ocr_carea' id='block_1_113' title="bbox 1886 5418 3479 5512">
    <p class='ocr_par' dir='ltr' id='par_1_113' title="bbox 1886 5418 3479 5512">
     <span class='ocr_line' id='line_1_113' title="bbox 1886 5418 3479 5512; baseline -0.014 -18"><span class='ocrx_word' id='word_1_857' title='bbox 1886 5439 2172 5512; x_wconf 70' lang='grc' dir='ltr'><strong>ἀναλογίαν,</strong></span> <span class='ocrx_word' id='word_1_858' title='bbox 2204 5431 2375 5488; x_wconf 88' lang='lat' dir='ltr'><strong>Latini</strong></span> <span class='ocrx_word' id='word_1_859' title='bbox 2401 5430 2549 5500; x_wconf 78' lang='lat' dir='ltr'><strong>juxta</strong></span> <span class='ocrx_word' id='word_1_860' title='bbox 2579 5427 2840 5482; x_wconf 89' lang='lat' dir='ltr'><strong>rationem</strong></span> <span class='ocrx_word' id='word_1_861' title='bbox 2882 5424 3088 5488; x_wconf 89' lang='lat' dir='ltr'><strong>dicunt,</strong></span> <span class='ocrx_word' id='word_1_862' title='bbox 3122 5420 3363 5476; x_wconf 84' lang='lat' dir='ltr'><strong>homines</strong></span> <span class='ocrx_word' id='word_1_863' title='bbox 3394 5418 3479 5472; x_wconf 86' lang='lat' dir='ltr'><strong>di-</strong></span> 
     </span>
    </p>
   </div>
   <div class='ocr_carea' id='block_1_114' title="bbox 1892 5510 3478 5587">
    <p class='ocr_par' dir='ltr' id='par_1_114' title="bbox 1892 5510 3478 5587">
     <span class='ocr_line' id='line_1_114' title="bbox 1892 5510 3478 5587; baseline -0.013 -3"><span class='ocrx_word' id='word_1_864' title='bbox 1892 5510 2086 5584; x_wconf 86' lang='lat' dir='ltr'><strong>cuntur</strong></span> <span class='ocrx_word' id='word_1_865' title='bbox 2123 5524 2196 5581; x_wconf 91' lang='lat' dir='ltr'><strong>dii</strong></span> <span class='ocrx_word' id='word_1_866' title='bbox 2234 5532 2288 5580; x_wconf 90' lang='lat' dir='ltr'><strong>et</strong></span> <span class='ocrx_word' id='word_1_867' title='bbox 2326 5522 2418 5576; x_wconf 87' lang='lat' dir='ltr'><strong>ﬁlii</strong></span> <span class='ocrx_word' id='word_1_868' title='bbox 2448 5519 2570 5583; x_wconf 91' lang='lat' dir='ltr'><strong>Dei;</strong></span> <span class='ocrx_word' id='word_1_869' title='bbox 2616 5534 2735 5587; x_wconf 78' lang='lat' dir='ltr'><strong>qua:</strong></span> <span class='ocrx_word' id='word_1_870' title='bbox 2776 5525 2901 5571; x_wconf 90' lang='lat' dir='ltr'><strong>tunc</strong></span> <span class='ocrx_word' id='word_1_871' title='bbox 2938 5514 3207 5579; x_wconf 71' lang='lat' dir='ltr'><strong>exoritur,</strong></span> <span class='ocrx_word' id='word_1_872' title='bbox 3259 5510 3478 5582; x_wconf 89' lang='lat' dir='ltr'><strong>quando</strong></span> 
     </span>
    </p>
   </div>
   <div class='ocr_carea' id='block_1_115' title="bbox 1892 5603 3473 5689">
    <p class='ocr_par' dir='ltr' id='par_1_115' title="bbox 1892 5603 3473 5689">
     <span class='ocr_line' id='line_1_115' title="bbox 1892 5603 3473 5689; baseline -0.014 -13"><span class='ocrx_word' id='word_1_873' title='bbox 1892 5619 2109 5689; x_wconf 80' lang='lat' dir='ltr'><strong>majoris</strong></span> <span class='ocrx_word' id='word_1_874' title='bbox 2139 5616 2214 5672; x_wconf 88' lang='lat' dir='ltr'><strong>rei</strong></span> <span class='ocrx_word' id='word_1_875' title='bbox 2246 5612 2461 5670; x_wconf 93' lang='lat' dir='ltr'><strong>nomine</strong></span> <span class='ocrx_word' id='word_1_876' title='bbox 2489 5626 2576 5666; x_wconf 90' lang='lat' dir='ltr'><strong>res</strong></span> <span class='ocrx_word' id='word_1_877' title='bbox 2602 5609 2852 5664; x_wconf 86' lang='lat' dir='ltr'><strong>delinitur</strong></span> <span class='ocrx_word' id='word_1_878' title='bbox 2882 5606 3118 5661; x_wconf 77' lang='lat' dir='ltr'><strong>interior.</strong></span> <span class='ocrx_word' id='word_1_879' title='bbox 3168 5604 3282 5659; x_wconf 86' lang='lat' dir='ltr'><strong>Hoc</strong></span> <span class='ocrx_word' id='word_1_880' title='bbox 3308 5603 3473 5658; x_wconf 89' lang='lat' dir='ltr'><strong>etiam</strong></span> 
     </span>
    </p>
   </div>
   <div class='ocr_carea' id='block_1_116' title="bbox 1888 5690 3471 5783">
    <p class='ocr_par' dir='ltr' id='par_1_116' title="bbox 1888 5690 3471 5783">
     <span class='ocr_line' id='line_1_116' title="bbox 1888 5690 3471 5783; baseline -0.013 -17"><span class='ocrx_word' id='word_1_881' title='bbox 1888 5718 2267 5783; x_wconf 81' lang='lat' dir='ltr'><strong>argumentum</strong></span> <span class='ocrx_word' id='word_1_882' title='bbox 2323 5701 2732 5776; x_wconf 85' lang='lat' dir='ltr'><strong>comparationis</strong></span> <span class='ocrx_word' id='word_1_883' title='bbox 2784 5698 3015 5754; x_wconf 88' lang='lat' dir='ltr'><strong>refertur</strong></span> <span class='ocrx_word' id='word_1_884' title='bbox 3066 5712 3099 5751; x_wconf 91' lang='lat' dir='ltr'><strong>a</strong></span> <span class='ocrx_word' id='word_1_885' title='bbox 3147 5696 3356 5749; x_wconf 90' lang='lat' dir='ltr'><strong>minore</strong></span> <span class='ocrx_word' id='word_1_886' title='bbox 3404 5690 3471 5744; x_wconf 86' lang='lat' dir='ltr'><strong>ad</strong></span> 
     </span>
    </p>
   </div>
   <div class='ocr_carea' id='block_1_117' title="bbox 1890 5784 3250 5871">
    <p class='ocr_par' dir='ltr' id='par_1_117' title="bbox 1890 5784 3250 5871">
     <span class='ocr_line' id='line_1_117' title="bbox 1890 5784 3250 5871; baseline -0.014 -15"><span class='ocrx_word' id='word_1_887' title='bbox 1890 5802 2082 5871; x_wconf 80' lang='lat' dir='ltr'><strong>majus.</strong></span> <span class='ocrx_word' id='word_1_888' title='bbox 2115 5799 2345 5855; x_wconf 85' lang='lat' dir='ltr'><strong>Minores</strong></span> <span class='ocrx_word' id='word_1_889' title='bbox 2375 5805 2496 5850; x_wconf 92' lang='lat' dir='ltr'><strong>sunt</strong></span> <span class='ocrx_word' id='word_1_890' title='bbox 2532 5792 2675 5850; x_wconf 89' lang='lat' dir='ltr'><strong>enim</strong></span> <span class='ocrx_word' id='word_1_891' title='bbox 2708 5790 2950 5845; x_wconf 86' lang='lat' dir='ltr'><strong>homines</strong></span> <span class='ocrx_word' id='word_1_892' title='bbox 2978 5801 3131 5857; x_wconf 84' lang='lat' dir='ltr'><strong>quam</strong></span> <span class='ocrx_word' id='word_1_893' title='bbox 3158 5784 3250 5838; x_wconf 85' lang='lat' dir='ltr'><strong>dii.</strong></span> 
     </span>
    </p>
   </div>
   <div class='ocr_carea' id='block_1_118' title="bbox 1965 5872 3449 5950">
    <p class='ocr_par' dir='ltr' id='par_1_118' title="bbox 1965 5872 3449 5950">
     <span class='ocr_line' id='line_1_118' title="bbox 1965 5872 3449 5950; baseline -0.016 1"><span class='ocrx_word' id='word_1_894' title='bbox 1965 5893 2115 5950; x_wconf 80' lang='lat' dir='ltr'><strong>Vcrs.</strong></span> <span class='ocrx_word' id='word_1_895' title='bbox 2140 5892 2196 5947; x_wconf 81' lang='lat'><strong>7.</strong></span> <span class='ocrx_word' id='word_1_896' title='bbox 2229 5889 2334 5947; x_wconf 84' lang='lat' dir='ltr'><strong>Vos</strong></span> <span class='ocrx_word' id='word_1_897' title='bbox 2362 5897 2528 5947; x_wconf 86' lang='lat' dir='ltr'><strong>autem</strong></span> <span class='ocrx_word' id='word_1_898' title='bbox 2555 5887 2685 5943; x_wconf 86' lang='lat' dir='ltr'><strong>sicut</strong></span> <span class='ocrx_word' id='word_1_899' title='bbox 2711 5883 2939 5943; x_wconf 83' lang='lat' dir='ltr'><strong>homines</strong></span> <span class='ocrx_word' id='word_1_900' title='bbox 2968 5874 3273 5940; x_wconf 83' lang='lat' dir='ltr'><strong>moriemini,</strong></span> <span class='ocrx_word' id='word_1_901' title='bbox 3298 5881 3347 5927; x_wconf 90' lang='lat' dir='ltr'><strong>et</strong></span> <span class='ocrx_word' id='word_1_902' title='bbox 3373 5872 3449 5927; x_wconf 82' lang='lat' dir='ltr'><strong>sic</strong></span> 
     </span>
    </p>
   </div>
  </div>
