4062 6344
581 443 688 514 898

1795 435 1864 493 Μ.
1909 426 2189 493 AURELll
2226 380 2627 485 cassmoont

3767 419 3869 479 εθε

580 579 642 631 ut
678 589 810 630 unus
848 572 912 625 de
944 565 1255 643 principibus
1293 561 1501 618 cadetis.
1551 555 1892 628 Superiorem
1941 562 2158 607 versum
2187 539 2235 606 A
2265 545 2506 643 credere,
2535 544 2697 643 dicite
2722 544 2856 643 duas
2900 541 3249 643 substantias,
3279 539 3442 643 dicite
3473 541 3866 643 ἀπαίτει-τηις,

583 645 825 723 ιιίχίιέᾶ
867 663 1082 736 justos,
1134 673 1274 716 nunc
1326 657 1488 712 verba
1537 651 1771 709 deﬂectit
1834 648 1899 704 ad
1951 645 2165 715 impios.

583 751 826 827 Increpat
866 756 1006 811 enim
1053 751 1377 814 incredulos,
1423 748 1511 820 qui
1560 747 1693 801 mori
1735 743 1911 813 potius
1953 754 2046 809 per
2083 753 2173 793 su-

583 849 822 920 perbiam
866 863 1026 920 quam
1071 862 1168 918 per
1214 842 1574 901 obedientiam
1621 839 1801 895 vivere
1847 834 2167 890 maluerunt.

581 938 818 996 Dicendo
873 938 1016 994 enim
1068 954 1084 993 :
1140 935 1286 994 Sicut
1342 935 1611 999 homines,
1671 928 1936 999 signiﬁcat
1991 921 2174 993 utique

583 1039 915 1103 peccatores,
967 1029 1059 1100 qui
1111 1029 1260 1084 nullo
1315 1024 1488 1097 pretio
1543 1031 1669 1077 sunt
1720 1017 2019 1086 redempti,
2075 1025 2174 1069 nec

581 1121 649 1179 de
685 1121 940 1180 obnoxiis
977 1119 1101 1177 lacti
1140 1129 1265 1176 sunt
1300 1115 1475 1174 liberi.
1520 1113 1750 1184 Adjecit,
1790 1119 1836 1164 et
1875 1110 2006 1163 sicut
2043 1119 2176 1160 unus

582 1213 644 1268 de
675 1206 991 1283 principibus
1019 1212 1235 1267 cadetis.
1287 1210 1435 1266 Unus
1478 1206 1542 1261 de
1568 1202 1884 1278 principibus
1914 1195 2179 1270 signiﬁcat

582 1307 874 1373 diabolum,
912 1307 999 1378 qui
1030 1307 1097 1361 dc
1125 1305 1262 1361 casio
1295 1302 1560 1374 projectus
1609 1297 1836 1361 corruit,
1867 1303 1922 1350 et
1957 1303 2172 1364 plenam

584 1414 698 1457 sua:
726 1400 1091 1472 perversitatis
1129 1397 1350 1453 invenit.

657 1493 813 1549 γεγε.
838 1491 892 1549 8.
920 1491 1174 1562 Exsurge,
1205 1489 1362 1555 Deus,
1385 1486 1572 1561 judico
1602 1495 1829 1540 terram-c
1857 1477 2100 1551 quoniam
2123 1484 2178 1529 tu

585 1584 911 1642 Itcereditabis
939 1586 993 1640 in
1023 1581 1253 1638 omnibus
1285 1580 1539 1652 gentibus.
1561 1577 1654 1632 Cui
1682 1575 1894 1636 dicitur,
1922 1569 2174 1637 Exsurge,

583 1677 692 1736 nisi
750 1677 826 1733 illi
868 1678 957 1748 qui
1002 1673 1398 1746 praevidebatur
1453 1667 1671 1726 occidi?
1726 1663 1919 1719 Judica
1966 1671 2176 1723 terram,

587 1767 759 1826 eidem
799 1769 898 1837 ipsi
935 1765 1130 1823 dicitur
1167 1767 1235 1822 de
1274 1780 1378 1836 quo
1408 1763 1664 1832 scriptum
1695 1767 1778 1815 est
1807 1773 1822 1812 :
1850 1754 1980 1810 Cum
2006 1758 2179 1807 autem

587 1865 774 1921 uenerit
820 1861 990 1918 Filius
1039 1861 1258 1916 hominis
1303 1861 1358 1914 in
1403 1861 1670 1932 majestate
1721 1869 1848 1915 sua,
1904 1855 1954 1904 et
2006 1859 2179 1902 omnes

2273 641 2410 696 sicut
2449 639 2737 710 Apostolus
2781 639 2858 694 ait
2905 655 2920 694 :
2971 639 3072 706 Qui
3120 651 3236 693 cum
3278 633 3333 692 in
3384 637 3546 692 (arma
3583 631 3678 692 Dei
3722 643 3869 704 esset,

2274 752 2376 790 non
2407 739 2646 804 rapinam
2672 734 2949 789 arbitratus
2975 743 3178 790 estesse
3219 749 3276 788 se
3312 732 3558 804 aqualem
3585 729 3743 798 Deo;
3783 732 3872 787 sal

2273 829 2596 899 semetipsum
2626 828 2902 882 exinanivit
2938 825 3158 897 formam
3199 827 3328 880 servi
3355 827 3646 893 accipiens,
3691 832 3743 878 et
3776 826 3869 878 hac

2277 921 2380 974 bitu
2411 919 2640 975 inventus
2669 928 2726 974 ut
2752 920 2904 974 homo
2935 915 3161 992 (Philip.
3193 931 3251 985 tt,
3281 917 3334 986 6,
3369 917 3447 989 7).
3497 911 3736 973 Tantum
3767 925 3866 986 est,

2275 1027 2342 1070 ne
2393 1013 2718 1084 relngientes
2766 1013 2958 1086 dogma
3005 1009 3384 1077 salutifer‘um,
3440 1011 3663 1068 exitium
3721 1011 3870 1067 vobis

2275 1107 2588 1176 prmparetis
2630 1114 2909 1159 mtcrnum.
2973 1099 3260 1161 Sciendum
3301 1115 3432 1159 vero
3469 1107 3557 1158 est
3595 1099 3746 1170 quod
3791 1099 3870 1156 hic

2277 1198 2514 1269 psalmus
2551 1197 2766 1265 quintus
2806 1205 2888 1253 est
2930 1211 3118 1253 eorum
3161 1209 3294 1267 quos
3331 1193 3400 1252 de
3431 1191 3640 1251 duabus
3667 1193 3870 1253 naturis

2281 1290 2490 1347 Domini
2519 1289 2718 1345 Christi
2741 1288 3073 1359 conscriptos
3098 1303 3219 1345 esse
3247 1287 3625 1359 praediximus.

2510 1397 2874 1456 EXPOSITIO
2914 1399 2980 1456 ΙΝ
3021 1399 3350 1457 PSALMUM
3390 1397 3649 1459 LXXXII.

2722 1493 2992 1548 Canticum
3020 1493 3205 1563 psalmi
3233 1492 3429 1564 Asaplt.

2349 1582 2551 1640 Cantici
2592 1583 2781 1654 psalmi
2819 1584 3227 1654 signiﬁcattliam
3264 1585 3317 1639 in
3347 1583 3660 1654 praefatione
3691 1581 3864 1654 posui-

2281 1691 2430 1742 mus,
2459 1685 2535 1754 .et
2582 1689 2676 1746 per
2718 1675 2922 1740 titulos,
2973 1675 3058 1730 ubi
3101 1675 3251 1731 locus
3300 1676 3512 1745 exegit,
3565 1673 3865 1746 frequenter

2280 1767 2545 1824 ediximus
2571 1785 2585 1822 :
2609 1768 2860 1838 quoniam
2885 1765 3162 1823 nominum
3195 1767 3417 1822 istorum
3441 1767 3609 1824 virtus
3633 1767 3700 1822 ad
3730 1767 3864 1825 illum

2282 1877 2380 1916 nos
2434 1859 2764 1916 intellectum
2807 1860 3005 1927 trahit,
3049 1869 3107 1915 ut
3153 1861 3206 1916 in
3250 1859 3410 1916 rebus
3457 1860 3758 1918 aclualibus
3804 1857 3864 1917 ad

587 1957 758 2026 angeli
785 1971 913 2009 cum
962 1971 1043 2022 eo,
1090 1963 1212 2008 tunc
1257 1951 1444 2006 sedebit
1489 1963 1646 2021 super
1690 1947 1856 2001 sedem
1897 1937 2178 2012 majestatis

2285 1956 2517 2011 divinam
2555 1956 3060 2025 contemplationem
3102 1956 3311 2010 animos
3341 1955 3537 2025 iugiter
3580 1953 3861 2027 erigamus.

587 2063 715 2116 suae,
744 2058 789 2105 et
819 2047 1259 2119 congregabantur
1283 2053 1400 2098 ante
1425 2057 1540 2096 eum
1569 2055 1740 2095 omnes
1763 2049 1929 2108 gentes
1961 2032 2174 2104 (Matth.

587 2153 732 2206 ην,
779 2140 887 2206 51,
939 2140 1071 2210 59.).
1149 2137 1490 2193 Hceredilabis
1557 2135 1610 2188 in
1650 2131 1918 2202 gentibus,
1985 2136 2181 2180 terram

589 2233 794 2289 scilicet
821 2247 979 2304 quam
1008 2233 1256 2302 superius
1283 2230 1442 2293 dixit,
1474 2227 1618 2282 illam
1649 2239 1805 2296 quam
1837 2221 1976 2278 beati
2008 2218 2183 2289 possi-

590 2324 814 2392 debunt,
856 2333 910 2381 et
947 2331 1201 2380 retentam
1239 2319 1625 2392 jucunditatem
1669 2329 1873 2386 magnae
1913 2311 2181 2369 lelicitatis

591 2418 874 2490 accipient.

1128 2486 1405 2544 Conclusio
1437 2484 1643 2554 psalmi.

611 2577 614 2580 ’
663 2581 877 2647 Audite,
917 2579 1122 2644 Judaei;
1164 2578 1464 2647 intelligite,
1508 2575 1834 2646 pertinaces,
1877 2577 2071 2641 quanta
2115 2567 2184 2624 de

591 2673 824 2731 adventu
854 2671 1064 2728 Domini
1087 2669 1260 2740 Αωρή
1287 2671 1388 2726 iste
1417 2670 1627 2724 locutus
1664 2676 1768 2722 est.
1815 2664 1952 2733 Quid
1984 2661 2183 2728 colitis,

591 2770 637 2824 si
687 2767 1066 2839 prephetarum
1117 2777 1413 2821 vestrorum
1464 2763 1604 2818 dicta
1657 2757 1918 2816 nescitis?
1997 2757 2186 2813 Venite

591 2862 659 2916 d
701 2860 994 2917 catholicos
1041 2861 1380 2925 sacerdotes,
1430 2855 1739 2927 aperiantur
1784 2867 1947 2908 aures
1991 2859 2186 2907 vestrm

592 2962 652 3009 ut
680 2953 896 3024 possitis
922 2952 1067 3007 dono
1091 2951 1303 3007 Domini
1342 2949 1650 3004 diuturnam
1687 2945 1918 3004 evadere
1955 2943 2189 2998 surdita-

591 3057 726 3102 tem.
769 3045 882 3102 Vos
920 3060 1152 3117 quoque,
1184 3045 1372 3115 psalmi
1413 3043 1571 3112 hujus
1622 3042 1794 3112 primo
1833 3053 1991 3095 versu
2033 3053 2188 3094 cura-

593 3139 750 3205 mini,
785 3137 874 3208 qui
901 3138 1132 3195 Nestorii
1171 3145 1228 3192 et
1252 3135 1506 3206 Eutychis
1547 3134 1798 3203 pestifero
1838 3147 2038 3204 vapore
2075 3132 2185 3189 ler-

593 3231 754 3288 vetis.
795 3231 870 3286 De
906 3245 1012 3301 quo
1049 3232 1192 3286 enim
1232 3229 1427 3286 dicitur
1457 3244 1469 3282 :
1502 3228 1640 3283 Deus
1669 3228 1804 3284 stetit
1840 3228 1896 3282 in
1921 3243 2186 3300 synagoga

2281 2049 2453 2118 Asaph
2502 2064 2629 2104 vero
2677 2048 3144 2120 congregationem
3169 2047 3360 2103 Latina
3390 2047 3569 2118 lingua
3621 2061 3863 2104 resonare

2282 2157 2388 2198 non
2418 2140 2638 2196 dubium
2670 2151 2774 2196 est.
2815 2140 2920 2196 Sed
2960 2141 3062 2195 iste
3093 2139 3292 2212 Asaph,
3321 2139 3532 2210 quoties
3560 2139 3614 2194 in
3643 2129 3862 2194 medium

2282 2231 2587 2298 deducitur,
2633 2232 2770 2287 sicut
2805 2231 2913 2302 jam
2955 2231 3213 2299 diximus,
3255 2246 3360 2286 non
3400 2237 3484 2290 est
3526 2237 3716 2284 auctor
3761 2229 3862 2299 ipse

2283 2329 2538 2385 carminis
2565 2369 2582 2396 ,
2632 2327 2727 2384 sed
2776 2337 2992 2398 propter
3037 2325 3266 2381 nominis
3307 2323 3388 2380 sui
3434 2321 3862 2393 signiﬁcationem

2284 2423 2614 2492 virtutesque
2641 2420 2964 2490 psalmorum
2994 2428 3115 2490 apte
3145 2418 3314 2473 titulis
3341 2425 3426 2473 est
3453 2415 3750 2487 appositus.

2867 2534 3066 2588 Divisio
3096 2532 3300 2604 psalmi.

2369 2644 2581 2718 Asaph,
2627 2643 2716 2714 qui
2767 2641 2932 2698 multa
2977 2641 3082 2711 jam
3137 2641 3188 2696 in
3238 2639 3604 2710 superioribus
3655 2639 3866 2711 psalmis

2285 2739 2355 2796 de
2386 2739 2594 2793 Domini
2637 2737 3001 2793 incarnatione
3039 2733 3382 2806 praedixerat,
3423 2750 3564 2789 nunc
3610 2734 3668 2788 in
3699 2734 3865 2804 primo

2287 2832 2532 2888 membro
2586 2831 2652 2886 de
2702 2831 2932 2887 adventu
2984 2829 3102 2899 ejus
3155 2827 3392 2884 secundo
3454 2827 3697 2883 dicturus
3755 2835 3868 2883 est:

2289 2934 2548 2996 expetens
2586 2933 2640 2978 ut
2669 2924 2920 2994 quoniam
2967 2923 3018 2977 in
3050 2923 3156 2978 line
3184 2921 3364 2977 stecnli
3407 2921 3608 2976 inimici
3641 2920 3761 2990 ejus
3787 2933 3872 2990 pa

2283 3017 2681 3074 ‘Antichristum
2713 3017 2874 3072 nimis
2913 3015 3151 3086 erigendi
3180 3024 3324 3083 sunt,
3355 3016 3524 3086 ipsius
3551 3016 3664 3072 cito
3691 3015 3877 3074 debeat

2289 3113 2472 3169 venire
2493 3111 2752 3186 judicium
2783 3131 2797 3168 :
2823 3112 2982 3184 283
3009 3127 3076 3167 ne
3105 3111 3404 3184 gravissimi
3434 3110 3606 3166 hostis
3629 3110 3878 3168 diuturna

2290 3205 2502 3262 licentia
2543 3214 2787 3261 cunctam
2828 3215 3038 3260 vastare
3077 3205 3242 3275 possit
3277 3204 3591 3260 Ecclesiam.
3634 3205 3879 3262 Secundo

595 3327 848 3392 deorum;
888 3299 943 3380 et
979 3324 1240 3395 sequitur,
1275 3323 1330 3376 in
1357 3322 1525 3376 medio
1553 3330 1723 3375 autem
1752 3319 1874 3376 deos
1901 3299 2180 3375 discernit?

2292 3301 2537 3358 membro
2575 3299 2628 3355 in
2658 3315 2752 3356 eos
2780 3314 2878 3371 per
2904 3299 3282 3355 similitudines
3307 3299 3564 3371 quasdam
3607 3300 3881 3355 nominum

597 3417 755 3476 Stetit
778 3417 960 3488 utique
995 3417 1066 3471 ab
1095 3416 1444 3484 humanitate,
1473 3416 1710 3471 discrevit
1747 3429 1776 3470 a
1807 3414 2004 3472 deitate
2044 3429 2184 3472 unus

595 3516 761 3580 atque
805 3509 947 3567 idem
988 3510 1249 3566 Dominus
1290 3508 1574 3577 Christus;
1631 3518 1915 3580 utrumque
1964 3525 2184 3576 verum,

598 3610 885 3675 utrumque
913 3604 1206 3673 perlectum
1237 3613 1339 3660 est.
1387 3604 1530 3660 Talis
1557 3605 1702 3660 enim
1740 3618 1896 3659 error
1935 3611 2017 3659 est
2053 3605 2187 3659 duas
2289 3667 2294 3672 _

596 3704 819 3752 naturas
857 3696 1054 3752 divisas
1092 3697 1386 3753 secundum
1426 3697 1558 3753 duas
1588 3709 1844 3768 personas
1887 3695 1939 3751 in
1969 3694 2186 3751 Christo

597 3784 828 3843 Domino
874 3788 1132 3860 proﬁteri,
1184 3789 1358 3860 qualis
1406 3803 1565 3844 unam
1617 3788 1893 3844 confusam
1941 3787 2183 3856 credere,

593 3879 840 3948 quamvis
889 3878 944 3934 in
990 3878 1194 3936 unitate
1241 3894 1507 3950 personae.
1585 3878 1748 3936 Vobis
1793 3878 1935 3936 enim
1984 3879 2184 3936 Sedulii

595 3982 786 4026 versus
836 3970 926 4027 ille
965 3971 1226 4028 dicendus
1270 3985 1394 4028 est:

660 4071 814 4122 Ambo
835 4065 1009 4122 errore
1029 4085 1196 4136 pares,
1219 4085 1494 4137 quanquam
1512 4072 1702 4124 diversa
1724 4078 2009 4137 sequantur.

593 4160 725 4219 Nam
775 4164 820 4219 si
887 4163 1154 4221 hominem
1199 4165 1266 4220 ad
1299 4169 1304 4174 ’
1335 4166 1502 4222 ctelos
1561 4181 1667 4222 non
1723 4165 1953 4236 extulit,
2023 4166 2186 4224 dicite

593 4273 756 4330 quem
809 4259 1075 4315 redemit?
1130 4261 1378 4315 Formam
1431 4261 1694 4332 siquidem
1763 4262 1906 4317 servi
1977 4276 2187 4318 assum-

592 4360 762 4423 ptam,
819 4353 954 4425 legis
1007 4369 1110 4409 non
1167 4356 1524 4426 absumptam.
1579 4355 1716 4411 Nulli
1775 4367 1955 4413 autem
1999 4357 2182 4413 datum

591 4453 675 4502 est
712 4453 838 4501 tunc
876 4448 1073 4517 perire,
1106 4449 1318 4518 quando
1356 4466 1422 4507 ne
1461 4450 1746 4521 aliquando
1783 4453 1962 4521 perire
1990 4453 2182 4522 possit,

592 4539 819 4607 accepit.
867 4537 996 4594 Nam
1060 4541 1106 4596 si
1145 4539 1258 4612 jam
1321 4557 1424 4597 una
1476 4552 1662 4598 natura
1718 4543 1819 4600 sub
1867 4543 2186 4601 confusione

591 4632 767 4704 magis
815 4643 1011 4697 vestra,
1062 4649 1095 4689 ο
1144 4635 1484 4706 Eutychiani,
1534 4636 1668 4693 facta
1718 4647 1820 4705 est,
1864 4646 1924 4694 ut
1964 4641 2180 4710 putatis,

2292 3395 2557 3464 supplicat
2597 3393 2888 3461 vindicari,
2929 3391 3282 3450 correctionis
3325 3402 3471 3464 voto,
3515 3408 3626 3449 non
3665 3391 3878 3448 maledi-

2289 3493 2485 3547 ctionis
2514 3491 2798 3547 instinctu.

2835 3603 3100 3676 Expositio
3140 3603 3345 3678 psalmi.

2362 3724 2517 3780 Vers.
2561 3726 2611 3781 Ι.
2650 3721 2813 3793 Deus,
2857 3726 2970 3792 quis
3010 3723 3195 3779 similis
3221 3723 3316 3778 erit
3357 3720 3499 3777 tibi?
3568 3717 3655 3774 Ne
3696 3726 3876 3786 taceas,

2290 3834 2450 3888 neque
2475 3816 2834 3888 compescaris,
2869 3815 3024 3870 Deus.
3057 3815 3183 3872 Haec
3215 3814 3381 3886 ﬁgura
3412 3811 3612 3868 dicitur
3637 3810 3879 3882 epanale-

2290 3907 2423 3979 psis,
2472 3908 2522 3963 id
2565 3916 2648 3964 est
2691 3907 2839 3963 verbi
2881 3906 2935 3962 in
2977 3907 3238 3977 principio
3284 3918 3470 3960 versus
3509 3903 3694 3974 positi,
3737 3911 3790 3957 et
3829 3902 3877 3956 in

2290 4001 2529 4071 ejusdem
2566 4001 2669 4057 line
2699 3999 2966 4070 repetitio.
3025 3997 3481 4055 Considerandum
3511 4005 3596 4053 est
3624 3995 3749 4067 quid
3781 3991 3877 4050 sibi

2288 4093 2420 4149 velit
2459 4093 2598 4148 istud
2642 4092 2885 4163 initium,
2925 4093 3176 4163 quoniam
3217 4107 3424 4146 summa
3464 4090 3728 4147 brevitate
3767 4102 3877 4143 ma-

2289 4201 2515 4257 gnarum
2553 4201 2736 4242 rerum
2775 4194 3110 4242 sacramenta
3151 4184 3441 4242 concludit.
3489 4183 3616 4250 Quis
3643 4181 3786 4239 enim
3816 4181 3879 4234 si-

2288 4277 2431 4334 milis
2485 4280 2580 4334 erit
2637 4280 2712 4335 illi
2769 4281 2859 4350 qui
2911 4280 3103 4336 cmlnm
3159 4288 3214 4336 et
3269 4287 3506 4345 terram,
3558 4275 3644 4332 vel
3697 4283 3879 4331 cuncta

2288 4387 2410 4442 quae
2461 4371 2511 4427 in
2561 4373 2641 4428 eis
2682 4381 2830 4442 sunt,
2880 4381 3253 4439 momentanea
3302 4370 3579 4428 celeritate
3625 4367 3879 4440 perfecit?

2289 4461 2421 4522 Nam
2453 4463 2579 4521 licet
2607 4465 2868 4521 Dominus
2894 4465 3161 4532 Christus,
3193 4465 3285 4535 qui
3327 4465 3466 4519 inter
3488 4461 3709 4518 Iudaeos
3752 4476 3876 4517 con-

2291 4567 2537 4615 versatus
2566 4568 2670 4626 est,
2703 4575 2733 4614 a
2767 4559 2982 4630 perfidis
3017 4558 3318 4614 hominibus
3357 4556 3730 4612 tantummodo
3763 4569 3877 4610 cre-

2288 4649 2430 4706 ditus
2465 4657 2556 4706 est
2583 4666 2704 4706 esse
2743 4650 3069 4716 simillimus,
3105 4649 3159 4705 in
3191 4658 3394 4704 tantum
3437 4659 3495 4703 ut
3532 4664 3655 4704 eum
3687 4657 3740 4703 et
3787 4646 3880 4702 lla-

589 4726 861 4798 quomodo
903 4725 1071 4784 Filius
1113 4729 1344 4785 hominis
1380 4732 1446 4785 ad
1483 4731 1828 4800 judicandnm
1872 4709 2183 4803 prtedicitur
2208 4709 2264 4774 Β
2287 4742 2442 4812 gellis
2484 4742 2772 4807 crederent,
2818 4750 2874 4798 et
2909 4709 3190 4796 sententia:
3226 4741 3486 4810 pravitate
3521 4739 3878 4802 damnarent,

588 4817 766 4878 adhuc
802 4836 924 4878 esse
961 4825 1256 4880 venturus?
1305 4827 1410 4881 Ant
1449 4829 1718 4898 quomodo
1756 4827 1994 4885 videbunt
2033 4831 2182 4902 impii

588 4909 646 4966 in
682 4925 833 4980 quem
873 4925 1280 4983 compunxerunt
1325 4917 1510 4990 (Zach.
1545 4935 1636 4986 χιι,
1669 4919 1801 4992 10)?
1844 4923 2079 4993 Denique
2124 4933 2183 4979 ut

591 4999 707 5056 hac
743 5005 1021 5073 persuasio
1059 5005 1296 5064 funditus
1329 5011 1626 5078 tolleretur,
1676 5021 1796 5081 post
1830 5003 2183 5071 resurrectio-

589 5105 715 5148 nem
742 5091 962 5149 Thomas
991 5081 1254 5153 dubitanti
1289 5101 1404 5170 ipse
1433 5101 1712 5170 respondit
1745 5119 1758 5156 :
1795 5101 1945 5158 Mitte
1971 5121 2180 5159 manum

588 5191 730 5240 suam
766 5196 814 5241 et
857 5187 988 5257 vide,
1033 5193 1275 5263 quoniam
1323 5195 1538 5264 spiritus
1577 5212 1780 5250 carnem
1829 5208 1878 5253 et
1915 5215 2029 5254 ossa
2075 5216 2178 5254 non

588 5277 760 5348 habet,
805 5281 936 5336 sicut
983 5298 1063 5339 me
1107 5285 1287 5340 uidetis
1331 5286 1515 5342 habere
1563 5287 1741 5359 (Joan.
1788 5305 1876 5354 xx,
1901 5289 2005 5364 g7;
2048 5292 2177 5347 Luc.

588 5383 735 5440 xxrv,
761 5369 876 5442 '59).
921 5371 1274 5433 Considerate
1311 5378 1471 5433 etiam
1508 5371 1627 5450 qua:
1667 5396 1761 5438 vos
1803 5391 2056 5452 sequatur
2084 5385 2182 5442 ab-

586 5462 838 5520 surditas.
883 5464 1014 5522 Nam
1045 5481 1167 5522 cum
1197 5485 1266 5524 ex
1299 5469 1505 5524 duabus
1546 5472 1751 5529 naturis
1792 5489 1949 5528 unam
1982 5473 2175 5531 factam

585 5551 802 5627 dicitis,
857 5568 950 5616 aut
995 5563 1364 5617 confusionem
1421 5567 1731 5633 provenisse
1777 5567 2035 5633 creditis,
2086 5579 2177 5624 aut

586 5663 750 5706 unam
792 5653 1016 5723 periisse
1056 5655 1172 5709 sine
1223 5655 1435 5725 pudore
1468 5656 1711 5714 ﬁrmatis.
1756 5659 1892 5727 Quid
1939 5660 2178 5732 reingitis

585 5741 830 5798 conﬁteri
857 5743 998 5814 quod
1028 5744 1275 5802 Patribns
1305 5749 1535 5818 nostris,
1566 5749 1764 5819 Spiritu
1794 5759 1982 5806 sancto
2026 5768 2179 5808 reve-

588 5830 756 5898 lante,
797 5834 1166 5905 complacuit?
1202 5835 1363 5895 Certe
1391 5841 1433 5895 si
1464 5855 1569 5894 non
1599 5841 1758 5898 vultis
1787 5843 1919 5898 duas
1963 5855 2180 5902 naturas

588 5922 920 5997 inconfusus,
969 5926 1356 6004 lmmutabiles,
1407 5932 1696 6008 indivisas,
1748 5937 2182 6014 inseparatasque

2291 4833 2392 4890 iste
2433 4844 2608 4889 tamen
2653 4834 2734 4888 vir
2772 4833 3016 4904 egregius
3055 4833 3145 4904 qui
3172 4831 3439 4888 Christum
3480 4834 3735 4902 potentia:
3775 4843 3880 4885 sua:

2292 4925 2656 4995 magnitudine
2693 4924 3067 4991 contuebatur,
3100 4923 3292 4978 merito
3328 4923 3528 4978 nullum
3569 4923 3620 4976 ei
3650 4919 3880 4976 similem

2290 5031 2412 5072 esse
2450 5015 2751 5086 profitetur,
2785 5017 2875 5086 qui
2924 5017 3102 5070 carnis
3140 5019 3366 5070 veritate
3404 5014 3650 5081 vestitus,
3698 5011 3882 5068 divini-

2293 5113 2416 5164 tatis
2455 5125 2566 5165 snaa
2597 5109 2716 5180 jura
2759 5125 2865 5166 non
2909 5111 3140 5166 minuit:
3185 5109 3279 5166 sed
3323 5125 3443 5166 cum
3473 5109 3632 5165 Patre
3671 5121 3883 5178 εεωρει·

2289 5216 2535 5267 manens,
2578 5203 2854 5257 nobiscum
2897 5202 3140 5259 habitare
3179 5202 3427 5271 dignatus
3465 5211 3565 5257 εει.
3611 5201 3885 5260 Veracite:

2289 5309 2418 5365 ergo
2458 5294 2688 5363 positum
2733 5304 2860 5350 est:
2898 5294 3023 5362 Quis
3067 5295 3247 5349 similis
3292 5295 3386 5348 erit
3430 5294 3565 5348 tibi?
3610 5295 3884 5364 Sequitur,

2289 5385 2376 5442 Ne
2403 5397 2590 5454 taceas,
2623 5403 2782 5452 neque
2811 5388 3167 5457 compescaris,
3202 5385 3358 5441 Deus.
3385 5385 3482 5442 llic
3505 5385 3619 5458 jam
3653 5385 3884 5456 pOIentia

2290 5479 2379 5534 illa
2412 5479 2574 5534 futuri
2607 5479 2913 5534 declaratur
2939 5479 3238 5547 adventus,
3271 5481 3483 5551 quando
3510 5498 3603 5535 nec
3633 5490 3770 5535 tacet
3799 5479 3884 5552 qui

2278 5570 2504 5643 jndicat,
2536 5588 2626 5626 nec
2654 5573 2992 5645 compescitur
3032 5574 3124 5643 qui
3164 5574 3377 5628 virtutis
3417 5589 3529 5629 suae
3571 5573 3884 5628 manifesta-

2286 5668 2431 5721 tionc
2460 5665 2777 5721 declaratur.
2814 5666 2960 5722 Talia
3006 5666 3147 5723 enim
3194 5668 3243 5722 in
3282 5668 3456 5737 primo
3499 5667 3740 5723 adventu
3784 5681 3884 5722 non

2288 5758 2453 5813 fuisse
2497 5759 2838 5813 manifestum
2859 5769 2983 5834 _cst,
3019 5759 3232 5829 quando
3259 5758 3406 5816 Sicut
3437 5759 3543 5813 ovis
3573 5759 3644 5812 ad
3676 5758 3887 5815 occisio-

2289 5869 2406 5906 nem
2436 5853 2617 5906 duclus
2649 5863 2742 5920 est,
2779 5861 2826 5907 et
2857 5853 2987 5908 sicut
3028 5871 3194 5925 agnus
3231 5871 3404 5908 coram
3436 5856 3678 5909 tondente
3702 5871 3780 5923 se,
3817 5853 3890 5910 sic

2293 5961 2395 6002 non
2418 5948 2614 6017 aperuit
2648 5963 2701 6004 os
2732 5963 2882 6004 suum
2922 5945 3075 6022 (Isai.
3105 5962 3221 6016 Llll,
3254 5947 3332 6022 7).
3373 5946 3699 6023 Compescutl
3726 5946 3886 6014 etiam
