4092 6344
306 333 411 390 597

1201 323 1557 384 EXPOSITIO
1596 325 1664 383 IN
1704 323 2164 384 PSALTERIUM.
2208 325 2402 384 PSAL.
2444 326 2705 384 LXXXII.

3483 328 3586 384 598

308 444 561 499 virtutem
610 452 782 506 suam,
836 434 1048 508 quando
1096 450 1155 493 se
1194 450 1383 506 passus
1425 446 1507 494 est
1548 438 1700 510 quasi
1748 451 1899 493 reum
1930 440 1982 500 Α
2007 437 2281 493 invidiam;
2356 438 2508 507 Quod
2554 439 2849 510 argumenti
2895 452 3063 511 genus
3103 444 3345 496 oratores
3387 440 3455 495 ad
3492 454 3587 497 sua

309 535 519 602 teneri,
584 543 637 589 et
689 530 879 586 Pontio
930 528 1099 586 Pilato
1150 531 1266 586 sine
1323 531 1498 602 aliqua
1555 531 1905 587 reluctatione
2006 530 2182 587 studia
2247 532 2663 598 transferentes,
2728 531 2935 586 animos
2971 530 3210 601 iudicum
3261 530 3407 587 soliti
3466 537 3593 585 sunt

310 625 575 682 eontradi.
618 623 723 679 Ista
762 624 902 679 enim
936 623 989 677 in
1018 623 1191 677 futura
1227 622 1556 692 judicatione
1594 622 1904 690 cessabunt,

315 716 408 773 ubi
444 716 675 785 potentia
704 713 991 768 divinitatis
1022 714 1309 769 elucescet.

386 808 541 864 Vers.
572 808 626 861 2.
673 807 934 875 Quoniam
963 822 1076 861 ecce
1102 807 1297 860 inimici
1324 806 1397 859 tui
1420 812 1720 871 sonuerunt,
1748 812 1796 859 et
1814 805 1908 877 "qui

315 904 533 956 oderunt
572 911 620 955 te
645 900 938 955 extulerunt
968 910 1137 968 caput.
1187 898 1402 969 Singula
1442 898 1664 968 singulis
1708 896 1904 951 reddit.

316 994 449 1049 Nam
502 1004 687 1048 contra
737 993 867 1047 illud
915 992 1055 1061 quod
1100 992 1195 1056 ait,
1249 989 1332 1044 Ne
1377 998 1565 1055 taceas,
1613 987 1905 1058 subiungit,

320 1086 577 1149 Quoniam
628 1097 740 1139 ecce
792 1084 991 1138 inimici
1045 1084 1118 1137 tui
1170 1092 1492 1146 sonuerunt;
1542 1091 1726 1137 contra
1782 1079 1909 1135 illud

317 1190 497 1232 autem
526 1177 665 1247 quod
694 1177 842 1241 dixit,
877 1192 1036 1245 neque
1072 1176 1427 1246 compescaris,
1465 1190 1679 1231 causam
1710 1174 1907 1241 reddit,

321 1280 370 1323 et
408 1271 494 1340 qui
530 1270 743 1323 oderunt
784 1277 831 1323 te
868 1269 1157 1324 extulerunt
1198 1278 1368 1339 caput.
1444 1266 1550 1322 Sed
1591 1265 1691 1321 hoc
1743 1274 1911 1320 totum

321 1361 391 1416 ad
428 1362 740 1416 Antichristi
783 1364 949 1431 magis
992 1369 1233 1431 tempora
1271 1368 1640 1429 competenter
1678 1366 1910 1427 aptatur,

323 1454 537 1523 quando
578 1453 775 1507 inimici
804 1454 1011 1508 Domini
1053 1450 1394 1507 tumultuosis
1434 1449 1786 1506 seditionibus
1826 1451 1911 1505 in-

322 1546 611 1601 sonahunt.
649 1546 714 1601 Et
753 1547 888 1600 bene
932 1560 1038 1600 non
1082 1546 1290 1613 posuit,
1323 1542 1486 1597 locuti
1529 1550 1673 1611 sunt,
1705 1541 1800 1596 sed
1831 1555 1915 1595 so-

323 1648 583 1702 nuerunt;
622 1650 677 1693 ut
715 1639 791 1692 eis
823 1638 1096 1692 hominum
1138 1638 1328 1691 merito
1368 1642 1690 1705 negarentur
1726 1634 1912 1699 verba,

324 1731 418 1801 qui
447 1746 604 1786 voces
644 1729 985 1786 rationabiles
1015 1744 1117 1784 non
1151 1728 1437 1783 habebant.
1496 1727 1716 1782 intende
1755 1727 1915 1781 etiam

2006 624 2330 680 omnimodis
2360 638 2721 680 commovere.

2080 715 2229 771 Vers.
2269 717 2322 771 6.
2364 716 2720 771 Tabernacula
2754 716 2779 770 1
2790 719 3129 784 dumorum,
3161 725 3209 772 et
3239 712 3597 771 Ismahelituns

2010 807 2135 881 (ms.
2171 812 2262 877 A.,
2294 808 2377 875 F.,
2411 805 2769 880 Ismahelitte].

2081 898 2235 953 Vers.
2277 902 2331 954 ‘7.
2376 898 2555 965 Moab,
2598 908 2645 952 et
2688 899 2933 969 Agareni,
2981 899 3160 965 Gebal,
3206 904 3257 953 et
3285 897 3520 963 Ammon,
3552 905 3599 949 et

2012 992 2223 1047 Amalec
2255 1009 2273 1048 :
2312 1000 2360 1049 et
2390 994 2691 1065 alienigena:
2720 1009 2834 1046 cum
2865 992 3208 1047 habitantibus
3241 990 3453 1061 Tyrum.

2084 1085 2237 1141 Vers.
2281 1086 2336 1141 8.
2379 1086 2584 1139 Etenim
2615 1084 2775 1140 Assur
2806 1086 2960 1139 simul
2985 1085 3118 1139 venit
3148 1098 3264 1137 cum
3291 1082 3396 1136 illis
3427 1096 3447 1135 :
3478 1081 3603 1152 facti

2013 1189 2130 1235 sunt
2167 1181 2220 1234 in
2258 1181 2630 1249 susceptionem
2674 1176 2796 1242 [iliis
2831 1178 2948 1234 Lot.
2999 1176 3342 1233 Enumeratio
3380 1175 3604 1229 istorum

2016 1277 2291 1331 nominum
2323 1290 2482 1344 quam
2521 1274 2576 1328 hi
2607 1283 2714 1329 tres
2745 1288 2931 1329 versus
2962 1272 3377 1342 amplectuntur,
3406 1268 3604 1323 Christi

2016 1369 2255 1425 declarat
2279 1369 2525 1423 inimicos
2547 1409 2562 1434 ,
2586 1382 2811 1437 quorum
2836 1366 3258 1437 signiﬁcationes
3279 1362 3605 1432 aperiamus,

2017 1468 2076 1517 ut
2095 1461 2273 1515 omnia
2299 1460 2628 1529 temporibus
2646 1458 2966 1514 Antichristi
2989 1470 3285 1527 congruere
3303 1454 3603 1510 videantur.

2018 1551 2242 1607 Idumwi
2282 1555 2702 1620 interpretantur
2753 1550 2835 1605 vel
2890 1549 3166 1619 sanguinei
3231 1546 3316 1602 vel
3377 1545 3605 1609 terreni;

2020 1643 2336 1698 Ιεηιαιιειὶιω
2388 1645 2701 1699 obedientes
2740 1642 2957 1710 mundo,
3012 1656 3116 1696 non
3158 1640 3410 1704 Domino;
3452 1637 3607 1691 Moab

2019 1740 2083 1792 ex
2105 1744 2276 1805 patre,
2296 1735 2437 1805 quod
2467 1735 2559 1790 tali
2589 1734 2752 1790 modo
2779 1733 3044 1805 signiﬁcat
3072 1740 3431 1803 peceatorem,
3461 1736 3518 1782 ut
3541 1726 3609 1783 ad

325 1823 470 1893 quod
504 1823 691 1892 plurali
724 1838 945 1877 numero
974 1821 1140 1887 dixit,
1171 1822 1257 1888 qui
1287 1822 1535 1884 oderunt;
1566 1829 1618 1874 et
1648 1818 1909 1887 sequitur,

2024 1840 2224 1899 patrem
2243 1829 2413 1884 Adam
2434 1828 2551 1899 ejus
2572 1827 2934 1886 inobedientia
2961 1827 3257 1891 referatur;
3282 1822 3526 1896 Agareni,
3553 1819 3611 1875 id

327 1914 623 1969 extulerunt
663 1924 837 1984 caput,
884 1914 1009 1968 dum
1055 1914 1222 1982 capita
1265 1913 1444 1966 dicere
1482 1913 1781 1973 potuisset:
1819 1907 1915 1963 sed

327 2008 576 2061 omnibus
615 2007 815 2061 insanis
846 2022 1008 2061 unum
1038 2013 1117 2061 est
1145 2013 1303 2075 caput
1330 2002 1707 2058 Antichristus.
1760 2000 1913 2068 Quod

328 2092 451 2155 ideo
490 2100 612 2154 dicit
649 2101 864 2165 elatum,
905 2100 1028 2170 quia
1071 2098 1230 2151 multa
1275 2104 1535 2165 potestate
1580 2092 1913 2163 gloriabitur,

328 2210 389 2252 ut
416 2214 472 2253 se
502 2210 657 2254 etiam
692 2191 845 2254 deum
874 2192 1056 2248 dicere
1085 2198 1363 2257 praesumat
1392 2186 1685 2243 excelsum.

404 2295 558 2351 Vers.
598 2298 651 2353 3.
692 2298 759 2351 In
789 2297 984 2367 plebem
1016 2308 1156 2350 tuam
1184 2298 1345 2347 astute
1370 2285 1718 2364 cogitaverunt
1746 2281 1919 2336 consi-

329 2388 479 2457 lium,
521 2401 567 2445 et
606 2393 950 2462 cogitaverunt
994 2393 1236 2445 adversus
1278 2399 1477 2443 sanctos
1526 2397 1659 2442 tuos.
1707 2378 1916 2444 Risoria

330 2484 509 2551 potius
567 2500 722 2554 quam
782 2484 1007 2539 dolenda
1066 2482 1416 2552 conqueSIio,
1472 2490 1656 2535 contra
1707 2479 1917 2550 plebem

329 2573 546 2629 Domini
577 2577 841 2644 cogitasse
873 2576 1157 2644 perituros,
1184 2582 1234 2627 et
1264 2582 1440 2627 astuta
1472 2569 1723 2637 falsitate,
1754 2567 1808 2622 id
1839 2574 1920 2623 est

328 2664 517 2719 dolosa
548 2667 819 2720 voluntate
847 2667 991 2720 nisos
1019 2680 1137 2719 esse
1164 2664 1430 2732 decipere,
1462 2676 1595 2732 quos
1624 2660 1920 2730 probantur

326 2756 576 2811 veritatis
622 2756 794 2810 studia
836 2756 1185 2811 communire.
1235 2754 1341 2809 Sed
1380 2765 1435 2808 ut
1472 2752 1698 2822 amplius
1734 2766 1920 2807 eorum

328 2848 524 2905 levitas
553 2858 945 2919 exponeretur,
989 2850 1186 2904 addidit
1216 2868 1228 2902 :
1262 2850 1510 2905 Adversus
1542 2858 1741 2903 sanctos
1772 2858 1920 2915 tuos;

330 2950 394 2996 ut
423 2958 525 2995 non
557 2945 728 2996 solum
761 2943 1115 2997 mediocribus
1146 2942 1322 2996 dolum
1345 2984 1359 3011 ,
1385 2958 1568 2997 verum
1601 2943 1761 2997 etiam
1792 2943 1922 3013 ipsis

331 3035 727 3105 quodammodo
788 3037 1096 3092 coelestibus
1150 3037 1279 3092 viris
1341 3036 1535 3117 inferre
1599 3045 1924 3093 conarentur

333 3129 583 3183 exitium.

2018 1931 2097 1978 est
2111 1923 2332 1978 advenae
2350 1941 2363 1989 ;
2384 1922 2564 1990 Gebal,
2581 1924 2732 1979 vallis
2748 1937 2915 1990 vana;
2940 1923 3180 1987 Ammon,
3196 1918 3426 1989 populus
3442 1915 3609 1971 turbis

2019 2013 2147 2080 dus;
2174 2013 2417 2068 Amalech
2448 2016 2676 2084 populus
2702 2016 2933 2085 lingens,
2965 2015 3014 2068 id
3046 2024 3123 2068 est
3154 2010 3411 2067 fallaciter
3452 2007 3608 2064 blan-

2019 2108 2201 2175 diens;
2226 2107 2388 2178 Tyrus
2414 2108 2653 2179 angustia
2679 2126 2693 2175 ;
2718 2108 2881 2163 Assur
2905 2122 3001 2177 pro
3022 2107 3138 2176 ipso
3168 2105 3382 2160 diabolo
3403 2102 3611 2174 positus

2020 2209 2119 2265 est,
2146 2202 2235 2270 qui
2258 2216 2445 2257 revera
2467 2202 2628 2256 simul
2649 2215 2773 2256 cum
2791 2202 2871 2255 eis
2898 2200 3044 2254 venit
3068 2198 3135 2253 ad
3157 2201 3609 2268 oppugnationem

2021 2292 2291 2360 ﬁdelium;
2343 2293 2442 2348 Lot
2481 2295 2757 2350 declinans
2798 2295 3211 2362 interpretatur;
3245 2290 3388 2345 unde
3416 2288 3612 2343 merito

2022 2374 2350 2440 talenomen
2374 2387 2429 2440 in
2455 2388 2562 2443 line
2592 2388 2823 2457 positum
2845 2395 2949 2455 est,
2982 2399 3043 2440 ac
3070 2384 3116 2440 si
3148 2382 3349 2437 diceret
3376 2399 3389 2433 :
3423 2377 3613 2433 Omnes

2021 2486 2419 2547 declinaverunt,
2461 2481 2618 2535 simul
2656 2480 2863 2535 inutiles
2908 2481 3031 2550 facti
3076 2488 3193 2534 sunt
3218 2493 3238 2533 :
3266 2493 3369 2532 non
3411 2484 3486 2531 est
3524 2475 3613 2544 qui

2022 2580 2179 2646 faciat
2221 2579 2426 2644 bonum,
2456 2590 2557 2632 non
2593 2585 2669 2633 est
2709 2590 2868 2645 usque
2896 2574 2961 2629 ad
2992 2588 3151 2627 unum
3183 2569 3357 2645 (Psol.
3388 2585 3501 2635 χιιι,
3531 2566 3609 2639 5).

2024 2669 2148 2723 Haec
2192 2671 2334 2725 enim
2384 2672 2536 2725 turba
2591 2670 2920 2739 perditorum
2968 2681 3089 2735 quae
3134 2666 3234 2720 sub
3275 2662 3610 2719 Antichristo

2022 2762 2395 2831 congreganda
2424 2770 2526 2829 est,
2559 2761 2819 2817 allusione
2863 2762 3045 2815 talium
3091 2757 3365 2814 nominum
3394 2754 3611 2809 eviden-

2024 2862 2106 2907 ter
2136 2867 2389 2923 expressa
2422 2863 2527 2921 est,
2558 2863 2616 2909 ut
2644 2854 2837 2910 merito
2869 2860 2947 2907 tot
2976 2854 3239 2907 malorum
3266 2848 3525 2907 vocabula
3560 2847 3614 2904 in

2023 2947 2114 3002 illa
2161 2947 2491 3017 intelligeres
2539 2948 2695 3018 plebe
2748 2955 3027 3017 congesta.
3085 2942 3391 2999 Meminisse
3439 2948 3615 2997 autem

2023 3037 2284 3094 debemus
2307 3039 2405 3095 hos
2429 3054 2614 3095 versus
2647 3054 2739 3108 per
2766 3039 2987 3109 ﬁguram
3013 3036 3425 3109 polysyntheton
3451 3034 3616 3089 fuisse

2024 3132 2315 3199 decursns;
2339 3146 2474 3203 quos
2502 3132 2547 3187 si
2578 3131 2806 3187 sollicite
2836 3130 3060 3199 relegas,
3088 3130 3326 3200 reperies
3351 3141 3445 3185 eos
3476 3127 3616 3183 mul-

410 3218 562 3275 Vers.
600 3221 655 3277 4.
696 3220 948 3276 Dixerunt
999 3238 1017 3277 :
1068 3222 1268 3287 Venite,
1322 3223 1681 3292 disperdamus
1730 3237 1813 3277 eos
1858 3220 1921 3274 de
1948 3202 1995 3270 C
2028 3224 2092 3278 tis
2122 3202 2589 3293 conjunctionibus
2621 3238 2742 3279 esse
2772 3222 3074 3293 copulatus.

334 3320 498 3383 gente,
532 3321 578 3367 et
615 3329 715 3368 non
756 3327 1064 3369 memoretur
1104 3331 1287 3369 nomen
1318 3314 1487 3371 Israel
1522 3316 1762 3386 amplius.
1816 3314 1922 3368 Re—

335 3405 437 3460 lert
476 3405 652 3462 inania
690 3408 849 3463 verba
893 3408 1241 3469 dementiam,
1284 3424 1405 3479 quae
1446 3407 1638 3465 merito
1676 3408 1922 3477 superius

335 3499 581 3557 sonuisse
622 3503 798 3571 posuit
835 3518 993 3573 quam
1040 3504 1247 3559 locutos
1294 3503 1404 3558 Hac
1440 3502 1585 3559 enim
1626 3502 1922 3558 intentione

335 3591 578 3649 facienda
635 3605 717 3650 est
740 3593 1054 3651 Antichristi
1108 3596 1410 3667 persecutio
1464 3598 1551 3653 illa
1602 3597 1916 3665 saevissima,

335 3692 399 3738 ut
427 3683 784 3741 Christianum
816 3704 1010 3744 nomen
1041 3688 1109 3744 de
1147 3690 1279 3745 orbe
1326 3699 1587 3746 terrarum
1619 3690 1774 3761 quasi
1804 3703 1921 3743 ma-

336 3773 446 3829 lum
498 3778 712 3848 aliquod
759 3778 998 3835 funditus
1048 3780 1336 3851 abrogetur
1385 3798 1402 3838 :
1458 3782 1759 3837 nescientes
1800 3779 1921 3851 quia

334 3868 465 3924 dum
500 3887 688 3927 servos
717 3872 915 3929 Christi
956 3890 1147 3933 necare
1183 3877 1428 3945 cupiunt,
1472 3886 1781 3931 sanctorum
1822 3891 1924 3929 nu-

335 3951 545 4018 merum
589 3966 799 4021 assidua
838 3968 1212 4037 persecutione
1249 3968 1615 4038 complebunt.
1667 3967 1744 4021 De
1779 3966 1929 4039 gente

340 4064 518 4109 autem
547 4057 686 4126 quod
716 4060 894 4129 posuit
933 4075 1154 4115 numero
1194 4060 1487 4130 singulari,
1525 4058 1788 4130 signiﬁcat
1826 4072 1925 4129 po-

339 4146 525 4217 pulum
556 4149 944 4218 Christianum;
994 4166 1118 4207 nam
1152 4153 1396 4223 quamvis
1425 4152 1492 4208 de
1534 4151 1716 4207 multis
1755 4154 1926 4222 genti-

337 4237 440 4294 bus
470 4241 722 4297 doceatur
748 4258 868 4299 esse
896 4244 1174 4314 collectus,
1205 4246 1396 4301 merito
1418 4262 1540 4317 gens
1567 4245 1767 4301 dicitur
1798 4260 1924 4313 una,

337 4348 459 4403 qua:
507 4334 571 4389 de
615 4351 721 4390 uno
767 4335 911 4393 fonte
956 4338 1291 4409 baptismatis
1342 4340 1583 4395 noscitur
1627 4352 1749 4395 esse
1798 4342 1927 4410 pro-

338 4436 540 4481 creata.
616 4428 743 4485 Sive
790 4431 881 4485 ille
935 4442 1245 4502 persecutor
1290 4448 1449 4489 unam
1494 4441 1704 4504 gentem
1749 4433 1930 4490 dicere

338 4522 535 4590 pctuit,
581 4536 714 4593 quos
754 4523 806 4577 in
846 4538 1003 4578 unam
1050 4525 1375 4581 voluntatem
1418 4526 1649 4582 sociatos
1683 4540 1803 4582 esse
1834 4540 1930 4582 c0-

2100 3313 2251 3368 Vers.
2297 3314 2348 3368 9.
2400 3312 2513 3367 Fac
2553 3314 2659 3368 illis
2705 3315 2834 3367 sicut
2864 3311 3104 3378 Madiart,
3138 3318 3187 3365 et
3218 3310 3445 3380 Sisara;
3488 3313 3617 3371 sicut

2022 3404 2179 3459 Jabin
2206 3406 2260 3459 in
2294 3413 2514 3460 torrente
2544 3404 2747 3460 Cisson.

2095 3497 2251 3554 Vers.
2293 3500 2382 3556 10.
2424 3498 2773 3570 Disperierunt
2814 3498 2866 3551 in
2894 3495 3080 3552 Entlor
3101 3513 3121 3564 ;
3164 3498 3285 3567 facts
3325 3504 3445 3553 sunt
3483 3499 3617 3561 sicut

1986 3666 1989 3669 Α
2024 3602 2221 3647 stercus
2252 3600 2420 3649 terrm.
2453 3593 2611 3648 Venit
2640 3592 2707 3647 ad
2737 3591 3029 3647 secundam
3074 3598 3315 3661 partem,
3363 3592 3451 3647 ubi
3494 3606 3618 3661 pro-

2027 3683 2223 3752 phetiae
2281 3685 2470 3754 spiritu
2525 3685 2605 3740 eis
2662 3684 2887 3742 retribui
2941 3686 3263 3756 deprecatur
3321 3687 3617 3745 secundum

2027 3774 2191 3847 284
2231 3777 2477 3831 ordinem
2519 3776 2837 3832 futurorum.
2885 3778 2952 3833 Et
2988 3779 3112 3848 quia
3151 3779 3397 3849 superius
3442 3794 3619 3835 mores

2027 3883 2214 3926 eorum
2241 3885 2335 3938 per
2355 3870 2571 3924 nomina
2598 3870 2821 3925 collecta
2844 3870 3223 3939 descripserat,
3250 3885 3389 3927 nunc
3408 3880 3618 3939 quoque

2029 3963 2407 4018 retributiones
2447 3963 2526 4017 eis
2551 3977 2644 4030 per
2681 3962 3057 4017 similitudines
3100 3962 3335 4032 gentium
3368 3961 3490 4016 ﬁeri
3531 3960 3617 4015 de-

2029 4060 2299 4126 precatur,
2326 4070 2458 4125 quas
2485 4055 2811 4111 lsraeliticus
2834 4056 3085 4125 populus,
3120 4056 3347 4111 Domino
3369 4055 3615 4128 iuvante,

2029 4147 2321 4217 superavit.
2352 4144 2568 4201 Madian
2603 4146 2984 4216 interpretatur
3022 4146 3300 4202 declinans
3324 4147 3615 4217 judicium;

2032 4238 2238 4307 Sisara,
2258 4238 2433 4310 gaudii
2460 4238 2731 4305 exclusio;
2764 4237 2942 4306 Jatn'n,
2961 4240 3193 4310 sapiens,
3216 4238 3308 4295 sed
3333 4241 3435 4295 iste
3462 4254 3618 4294 mun-

2029 4333 2236 4399 danus;
2280 4333 2348 4389 de
2376 4347 2479 4403 quo
2506 4332 2793 4401 Apostolus
2818 4333 2891 4388 ait
2921 4350 2934 4387 :
2968 4331 3067 4388 Ubi
3091 4334 3315 4403 sapiens,
3340 4333 3429 4387 ubi
3452 4332 3620 4387 scriba

2034 4427 2090 4501 (Ι
2120 4427 2239 4483 Cor.
2270 4443 2308 4495 ι,
2333 4428 2464 4498 20)?
2509 4426 2611 4496 Qui
2657 4441 2842 4485 omnes
2885 4430 2938 4484 in
2978 4438 3193 4484 torrente
3234 4428 3433 4495 Cisson,
3467 4438 3522 4485 et
3566 4430 3619 4482 in

2034 4518 2215 4573 Endor
2281 4518 2429 4575 fonte
2482 4522 2775 4589 perierunt.
2847 4521 3107 4590 Faetique
3151 4530 3270 4575 sunt
3324 4529 3378 4574 ut
3425 4529 3618 4575 stercus

338 4613 544 4682 gnovit.
578 4613 682 4669 Seu
702 4622 796 4684 per
818 4616 1037 4687 ﬁguram
1068 4618 1314 4691 exallage
1342 4626 1519 4690 potest
1546 4619 1737 4688 accipi,
1764 4618 1817 4673 id
1846 4627 1930 4674 est
1958 4599 2012 4660 Ῑ)
2038 4621 2205 4681 terra,
2235 4612 2361 4668 dum
2393 4612 2655 4669 cadavera
2686 4627 2873 4667 eorum
2906 4612 3171 4682 corporali
3200 4611 3480 4682 putredine
3511 4613 3620 4665 sol-

340 4726 435 4779 per
464 4712 842 4778 mutationem,
874 4713 1087 4784 quando
1114 4730 1211 4787 pro
1240 4730 1463 4771 numero
1491 4715 1681 4786 plurali
1713 4714 1928 4786 ponitur

339 4802 652 4872 singularis.

418 4899 567 4954 Vers.
594 4900 646 4955 5.
679 4890 930 4968 Quoniam
957 4904 1299 4976 cogitaverunt
1324 4921 1625 4961 consensum
1653 4906 1705 4959 in
1733 4918 1924 4958 unum:

338 4994 609 5049 adversum
649 5004 696 5052 te
734 5007 1085 5052 testamentum
1124 4994 1504 5068 disposuerunt.
1549 4999 1924 5056 Testamentum

340 5083 393 5138 in
422 5084 616 5141 divinis
644 5085 933 5158 Scripturis
965 5104 1070 5144 non
1118 5090 1289 5145 solum
1333 5090 1528 5145 dicitur
1567 5100 1922 5160 mortuorum,

339 5176 432 5232 sed
484 5180 643 5234 etiam
693 5190 901 5249 pactum
951 5180 1089 5235 inter
1131 5181 1281 5235 vivos
1328 5182 1566 5236 habitum
1616 5200 1630 5235 :
1671 5183 1925 5253 quoniam

331 5277 550 5335 mentes
581 5272 959 5340 paciscentium
989 5274 1348 5330 interveniens
1372 5275 1645 5342 Scriptura
1675 5284 1922 5330 testatur.

339 5360 431 5418 Sic
467 5364 609 5418 enim
641 5362 819 5419 Laban
861 5374 913 5420 et
937 5364 1102 5421 Jaeob
1137 5365 1325 5420 iecisse
1366 5366 1592 5436 legimus
1630 5373 1923 5423 testamen-

340 5462 452 5509 tum
486 5452 637 5523 (Gcn.
666 5470 823 5522 nu,
850 5454 968 5526 44),
997 5456 1122 5510 dum
1165 5456 1341 5525 aliqua
1387 5456 1529 5510 inter
1558 5470 1618 5512 se
1641 5456 1748 5511 vivi
1782 5458 1932 5528 pepi-

338 5548 479 5619 gisse
511 5550 820 5605 doceantur.
872 5550 1088 5605 Pactum
1121 5552 1264 5605 enim
1296 5550 1689 5621 quodammodo
1715 5559 1769 5607 et
1809 5569 1931 5621 per-

336 5642 438 5698 diti
471 5642 661 5700 fecisse
690 5645 958 5711 dicuntur,
992 5645 1205 5716 quando
1246 5646 1478 5701 adunato
1520 5647 1699 5701 studio
1726 5661 1927 5717 perse-

337 5748 576 5808 quuntur
616 5754 710 5795 eos
763 5740 850 5810 qui
895 5739 962 5794 ab
1006 5756 1191 5795 eorum
1242 5757 1426 5797 errore
1474 5741 1813 5797 dissentiunt.
1861 5744 1926 5799 Et

2031 4714 2319 4772 verentur;
2351 4705 2490 4760 sicut
2530 4704 2768 4775 legitur:
2800 4703 2960 4759 Terra
3006 4721 3058 4761 es
3100 4714 3146 4760 et
3186 4706 3241 4758 in
3291 4710 3478 4757 terram
3524 4704 3620 4759 ibis

2033 4797 2187 4872 (Gen.
2215 4814 2295 4868 Ill,
2326 4797 2439 4868 l9).
2489 4797 2583 4853 His
2613 4798 2773 4866 igitur
2812 4798 2901 4868 qui
2932 4798 2985 4853 in
3014 4812 3110 4853 sua
3152 4799 3439 4867 pertinacia
3470 4812 3621 4852 man-

2031 4893 2141 4946 suri
2191 4900 2336 4959 sunt,
2387 4891 2579 4946 similis
2628 4900 2843 4960 optatur
2887 4904 3109 4946 occasus
3143 4908 3157 4944 :
3189 4890 3313 4961 quia
3357 4890 3495 4946 sicut
3541 4890 3619 4947 illi

2034 4991 2222 5038 contra
2252 4983 2601 5040 lsraeliticum
2624 4983 2901 5052 populum,
2927 4982 2997 5037 ita
3027 4982 3109 5038 isti
3134 4982 3408 5039 bellabunt
3431 4992 3619 5043 contra

2034 5077 2376 5136 ﬁdelissimos
2418 5080 2561 5136 illius
2589 5081 2864 5149 temperis,
2901 5081 3084 5151 utique
3111 5080 3466 5137 Christianos.

2106 5183 2259 5238 Vers.
2292 5181 2379 5238 H.
2423 5182 2568 5238 Pone
2592 5182 2846 5255 principes
2873 5196 3051 5239 eorum
3077 5186 3210 5241 sicut
3236 5172 3390 5252 Oreb‘,
3422 5193 3467 5239 et
3493 5170 3607 5253 Zc'ln

2033 5282 2081 5329 et
2126 5274 2312 5340 Zebee,
2366 5285 2415 5329 et
2453 5275 2730 5341 Salmana,
2784 5292 2956 5331 omnes
3003 5278 3261 5349 principes
3308 5282 3503 5331 eorum.
3561 5264 3613 5330 lu

2033 5367 2241 5423 eisdem
2273 5367 2771 5423 enumerationibus
2819 5380 3147 5439 perseverat,
3179 5370 3265 5425 ubi
3296 5370 3408 5425 sola
3442 5370 3606 5423 nomi-

2036 5472 2162 5513 num
2212 5460 2518 5529 explanatio
2565 5461 2869 5516 necessaria
2913 5470 3013 5516 est.
3068 5461 3331 5518 Caeterum
3378 5461 3444 5515 ad
3486 5474 3612 5530 quat

2034 5564 2223 5607 causas
2252 5552 2426 5622 posita
2457 5561 2608 5620 sunt,
2654 5555 2898 5622 proxime
2941 5570 3038 5611 nos
3070 5556 3270 5611 dixisse
3302 5554 3618 5609 retinemus.

2036 5647 2167 5701 Oreb
2213 5648 2425 5701 siccitas
2460 5648 2868 5717 interpretatur;
2902 5649 3024 5716 Zeb,
3059 5652 3233 5721 lupus,
3277 5659 3329 5704 et
3357 5647 3516 5701 Zebee
3542 5645 3618 5699 vi-

2031 5743 2226 5807 ctima;
2280 5741 2529 5795 Salmana
2575 5751 2753 5798 autem
2806 5744 2992 5797 umbra
3044 5742 3436 5798 commotionis.
3493 5738 3619 5793 llzec

338 5826 546 5903 inspice
571 5830 823 5903 quoniam
851 5830 1097 5895 dicendo,
1130 5841 1308 5888 contra
1338 5842 1416 5905 te,
1447 5831 1768 5920 adversariis
1798 5832 1926 5893 fecit
2030 5835 2207 5894 omnia
2248 5834 2508 5893 exercitui
2547 5844 2695 5908 optat
2715 5835 3052 5907 Antichristi,
3083 5838 3173 5910 qui
3213 5835 3354 5894 nulla
3394 5838 3617 5893 sortier—
