4062 6344
515 332 616 389 5’99

1745 319 1812 373 M.
1858 308 2141 370 AURELII
2177 308 2600 368 CASSIODORI

3689 305 3796 364 600

515 444 668 500 sione
696 441 938 500 samum
967 448 1114 510 sum,
1134 455 1360 514 quorum
1391 440 1445 495 in
1475 438 1606 509 ipsis
1633 450 1844 509 quoque
1875 431 2104 489 nomini-1
2128 429 2184 489 Α
2205 427 2449 497 impletur
2473 424 2775 499 ignominia,
2805 423 2896 495 qui
2934 427 3274 500 peccatorum
3317 435 3537 479 suorum
3565 434 3678 479 non
3706 421 3797 478 iu-

516 535 616 590 bus
656 534 955 592 tenebrosis
985 533 1314 590 detestabilis
1335 532 1444 602 jam
1472 545 1656 586 eorum
1702 526 1934 584 sentitur
1961 525 2100 580 inte-

517 624 677 681 ritus.
720 625 872 692 Quod
902 641 1072 696 genus
1110 623 1392 680 locutionis
1422 621 1694 694 proprium
1725 621 1949 679 dicimus
1983 635 2103 676 esse
2137 681 2143 686 _

518 719 918 786 Scripturarum
949 718 1270 785 divinarum,
1309 727 1364 773 ut
1393 733 1488 788 per
1511 717 1980 787 interpretationes
2009 730 2104 770 no-

520 809 725 865 minum
753 805 977 864 virtutes
1009 809 1275 879 possimus
1301 811 1502 866 sentire
1529 811 1816 866 dictorum.

591 899 748 956 Vers.
793 899 882 956 12.
933 900 1032 966 Qui
1073 901 1364 956 dixerunt:
1399 902 1710 957 Hrereditate
1757 902 2105 972 possirleamus

521 994 667 1050 nobis
703 996 1054 1050 sanctuarium
1093 994 1212 1052 Dei.
1255 997 1431 1068 Ipsum
1469 1005 1552 1054 est
1590 995 1743 1068 quod
1768 1003 1823 1052 et
1859 997 2106 1066 superius

523 1086 730 1141 dixerat
769 1103 784 1141 :
835 1086 1014 1144 Venite
1051 1098 1096 1143 et
1137 1091 1496 1162 disperdamus
1533 1107 1618 1145 eos
1643 1091 1706 1144 de
1731 1097 1897 1160 gente,
1925 1099 1974 1144 et
2003 1104 2107 1142 non

521 1179 880 1234 memorabitur
910 1196 1092 1236 nomen
1119 1179 1289 1237 Israel
1315 1183 1558 1254 amplius.
1609 1181 1708 1236 Hic
1739 1181 1880 1236 enim
1914 1181 2108 1248 princi-

521 1287 616 1338 pes
671 1272 934 1329 malOrum
1001 1275 1342 1331 consiliorum
1408 1275 1778 1348 signiﬁcantur
1836 1284 2106 1332 auctores.

521 1362 844 1418 [hereditate
880 1367 1252 1437 possideamus,
1302 1377 1488 1423 contra
1536 1368 1666 1422 illud
1708 1368 1944 1438 ponitur,
1985 1367 2108 1437 quia

523 1453 734 1510 Domini
765 1455 958 1512 dicitur
985 1457 1258 1513 Itwreditas
1281 1475 1302 1522 ;
1346 1467 1404 1514 ut
1434 1459 1510 1514 illi
1539 1460 1708 1530 magis
1741 1458 2108 1514 ltaareditatem

521 1546 776 1604 invadere
825 1549 1144 1619 niterentur,
1177 1565 1336 1621 quam
1363 1551 1487 1621 jure
1515 1551 1616 1608 sibi
1647 1551 1907 1608 Dominus
1944 1552 2115 1607 vindi-

523 1636 686 1693 cavit.
719 1637 824 1694 Sed
855 1653 974 1709 qum
1003 1640 1072 1695 sit
1100 1641 1199 1696 ista
1230 1641 1500 1697 Ittereditas
1532 1653 1922 1714 consequenter
1946 1659 2110 1716 expo-

524 1729 691 1797 nitur,
734 1735 1084 1788 sanctuarium
1111 1732 1228 1800 Dei,
1272 1734 1323 1788 id
1363 1745 1446 1790 est
1485 1735 1711 1805 populus
1745 1735 2107 1804 Christianus;

2204 519 2450 576 venerint
2504 518 2855 585 laudatores;
2913 517 3008 573 sed
3062 517 3240 588 potius
3293 516 3372 572 eis
3423 517 3480 572 in
3537 515 3802 589 praesenti

2205 618 2505 680 reputatur,
2552 609 2694 681 quod
2743 611 2796 666 in
2849 609 2990 665 mala
3041 609 3249 665 actione
3293 618 3600 680 gesserunt.
3658 610 3800 669 Istos

2205 707 2521 778 plerumque
2575 705 2921 776 opprobrium
2973 705 3218 776 corrigit,
3276 704 3406 760 dum
3450 719 3514 763 se
3559 703 3800 783 viderint

2207 815 2236 854 a
2261 799 2615 871 generalitate
2643 797 2870 870 culpari.

2278 893 2432 950 Vers.
2464 895 2553 950 l7.
2603 891 3002 963 Confundantur
3041 899 3087 945 et
3126 891 3488 947 conturbentur
3534 891 3591 945 in
3637 906 3802 947 sectr.-

2208 991 2312 1046 lum
2351 988 2570 1056 seaculi;
2607 997 2655 1044 et
2691 998 3015 1044 reuereantur
3051 996 3097 1042 et
3135 993 3364 1057 pereant.
3405 985 3568 1042 Redit
3607 985 3802 1043 iterum

2207 1083 2277 1139 ad
2329 1086 2661 1152 pertinaces,
2731 1081 2822 1153 qui
2886 1081 2980 1136 Dei
3050 1096 3270 1136 munera
3337 1095 3444 1136 non
3502 1079 3800 1137 habebunt.

2211 1178 2442 1233 Possunt
2479 1177 2622 1234 enim
2667 1176 2828 1245 aliqui
2875 1174 2928 1229 in
2961 1175 3062 1230 hoc
3098 1173 3299 1230 saeculo
3333 1173 3642 1242 salutagjter
3675 1188 3804 1229 cou-

2209 1269 2361 1326 fundi
2403 1276 2459 1326 et
2486 1269 2826 1334 erubescere,
2859 1267 3071 1340 quando
3112 1267 3481 1322 conversionis
3509 1267 3650 1322 dona
3682 1281 3804 1337 per-

2212 1360 2435 1432 cipiunt.
2476 1359 2878 1433 Confunduntur
2917 1368 3093 1415 autem
3133 1368 3181 1413 et
3213 1359 3584 1413 conturbantur
3613 1360 3666 1413 in
3709 1373 3803 1413 sce-

2214 1453 2388 1508 culum
2435 1453 2629 1518 steculi,
2676 1453 2766 1523 qui
2814 1460 3016 1507 mtorna
3066 1451 3271 1506 ultione
3323 1450 3615 1505 damnandi
3655 1461 3799 1507 sunt.

2213 1543 2484 1615 Sequitur,
2521 1553 2568 1598 et
2605 1551 2922 1599 revereantur
2957 1553 3006 1597 et
3051 1550 3278 1613 pereant.
3337 1542 3456 1612 Ipse
3499 1557 3688 1597 sensus
3726 1551 3801 1598 est

2217 1649 2374 1707 quem
2405 1635 2652 1705 superius
2680 1633 2814 1688 dixit
2841 1651 2856 1690 :
2888 1633 3009 1704 quia
3051 1633 3121 1688 ibi
3163 1633 3459 1689 revereudo
3505 1649 3613 1690 non
3641 1635 3801 1703 proti-

2219 1728 2386 1798 ciunt,
2421 1727 2515 1784 sed
2545 1734 2771 1798 pereunt
2797 1725 2886 1798 qui
2913 1725 2979 1782 ad
3007 1735 3266 1781 aeternum
3295 1725 3618 1796 supplicium
3648 1725 3800 1781 desti-

524 1821 592 1878 de
612 1837 718 1894 quo
738 1823 1026 1895 Apostolus
1046 1829 1120 1882 ait
1145 1845 1157 1881 :
1186 1828 1453 1900 Templum
1482 1830 1614 1885 enim
1637 1827 1735 1886 Dei
1758 1840 1990 1886 sanctum
2010 1838 2106 1894 est,
2138 1806 2188 1868 Β
2217 1831 2432 1878 Dantur-

524 1916 660 1986 quod
686 1919 805 1971 estis
833 1935 918 1973 vos
948 1919 998 1990 (I
1033 1918 1148 1974 Cor.
1181 1936 1258 1988 tn,
1289 1921 1398 1992 17).

600 2006 750 2063 Vcrs.
785 2011 871 2066 15.
906 2011 1043 2067 Deus
1069 2029 1233 2082 meus,
1279 2032 1412 2084 pone
1440 2016 1556 2071 illos
1594 2025 1649 2070 ut
1676 2027 1881 2084 rotam;
1907 2025 1955 2074 et
1981 2019 2114 2074 sicut

525 2101 767 2172 stipulam
795 2113 912 2158 ante
940 2107 1124 2176 faciem
1153 2111 1305 2162 venti.

596 2191 754 2249 Vers.
802 2195 884 2250 M.
932 2195 1077 2253 Sicut
1125 2198 1293 2270 ignem
1337 2203 1428 2272 qui
1466 2202 1716 2258 comburit
1760 2205 1942 2271 silvas;
1980 2205 2116 2261 velut

526 2284 736 2354 ﬂamma
757 2287 1055 2344 comburens
1085 2301 1299 2346 montes.
1351 2292 1459 2348 Hos
1499 2294 1632 2350 duos
1673 2310 1860 2352 versus
1897 2307 2117 2369 propter

525 2375 929 2436 similitudinem
961 2397 1140 2438 rerum
1159 2383 1459 2454 junximus,
1493 2387 1548 2443 in
1575 2387 1766 2458 quibus
1793 2390 2116 2460 multiplices

525 2467 858 2526 calamitates
887 2474 1252 2541 prmdicuntur
1282 2477 1590 2534 incredulis.
1634 2479 1788 2552 Impii
1814 2482 1956 2537 enim
1985 2483 2113 2540 dum

524 2559 580 2616 in
612 2562 754 2617 mala
781 2565 1130 2634 cogitatione
1172 2570 1479 2638 volvuntur,
1529 2573 1656 2628 rotis
1705 2575 1839 2631 ﬁunt
1884 2578 2113 2650 similes,

527 2667 647 2722 quae
674 2656 1053 2724 posterioribus
1081 2659 1304 2716 elevatis
1329 2665 1600 2720 anteriora
1631 2680 1726 2722 sua
1755 2669 2117 2729 transmittere

527 2742 778 2800 videntur
813 2745 880 2800 ad
911 2756 1146 2819 tergum;
1189 2766 1288 2806 nec
1315 2754 1607 2825 quidquam
1646 2759 1954 2827 proficiunt,
1988 2760 2115 2817 dum

526 2837 640 2892 suis
665 2839 1020 2898 rotationibus
1066 2851 1388 2903 atteruntur.
1421 2848 1677 2921 Sequitur
1704 2853 1940 2909 secunda
1970 2869 2118 2912 com-

526 2931 750 2998 paratio,
798 2940 856 2987 ut
903 2933 1107 3004 levitas.
1141 2939 1477 3006 peccantium
1525 2942 1677 3011 quasi
1717 2951 1864 2998 vento
1903 2945 2116 3001 meabili

528 3022 902 3093 transferatur,
936 3036 990 3081 et
1019 3026 1124 3084 huc
1153 3037 1310 3100 atque
1340 3031 1466 3086 illuc
1486 3032 1717 3088 volitans
1741 3035 1943 3091 incerta
1972 3051 2118 3093 sem-

526 3127 622 3182 per
661 3115 935 3172 voluntate
974 3129 1278 3177 moveatur.
1357 3123 1512 3180 Venti
1551 3134 1730 3184 autem
1771 3129 1936 3185 facies
1975 3145 2114 3201 prae-

528 3205 701 3260 sentia
738 3206 905 3276 ipsius
933 3211 1079 3266 venti
1119 3215 1364 3282 ponitur;
1407 3230 1515 3271 non
1553 3219 1699 3274 enim
1740 3221 1895 3280 nobis
1923 3229 2113 3280 ventus

526 3298 705 3369 aliqua
734 3300 1054 3371 ﬁguratione
1079 3314 1432 3376 prtenolatur,
1462 3309 1556 3365 sed
1582 3325 1902 3382 corporeum
1931 3316 1987 3372 in
2015 3316 2118 3375 hoc

528 3399 734 3448 tantum
777 3396 1061 3466 sentimus,
1093 3399 1234 3469 qtiod
1265 3400 1381 3470 ejus
1418 3401 1618 3472 impetu
1656 3412 1711 3460 et
1757 3409 2117 3465 transcursio-

507 3481 689 3548 nibus
727 3485 1096 3545 verberamur.
1147 3490 1326 3562 Ignem
1358 3508 1583 3566 "quoque
1628 3506 1684 3553 et
1726 3497 1992 3557 ﬁarnmam
2023 3517 2119 3574 po-

525 3576 635 3632 suit
679 3577 866 3649 judicii
917 3590 1162 3655 tempus,
1210 3587 1423 3657 quando
1474 3599 1528 3644 et
1579 3591 1730 3649 silva:
1777 3593 2118 3654 densissimas

527 3681 892 3744 peccatorum,
925 3686 979 3733 et
1005 3688 1216 3736 montes
1249 3683 1516 3753 superbia:
1544 3688 1946 3747 crcmabuntur.

600 3763 755 3822 Vers.
786 3767 872 3823 15.
895 3766 981 3824 Ita
1004 3775 1318 3844 persequeris
1343 3791 1430 3830 eos
1455 3779 1507 3831 in
1535 3786 1830 3848 tempestate
1854 3792 1962 3853 tua,
1987 3793 2036 3838 et
2062 3785 2117 3839 in

525 3856 605 3912 ira
633 3868 724 3916 tua
761 3863 1082 3920 conturbabis
1107 3883 1213 3923 eos.
1264 3867 1350 3924 Ita
1393 3874 1706 3943 persequeris
1745 3890 1860 3944 eos,
1895 3877 2118 3946 respicit

526 3951 594 4006 ad
622 3952 712 4009 illa
742 3969 860 4025 qum
888 3958 1134 4028 superius
1164 3960 1327 4030 dixit;
1372 3972 1428 4018 ut
1466 3966 1545 4020 sic
1592 3966 1825 4024 debeant
1863 3971 2117 4027 extermi-

527 4044 666 4112 nari,
707 4049 1158 4118 quemadmodum
1208 4057 1635 4124 comparationes
1677 4059 1927 4117 antefatae
1966 4077 2116 4119 com-

527 4149 846 4195 memorant.
898 4143 1249 4200 Adducnutur
1293 4148 1418 4203 aliae
1460 4151 1868 4220 similitudines,
1899 4155 1954 4208 in
1981 4163 2113 4210 tem-

526 4238 721 4297 pestate
749 4240 858 4300 tua,
885 4243 932 4288 et
952 4235 1006 4289 in
1034 4237 1113 4292 ira
1137 4245 1225 4291 tua
1247 4241 1568 4297 conturbabis
1595 4260 1700 4299 eos.
1728 4242 1797 4300 In
1820 4255 2116 4318 tempestate

529 4331 638 4388 tua,
671 4323 723 4378 id
753 4333 836 4381 est
873 4326 1059 4397 judicii
1091 4339 1348 4403 tempore,
1379 4337 1521 4406 quod
1567 4342 1869 4410 tempestati
1918 4343 2114 4398 merito

527 4423 902 4485 comparatur:
933 4420 1186 4491 primum,
1217 4425 1338 4494 quia
1369 4426 1716 4498 improvisum
1749 4440 1860 4492 est;
1892 4432 2112 4503 deinde,

527 4505 669 4574 quod
697 4507 874 4563 subito
903 4509 1116 4581 fragore
1139 4517 1441 4586 conturbat,
1469 4527 1523 4576 et
1550 4519 1727 4576 locum
1761 4522 1900 4578 tollit
1927 4527 2110 4582 consi-

527 4598 599 4654 lio
647 4604 925 4673 repentina
973 4608 1192 4676 periculi
1247 4584 1578 4684 magnitudo.
1612 4615 1928 4686 Tempestas
1969 4619 2113 4677 enim
2141 4584 2195 4646 D

524 4691 796 4763 imbrium,
827 4699 970 4755 aeris
998 4711 1080 4756 est
1107 4703 1351 4772 quaedam
1383 4706 1648 4762 concitata
1677 4708 1892 4779 seditio,
1926 4711 1981 4766 in
2009 4727 2112 4782 qua

523 4782 872 4843 vehementer
909 4797 1194 4862 terremur,
1235 4795 1362 4852 dum
1403 4810 1660 4868 aquarum
1701 4798 1979 4858 nimietate
2017 4816 2115 4860 ve.

523 4889 735 4934 xamur.
767 4878 1038 4952 Sequitur,
1073 4893 1122 4938 et
1157 4885 1214 4940 in
1242 4887 1323 4940 ira
1351 4896 1442 4942 tua
1469 4891 1791 4946 conturbabis
1816 4893 1923 4949 eos.
1957 4892 2115 4965 Saepe

519 4965 634 5038 jam
672 4969 903 5030 diximus
941 4975 1071 5030 iram
1108 4975 1386 5035 Divinitati
1424 4995 1532 5037 non
1572 4997 1732 5054 posse
1768 4965 2112 5058 congruere,

521 5061 621 5118 sed
648 5061 718 5118 ab
745 5063 1051 5123 hominibus
1082 5076 1310 5126 tractum
1339 5081 1442 5141 est,
1473 5075 1565 5147 qui
1610 5078 1826 5148 quando
1874 5079 2116 5136 scelera-

521 5160 610 5208 tos
635 5153 900 5228 iudicant,
932 5159 1144 5218 fervore
1170 5163 1334 5221 animi
1363 5179 1800 5237 commoventur;
1835 5187 1934 5230 nec
1959 5173 2118 5230 aliter

520 5244 590 5301 ad
619 5244 984 5308 damnandum
1012 5252 1257 5312 homines
1303 5259 1542 5326 veniunt,
1578 5263 1680 5317 nisi
1713 5261 1781 5318 de
1809 5264 2116 5322 commissis

522 5351 708 5395 eorum
737 5342 1054 5401 criminibus
1082 5348 1407 5405 excitentur.

595 5431 750 5488 Vers.
780 5436 866 5491 16.
897 5436 1068 5508 Intple
1095 5438 1252 5507 {acies
1280 5457 1458 5498 eorum
1486 5446 1788 5518 ignominia,
1821 5457 1868 5502 et
1888 5461 2115 5519 quwrent

521 5539 709 5580 nomen
746 5537 916 5596 tuum,
953 5529 1190 5588 Domine.
1231 5534 1497 5593 Hactenus
1537 5539 1743 5596 futuras
1783 5556 1968 5610 poenas
2007 5543 2116 5601 illis

522 5621 893 5690 peccatoribus
941 5625 1300 5698 propltetavit,
1354 5633 1444 5701 qui
1478 5634 1529 5688 in
1584 5635 1696 5688 suis
1739 5644 2115 5692 remanserunt

520 5711 814 5770 sceleribus
844 5716 1177 5788 pertinaces;
1213 5737 1353 5778 nunc
1383 5724 1450 5778 ad
1495 5724 1617 5780 illos
1661 5728 1991 5783 convenitur
2020 5730 2112 5799 qui

521 5811 648 5862 sunt
669 5803 897 5898 Domino
928 5823 1214 5886 priestantc
1243 5816 1518 5874 credituri.
1552 5817 1683 5876 Nam
1713 5821 1920 5878 illorum
1951 5822 2111 5892 [acies

2291 1917 2445 1973 Vers.
2487 1915 2574 1973 18.
2615 1913 2683 1969 Ει
2713 1919 3022 1986 cognoscant
3050 1913 3173 1984 quia
3200 1927 3380 1968 nomen
3409 1911 3501 1966 tibi
3523 1910 3799 1968 Dominus:

2217 2019 2272 2065 tu
2302 2011 2442 2066 solus
2474 2009 2765 2064 Altissimus
2795 2009 2850 2062 in
2878 2009 3017 2062 omni
3047 2015 3203 2061 terra.
3273 2003 3600 2077 Cognoscant
3626 2004 3692 2060 ad
3714 2019 3799 2074 ge.

2217 2119 2320 2159 nus
2345 2102 2566 2174 respicit
2608 2110 2894 2170 utrumque
2923 2099 3278 2170 peccantium,
3311 2099 3424 2154 sive
3452 2099 3546 2168 qui
3575 2097 3800 2154 obstina-

2217 2196 2363 2252 tione
2389 2209 2485 2251 sua
2511 2191 2735 2264 perituri
2760 2199 2906 2259 sunt,
2931 2192 3045 2247 sive.
3069 2191 3158 2262 qui
3184 2189 3420 2245 adhibita
3444 2189 3802 2246 satisfactione

2217 2292 2532 2349 liberantur.
2574 2291 2774 2346 Omnes
2812 2288 2956 2346 enim
3000 2297 3330 2358 cognoscunt
3367 2288 3803 2359 omnipotentiatn

2218 2386 2455 2453 Domini,
2504 2385 2630 2457 quia
2670 2385 2788 2454 ipse
2826 2392 2910 2440 est
2941 2383 3080 2438 solus
3110 2383 3424 2448 Altissimus,
3467 2381 3598 2438 dum
3639 2382 3804 2452 ipsum

2218 2479 2566 2552 cognoverint
2585 2487 2640 2536 et
2659 2493 2760 2535 con
2768 2478 2940 2536 versis
2963 2491 3202 2548 parcere,
3220 2486 3277 2535 et
3297 2477 3503 2535 obdura
3511 2488 3594 2537 tos
3617 2488 3804 2536 :eterns

2218 2575 2422 2631 ultione
2449 2572 2729 2630 damnare.

2756 2687 3034 2746 Conclusio
3069 2688 3274 2762 psalmi.

2311 2805 2708 2866 Meminerimus
2739 2804 2885 2861 hunc
2913 2805 3090 2874 Ακαρή
3137 2817 3244 2858 non
3294 2801 3496 2860 frustra
3563 2801 3806 2861 undecim

2220 2904 2440 2974 psalmis
2461 2899 2826 2971 superioribus
2849 2898 3236 2967 introductum,
3257 2905 3319 2954 ut
3340 2898 3504 2954 corda
3527 2897 3808 2954 durissima

2219 2997 2529 3055 Judmorum
2554 2993 2822 3066 frequenti
2847 2991 3144 3065 Synagoga:
3172 2992 3342 3064 ipsius
3369 3006 3503 3048 voce
3531 2993 3807 3049 verberata

2223 3091 2649 3156 mollescerent,
2708 3096 3122 3158 crescerentque
3173 3087 3260 3144 vel
3313 3086 3417 3158 ipsi
3465 3086 3676 3142 nomini
3730 3085 3808 3142 cui

2139 3194 2187 3258 c
2218 3186 2540 3243 videbantur
2565 3195 2687 3242 esse
2717 3181 2919 3237 devoti.
2969 3178 3309 3250 Quapropter
3335 3179 3489 3250 adest
3516 3193 3649 3235 cura
3679 3194 3805 3249 pra:-

2222 3277 2542 3344 dicantium,
2591 3275 2638 3332 si
2667 3273 2771 3331 sibi
2821 3289 2928 3330 non
2957 3273 3214 3344 impediat
3243 3273 3537 3331 obstinatio
3583 3273 3808 3344 perdito-

2221 3387 2365 3428 rum.
2396 3367 2590 3424 Omnia
2617 3367 2684 3424 de
2703 3365 2919 3422 Domini
2947 3365 3315 3422 incarnatione
3345 3364 3610 3436 perfecta,
3638 3366 3808 3421 omnia

2221 3465 2290 3520 de
2315 3460 2555 3534 gentium
2593 3457 2912 3516 credulitate
2959 3457 3245 3513 manifesta
3274 3465 3418 3513 sunt.
3461 3456 3659 3514 Judicii
3691 3465 3811 3532 tem<

2199 3552 2322 3628 pus
2349 3561 2540 3622 restat,
2567 3551 2707 3624 quod
2733 3565 2924 3608 omnes
2951 3551 3274 3623 generaliter
3319 3553 3689 3618 sustinemus;
3720 3551 3808 3608 sed

2219 3657 2381 3706 antea
2427 3652 2640 3719 Oportet
2684 3644 2940 3713 credere,
2985 3658 3054 3700 ne
3101 3644 3176 3702 ibi
3223 3645 3395 3715 possit
3438 3646 3638 3717 impios
3689 3645 3808 3702 ultio

2198 3741 2476 3813 praedicta
2507 3739 2790 3796 damnare.

2346 3853 2507 3926 285
2539 3850 2898 3908 EXPOSITIO
2937 3849 3004 3907 IN
3041 3849 3367 3909 PSALMUM
3403 3849 3696 3909 LXXXIII.

2295 3949 2361 4003 In
2391 3950 2546 4018 ﬁnem
2568 3991 2582 4017 ,
2617 3964 2710 4018 pro
2736 3947 3092 4016 ftorcularibus
3121 3945 3246 4016 ﬁliis
3282 3947 3449 4018 Core,
3487 3950 3743 4019 psalmus.

2293 4061 2431 4130 Quid
2459 4061 2724 4131 signiﬁcet
2744 4059 2813 4115 In
2835 4061 3018 4131 finem,
3049 4059 3358 4132 frequenter
3377 4063 3684 4152 expositum
3713 4069 3814 4130 est,

2220 4164 2419 4214 etcum
2441 4153 2814 4225 superioribus
2841 4153 3013 4210 titulis
3033 4170 3129 4226 pro
3157 4155 3496 4210 torcularibus
3519 4155 3816 4212 dixerimus

2186 4247 2292 4322 ad
2339 4245 2636 4302 Ecclesiam
2684 4245 2986 4314 pertinere,
3034 4244 3286 4316 congruit
3314 4255 3492 4303 tamen
3538 4245 3818 4318 diligenter

2224 4337 2489 4409 inspicere
2514 4351 2612 4393 cur
2640 4336 2877 4394 Ecclesia
2907 4337 3020 4392 visa
3041 4346 3126 4394 est
3167 4339 3280 4394 tale
3309 4352 3509 4395 nomen
3551 4343 3820 4411 accipere.

2220 4431 2334 4489 Uva
2365 4432 2604 4502 pendens
2631 4440 2790 4502 atque
2819 4431 3050 4501 intacta,
3078 4442 3132 4490 et
3159 4434 3314 4490 olivae
3342 4434 3505 4491 bacca
3538 4435 3595 4491 in
3625 4438 3822 4496 arbore

2220 4524 2510 4581 constituta
2541 4524 2844 4580 suavissimi
2874 4525 3083 4594 saporis
3121 4525 3205 4581 sui
3246 4541 3353 4584 non
3383 4527 3628 4584 indicant
3651 4529 3822 4601 digni-

2224 4625 2430 4684 tatem,
2471 4616 2568 4672 sed
2621 4631 2743 4672 cum
2775 4615 2841 4671 ad
2893 4615 3131 4672 torcular
3170 4625 3398 4688 utraque
3451 4623 3823 4690 pervenerint,

2224 4711 2500 4781 nimioque
2522 4709 2758 4780 pondere
2787 4723 3100 4780 compressa
3126 4709 3515 4784 detumuerint,
3550 4722 3682 4770 tunc
3711 4716 3824 4772 fru-

2225 4811 2344 4860 ctus
2381 4801 2681 4858 dulcissimi
2712 4801 2937 4873 liquoris
2958 4811 3232 4871 emanant,
3265 4802 3356 4872 qui
3383 4805 3436 4859 in
3467 4803 3690 4861 follibus
3715 4805 3825 4863 suis

2225 4894 2490 4951 reconditi
2535 4909 2638 4950 non
2679 4893 2953 4964 patebant.
2986 4893 3077 4950 Sic
3109 4893 3354 4951 Ecclesia
3392 4889 3489 4951 Dei
3533 4911 3660 4952 cum
3692 4897 3825 4954 affli-

2225 4987 2490 5044 ctionibus
2523 4985 3092 5058 persecutionibusque
3121 4987 3439 5054 conteritur,
3478 4988 3826 5047 declarantur

2223 5081 2412 5137 merita
2460 5088 2792 5150 sanctorum,
2842 5097 2962 5153 qum
2991 5081 3190 5152 quietis
3243 5081 3579 5153 temporibus
3609 5085 3826 5156 cognita

2224 5188 2331 5228 non
2359 5172 2592 5229 fuerunt.
2623 5174 2782 5230 Istius
2813 5188 2944 5244 ergo
2975 5174 3261 5231 torcularis
3290 5189 3544 5245 pressura
3583 5178 3826 5234 sanctiﬁ-

2223 5276 2330 5336 cat,
2359 5268 2610 5324 contritio
2637 5267 2918 5336 meliorat,
2958 5267 3113 5338 cujus
3152 5269 3304 5324 labor
3349 5270 3590 5328 cmlestis
3619 5270 3826 5328 fructus

2223 5369 2329 5428 est,
2361 5370 2416 5416 et
2459 5375 2614 5430 pmna
2647 5375 2888 5431 praesens
2921 5361 3138 5432 requies
3167 5362 3518 5432 sempiterna.
3551 5362 3667 5418 Nec
3697 5361 3826 5420 illud

2221 5463 2374 5509 vacat
2403 5454 2542 5525 quod
2590 5456 2644 5508 in
2675 5462 2866 5510 octavo
2895 5464 2950 5510 et
2991 5455 3045 5508 in
3077 5457 3432 5527 octogesimo,
3467 5465 3521 5512 et
3553 5455 3672 5524 hic,
3710 5467 3826 5514 tan-

2220 5551 2335 5601 tum
2367 5561 2457 5616 pro
2485 5544 2820 5600 torcularibus
2844 5546 3074 5616 positum
3097 5557 3201 5602 est.
3232 5547 3511 5619 Signiﬁcat
3561 5549 3712 5606 enim
3755 5546 3826 5608 ad

2171 5708 2174 5711 _
2221 5647 2461 5694 sanctam
2503 5637 2816 5694 Trinitatem
2864 5638 2966 5694 hoc
3014 5639 3328 5709 mysterium
3359 5639 3621 5701 Ecclesia:
3657 5639 3826 5712 perti-

2220 5747 2389 5802 nere,
2423 5733 2562 5802 quod
2606 5733 2728 5788 trini
2761 5733 2970 5790 numeri
3021 5734 3344 5804 repetitione
3386 5744 3664 5791 sacratum
3709 5742 3818 5792 est.

2152 5889 2155 5892 _
2223 5822 2353 5881 Core
2395 5838 2522 5898 vero
2564 5824 2836 5887 calvitium
2887 5825 3230 5898 interpretari
3272 5842 3434 5901 supra
3477 5829 3590 5900 jam
3613 5828 3822 5896 dictum

2190 5977 2230 6006 ατ
2235 5985 2246 6002 ·.
