4092 6344
315 346 412 402 601

1219 346 1582 406 EXPOSITIO
1624 349 1690 406 ΙΝ
1729 349 2188 409 ΡΒΑυΤΕΒΙυΜ.
2230 354 2422 413 PSAL.
2466 356 2747 415 LXXXIII.

3485 362 3594 421 6C3

314 470 416 519 est.
440 461 605 533 Cujus
645 461 876 520 nominis
919 463 1287 534 interpretatio
1337 467 1613 522 denuntiat
1642 466 1900 522 Calvaria:
1926 469 1982 529 Α
2007 467 2093 523 lici
2127 480 2274 528 sorte
2305 475 2646 544 proruperit:
2680 471 2980 544 praevidens
3008 473 3146 532 bona
3177 474 3343 531 futuri
3367 476 3552 535 saeculi
3573 517 3592 545 ,

313 559 516 629 locum,
542 560 630 616 ubi
659 559 927 616 Christum
970 560 1255 617 Dominum
1302 572 1516 619 constat
1556 579 1677 620 esse
1724 563 1900 619 cruci-

310 648 503 708 ﬁxum.
535 651 602 706 Et
640 650 761 706 ideo
790 652 885 719 ﬁlii
922 651 1085 720 Core,
1133 653 1417 709 Christiani
1449 655 1624 711 modis
1653 655 1901 711 omnibus

311 740 638 811 indicantur,
678 759 748 799 ex
778 759 1007 815 quorum
1040 762 1267 813 persona
1318 748 1551 817 psalmus
1586 750 1688 805 iste
1720 761 1904 805 canta-

314 841 426 900 tur.
465 836 533 894 Et
570 838 789 893 intende
830 838 972 907 quod
1001 840 1068 895 de
1097 841 1480 910 pretiosissima
1507 842 1767 897 cbaritate
1799 842 1903 897 Do-

312 928 447 988 mini
471 929 709 997 psalmus
729 929 831 986 iste
851 931 1119 988 secundus
1147 943 1249 1002 est,
1274 948 1391 1005 quae
1414 948 1512 990 nos
1535 950 1697 1004 supra
1719 936 1901 990 omnia

312 1022 497 1093 gratiae
526 1022 728 1080 divina:
754 1025 1049 1081 consociat.

894 1138 1089 1195 Divisio
1124 1141 1329 1211 psalmi.

390 1250 645 1306 Filiorum
674 1250 833 1321 Core,
859 1268 993 1324 quos
1038 1269 1133 1324 per
1171 1253 1612 1324 signiﬁcationem
1645 1255 1931 1312 Calvarim.

313 1340 385 1398 ad
411 1342 681 1398 Christum
714 1345 997 1401 Dominum
1026 1346 1260 1403 diximus
1287 1349 1575 1417 pertinere,
1600 1365 1701 1404 una
1733 1351 1902 1405 intro-

310 1437 527 1494 ducitur
552 1454 779 1508 persona
809 1440 1095 1510 generalis,
1119 1457 1236 1511 quae
1254 1442 1305 1496 in
1326 1443 1494 1512 prima
1515 1443 1691 1500 fronte
1710 1443 1900 1514 psalmi

312 1528 689 1584 inaestimabile
744 1531 844 1586 sibi
894 1532 1222 1588 desiderium
1254 1534 1590 1591 demonstrat
1621 1536 1897 1591 Ecclesiae.

310 1620 561 1677 Secundo
608 1622 770 1677 modo
818 1624 1038 1679 beatum
1069 1639 1191 1680 esse
1220 1626 1501 1694 profitetur
1528 1628 1614 1681 cui
1645 1628 1902 1684 Dominus

310 1722 529 1785 przestat
558 1713 844 1780 auxilium,
888 1731 1117 1786 cumque
1148 1716 1275 1771 facit
1301 1716 1366 1771 ad
1395 1718 1751 1774 confessionis
1780 1735 1903 1790 gra-

310 1805 443 1861 tiam
472 1809 769 1871 pervenire.
805 1808 989 1863 Tertio
1019 1808 1185 1863 multo
1212 1812 1559 1879 prtestantius
1606 1812 1735 1867 dicit
1777 1827 1899 1869 esse

2003 578 2121 634 quae
2149 566 2262 634 ejus
2293 582 2352 623 se
2380 567 2634 624 credebat
2664 567 2996 640 largitatibus
3023 569 3266 640 adipisci.

2076 678 2229 734 Vers.
2253 679 2304 733 5.
2335 678 2535 734 Etenim
2564 698 2738 752 passer
2764 684 2958 737 invenit
2981 682 3076 737 sibi
3098 682 3327 747 domum,
3353 690 3401 738 et
3421 690 3590 738 turtur

2003 769 2183 822 nidum
2213 769 2307 824 sibi
2346 771 2430 825 ubi
2469 781 2625 842 ponat
2656 774 2824 843 pullos
2857 790 2996 828 suos.
3040 774 3173 829 Cum
3205 773 3449 843 superius
3478 772 3594 830 ani-

2007 875 2149 914 mam
2182 875 2487 931 corpusque
2516 862 2716 919 dixerit
2746 867 2800 919 in
2831 865 3039 920 Domini
3085 865 3443 921 exsultatione
3462 878 3591 935 gau-

2003 951 2164 1018 dere,
2197 954 2281 1007 hic
2303 954 2479 1009 avium
2503 954 2605 1010 ista
2633 956 2740 1010 duo
2765 972 2960 1026 genera
2991 957 3058 1012 ad
3084 957 3367 1027 quamdam
3399 957 3592 1013 simili-

2010 1043 2251 1100 tudinem
2272 1046 2749 1101 commendandam
2770 1049 3014 1117 posuisse
3034 1047 3593 1118 dignoscitur.-Passer

2004 1146 2086 1191 est
2109 1137 2268 1191 nimia
2296 1138 2579 1193 velocitate
2597 1139 2931 1207 celerrimus,
2956 1140 3047 1210 qui
3076 1140 3131 1194 in
3162 1141 3309 1195 silvis
3336 1140 3585 1195 habitare

2005 1246 2109 1286 non
2141 1232 2358 1300 patitur,
2388 1232 2481 1287 sed
2508 1232 2724 1288 domum
2752 1232 2854 1288 sibi
2880 1234 2929 1287 in
2950 1233 3211 1300 parietum
3235 1232 3588 1287 foraminibus

2005 1323 2376 1380 desideranter
2424 1326 2685 1394 exquirit,
2724 1340 2883 1396 quam
2936 1325 3060 1381 dum
3116 1326 3379 1381 invenerit
3424 1326 3590 1380 nimio

2006 1416 2197 1486 gaudio
2219 1416 2373 1471 laetus
2403 1416 2634 1472 exsultat
2659 1459 2673 1485 ,
2707 1418 2829 1486 quia
2858 1431 2917 1472 se
2944 1416 3274 1472 diversarum
3298 1416 3589 1471 adversita—

2007 1519 2117 1564 tum
2149 1508 2372 1563 ulterius
2427 1517 2610 1577 patere
2658 1521 2765 1562 non
2810 1507 2978 1562 credit
3027 1506 3256 1561 insidiis.
3290 1506 3380 1561 Sic
3408 1507 3584 1560 anima

2002 1604 2346 1674 jucundatur,
2374 1603 2497 1658 dum
2526 1604 2578 1657 in
2599 1603 2859 1658 caelorum
2888 1615 3051 1671 regna
3083 1601 3413 1655 mansionem
3435 1615 3585 1654 suam

2007 1696 2234 1751 senserit
2262 1709 2382 1750 esse
2422 1703 2794 1765 prmparatam.
2849 1692 3040 1746 Turtur
3083 1706 3210 1745 vero
3253 1689 3587 1745 abstinentiae

2008 1786 2377 1841 moderatione
2401 1786 2739 1840 castissimus
2769 1794 2873 1849 est,
2912 1783 3002 1854 qui
3030 1798 3134 1837 una
3180 1790 3387 1836 tantum
3419 1796 3586 1851 copu-

312 1897 369 1952 ίη
401 1862 562 1952 δοιηο
607 1898 819 1953 Domi“,
869 1862 1898 1974 διῄεαυη,,ηςδηπρέ,φης-,ἐξέλῃ
1927 1862 1975 1923 B
2002 1879 2200 1934 latione
2230 1889 2544 1944 contentus,
2578 1877 2700 1931 nm.
2726 1877 2838 1957 εμίε
2871 1875 3056 1930 nidum
3089 1874 3354 1974 :edificare
3392 1888 3588 1943 cogno-

311 2003 433 2043 rum
488 1990 831 2045 tabernacula
880 2006 1001 2046 cum
1050 1992 1373 2062 quibuslibet
1415 1994 1697 2050 mundanis
1725 1996 1897 2054 hono-

311 2081 461 2137 ribus
502 2082 738 2139 introire.

875 2197 1146 2270 Expositio
1173 2200 1374 2271 psalmi.

392 2313 539 2369 Vers.
574 2314 626 2367 l.
664 2313 831 2381 Quam
859 2315 1102 2368 amabilia
1131 2325 1248 2369 sunt
1288 2316 1613 2370 tabernacula
1639 2327 1758 2385 tua,
1787 2316 1897 2372 Do-

312 2405 450 2459 mine
482 2405 761 2460 virtutum!
803 2405 969 2461 Filius
1014 2405 1151 2462 Core
1180 2407 1440 2476 spirituali
1468 2409 1787 2466 fecunditate
1808 2426 1899 2468 re-

311 2507 625 2568 generatus,
654 2506 710 2553 et
737 2497 1097 2552 torcularibus
1126 2499 1381 2554 Ecclesiae
1407 2510 1777 2570 competenter
1805 2518 1897 2559 cx-

312 2601 557 2660 pressus,
588 2588 654 2643 ad
686 2590 914 2644 futuram
947 2588 1243 2645 Jerusalem
1273 2591 1541 2647 desiderat
1584 2597 1893 2662 pervenire:

310 2680 369 2736 in
416 2694 517 2747 qua
566 2678 678 2746 jam
731 2679 874 2733 nulla
903 2682 1013 2734 sint
1060 2680 1302 2750 pondera
1350 2683 1770 2755 tribulationum,
1803 2688 1898 2744 sed

310 2772 648 2831 beatitudine
675 2789 898 2841 secura,
934 2775 1317 2843 imperturbata
1362 2777 1615 2834 felicitate
1644 2782 1896 2849 potiatur.

302 2868 583 2934 Dicenda,
624 2868 823 2936 Quam,
866 2869 1284 2939 magnitudinem
1336 2870 1412 2925 rei
1443 2872 1745 2940 exprimere
1792 2888 1896 2929 non

311 2964 520 3034 potuit;
549 2962 649 3017 sed
676 2962 826 3017 dedit
859 2962 967 3018 hoc
989 2964 1352 3019 infinitissime
1381 2966 1740 3020 sentiendum.
1770 2966 1898 3034 Quis

311 3059 457 3115 enim
500 3055 667 3127 possit
704 3057 1165 3126 comprehendere
1196 3074 1301 3128 quo
1330 3058 1530 3114 ambitu
1556 3068 1648 3114 aut
1671 3059 1898 3117 afﬂictus

313 3151 579 3221 requiem,
607 3157 698 3203 aut
719 3150 1074 3205 aeternitatem
1107 3150 1342 3205 conditio
1368 3151 1708 3208 mortalitatis
1730 3168 1895 3221 expo-

314 3245 467 3301 scat?
492 3244 624 3300 Nam
650 3243 791 3314 quod
820 3244 970 3312 dicit,
999 3241 1215 3299 Domine
1237 3245 1512 3315 virtutum,
1540 3247 1721 3301 nescio
1740 3262 1898 3318 quam
1926 3236 1973 3298 C

313 3338 387 3393 ibi
419 3352 663 3407 magnam
691 3336 856 3392 sensit
883 3337 1058 3391 inesse
1082 3337 1393 3406 potentiam;
1425 3346 1482 3392 ut
1523 3337 1766 3409 quamvis
1794 3339 1899 3395 tale

314 3444 510 3485 munus
532 3444 638 3485 non
665 3429 927 3499 potuisset
955 3429 1131 3484 verbis
1154 3443 1424 3498 exponere
1441 3470 1457 3494 ,
1482 3429 1698 3500 aliquod
1723 3438 1898 3486 tamen

239 3518 243 3521 Α
312 3524 390 3580 ibi
417 3523 617 3579 bonum
661 3524 848 3594 ingens
873 3536 994 3578 esse
1022 3530 1366 3579 monstraret.
1402 3523 1531 3592 Quae
1562 3524 1727 3592 ﬁgura
1768 3523 1901 3579 dici-

313 3627 405 3672 tur
432 3616 721 3688 emphasis,
771 3630 891 3685 quae
941 3616 1058 3687 plus
1096 3616 1369 3673 intellectu
1422 3617 1676 3689 relinquit
1719 3617 1901 3689 utique

313 3725 474 3781 quam
503 3709 731 3765 dicatur.

388 3803 542 3857 Vers.
576 3802 631 3856 Ξ.
676 3800 1002 3873 Concupiscit
1028 3811 1077 3857 et
1103 3802 1275 3871 deﬁcit
1305 3804 1477 3857 anima
1518 3819 1629 3858 mea
1672 3805 1725 3858 in
1767 3805 1902 3859 atria

318 3896 561 3961 Domini;
585 3911 672 3949 cor
701 3911 865 3949 meum
886 3904 932 3949 et
960 3912 1078 3949 caro
1105 3912 1218 3949 mea
1249 3894 1622 3950 exsultaveruut
1651 3898 1705 3950 in
1734 3895 1902 3951 Deum

315 3992 503 4045 vivum.
532 3989 762 4060 Quiquid
787 3999 976 4044 contra
1001 3990 1259 4044 humanas
1286 3989 1427 4044 vires
1448 3991 1761 4055 assumitur,
1791 3989 1891 4044 de-

317 4080 493 4135 fectus
523 4081 591 4135 ibi
621 4095 717 4151 pro
745 4096 924 4138 rerum
956 4080 1325 4149 magnitudine
1355 4080 1642 4149 reperitur.
1684 4081 1740 4135 ln
1771 4079 1899 4135 illud

317 4176 464 4231 enim
497 4190 711 4232 necesse
733 4184 814 4231 est
840 4175 1067 4244 deﬁciat,
1102 4189 1207 4244 quo
1237 4189 1389 4228 mens
1420 4173 1621 4228 directa
1652 4173 1718 4226 ad
1766 4188 1902 4241 pra:-

315 4283 446 4322 sens
475 4282 576 4323 non
607 4277 784 4338 potest
836 4268 1139 4337 pervenire.
1162 4266 1450 4337 1Cogitabat
1474 4267 1667 4335 quippe
1692 4266 1772 4321 vir
1803 4267 1901 4322 iste

315 4360 686 4416 sanctissimus
709 4360 920 4415 Domini
944 4361 1168 4415 virtutes
1194 4369 1247 4414 et
1279 4358 1517 4427 prtemia,
1544 4359 1901 4415 beatitudines

317 4450 438 4505 illas
483 4450 730 4507 caelestes
775 4460 831 4505 et
874 4451 1100 4520 gaudia,
1137 4449 1434 4506 Jerusalem
1477 4464 1546 4505 ex
1588 4451 1899 4507 mortalibus

315 4543 528 4613 populis
569 4543 937 4598 immortaliter
971 4542 1281 4609 laetantem;
1325 4551 1381 4598 et
1426 4558 1649 4599 necesse
1696 4552 1813 4597 erat
1842 4552 1899 4598 ut

315 4635 373 4689 in
413 4635 524 4689 suis
552 4634 758 4705 gaudiis
785 4649 974 4689 sensus
998 4636 1112 4704 ipse
1144 4635 1538 4701 succumberet,
1569 4636 1655 4706 qui
1688 4636 1753 4690 ad
1780 4651 1896 4692 rem

314 4728 675 4785 desideratam
729 4744 759 4782 e
807 4728 1033 4799 vestigio
1072 4744 1176 4783 non
1209 4737 1418 4799 poterat
1448 4732 1746 4797 pervenire.
1790 4730 1897 4786 Sed

315 4837 478 4891 quam
507 4823 759 4878 robustus
782 4822 853 4877 sit
881 4823 982 4877 iste
1007 4823 1267 4888 defectus,
1299 4838 1456 4893 quam
1480 4824 1772 4879 fortissima
1794 4824 1899 4880 las-

315 4912 518 4979 situdo,
549 4922 946 4983 consequenter
974 4914 1229 4983 exponit,
1254 4913 1512 4969 dicendo:
1536 4914 1635 4969 (.‘or
1665 4931 1827 4969 meum
1850 4923 1899 4968 et

314 5021 437 5059 caro
471 5022 583 5061 mea
605 5005 980 5061 exsultaverunt
1008 5006 1060 5058 in
1083 5004 1245 5058 Deum
1270 5007 1452 5060 vivum.
1479 5007 1730 5075 Quamvis
1755 5007 1896 5062 enim

315 5108 542 5169 utraque
570 5100 837 5169 pertinere
878 5098 1162 5153 videantur
1202 5099 1268 5154 ad
1308 5114 1559 5167 carnem,
1605 5118 1692 5156 cor
1722 5110 1898 5157 tamen

315 5192 382 5249 ad
417 5192 818 5264 intelligentiam
846 5193 1030 5247 referri
1075 5208 1233 5262 posse
1261 5209 1367 5249 non
1390 5195 1612 5250 dubium
1642 5205 1740 5251 est.
1765 5196 1896 5252 Nam

252 5320 255 5321 ν
315 5283 471 5356 cujus
492 5286 809 5355 sapientiam
841 5283 1081 5353 proferre
1113 5283 1377 5349 volumus,
1410 5286 1527 5354 ejus
1552 5302 1638 5340 cor
1667 5288 1781 5342 sine
1800 5286 1901 5341 du-

316 5379 576 5434 bitatione
625 5378 925 5434 laudamus.
974 5377 1210 5447 Utraque
1260 5379 1401 5433 enim
1454 5380 1645 5449 quibus
1690 5392 1899 5438 constat

319 5470 641 5534 humanitas,
677 5470 728 5524 id
755 5478 837 5525 est
861 5483 1054 5537 corpus
1079 5477 1133 5524 et
1161 5469 1359 5535 anima,
1391 5472 1443 5526 in
1469 5472 1740 5528 caelestem
1772 5475 1901 5530 dicit

317 5561 561 5630 erupisse
614 5560 873 5615 laetitiam.
930 5560 1033 5615 Sed
1092 5560 1475 5617 advertendum
1526 5572 1610 5618 est
1657 5568 1739 5619 vir
1798 5567 1898 5623 iste

315 5659 515 5721 quanta
541 5652 697 5707 fuerit
724 5653 1005 5725 sanctitate
1036 5655 1346 5723 praeclarus,
1368 5664 1423 5709 ut
1450 5672 1557 5710 non
1584 5657 1758 5712 solum
1782 5659 1897 5727 ejus

260 5794 261 5797 η
316 5744 514 5808 anima,
546 5758 730 5797 verum
756 5743 918 5798 etiam
948 5758 1099 5807 caro,
1122 5760 1239 5814 quae
1288 5746 1407 5815 plus
1442 5747 1896 5816 praevaricationis

268 5886 269 5889 η
316 5835 449 5901 vitio
478 5834 731 5908 probatur
759 5834 1010 5907 obnoxia,
1045 5836 1098 5895 in
1138 5838 1549 5898 exsultationem
1582 5840 1793 5899 Domini
1821 5840 1899 5899 ic-

2002 1972 2203 2035 scitur;
2236 1971 2325 2040 qui
2358 1986 2466 2026 non
2498 1979 2557 2025 ut
2587 1985 2760 2041 passer
2792 1976 3144 2038 praeparatam
3174 1966 3392 2021 domum
3430 1980 3586 2035 repe-

2002 2064 2094 2131 rit,
2118 2063 2215 2119 sed
2244 2077 2440 2118 novam
2469 2061 2571 2118 sibi
2598 2061 2666 2116 de
2692 2059 3009 2131 quibusdam
3032 2058 3307 2128 particulis
3329 2057 3589 2111 fabricare

2004 2156 2300 2213 contendit.
2339 2156 2472 2211 Huic
2504 2168 2631 2209 caro
2662 2163 2843 2208 noetra
2889 2166 2995 2207 non
3044 2152 3193 2206 irrite
3223 2161 3586 2218 comparatur,

2001 2266 2121 2320 quae
2147 2264 2311 2320 opera
2343 2264 2438 2304 sua
2466 2250 2520 2305 in
2552 2248 2767 2303 Domini
2800 2245 2996 2316 gaudet
3043 2245 3287 2313 posuisse
3316 2243 3585 2298 mandato.

2001 2342 2103 2397 Per
2134 2342 2270 2397 hanc
2305 2342 2449 2397 enim
2472 2342 2674 2408 evenit,
2720 2347 2777 2393 ut
2801 2339 3129 2410 jejuniorum
3174 2336 3434 2392 sacrificia
3466 2350 3583 2389 sua-

2003 2439 2140 2493 viter
2192 2437 2525 2503 oderantur,
2579 2446 2637 2491 ut
2687 2436 2866 2491 cibum
2916 2433 3238 2505 pauperibus
3268 2432 3484 2498 demus,
3535 2440 3587 2486 et

2000 2530 2327 2601 sepeliamus
2372 2529 2683 2596 defunctos,
2732 2528 2950 2599 (εει-οῦς
3002 2523 3586 2599 serviamus,positos

1999 2622 2056 2677 in
2086 2635 2303 2677 carcere
2341 2621 2647 2687 visitemus,
2681 2627 2735 2676 et
2780 2630 2970 2675 caetera
3002 2618 3216 2689 pietatis
3236 2616 3440 2683 officia,
3470 2631 3586 2685 qua:

2000 2714 2372 2782 corporalibus
2419 2722 2717 2768 noscuntur
2777 2712 3091 2767 ministeriis
3150 2708 3427 2779 explicari.
3483 2706 3586 2762 Alii

2003 2816 2251 2861 turturem
2296 2814 2496 2860 sanctae
2550 2805 2951 2874 applicaverunt
3000 2802 3252 2858 Ecclesiae
3291 2800 3585 2871 :quoniam

2000 2905 2195 2968 praeter
2244 2898 2439 2953 Christi
2483 2896 2694 2952 Domini
2737 2896 2958 2951 alterius
3013 2892 3186 2950 nescit
3226 2893 3424 2949 habere
3462 2906 3579 2947 con-

2000 2989 2246 3045 sortium.

2080 3102 2227 3156 Vers.
2261 3102 2313 3156 4.
2347 3100 2548 3155 Altaria
2575 3109 2693 3171 tua,
2729 3101 2947 3156 Domine
2975 3102 3266 3159 virtutum:
3296 3100 3406 3154 Rea:
3450 3114 3585 3154 metu

2006 3202 2052 3248 et
2091 3192 2236 3247 Deus
2266 3210 2425 3248 meris.
2460 3194 2659 3250 Versus
2709 3195 2794 3250 hic
2844 3194 2909 3248 ad
2955 3193 3231 3263 superiora
3277 3192 3583 3263 reSpondet.

2004 3288 2094 3345 Ait
2123 3287 2267 3344 enim
2292 3306 2307 3342 :
2336 3290 2535 3343 Altaria
2565 3298 2685 3355 tua,
2716 3288 2933 3343 Domine
2959 3290 3226 3357 virtutum,
3250 3289 3337 3344 ubi
3357 3289 3578 3359 jungen-

2005 3378 2131 3435 dum
2162 3388 2245 3435 est
2288 3380 2430 3450 quod
2465 3381 2518 3435 in
2564 3381 2738 3451 primo
2775 3394 2955 3436 versu'
2984 3381 3172 3451 psalmi
3225 3380 3423 3436 dictum
3469 3387 3584 3446 est,

2007 3470 2176 3538 Quam
2204 3469 2446 3525 amabilia
2480 3471 2639 3526 sunt!
2668 3471 2795 3539 Qua:
2826 3472 2991 3542 figura
3018 3471 3214 3526 dicitur
3252 3472 3352 3526 ἀπὸ
3393 3477 3585 3535 κοινοῦ,

2004 3563 2058 3619 id
2087 3574 2192 3631 est,
2238 3578 2267 3617 a
2290 3565 2596 3630 communi,
2628 3565 2840 3635 quando
2885 3565 3027 3620 dicta
3065 3564 3312 3635 superius
3340 3563 3407 3618 ad
3454 3562 3584 3618 infe.

2004 3658 2147 3712 riora
2204 3658 2551 3727 respondent.
2611 3657 2716 3714 Sed
2773 3658 3023 3728 quoniam
3078 3657 3313 3712 anterius
3380 3656 3584 3710 dixerat

2005 3751 2211 3803 domum
2232 3751 2479 3821 passeris,
2511 3760 2557 3805 et
2584 3759 2800 3805 turturts
2829 3751 3008 3804 nidum
3026 3791 3042 3817 ,
3069 3751 3231 3821 286
3260 3749 3384 3820 quid
3426 3750 3481 3804 in
3510 3748 3585 3804 eis

2004 3845 2303 3916 intelligere
2355 3847 2725 3901 debuissemus
2774 3845 3028 3900 ostendit.
3060 3844 3119 3899 ln
3154 3844 3236 3899 bis
3265 3846 3409 3899 enim
3451 3844 3583 3897 alla-

2003 3937 2145 3991 ribus
2169 3937 2323 4006 quasi
2371 3937 2424 3991 in
2464 3937 2682 3991 domum
2719 3937 3079 4005 gratissimam
3108 3936 3417 4006 gratulatur
3456 3935 3583 4006 [ηις.

2003 4026 2071 4081 G.
2108 4036 2154 4081 ct
2201 4026 2309 4092 ed.,
2347 4026 2605 4098 fritinnit}
2654 4026 2824 4080 ﬁdelis
2875 4026 3092 4080 anima:
3130 4027 3183 4080 in
3217 4025 3299 4082 his
3337 4024 3585 4079 altaribus

2003 4120 2181 4175 carnis
2210 4134 2402 4187 opera,
2436 4134 2554 4189 qua:
2596 4130 2770 4173 tamen
2811 4128 2938 4174 sunt
2966 4126 3180 4185 sancta,
3230 4127 3582 4188 reponuntur.

2004 4210 2059 4265 In
2091 4210 2181 4265 illo
2211 4211 2361 4265 altari
2393 4225 2516 4281 spes
2548 4210 2851 4265 ﬁrmissima
2882 4209 3197 4276 collocatur,
3247 4212 3298 4263 in
3326 4205 3431 4280 quo
3457 4209 3583 4264 bea-

2003 4311 2179 4358 torum
2204 4303 2396 4357 animae
2426 4304 2574 4359 velut
2602 4303 2653 4357 in
2677 4302 2906 4372 quodam
2950 4302 3173 4371 perenni
3200 4302 3425 4373 prandio
3453 4316 3583 4356 con-

2001 4397 2157 4452 viviis
2178 4396 2487 4452 coelestibus
2518 4396 2801 4467 epulantur
2830 4414 2844 4451 :
2886 4395 2975 4452 ubi
3008 4396 3226 4453 satietas
3251 4397 3423 4468 magis
3452 4395 3583 4451 inci-

2004 4498 2114 4556 tat,
2169 4502 2269 4544 nec
2322 4489 2475 4545 beata
2519 4489 2741 4545 esuries
2772 4490 3059 4562 aliquando
3087 4490 3332 4546 discedit.
3364 4488 3583 4544 Addidit

2000 4583 2183 4648 etiam,
2210 4582 2319 4637 Rex
2348 4599 2486 4637 meus
2509 4592 2557 4637 et
2585 4582 2721 4637 Dens
2747 4600 2908 4639 mens.
2932 4584 3045 4639 Rea
3064 4598 3093 4637 a
3119 4580 3349 4652 regendo
3371 4581 3581 4645 dicitur;

2005 4674 2141 4728 Deus
2180 4675 2425 4730 videlicet
2455 4689 2483 4728 a
2518 4674 2781 4739 creando;
2808 4674 3051 4744 quamvis
3095 4682 3149 4728 et
3201 4673 3446 4727 timorem
3481 4671 3582 4725 talo

2003 4783 2198 4823 nomen
2227 4766 2465 4821 indicare
2493 4772 2844 4821 monstretur.

2076 4909 2225 4963 Vers.
2260 4910 2313 4964 5.
2340 4907 2591 4979 Bealiqui
2632 4907 2864 4961 habitant
2912 4906 2965 4961 in
3003 4906 3152 4960 domo
3182 4913 3293 4971 tua,
3328 4900 3580 4967 Domine;

2003 5004 2057 5055 in
2085 5002 2328 5056 saeculum
2360 5002 2537 5057 swculi
2572 5001 2856 5055 laudabunt
2886 5011 2952 5055 te.
2986 4999 3122 5067 Quid
3172 4999 3407 5054 muneris
3446 5013 3577 5053 conn

2006 5096 2177 5151 ferant
2203 5096 2387 5149 altaria
2423 5096 2509 5150 illa
2537 5094 2802 5164 prmdixit.
2826 5093 2956 5148 Nam
2983 5093 3029 5149 si
3054 5092 3243 5148 beatus
3274 5092 3360 5148 hic
3386 5092 3555 5148 habea

2008 5198 2126 5256 tur,
2172 5190 2254 5243 cui
2306 5189 2372 5242 ad
2424 5199 2633 5258 tempus
2662 5188 2835 5243 omnia
2886 5186 3114 5243 secunda
3146 5187 3580 5257 procedunt,ncc

2006 5284 2181 5352 aliqua
2209 5282 2533 5338 adversitate
2555 5281 2882 5350 concutitur,
2908 5280 3034 5351 quid
3057 5281 3229 5337 dcilla
3253 5280 3582 5336 beatitudine

2007 5374 2328 5441 sentiamus,
2359 5373 2445 5427 cui
2486 5388 2587 5427 nec
2616 5373 2666 5427 in
2699 5372 2981 5442 qualitate,
3023 5388 3123 5428 nec
3166 5374 3219 5427 in
3250 5370 3583 5442 perennitate

2005 5467 2293 5537 quidquam
2327 5464 2500 5519 simile
2528 5465 2827 5534 reperitur?
2854 5464 2959 5520 Sed
2986 5466 3104 5535 quia
3132 5466 3378 5520 humanis
3405 5463 3582 5518 verbis

2009 5562 2108 5615 hoc
2139 5561 2333 5615 bonum
2365 5572 2468 5612 non
2501 5567 2673 5627 potest
2702 5558 2985 5624 explicari,
3018 5568 3193 5613 tamen
3222 5558 3361 5612 unde
3392 5570 3583 5626 prove-

2003 5653 2113 5708 niat
2143 5665 2247 5704 non
2280 5659 2501 5704 tacetur.
2537 5650 2670 5704 Dicit
2716 5648 2890 5718 enim,
2922 5649 3204 5703 laudabunt
3248 5657 3314 5702 te.
3342 5647 3470 5701 lude
3497 5655 3582 5701 est

2003 5746 2197 5816 quippe
2235 5742 2321 5797 illa
2361 5741 2633 5796 beatitudo
2677 5741 2968 5808 mirabilis,
3016 5754 3176 5810 quam
3216 5747 3275 5793 ut
3317 5748 3573 5792 aeternam

2002 5839 2348 5910 iutelligeres,
2375 5836 2618 5909 subjecit,
2652 5838 2706 5892 in
2735 5834 2975 5893 swcutam
3012 5833 3207 5889 surculi.
3238 5830 3345 5887 Sed
3373 5827 3574 5905 qualis,
