4062 6344
500 345 607 413 603

1736 341 1786 402 Μ
1796 391 1808 402 .
1851 343 2133 404 AUBELII
2170 341 2586 403 CASSIODORl

3673 345 3776 400 6οι

502 456 664 552 rogo,
697 469 841 534 illius
891 465 1072 530 saeculi
1113 475 1336 526 ventura
1387 465 1568 525 laetitia
1615 473 1726 534 est,
1759 465 1846 520 ubi
1875 464 2090 520 dabitur
2118 463 2422 530 Adebitur,
2479 461 2654 529 dixit,
2705 471 2845 526 non,
2897 459 3247 532 intelligitur,
3301 459 3426 532 quia
3480 459 3618 519 illud
3663 474 3778 520 erat

500 573 721 644 copiose
742 567 993 640 gaudere,
1025 579 1078 622 et
1106 573 1374 634 nunquam
1400 559 1468 616 ab
1493 575 1552 616 ea
1585 571 1742 630 posse
1769 555 2084 614 discedere?

573 662 728 719 Vers.
765 661 815 716 6.
847 657 1034 714 Beatus
1063 657 1138 712 uir
1168 658 1316 727 cujus
1343 661 1418 708 est
1455 653 1707 706 auxilium
1745 650 1836 704 abs
1877 658 1952 714 te,
1985 648 2087 702 Do-

501 757 673 821 mine;
702 768 937 808 ascensus
963 751 1016 805 in
1040 747 1194 804 corde
1214 749 1347 820 ejus.
1379 746 1611 802 Decursa
1639 741 2088 812 contemplatione

502 845 771 902 felicitatis
817 841 1042 908 futurae,
1077 840 1224 896 venit
1269 838 1335 894 ad
1391 836 1685 893 secundum
1719 834 1960 899 modum,
1994 831 2086 886 ubi

507 937 601 992 Dei
633 935 891 990 famulum
921 933 1083 990 etiam
1107 932 1193 988 hic
1217 931 1449 988 ostendit
1479 931 1724 985 beatum:
1750 943 1816 982 ne
1839 936 2088 997 putaren-

502 1039 588 1086 tur
622 1029 868 1084 ﬁdelibus
906 1028 1126 1099 prmmia
1172 1025 1256 1080 vel
1305 1026 1389 1080 hic
1433 1025 1483 1078 in
1537 1033 1706 1078 totum
1759 1021 1928 1076 fuisse
1963 1019 2088 1074 sub-

504 1130 694 1178 tracta.
719 1121 959 1176 Dicendo
982 1122 1148 1185 enim,
1178 1119 1430 1174 auxilium
1460 1119 1547 1173 abs
1573 1127 1649 1183 te,
1687 1115 1936 1182 Domine,
1968 1129 2096 1184 pro-

505 1213 641 1269 didit
664 1212 747 1267 hic
769 1212 982 1267 labores
1010 1211 1523 1280 colluctationesque
1545 1208 1815 1263 difﬁciles.
1838 1204 2080 1275 Adjecit,

499 1319 738 1358 ascensus
769 1304 822 1356 in
869 1303 1020 1356 corde
1049 1302 1177 1372 eius.
1217 1299 1410 1370 Utique
1434 1300 1514 1354 illi
1542 1299 1699 1354 beato
1723 1297 1808 1353 cui
1831 1305 1912 1351 est
1932 1295 2089 1350 auxi-

499 1395 629 1452 lium
659 1411 691 1452 a
719 1395 967 1460 Domino,
1007 1409 1245 1449 ascensus
1275 1401 1358 1447 est
1403 1394 1455 1446 in
1510 1393 1696 1461 corde,
1729 1391 1848 1462 quia
1879 1405 2094 1460 semper

506 1489 736 1559 proﬁcit,
762 1501 977 1556 semper
1004 1486 1267 1549 ascendit,
1297 1493 1349 1538 et
1376 1494 1631 1554 quantum
1663 1482 1920 1537 Dominus
1952 1497 2091 1551 prae-

501 1590 609 1638 stat
631 1581 917 1644 auxilium,
953 1587 1101 1634 tanto
1131 1578 1290 1633 altius
1321 1578 1562 1632 elevatur
1599 1576 1665 1630 ad
1711 1576 1930 1630 malum.
1963 1574 2095 1628 'l‘ale

500 1682 584 1729 est
629 1673 774 1728 enim
809 1671 990 1744 (verbi
1039 1670 1234 1741 causa)
1285 1669 1426 1741 quod
1455 1669 1683 1726 dicimus
1704 1709 1718 1734 ,
1749 1684 1873 1724 cum
1903 1666 2094 1723 vicerit

501 1747 618 1836 quis
673 1764 952 1819 libidinem
1009 1763 1211 1818 auxilio
1269 1762 1512 1827 Domini,
1566 1760 1806 1815 ascendit
1860 1759 2093 1828 primum

2191 555 2459 620 omnium,
2492 553 2632 610 istud
2663 567 2791 609 vero
2825 565 3138 624 paucorum.

2263 645 2414 702 Vers.
2442 645 2496 701 9.
2549 646 2769 700 Domine
2813 645 2954 700 Deus
3009 647 3253 700 uirtutum
3275 684 3294 714 ,
3346 647 3539 702 estaudi
3586 663 3784 716 precet-

2190 753 2386 805 meam;
2417 738 2626 792 auribus
2653 739 2856 811 percipe
2875 779 2890 804 ,
2917 735 3057 792 Deus
3083 737 3266 792 Jucob.
3299 737 3366 794 Ut
3399 753 3588 795 revera
3619 754 3782 796 una

2191 830 2358 885 Deum
2386 831 2714 903 intelligeres
2739 831 2952 887 illarum
2971 845 3094 887 esse
3111 831 3368 886 virtutum
3389 845 3524 902 quas
3539 832 3787 903 superius

2189 923 2332 978 dixit
2357 941 2370 979 :
2398 923 2741 978 Ambulabunt
2777 925 2840 977 de
2869 925 3054 979 uirtute
3089 926 3146 978 in-
3173 925 3446 992 uirtutem,
3475 925 3790 980 exclamans

2192 1015 2305 1084 ipse
2330 1031 2541 1087 quoque
2564 1016 2836 1086 professus
2859 1025 2971 1072 est:
3003 1013 3225 1072 Domine
3250 1017 3391 1072 Deus
3419 1018 3690 1074 uirtutum.
3717 1017 3787 1073 Et

2191 1110 2310 1181 quis
2337 1120 2420 1166 est
2449 1110 2551 1166 iste
2583 1109 2720 1164 Deus
2749 1110 3038 1166 virtutum?
3068 1109 3206 1166 Deus
3247 1109 3442 1176 Jacob,
3477 1109 3528 1164 id
3568 1118 3654 1166 est
3686 1109 3791 1164 Do-

2192 1206 2371 1261 minus
2401 1203 2649 1260 Christus
2669 1245 2683 1268 ,
2729 1203 2819 1275 qui
2848 1203 3186 1258 inimicorum
3222 1219 3441 1259 suorum
3471 1202 3790 1258 clementis-

2192 1299 2359 1356 simus
2389 1298 2760 1366 supplantator
2785 1297 3113 1368 agnoscitur,
3137 1295 3352 1366 quando
3379 1311 3564 1350 eorum
3589 1309 3787 1364 pravas

2194 1391 2487 1460 nequitias,
2521 1391 2586 1444 ad
2617 1391 2874 1445 virtutum
2907 1389 3132 1454 Semitas
3175 1389 3298 1444 facit
3333 1389 3614 1459 pervenire
3648 1389 3793 1444 dire-

2194 1492 2328 1539 etas.
2362 1484 2485 1539 Sive
2518 1484 2648 1538 illud
2684 1483 2887 1538 mavult
2919 1483 3178 1552 intelligi,
3225 1489 3285 1537 ut
3315 1484 3453 1538 sicut
3473 1480 3636 1536 Iacob
3671 1481 3797 1537 fecit

2193 1577 2353 1633 Israel
2395 1579 2597 1643 vocari,
2631 1577 2754 1647 quia
2785 1576 2992 1632 viderat
3039 1577 3206 1632 Deum
3228 1621 3244 1648 ,
3292 1587 3345 1632 et
3384 1579 3546 1632 istum
3579 1591 3795 1647 quoque

2196 1674 2590 1738 ﬁdelissimum,
2621 1673 2710 1742 qui
2745 1673 2832 1727 hic
2857 1672 3110 1741 loquitur,
3136 1671 3335 1728 faceret
3363 1671 3665 1741 maiestatis
3687 1686 3798 1727 sua

2201 1780 2455 1824 aeternam
2481 1768 2705 1837 gloriam
2734 1767 2996 1823 contueri.

501 1855 759 1927 gradum;
792 1871 914 1912 cum
947 1855 1250 1910 domimms
1295 1853 1452 1908 ίυθτίῑ
1481 1853 1780 1924 superbiae,
1813 1851 1934 1906 53m
1963 1850 2094 1904 alle-
2125 1849 2172 1911 B
2268 1860 2421 1917 Vers.
2459 1863 2544 1917 10.
2581 1860 2853 1914 Proteclor
2882 1871 3074 1928 noster,
3097 1859 3297 1931 aspice,
3340 1859 3514 1923 Deus;
3539 1869 3587 1916 et
3607 1860 3802 1932 respice

504 1963 657 2014 rum;
694 1947 820 2004 dum
864 1948 1194 2018 superaverit
1219 1947 1530 2011 avaritiam,
1562 1946 1706 2000 subit
1754 1946 1996 2006 tertium;
2042 1949 2096 1997 et

502 2039 596 2097 tot~
615 2041 865 2112 gradibus
894 2041 1139 2096 evehitur
1161 2049 1290 2110 quot
1331 2040 1473 2094 vitiis
1499 2039 1660 2093 luerit
1687 2037 1983 2092 abSOIUlUS.
2007 2037 2098 2091 Sic

503 2147 598 2204 per
618 2135 855 2204 quintam
889 2135 1120 2203 speciem
1157 2131 1514 2196 deﬁnitionis,
1567 2146 1686 2200 quae
1732 2127 1922 2184 Graece
1969 2131 2098 2184 κατὰ

503 2234 590 2289 τὴν
643 2229 801 2296 λέξιν,
831 2228 1022 2283 Latine
1049 2227 1114 2282 ad
1148 2226 1372 2282 verbum
1403 2225 1616 2286 dicitur,
1655 2223 1794 2278 beati
1832 2223 1967 2278 facta
2003 2223 2098 2276 de-

503 2317 674 2374 ﬁnitio
703 2327 819 2386 est;
858 2319 1236 2389 complectitur
1263 2319 1408 2373 enim
1435 2317 1562 2388 quid
1587 2318 1656 2372 sit
1686 2316 1894 2383 beatus,
1920 2315 2003 2370 cui
2025 2324 2099 2370 est

509 2411 765 2466 auxilium
783 2412 875 2466 abs
896 2419 962 2477 te,
996 2410 1233 2466 Domine.

586 2502 736 2558 Vers.
765 2504 818 2557 7.
855 2503 1116 2574 Disposuit
1139 2503 1194 2556 in
1216 2500 1442 2556 convalle
1459 2499 1829 2571 lacrymarum,
1852 2500 1906 2554 in
1934 2499 2099 2554 locum

505 2610 652 2666 quem
681 2594 975 2665 disposuit:
999 2597 1182 2651 etenim
1227 2595 1627 2649 benedictionem
1652 2594 1794 2648 dabit
1821 2595 1908 2663 qui
1939 2594 2100 2665 legem

506 2689 667 2744 dedit.
692 2689 949 2744 Cancellis
975 2689 1324 2760 lacrymarum
1346 2689 1654 2761 paenitentis
1679 2689 1953 2744 humilitas
1977 2698 2092 2755 est,

505 2781 572 2837 de
599 2795 702 2852 qua
734 2789 939 2837 tantum
985 2782 1106 2852 quis
1136 2781 1202 2837 ad
1246 2781 1518 2852 superiora
1568 2782 1904 2848 conscendit,
1939 2797 2101 2853 quan-

511 2884 621 2932 tum
653 2876 704 2931 in
741 2875 834 2931 illa
861 2873 1228 2932 satisfactione
1253 2875 1615 2932 descenderit.
1643 2874 1746 2931 Sed
1780 2891 1847 2930 nc
1875 2875 2096 2930 forsitan

507 2985 784 3040 quaereres
806 2971 895 3025 ubi
917 2970 1323 3034 ascenderetur,
1355 2969 1648 3039 subiunxit,
1675 2971 1727 3023 in
1759 2969 1924 3022 locum
1947 2984 2096 3038 quem

507 3060 784 3129 disposuit.
834 3059 1004 3115 Locus
1046 3062 1232 3130 utique
1270 3061 1360 3116 ille
1408 3061 1686 3127 dispositus
1732 3073 1958 3129 regnum
1990 3059 2096 3113 Do-

2198 1955 2251 2009 in
2291 1954 2474 2022 faciem
2505 1952 2701 2007 Christi
2729 1955 2823 2006 tui.
2857 1953 3018 2006 Venit
3055 1952 3122 2006 ad
3163 1953 3376 2006 tertimn
3420 1951 3666 2016 modum,
3711 1953 3802 2013 ubi

2199 2043 2518 2111 deprecatur
2543 2046 2881 2097 innotescere
2905 2041 3105 2095 llllllldo
3126 2040 3406 2095 Dominum
3434 2041 3802 2097 Salvatorem.

2201 2135 2325 2190 Haec
2385 2151 2491 2190 non
2541 2144 2794 2204 tanquam
2823 2133 3074 2188 dubitans
3103 2134 3184 2188 vir
3211 2134 3584 2213 sanctissimus
3608 2142 3756 2202 optat
3782 2175 3802 2200 ,

2200 2225 2299 2282 sed
2331 2228 2566 2295 postulat
2595 2228 2702 2281 cito
2730 2225 2844 2280 ﬁeri
2880 2241 3000 2295 quas
3044 2233 3267 2279 noverat
3299 2239 3420 2280 esse
3453 2234 3706 2279 ventura.
3737 2225 3805 2280 Et

2199 2321 2319 2392 quia
2350 2336 2444 2389 per
2473 2318 2867 2385 redemptorem
2893 2326 3135 2372 nostrum
3161 2315 3416 2372 mundum
3447 2316 3656 2372 sciebat
3681 2330 3807 2372 esse

2200 2413 2546 2476 salvandum,
2595 2411 2730 2478 petit
2775 2418 2833 2465 ut
2879 2410 2956 2464 sic
3008 2409 3230 2478 aspiciat
3261 2421 3427 2477 genus
3467 2407 3801 2473 humanum,

2200 2514 2468 2576 quatenus
2505 2504 2558 2556 in
2607 2503 2787 2566 faciem
2818 2499 3010 2555 Christi
3051 2501 3129 2553 sui
3171 2501 3416 2570 respiciat
3468 2499 3806 2574 Pater;an

2202 2597 2347 2668 quod
2378 2597 2466 2650 ille
2496 2594 2784 2665 aliquando
2815 2607 2936 2648 eum
2961 2607 3067 2646 non
3097 2592 3336 2661 respicit,
3365 2590 3460 2646 sed
3482 2600 3541 2645 ut
3565 2603 3806 2661 presen-

2199 2689 2271 2744 tia
2295 2685 2680 2743 incarnationis
2710 2685 2962 2756 gentibus
3008 2685 3154 2738 illum
3187 2683 3523 2738 innotescere
3553 2681 3802 2750 faceret,

2201 2783 2289 2853 qui
2311 2783 2387 2836 eis
2415 2780 2549 2836 facie
2573 2779 2894 2849 probabatur
2911 2776 3234 2848 incognitus.
3261 2777 3383 2832 lltec
3400 2775 3573 2846 ﬁgura
3598 2776 3801 2831 dicitur

2201 2875 2504 2950 hypallage,
2529 2876 2716 2931 Latine
2748 2875 3100 2944 permutatio,
3126 2874 3338 2945 quoties
3379 2872 3578 2928 dicitur
3596 2873 3796 2944 respici

2200 2971 2370 3040 magis
2399 2970 2490 3026 ille
2518 2971 2604 3040 qui
2634 2968 2876 3039 respicit,
2907 2968 2988 3022 vel
3030 2967 3112 3022 his
3149 2965 3375 3036 similia,
3403 2981 3525 3036 qua:
3557 2967 3612 3021 in
3652 2967 3802 3021 Scri-

2200 3065 2373 3134 pturis
2426 3063 2618 3120 divinis
2665 3063 2978 3134 frequenter
3027 3061 3372 3125 adhibentur;
3401 3067 3460 3113 ut
3506 3067 3591 3113 est
3620 3058 3796 3113 illud:

507 3151 637 3208 mini
667 3151 936 3222 signiﬁcat
965 3154 1226 3221 futurum,
1254 3169 1412 3224 quem
1437 3153 1747 3224 contingere
1778 3154 1917 3209 felici
1948 3161 2095 3209 sorte
2143 3225 2150 3227 _
2203 3155 2455 3210 Dominus
2485 3158 2548 3211 de
2576 3156 2706 3211 caelo
2757 3155 3016 3227 prospexit
3059 3169 3209 3223 super
3240 3155 3373 3222 ﬁlios
3406 3153 3706 3219 hominum,
3742 3161 3803 3205 at

505 3245 857 3312 merebimur,
879 3245 925 3300 si
947 3245 1014 3301 ad
1041 3261 1164 3302 eum
1195 3249 1474 3316 pervenire
1499 3246 1774 3315 dispositis
1801 3262 1828 3300 a
1857 3247 2084 3302 Domino
2111 3225 2158 3297 C
2190 3247 2358 3301 videat
2379 3248 2423 3301 si
2440 3257 2514 3301 est
2535 3247 2824 3318 intelligens
2839 3225 2928 3300 aut
2943 3249 3205 3319 requirens
3222 3246 3388 3300 Deum
3405 3245 3580 3318 (Psal.
3597 3259 3694 3312 ut,
3715 3242 3798 3315 ὃ).

505 3343 704 3412 regulis
744 3351 1078 3413 appetamus.
1125 3344 1254 3413 'lpse
1281 3343 1426 3398 enim
1457 3342 1720 3412 disposuit
1773 3343 1969 3413 gradus
1997 3343 2090 3414 qui

507 3435 771 3491 ordinavit
795 3444 850 3492 et
877 3436 1075 3492 locum.
1118 3436 1216 3504 Qui
1242 3437 1355 3494 vult
1392 3437 1636 3506 accipere
1665 3438 1966 3506 praemium,
1998 3451 2093 3492 an-

509 3526 621 3583 diat
669 3527 796 3598 quid
840 3527 1079 3599 iubetur.
1129 3527 1422 3598 Sequitur,
1464 3528 1651 3582 etenim
1694 3527 2092 3584 benedictionem

508 3619 647 3673 dabit
668 3621 758 3691 qui
783 3620 944 3692 legem
972 3620 1131 3675 dedit.
1172 3617 1304 3674 Cum
1354 3619 1650 3690 prophetiae
1699 3629 1908 3688 tempus
1947 3627 2092 3675 esset

507 3712 608 3769 sub
639 3711 756 3782 lege
781 3711 994 3769 Domini
1035 3714 1384 3768 constitutum
1409 3753 1423 3778 ,
1484 3726 1584 3766 nec
1635 3710 1812 3766 adhuc
1863 3711 2096 3766 venisset

507 3805 694 3875 gratias
720 3803 946 3870 donum,
975 3804 1223 3861 eumdem
1255 3805 1383 3859 dicit
1406 3803 1803 3858 benedictionem
1828 3803 2091 3868 daturum,

507 3897 562 3952 id
593 3905 676 3954 est
697 3896 923 3968 gratiam
953 3913 1122 3965 suam,
1157 3899 1246 3970 qui
1277 3898 1437 3971 legem
1461 3897 1600 3952 dedit
1638 3905 1760 3952 ante
1794 3897 2088 3968 justitiam:

508 3983 730 4047 docens'
761 3990 1045 4047 Dominum
1096 3991 1371 4048 Christum
1436 3993 1714 4060 utriusque
1762 3989 2095 4046 Testamenti

508 4085 784 4140 evidenter
819 4094 1118 4154 auctorem,
1159 4100 1280 4142 cum
1322 4085 1473 4150 dicit,
1517 4083 1917 4140 benedictionem
1946 4082 2094 4138 dabit

507 4177 593 4247 qui
615 4179 776 4248 legem
796 4177 958 4232 dedit.

578 4271 733 4326 Vera.
757 4271 816 4327 8.
840 4271 1184 4326 Ambulabunt
1203 4271 1266 4326 de
1285 4273 1467 4326 uirtute
1488 4271 1543 4326 in
1565 4274 1820 4335 uirtutem;
1845 4269 2095 4324 videbitur

508 4361 655 4417 Deus
694 4362 907 4419 deorum
935 4365 989 4418 in
1019 4364 1171 4420 Sion.
1206 4363 1382 4419 Virtus
1427 4365 1657 4435 primum
1696 4371 1817 4420 erat
1847 4363 1901 4418 in
1938 4364 2090 4434 lege,

507 4469 652 4512 nunc
679 4463 764 4512 est
793 4458 964 4512 virtus
991 4457 1044 4512 in
1072 4457 1264 4530 gratia;
1295 4457 1388 4514 sed
1413 4458 1700 4529 jucundior
1729 4458 1829 4513 ista
1861 4472 1983 4528 quae
2010 4471 2097 4513 re-

507 4545 665 4603 dimit
709 4547 827 4621 [mm
876 4545 966 4617 ἢ,
1011 4547 1298 4622 remittit],
1347 4564 1509 4622 quam
1560 4551 1649 4606 illa
1702 4565 1821 4621 quas
1865 4549 2091 4620 iudicat.

2203 3337 2270 3396 Ut
2299 3341 2463 3395 videat
2493 3342 2634 3395 enim
2663 3341 2814 3408 dixit,
2846 3340 2898 3394 id
2921 3349 3033 3407 est,
3066 3340 3253 3395 videre
3279 3340 3463 3395 faciat.
3493 3339 3686 3395 Simile
3714 3346 3804 3393 est

2193 3441 2247 3489 et
2296 3433 2426 3489 illud
2459 3451 2472 3489 :
2504 3432 2745 3506 lntellige
2780 3434 3057 3490 clamorem
3108 3451 3310 3500 meum;
3356 3447 3464 3490 non
3509 3433 3652 3505 quod
3706 3433 3804 3488 ille

2194 3529 2514 3599 deprecatus
2537 3528 2821 3598 intelligat,
2845 3528 2935 3598 qui
2961 3529 3108 3582 novit
3136 3528 3316 3583 omnia
3339 3527 3500 3582 sicuti
3521 3534 3674 3595 sunt,
3697 3526 3800 3583 sed

2193 3621 2418 3692 intelligi
2453 3619 2610 3676 faciat
2633 3620 2700 3674 ab
2729 3621 2810 3674 his
2838 3619 2928 3690 qui
2957 3621 3208 3692 ignorare
3237 3627 3556 3675 noscuntur.

2265 3717 2420 3772 Vers.
2454 3710 2542 3770 11.
2579 3715 2716 3782 Quia
2751 3715 2929 3770 melior
2977 3724 3052 3769 est
3097 3715 3206 3768 dies
3248 3730 3354 3768 una
3399 3715 3454 3769 in
3493 3714 3644 3768 atriis
3696 3713 3803 3767 tuis

2195 3823 2348 3878 super
2384 3807 2570 3864 millia.

2267 3899 2422 3954 Vers.
2469 3899 2557 3954 19..
2593 3897 2742 3972 Elegi
2771 3900 3003 3971 abjectus
3046 3913 3152 3953 esse
3194 3897 3248 3952 in
3289 3897 3439 3950 domo
3489 3896 3588 3950 Dei
3627 3900 3801 3968 magis

2196 4005 2352 4058 quam
2396 3989 2628 4044 habitare
2669 3991 2722 4045 in
2750 3990 3095 4045 tabernaculis
3122 3999 3464 4062 peccatorum.
3503 3987 3620 4058 Ipsa
3665 3999 3801 4044 sunt

2195 4085 2330 4138 atria
2378 4083 2622 4150 Domini,
2654 4083 2706 4138 in
2750 4082 2944 4153 quibus
2989 4082 3236 4153 superius
3282 4080 3621 4150 concupiisse
3648 4094 3715 4136 se
3743 4089 3800 4136 et

2195 4175 2458 4232 defecisse
2486 4185 2712 4232 testatus
2737 4187 2840 4243 est,
2883 4176 2937 4231 in
2957 4176 3149 4247 quibus
3178 4189 3283 4230 una
3318 4173 3432 4230 dies
3469 4173 3620 4242 juste
3650 4172 3799 4228 desi-

2197 4273 2414 4329 deratur
2441 4288 2458 4331 :
2506 4275 2628 4343 quia
2654 4285 2872 4340 semper
2889 4272 3093 4326 aeterna
3125 4279 3230 4339 est,
3264 4283 3383 4338 quae
3412 4267 3542 4322 solis
3563 4267 3799 4323 adventu

2198 4385 2303 4425 non
2333 4369 2525 4435 oritur,
2557 4369 2656 4423 ne’c
2689 4367 2808 4438 ejus
2841 4365 3024 4420 ﬁnitur
3044 4377 3268 4429 occasu;
3295 4377 3453 4432 quam
3480 4376 3588 4416 non
3617 4362 3798 4431 sequi-

2197 4471 2282 4518 tur
2307 4462 2537 4518 crastina
2556 4504 2570 4528 ,
2624 4475 2724 4517 nec
2751 4459 3005 4531 praecedit
3037 4457 3198 4530 287
3228 4457 3474 4511 hesterna
3495 4494 3511 4520 ,
3556 4454 3651 4510 sed
3699 4455 3800 4508 im-

2198 4555 2468 4610 mutabilis
2517 4567 2742 4609 tnanens
2791 4558 3000 4608 constat
3042 4551 3249 4604 unitate
3298 4554 3576 4617 perpetua.
3625 4544 3798 4616 Super

507 4619 734 4698 Praestet
761 4641 877 4714 ipse
904 4643 994 4714 qui
1021 4619 1306 4714 utrumque
1352 4619 1534 4713 dedit,
1573 4653 1631 4700 ut
1670 4619 1922 4716 quoniam
1953 4644 2094 4701 bona
2122 4619 2172 4680 D
2197 4649 2394 4714 millia,
2423 4648 2680 4703 mundum
2712 4645 2874 4702 istum
2917 4642 3206 4715 signiﬁcat,
3255 4640 3344 4694 ubi
3377 4638 3546 4693 millia
3584 4637 3796 4692 dierum

506 4747 602 4805 per
626 4735 794 4806 legem
823 4747 1134 4807 peccatores
1163 4737 1440 4808 suscipere
1470 4751 1575 4792 non
1607 4751 1903 4804 meremur,
1935 4735 2095 4792 abso-

506 4826 765 4884 lutionem
796 4829 952 4886 nobis
973 4844 1068 4900 per
1093 4829 1319 4900 gratiam
1343 4829 1593 4886 conferre
1624 4829 1899 4900 dignetur.
1932 4827 2096 4884 Intel-

507 4918 636 4990 ligat
666 4929 843 4976 tamen
865 4920 1204 4978 Christianus
1233 4921 1296 4976 de
1321 4923 1500 4977 virtute
1529 4923 1584 4976 in
1617 4921 1851 4976 virtutem
1878 4920 2095 4976 sibimet

506 5013 871 5068 ambulandum
893 5055 910 5084 ,
944 5029 1012 5072 ne
1040 5029 1100 5071 se
1125 5015 1361 5070 remittat
1389 5013 1455 5069 ad
1500 5015 1690 5070 otium.
1721 5013 1998 5085 Sequitur,
2019 5016 2097 5069 vi-

505 5105 709 5162 debitur
730 5105 870 5163 Deus
891 5107 1107 5163 deorum
1129 5109 1184 5163 in
1211 5107 1360 5165 Sion.
1394 5107 1533 5164 Ecce
1562 5109 1695 5163 duas
1727 5108 1848 5163 illas
1871 5109 2096 5162 virtutes

506 5197 562 5256 in
586 5214 744 5256 unam
769 5199 898 5256 dicit
925 5200 1125 5257 Christi
1154 5200 1443 5258 convenire
1467 5216 1774 5272 personam.
1798 5201 1920 5272 Ipse
1949 5202 2095 5256 enim

506 5294 642 5349 visus
661 5303 737 5350 est
776 5293 1128 5365 Jerosolymis
1167 5295 1224 5349 in
1249 5295 1376 5353 Sion
1401 5303 1581 5351 monte
1599 5337 1615 5364 ,
1647 5295 1734 5365 qui
1757 5294 1927 5364 legem
1951 5293 2098 5349 dedit

503 5399 559 5444 et
605 5391 854 5462 gratiam.
881 5388 1049 5444 Deum
1079 5404 1209 5446 vero
1257 5392 1469 5445 deorum
1505 5389 1957 5462 quemadmodum
2003 5387 2097 5444 de-

503 5478 728 5537 beamus
782 5482 1094 5548 advertere,
1143 5483 1385 5553 proxime
1435 5483 1489 5539 in
1539 5481 1870 5553 octogesimo
1920 5482 2092 5550 primo

505 5576 710 5644 psalmo
733 5574 848 5644 jam
889 5573 1088 5630 dictum
1119 5585 1197 5633 est
1224 5594 1238 5631 :
1270 5578 1392 5650 quia
1422 5588 1476 5634 et
1507 5586 1723 5633 sanctos
1754 5575 1897 5631 viros
1947 5575 2091 5631 Scri-

505 5680 660 5740 ptura
705 5669 883 5724 divina
925 5669 1045 5724 deos
1091 5672 1361 5742 appellare
1407 5687 1512 5726 non
1561 5669 1778 5726 desinit.
1811 5669 1902 5726 Sic
1947 5674 2089 5726 enim

503 5763 698 5818 dicitur
746 5761 882 5818 Deus
929 5764 1176 5834 deorum,
1217 5765 1668 5836 quemadmodum
1715 5764 1825 5820 Rex
1869 5781 2084 5839 regum,

507 5858 737 5918 Sanctus
761 5864 1108 5932 sanctorum,
1151 5867 1208 5920 et
1253 5859 1512 5919 Dominus
1555 5858 1966 5919 dominantium.
1997 5859 2112 5948 Vi-g

2193 4741 2456 4798 sustinent
2504 4740 2684 4806 ﬁnem,
2739 4747 2794 4793 et
2838 4739 2906 4794 ab
2945 4753 3053 4793 uno
3079 4737 3172 4792 illo
3198 4736 3429 4792 vincitur
3451 4735 3716 4805 quidquid
3745 4737 3795 4790 in

2194 4833 2421 4888 istorum
2470 4831 3000 4900 multiplicationibus
3042 4837 3376 4902 aggregatur.
3429 4828 3622 4883 Merito
3665 4841 3796 4898 ergo

2196 4925 2391 4979 talibus
2420 4922 2705 4980 desideriis
2729 4922 3010 4993 quaeritur,
3035 4923 3122 4976 cui
3149 4921 3283 4976 nihil
3304 4920 3481 4976 simile
3503 4920 3793 4988 reperitur.

2203 5015 2328 5071 Haec
2347 5016 2513 5086 ﬁgura
2544 5015 2740 5070 dicitur
2771 5015 3011 5085 parison,
3039 5013 3090 5069 id
3121 5021 3204 5069 est
3232 5014 3462 5085 aequatio
3485 5013 3790 5078 sententias,

2201 5108 2412 5178 quando
2440 5108 2558 5163 dute
2580 5123 2666 5164 res
2708 5122 2740 5163 e
2785 5106 2998 5163 diverso
3036 5114 3332 5178 ponuntur,
3367 5105 3463 5161 sed
3490 5120 3594 5159 una
3625 5104 3791 5174 magis

2203 5204 2445 5275 eligitur;
2498 5208 2638 5261 sicut
2674 5211 2729 5260 et
2774 5203 2892 5269 hic,
2925 5211 2980 5260 et
3025 5203 3271 5274 superius
3310 5200 3456 5268 fecit,
3486 5211 3542 5257 et
3573 5202 3792 5258 inferius

2200 5293 2316 5368 ipse
2358 5297 2596 5352 facturus
2630 5305 2732 5352 est.
2782 5296 3057 5366 Sequitur,
3111 5293 3261 5364 Elogi
3311 5293 3550 5366 abjectus
3591 5309 3700 5347 esse
3741 5293 3790 5348 in

2202 5390 2354 5444 domo
2387 5389 2514 5458 Dei,
2545 5390 2709 5464 magis
2736 5405 2890 5460 quam
2911 5389 3140 5444 habitare
3166 5390 3220 5442 in
3239 5387 3584 5442 tabernaculis
3609 5401 3788 5454 pecca-

2200 5491 2388 5539 torum.
2423 5483 2517 5538 Vir
2545 5486 2757 5553 sapiens
2785 5497 2890 5536 non
2926 5480 3206 5551 judicabat
3234 5479 3300 5534 ad
3331 5480 3512 5535 carnis
3540 5479 3789 5546 oculum,

2199 5577 2295 5632 sed
2323 5575 2388 5631 ad
2439 5577 2603 5646 ipsius
2647 5576 2884 5630 veritatis
2917 5581 3221 5643 aspectum;
3255 5582 3310 5627 ut
3339 5581 3467 5626 esset
3490 5571 3714 5644 abjectus
3737 5570 3790 5624 in

2198 5671 2347 5726 domo
2369 5671 2638 5726 dominica
2665 5713 2678 5736 ,
2716 5685 2872 5740 quam
2909 5670 2957 5723 in
2987 5669 3158 5739 gloria
3182 5665 3366 5722 szeculi
3390 5667 3572 5721 vivere
3604 5664 3777 5721 crimio

2197 5782 2348 5821 nosa.
2380 5763 2424 5820 Ο
2449 5763 2677 5834 ahjectio
2707 5764 2794 5818 illa
2837 5762 3098 5833 pulchra!
3141 5775 3174 5818 ο
3213 5758 3514 5816 sublimitas
3543 5759 3646 5815 ista
3686 5759 3788 5815 [ω-

2197 5858 2448 5918 dissitua!
2494 5857 2610 5931 ipsa
2635 5865 2720 5916 est
2748 5856 2956 5916 scilicet
2984 5871 3107 5930 qua:
3133 5855 3383 5932 superius
3415 5850 3634 5923 dicitur,
3662 5863 3780 5910 cott-

4043 3703 4045 3784 ι

4043 3951 4045 4102 l
