4062 6344
381 356 490 417 605

1256 368 1618 427 EXPOSITIO
1657 364 1723 427 ΙΝ
1762 358 2225 428 PSALTERIUM.
2265 358 2454 422 PSAL.
2498 364 2785 422 LXXXIV.

376 475 529 531 sellis
569 477 917 549 tarrgmarunt
936 518 951 544 ,
984 477 1196 548 palatiis
1226 481 1473 537 omnibus
1501 482 1618 538 sine
1645 481 1979 537 dubitatione
2004 484 2057 543 Λ
2082 476 2328 543 cundior,
2361 479 2447 547 qui
2482 478 2561 533 sic
2607 477 2762 533 nobis
2793 476 3047 535 Ecclesia
3084 479 3368 537 toreularia
3398 482 3521 540 feeit
3548 501 3666 545 om-

379 569 635 639 superior
666 586 682 624 :
717 571 805 625 ubi
848 569 952 625 etsi
990 570 1057 626 ad
1088 580 1297 642 tempus
1324 572 1612 642 plangitur,
1646 572 1771 628 inde
1794 583 1967 628 tamen

373 660 495 715 sine
518 660 625 715 ﬁne
646 660 930 732 gaudetur.
958 660 1200 733 Abjectus
1220 662 1362 716 enim
1386 663 1604 728 dicitur,
1626 664 1715 732 qui
1740 664 1969 718 humana

371 754 736 809 nstimatione
760 754 988 810 habetur
1027 764 1322 811 extremus.
1367 755 1476 812 Sed
1512 756 1651 826 apud
1682 757 1847 812 Deum
1877 757 1971 812 ille

374 844 551 915 magis
574 845 904 899 honorabilis
918 845 1211 915 judicatur,
1236 848 1326 917 qui
1346 857 1566 918 propter
1585 863 1780 906 nomen
1802 846 1977 920 ipsius

372 942 519 997 inter
545 943 789 1003 homines
816 943 1031 999 videtur
1051 958 1175 999 esse
1193 944 1501 1016 despectus.

453 1033 607 1090 Vers.
642 1036 729 1093 13.
764 1035 1022 1101 Quoniam
1050 1036 1455 1092 misericordiam
1500 1044 1549 1092 et
1595 1038 1855 1093 veritatem
1890 1039 1969 1094 di-

373 1126 490 1197 ligit
519 1126 769 1181 Dominus
800 1126 971 1194 Deus;
999 1129 1220 1199 gratiam
1269 1138 1317 1183 et
1364 1130 1583 1202 gloriam
1621 1129 1760 1184 dabit
1790 1131 1968 1184 Domi-

374 1234 497 1273 nus.
522 1218 694 1273 Causa
718 1218 959 1274 redditur
982 1235 1147 1289 quare
1172 1220 1366 1275 domus
1392 1221 1604 1276 Domini
1636 1222 1755 1289 plus
1776 1221 1969 1277 debeat

373 1310 529 1379 diligi
583 1327 743 1382 quam
796 1312 1142 1368 tabernacula
1196 1323 1558 1383 peccatorum.
1614 1313 1672 1369 lu
1729 1314 1968 1371 Ecclesia

370 1406 523 1460 enim
556 1406 723 1473 ipsius
751 1407 978 1475 primum
1012 1407 1360 1462 misericordia
1388 1416 1501 1475 est,
1531 1408 1655 1478 quia
1683 1407 1750 1463 de
1782 1423 1968 1477 pecca-

370 1498 588 1554 toribus
632 1498 796 1554 efﬁcit
848 1500 1060 1569 justos,
1115 1510 1170 1555 et
1223 1503 1504 1556 veritatem
1556 1502 1664 1555 illis
1720 1502 1967 1569 promissi

380 1590 590 1659 praemii
621 1604 721 1643 non
746 1591 988 1660 negavit;
1019 1590 1157 1645 sicut
1186 1591 1316 1646 dicit
1338 1591 1653 1660 Apostolus:
1688 1592 1787 1658 Qui
1827 1593 1969 1662 prius

372 1682 458 1753 fui
485 1682 821 1752 blasphemus,
852 1700 914 1738 ac
939 1692 1229 1755 persecutor
1255 1698 1302 1738 et
1342 1684 1659 1758 injuriosus;
1702 1684 1789 1751 sed
1820 1685 1967 1738 mise-

2075 570 2206 624 nino
2251 570 2592 638 dulcescere,
2637 579 2696 626 ut
2746 572 3031 641 optabilius
3080 572 3374 630 habeamus
3403 577 3492 631 tali
3525 578 3667 636 fasce

2073 661 2322 731 deprimi,
2366 677 2525 733 quam
2583 662 2740 733 hujus
2793 662 3132 719 felicitatibus
3176 666 3464 723 sublevari.
3515 667 3665 726 Unde

2068 754 2181 825 jam
2214 755 2407 810 merito
2427 755 2695 811 dicimus:
2730 753 3056 827 Concupiscit
3082 766 3130 811 et
3153 758 3325 827 deﬁcit
3355 762 3529 815 anima
3559 778 3666 817 mea

2071 848 2127 901 in
2146 850 2283 903 atria
2308 845 2539 903 Domini.
2567 846 2673 905 Sed
2706 839 2947 905 sanctam
2975 858 3216 919 petamus
3245 851 3584 921 Trinitatem,
3606 861 3666 911 lt

2072 942 2524 1010 quemadmodum
2578 957 2770 998 sensus
2825 952 3038 999 nostros
3096 944 3325 1001 dulcedo
3384 949 3662 1016 praesentis

2072 1030 2319 1088 lectionis
2347 1032 2544 1101 affecit,
2591 1034 2662 1088 ita
2687 1034 2887 1106 jugiter
2933 1035 2985 1091 in
3020 1036 3172 1093 nobis
3219 1045 3468 1107 maneat,
3517 1038 3661 1111 quod

2072 1124 2187 1195 ipse
2209 1124 2494 1180 miseratus
2523 1124 2735 1181 infudit.

2228 1314 2231 1317 ,
2287 1264 2650 1323 EXPOSITIO
2690 1268 2757 1325 IN
2797 1264 3123 1328 PSALMUM
3154 1268 3441 1329 LXXXIV.

2387 1379 2456 1435 In
2498 1381 2684 1451 ﬁnem,
2728 1385 2851 1454 ﬁliis
2896 1386 3057 1455 Core,
3090 1386 3339 1458 psalmus.

2144 1492 2208 1548 In
2239 1494 2395 1563 ﬁnem
2411 1536 2429 1563 ,
2457 1498 2746 1554 Dominum
2769 1500 3107 1557 Salvatorem
3128 1504 3430 1575 signiﬁcare
3453 1510 3657 1560 constat

2072 1587 2125 1642 in
2179 1590 2379 1657 titulis,
2433 1591 2575 1647 sicut
2622 1590 2748 1646 dicit
2799 1593 3131 1661 Apo~tolus:
3181 1592 3325 1648 Finis
3363 1596 3496 1649 enim
3539 1598 3656 1667 legis

2071 1682 2302 1737 Christus
2327 1693 2393 1737 ad
2418 1684 2677 1755 justitiam
2708 1686 2847 1738 omni
2868 1686 3094 1741 credenti
3121 1685 3297 1755 (Rom.
3325 1702 3379 1752 ι,
3405 1686 3485 1755 ι).
3510 1686 3657 1743 Filiit

370 1774 651 1828 ricordiam
695 1784 992 1829 consecutus
1040 1793 1154 1829 sum
1188 1773 1251 1847 (1
1283 1774 1418 1830 Tim.
1465 1792 1513 1841 t,
1567 1775 1681 1848 13);
1719 1788 1774 1832 et
1815 1778 1967 1843 paulo
2071 1774 2226 1841 Core,
2258 1778 2505 1847 psalmus.
2532 1777 2667 1844 Quid
2716 1777 2982 1847 signiﬁcet
3012 1777 3170 1844 Core,
3222 1793 3363 1847 saepe
3383 1779 3495 1849 jam
3523 1777 3637 1834 dixi

368 1879 493 1939 post
523 1887 535 1921 :
576 1867 781 1923 Bonum
821 1877 1075 1923 certamen
1096 1871 1283 1925 certavi
1305 1910 1320 1937 ,
1350 1886 1557 1925 cursum
1605 1872 1968 1937 consummavi,
2000 1875 2048 1937 B
2075 1882 2214 1921 mus.
2242 1867 2355 1923 Hoc
2378 1876 2555 1923 tamen
2580 1870 2630 1923 in
2653 1884 2862 1923 summa
2884 1884 3229 1926 commonere
3248 1872 3498 1937 sufﬁciat,
3520 1872 3650 1926 bunt

366 1962 527 2031 ﬁdem
571 1964 805 2029 servavi;
847 1974 1078 2034 superest
1108 1966 1231 2017 mihi
1278 1981 1469 2019 corona
1519 1966 1762 2034 iustitiae,
1813 1983 1966 2034 quam
2069 1961 2333 2031 psalmum
2360 1961 2428 2016 de
2458 1960 2561 2015 illis
2595 1961 2701 2015 diei
2730 1962 2818 2031 qui
2856 1962 2966 2032 jam
2996 1963 3221 2017 Domino
3250 1962 3515 2018 Salvatori
3545 1962 3650 2017 sitt-

368 2055 550 2108 reddet
580 2055 705 2108 mihi
736 2056 988 2111 Dominus
1016 2058 1070 2111 in
1102 2056 1195 2112 illo
1221 2058 1305 2112 die
1323 2060 1498 2130 justus
1519 2058 1689 2131 judea:
1714 2057 1805 2131 (11
1828 2059 1962 2115 Tim.

371 2161 447 2214 tv,
469 2148 523 2214 7,
566 2148 639 2217 8).
669 2138 806 2204 Ecce
834 2162 1123 2220 utrumque
1168 2154 1479 2221 complexus
1505 2163 1624 2219 est,
1664 2163 1718 2208 et
1768 2155 1966 2208 miseri-

372 2243 601 2298 cordiam
625 2244 836 2300 Domini
859 2256 905 2300 et
926 2247 1206 2301 veritatem.
1232 2246 1515 2317 Subjungit
1537 2248 1720 2314 etiam,
1745 2250 1964 2319 gratiam

369 2345 422 2390 et
471 2337 691 2407 gloriam
735 2336 874 2391 dabit
921 2336 1183 2392 Dominus.
1218 2338 1296 2394 Ne
1340 2340 1509 2395 solam
1535 2342 1756 2412 gratiam
1787 2342 1836 2396 in
1863 2341 1966 2398 hoc

366 2428 570 2483 steculo
621 2432 822 2485 sanctis
875 2441 1092 2499 putares
1132 2446 1253 2487 esse
1302 2432 1574 2501 collatam,
1625 2435 1885 2503 sequitur,
1916 2442 1965 2489 et

368 2523 589 2592 gloriam
626 2523 769 2577 dabit
795 2521 1070 2579 Dominus.
1104 2524 1199 2579 Hic
1225 2526 1369 2580 enim
1393 2527 1569 2598 primo
1591 2537 1809 2597 praestat
1839 2545 1961 2598 gra-

370 2614 520 2678 tiam,
551 2625 608 2669 ut
637 2626 944 2684 peccatores
972 2627 1356 2673 convertantur
1383 2619 1448 2673 ad
1478 2621 1669 2686 vitam;
1706 2620 1755 2673 io
1786 2620 1963 2676 futuro

371 2707 519 2761 dabit
540 2707 774 2778 gloriam,
801 2720 860 2764 ut
879 2710 1058 2765 divino
1085 2727 1304 2767 munere
1328 2712 1622 2781 justilicati,
1653 2712 1960 2781 angelorum

370 2813 686 2859 mereantur
704 2820 826 2861 esse
854 2816 1153 2863 consortes.
1188 2807 1374 2862 Gratia
1401 2810 1546 2863 enim
1577 2808 1775 2863 dicitur
1799 2811 1964 2877 gratis

365 2894 525 2962 data,
575 2896 717 2951 sicut
763 2898 837 2952 ait
880 2900 1210 2968 Apostolus:
1254 2899 1314 2954 Si
1368 2910 1535 2954 autem
1563 2901 1728 2972 gratia
1773 2916 1876 2954 non
1902 2917 1965 2956 ea:

364 2987 625 3057 operibus,
654 2988 886 3059 alioquin
914 2992 1082 3062 gratia
1102 2994 1216 3064 jam
1246 3008 1348 3045 non
1376 3003 1449 3045 est
1478 2993 1646 3063 gratia
1675 2991 1855 3057 (Rom.
1885 3008 1958 3059 ιι,

350 3068 459 3146 Β).
503 3078 620 3149 Ipsa
667 3090 751 3137 est
784 3084 981 3153 quippe
1026 3084 1237 3138 Domini
1264 3084 1463 3140 Christi
1492 3086 1685 3155 gratia,
1712 3100 1833 3156 quae
1864 3099 1962 3142 nos

364 3180 656 3242 preparat,
686 3173 927 3244 adjuvat,
962 3176 1299 3245 corroborat,
1336 3187 1389 3231 et
1416 3187 1663 3234 coronat.

441 3264 596 3322 Vers.
630 3266 717 3322 Η.
745 3267 865 3322 Νοη
906 3270 1121 3339 privabit
1153 3271 1297 3325 bonis
1345 3272 1660 3326 ambulantes
1705 3272 1759 3325 in
1809 3272 1960 3325 inno-
1983 3256 2033 3321 Ο

360 3360 548 3414 centia.
580 3359 839 3416 Malorum
869 3371 1073 3417 tantum
1108 3378 1261 3433 paena
1303 3373 1386 3420 est
1423 3379 1453 3419 a
1500 3379 1722 3419 munere
1761 3364 1964 3419 Divini-

362 3454 489 3507 tutis
524 3455 720 3509 arceri.
763 3453 1117 3510 Innocentiam
1166 3472 1297 3513 vero
1345 3457 1556 3527 plenam
1610 3457 1703 3511 Dei
1753 3466 1960 3512 constat

362 3561 487 3603 esse
514 3551 867 3617 muneribus,
894 3551 989 3607 sed
1036 3552 1149 3608 hare
1179 3553 1470 3608 innocentia
1500 3554 1582 3608 sui
1611 3554 1771 3610 debet
1802 3569 1962 3610 voca-

363 3638 479 3695 buli
504 3642 612 3697 fine
638 3644 912 3712 cognosci.
947 3645 1068 3715 Ipse
1112 3655 1193 3701 est
1232 3647 1377 3701 enim
1426 3648 1687 3703 innocens
1715 3649 1802 3717 qui
1832 3649 1959 3703 nulli

368 3743 555 3790 nocet.
586 3734 732 3798 Talis
773 3752 901 3807 ergo
930 3751 1034 3793 non
1068 3747 1241 3806 potest
1271 3739 1464 3807 privari
1503 3741 1810 3795 muneribus
1841 3740 1955 3808 Dei,

370 3828 462 3896 qui
490 3830 601 3897 jam
647 3829 735 3884 hic
763 3830 904 3887 dona
932 3832 1103 3887 beata:
1123 3834 1491 3888 conversionis
1516 3834 1643 3908 [ms.
1669 3834 1733 3890 A.
1757 3844 1804 3889 et
1832 3836 1916 3889 ed.
1938 3875 1956 3901 ,

368 3923 823 3997 conversationis]
863 3925 1090 3994 accepit.
1134 3927 1395 3982 lanocens
1424 3937 1601 3983 autem
1644 3937 1726 3983 est
1752 3929 1842 3998 qui
1874 3928 1959 3983 hic

369 4014 676 4083 disponitur
706 4019 758 4072 in
808 4020 1052 4075 convalle
1091 4020 1471 4092 lacrymarum,
1503 4022 1593 4091 qui
1633 4021 1771 4093 eligit
1819 4019 1987 4096 abjeg

364 4113 473 4160 ctus
493 4122 598 4162 esse
614 4110 666 4163 in
695 4111 847 4165 doma
872 4111 967 4165 Dei
996 4114 1156 4183 magis
1182 4128 1333 4181 quant
1362 4112 1590 4168 habitare
1618 4113 1672 4166 in
1723 4111 1958 4167 taberna-

358 4202 494 4255 culis
519 4214 876 4272 peccatorum;
907 4214 963 4261 et
992 4206 1077 4261 his
1098 4206 1291 4261 similia
1321 4221 1440 4277 qua:
1470 4206 1720 4277 superius
1742 4206 1896 4261 dixit.

436 4294 588 4350 Vers.
615 4297 707 4353 15.
734 4298 959 4352 Domine
984 4297 1123 4353 Deus
1158 4300 1440 4353 virtutum!
1468 4300 1643 4354 beatus
1681 4298 1829 4353 homo
1866 4299 1956 4371 qui

356 4396 531 4457 sperat
577 4389 633 4444 in
681 4399 747 4445 te.
797 4390 901 4446 Tot
952 4391 1090 4446 bona
1140 4394 1417 4461 explicare
1460 4408 1566 4447 non
1599 4392 1802 4462 potuit,
1835 4407 1954 4463 quae

354 4489 578 4535 sanctus
606 4497 734 4538 suus
761 4486 973 4540 animus
1005 4487 1306 4551 sentiebat;
1339 4493 1389 4541 et
1439 4487 1560 4541 ideo
1590 4487 1689 4543 sub
1718 4486 1951 4541 admira-

356 4572 505 4627 tione
530 4573 812 4645 legendum
836 4587 953 4631 est:
986 4576 1205 4631 Domine
1232 4575 1372 4632 Deus
1397 4578 1674 4632 virtutum!
1695 4579 1783 4648 qui
1808 4587 1949 4634 tanta

2068 2066 2192 2107 cera
2245 2061 2426 2108 mente
2475 2053 2859 2109 crediderunt:
2910 2055 2978 2110 de
3028 2054 3181 2125 cujus
3230 2057 3403 2128 primo
3429 2055 3653 2112 adventu

2073 2157 2315 2214 praesens
2344 2145 2583 2216 psalmus
2611 2146 2802 2201 tertius
2830 2148 3169 2217 approbatur.

2653 2285 2848 2343 Divisio
2886 2288 3091 2358 psalmi.

2137 2398 2191 2455 ln
2225 2401 2393 2471 prima
2438 2409 2590 2471 parte
2636 2403 2823 2473 psalmi
2858 2403 3113 2471 propheta
3148 2402 3378 2459 Domino
3416 2403 3648 2460 breviter

2065 2495 2267 2565 gratias
2297 2495 2426 2565 agit,
2462 2496 2716 2566 quoniam
2743 2495 2810 2550 de
2843 2495 2927 2550 illa
2955 2496 3269 2564 antiquitate
3299 2494 3532 2551 ludaicaa
3560 2510 3645 2551 na-

2066 2589 2222 2644 tionis
2257 2589 2505 2659 pervenit
2551 2590 2775 2660 populus
2823 2590 2888 2644 ad
2921 2591 3184 2645 culturam
3235 2590 3444 2645 Domini
3470 2590 3648 2646 Salva-

2068 2681 2220 2736 toris.
2242 2681 2485 2735 Secunda
2517 2691 2667 2751 parte
2691 2681 2857 2736 refert
2881 2681 3327 2752 quemadmodum
3352 2681 3484 2735 iram
3501 2695 3651 2737 suam

2063 2773 2323 2829 Dominus
2354 2776 2404 2828 in
2440 2774 2636 2844 populo
2664 2774 2969 2829 .ludaaorum
3004 2775 3248 2843 mitigare
3270 2774 3517 2844 dignatus
3533 2786 3649 2829 est:

2064 2878 2326 2935 expetens
2370 2866 2657 2921 adventum
2702 2865 2931 2933 Christi,
2964 2866 3014 2920 in
3046 2881 3149 2936 quo
3184 2865 3410 2920 humana
3443 2865 3649 2921 caecitas

2062 2957 2527 3013 evidentissimum
2584 2958 2758 3014 lumen
2826 2958 3157 3012 credulitatis
3206 2958 3430 3027 accepit.
3472 2957 3649 3014 Tertia

2065 3062 2213 3121 parte
2242 3051 2318 3120 ad
2364 3068 2422 3108 se
2463 3054 2634 3123 ipsum
2684 3053 2847 3109 verba
2903 3053 3197 3120 convertit,
3252 3063 3307 3109 et
3361 3054 3648 3125 prophetia!

2069 3145 2264 3215 spiritu
2293 3146 2550 3201 incarnati
2575 3146 2732 3202 Verbi
2760 3146 3013 3216 praedicat
3038 3146 3315 3203 evidenter
3335 3147 3647 3203 adventum.

2597 3259 2866 3331 Expositio
2908 3259 3113 3327 psalmi.

2140 3369 2292 3428 Vers.
2328 3372 2377 3426 l.
2412 3370 2727 3426 Beuedixisti
2749 3416 2763 3440 ,
2798 3371 3051 3440 Domine,
3084 3381 3273 3426 terram
3297 3380 3436 3426 tuam
3465 3388 3478 3401 ·
3507 3388 3631 3427 αυενσ

2064 3464 2170 3519 tisti
2208 3465 2551 3534 captivitatem
2579 3463 2763 3520 Iacob.
2814 3465 3121 3521 Prtevidens
3152 3464 3429 3521 Psalmista
3479 3465 3647 3521 futura

2061 3554 2352 3619 miracula,
2419 3562 2670 3625 tanquam
2724 3555 2791 3609 de
2848 3557 3118 3623 prteterito
3163 3555 3319 3611 laetus
3367 3555 3646 3611 exsultat:

2063 3647 2292 3703 adventu
2322 3647 2528 3702 Domini
2562 3646 2877 3701 benedictum
2900 3657 3088 3702 terram
3116 3663 3236 3704 esse
3263 3648 3646 3717 pronuntians,

2061 3738 2115 3795 id
2161 3752 2243 3797 est
2272 3756 2487 3796 carnem
2529 3743 2712 3811 utique
2752 3754 2909 3811 quam
2957 3740 3072 3810 ipse
3111 3749 3195 3797 est
3235 3740 3480 3811 dignatus
3499 3754 3644 3796 assu-

2061 3848 2231 3890 mere.
2266 3834 2368 3889 Per
2402 3833 2564 3888 Jacob
2593 3835 2735 3889 enim
2781 3834 3133 3904 patriarcham
3179 3835 3483 3903 frequenter
3507 3833 3619 3889 dixi

2060 3944 2182 3983 mus
2232 3928 2522 3999 signiﬁcari
2555 3929 2805 3999 populum
2839 3928 3071 3994 ﬁdelem,
3105 3929 3192 3997 qui
3224 3927 3476 3981 literatus
3504 3933 3587 3981 est
3615 3940 3645 3981 s

2059 4020 2373 4089 captivitate
2415 4019 2646 4086 diaboli,
2698 4020 2913 4089 quando
2955 4022 3150 4074 meruit
3176 4019 3386 4074 Domini
3427 4020 3640 4076 misera-

2060 4112 2210 4167 tione
2231 4110 2447 4165 salvari.
2476 4110 2713 4166 Dicendo
2736 4128 2748 4163 :
2775 4112 3011 4165 Avertisti
3034 4112 3392 4182 captivitatem,
3414 4112 3643 4168 ostendit

2058 4217 2178 4258 eam
2220 4216 2317 4273 pro
2366 4202 2614 4258 humanis
2656 4204 2872 4275 quidem
2905 4204 3272 4275 iniquitatibus
3305 4205 3465 4262 fuisse
3503 4218 3641 4261 cras-

2056 4305 2225 4352 satam
2247 4338 2261 4363 ,
2293 4297 2385 4353 sed
2414 4296 2590 4353 divina
2620 4298 2964 4353 miseratione
3005 4297 3329 4353 submotam.

2128 4391 2279 4446 Vers.
2307 4390 2362 4446 2.
2396 4389 2663 4445 Remisisti
2694 4390 3008 4461 iniquitatem
3038 4390 3196 4460 plebis
3237 4399 3372 4458 tute;
3402 4390 3643 4463 operuistt

2055 4485 2220 4556 288
2258 4485 2429 4538 omnia
2478 4495 2686 4555 peccata
2731 4500 2928 4541 eorum.
2961 4485 3237 4539 Rcmittere
3277 4492 3361 4539 est
3404 4484 3642 4539 debitum

2055 4580 2299 4634 relaxare
2318 4622 2331 4647 ,
2360 4595 2467 4633 non
2499 4592 2677 4633 causa:
2707 4579 2932 4647 alicujus
2964 4580 3284 4644 interventu,
3313 4575 3407 4631 sed
3433 4575 3642 4647 pietatis

354 4662 491 4735 bona
537 4666 688 4735 lacis,
720 4676 914 4739 quanta
946 4669 1194 4726 homines
1224 4670 1432 4727 referre
1458 4687 1561 4726 non
1595 4683 1833 4741 possunt.
1868 4672 1948 4728 Ad
1977 4652 2033 4717 Ῑ)
2057 4671 2271 4726 intuitu.
2306 4672 2395 4726 Sic
2424 4671 2679 4726 Dominus
2723 4670 2928 4726 remisit
2958 4670 3195 4739 culpam,
3222 4670 3347 4724 dum
3376 4685 3496 4725 reos
3517 4686 3641 4740 pera

352 4770 686 4830 postremum
748 4764 927 4819 intulit
986 4765 1186 4834 aliquid
1240 4764 1381 4820 aliud
1438 4780 1597 4836 quam
1647 4764 1945 4834 praemisit:

351 4851 545 4910 Beatus
591 4855 743 4911 homo
791 4859 878 4929 qui
926 4867 1095 4929 sperat
1139 4859 1287 4913 inte.
1329 4858 1481 4927 Quod
1514 4860 1726 4915 schema
1756 4859 1948 4914 dicitur

351 4948 799 5017 paraprosdocia,
834 4950 1017 5006 Latine
1064 4950 1369 5020 inopinatus
1405 4952 1615 5019 exitus;
1670 4948 1773 5006 hoc
1822 4960 1941 5020 est,

349 5052 471 5096 cum
509 5041 653 5097 aliud
693 5045 1031 5113 proponitur,
1074 5051 1128 5098 et
1175 5044 1318 5099 aliud
1350 5044 1707 5115 subiungitur.
1740 5044 1941 5099 Intelli-

348 5147 534 5203 gamus
548 5144 678 5206 ergo
699 5145 957 5207 quantum
985 5152 1267 5207 possumus
1283 5152 1501 5193 sensum
1525 5138 1764 5192 divinum
1783 5150 1940 5207 quam

348 5226 631 5296 multiplici
663 5229 859 5286 decore
883 5231 1158 5297 reluceat;
1196 5240 1255 5286 ut
1283 5230 1411 5285 illud
1440 5231 1582 5301 quod
1610 5231 1792 5286 multis
1817 5245 1939 5285 ver-

349 5319 430 5376 bis
458 5323 730 5393 explicare
765 5341 871 5382 non
903 5336 1147 5396 poterat,
1196 5324 1249 5383 in
1279 5326 1546 5396 paucitate
1572 5326 1936 5382 concluderet.

346 5412 537 5471 Beatus
562 5427 645 5473 est
677 5419 821 5475 enim
848 5416 937 5491 qui
979 5437 1129 5491 spem
1178 5437 1328 5478 suam
1374 5422 1430 5476 in
1460 5432 1655 5476 aeterna
1688 5420 1939 5477 felicitate

346 5510 609 5579 posuerit.
639 5509 831 5568 Beatus
870 5514 1022 5584 cujus
1054 5516 1192 5571 bona
1240 5529 1344 5570 non
1390 5513 1663 5569 occidunt.
1713 5513 1817 5569 Sed
1858 5528 1945 5583 po-

344 5612 607 5660 stt-emam
636 5607 873 5679 periecte
921 5608 1098 5664 beatus
1140 5617 1224 5665 est
1267 5607 1421 5679 cujus
1468 5621 1596 5679 spes
1625 5606 1680 5662 iu
1713 5606 1940 5663 Domino

344 5696 540 5769 iugiter
567 5710 893 5770 perseverat.

869 5792 1144 5850 Conclusio
1176 5793 1382 5864 psalmi.

414 5886 676 5951 Mirabilis
699 5886 942 5962 psalmus
988 5895 1043 5948 et
1072 5885 1219 5947 omni
1250 5885 1523 5947 mundana
1558 5883 1822 5946 suavitate
1848 5880 1909 5973 ju

1221 6031 1231 6039 .
1276 6026 1285 6037 s
1312 6020 1329 6029 ⁸⁵
1342 6016 1371 6031 -
1382 6022 1399 6035 ἰ
1412 6008 1569 6039 Minya

1374 6032 1399 6055 -'
1418 6032 1549 6051 οόδὶγνθςμ
1556 6036 1563 6043 ο

2056 4767 2241 4818 venire
2273 4762 2396 4817 fecit
2433 4763 2499 4817 ad
2526 4764 2755 4819 veniam.
2778 4762 2891 4817 Hoc
2920 4770 3000 4817 est
3030 4761 3170 4831 quod
3197 4761 3443 4831 superius
3471 4761 3639 4819 dixit:

2053 4856 2293 4910 Avertiin
2340 4856 2677 4926 captivitatem
2718 4854 2898 4908 Jacob.
2933 4853 3214 4923 Captivitas
3250 4854 3394 4908 enim
3434 4855 3639 4923 peccati

2054 4948 2174 5013 fuit,
2220 4948 2434 5019 quando
2477 4948 2706 5002 mundus
2732 4947 2890 5002 idolis
2929 4945 3197 5000 serviebat
3222 4945 3512 5012 obnoxius;
3544 4947 3637 5003 sed

2050 5045 2298 5098 veniente
2329 5044 2557 5097 Domino
2583 5042 2861 5098 Salvatore
2894 5047 3030 5093 tecta
3060 5053 3204 5105 esse,
3234 5039 3285 5093 id
3316 5045 3397 5093 est
3424 5038 3631 5095 oblitte-

2048 5148 2161 5193 rata
2186 5153 2290 5191 non
2314 5135 2537 5192 dubium
2568 5144 2670 5200 est;
2700 5133 2852 5204 cujus
2875 5133 3105 5187 adventu
3133 5143 3187 5187 et
3207 5132 3430 5188 libertas
3452 5140 3638 5188 nostra

2045 5240 2204 5299 caput
2235 5232 2456 5297 extulit,
2503 5239 2561 5286 ct
2600 5228 2850 5298 superbia
2899 5228 3098 5282 diaboli
3142 5230 3412 5284 confracta
3445 5241 3637 5283 succu-

2046 5324 2179 5380 buit.
2222 5324 2492 5394 Sequitur,
2546 5322 2791 5394 aperuisti
2829 5323 3000 5376 omnia
3044 5332 3248 5395 peccata
3278 5334 3471 5378 eorum.
3507 5319 3636 5378 Prud

2044 5417 2252 5489 pitiatio
2302 5416 2511 5471 Domini
2561 5418 2641 5471 sic
2689 5414 2966 5471 evidenter
3028 5416 3373 5486 agnoscitur,
3423 5415 3637 5486 quando

2046 5521 2267 5582 peccata
2322 5518 2500 5565 nostra
2550 5519 2803 5579 cootterta
2852 5524 2973 5565 esse
3002 5518 3386 5565 monstrantur.
3419 5510 3634 5564 Illorum

2043 5605 2185 5661 enim
2212 5603 2560 5669 abominatio,
2592 5612 2773 5659 nostra
2806 5603 3072 5657 absolutio
3096 5612 3199 5669 est,
3226 5612 3280 5658 et
3308 5610 3434 5656 tunc
3455 5600 3634 5657 securi

2041 5698 2341 5767 reddimur,
2398 5696 2610 5767 quando
2659 5697 2749 5752 illa
2795 5697 2859 5751 ad
2899 5696 3157 5766 judicium
3209 5710 3315 5750 non
3350 5703 3630 5748 vocantur.

2042 5788 2153 5844 lloc
2182 5791 2416 5844 humano
2442 5790 2625 5861 generi
2650 5795 2861 5845 constat
2883 5803 3001 5844 esse
3032 5788 3307 5851 collatum,
3336 5799 3457 5840 cum
3486 5783 3637 5839 salu-

2033 5881 2175 5964 teris
2199 5880 2462 5943 Dominus
2482 5882 2731 5960 dignatus
2750 5888 2833 5945 est
2856 5878 3132 5941 advenire.
3157 5878 3227 5941 Et
3245 5874 3465 5939 intende
3481 5873 3639 5961 quod

3644 5981 3677 6018 \
