4062 6344
451 355 552 413 607

1677 338 1745 393 Μ.
1789 331 2074 392 AURELII
2109 328 2513 387 CASSIODORI

3613 319 3722 378 608

453 487 550 544 per
577 469 680 526 hos
707 466 843 524 duos
871 475 1056 520 versus
1100 460 1266 531 ﬁgura
1311 459 1368 514 ﬁt
1400 456 1874 522 homoeoteleuton,
1907 459 2031 524 quia
2059 459 2110 520 Α
2139 464 2268 511 tunc
2295 456 2384 510 illa
2412 454 2550 527 plebs
2582 465 2838 524 prospere
2875 449 3135 506 lambitur
3171 449 3229 503 in
3267 454 3346 517 te,
3375 460 3516 541 quae
3545 444 3724 544 infeli-

454 564 724 622 similibus
779 561 973 617 litteris
1029 557 1288 612 dietiones
1341 553 1590 625 plurimae
1645 554 2035 619 terminantur;

427 658 590 714 ‘dixit
609 657 752 713 enim
778 671 792 709 :
822 650 1166 717 Benedixisti,
1197 647 1449 716 avertisti,
1480 645 1746 709 remisisti,
1772 642 2032 715 aperuisti.

527 750 680 806 Vere.
708 750 761 804 5.
786 746 1038 817 Mitigasti
1059 759 1255 798 omnem
1275 743 1405 796 iram
1426 751 1600 804 tuam;
1623 738 1848 793 avertisti
1871 737 1932 791 ab
1954 737 2036 790 ira

453 839 816 912 indignationis
863 847 981 892 tute.
1033 835 1316 905 lnterjecto
1365 833 1718 904 diapsalmate
1766 831 1913 886 venit
1967 830 2033 886 ad

455 933 743 990 secundam
805 938 1043 1002 partem,
1103 929 1340 985 referens
1399 925 1846 999 quemadmodum
1902 925 2035 978 iram

457 1041 603 1082 suam
632 1024 890 1080 Dominus
919 1024 1154 1096 mitigare
1188 1022 1436 1092 dignatus
1463 1028 1564 1086 est,
1597 1026 1650 1074 et
1677 1019 1820 1074 salus
1847 1031 2035 1086 prove-

455 1119 594 1173 niret
627 1117 822 1186 quibus
862 1115 1168 1186 deSperatio
1209 1128 1305 1184 pro
1335 1113 1592 1167 factorum
1617 1123 1835 1166 suorum
1867 1108 2035 1177 quali-

455 1210 652 1264 tatibus
691 1209 1039 1274 imminebat,
1069 1208 1209 1264 sicut
1235 1205 1287 1260 in
1315 1203 1604 1274 Evangelio
1634 1204 1748 1272 ipse
1768 1209 1991 1258 testatur
2016 1218 2028 1254 :

455 1297 578 1354 Non
625 1315 740 1352 sum
789 1300 972 1353 missus
1018 1299 1116 1352 nisi
1163 1298 1230 1351 ad
1270 1313 1383 1352 oves
1413 1312 1526 1366 qua:
1554 1295 1812 1370 perierunt
1852 1294 2034 1348 domus

453 1392 623 1449 Israel
649 1393 864 1466 (Matth.
893 1409 985 1460 xv,
1016 1395 1128 1463 2i).
1159 1393 1264 1449 Sed
1312 1393 1516 1462 inspice
1543 1408 1643 1462 qua
1685 1407 1934 1458 mensura
1965 1391 2035 1446 sit

453 1488 718 1557 positum,
752 1487 1022 1559 Mitigasti.
1048 1485 1397 1556 Prosequitur
1419 1485 1613 1540 iterum
1641 1485 1859 1554 culpas,
1902 1498 2034 1554 quas

454 1581 510 1636 in
557 1581 847 1638 Dominum
896 1581 1225 1637 Salvatorem
1277 1579 1580 1634 Judaeorum
1631 1577 1857 1633 nefanda
1911 1591 2034 1646 pro-

455 1675 621 1730 tervia
653 1673 829 1728 studio
857 1673 1220 1744 perversitatis
1259 1671 1521 1727 exercuit.
1552 1671 1622 1724 Ab
1649 1673 1726 1724 ira
1751 1679 1927 1724 autem
1955 1670 2034 1722 in-

454 1767 768 1838 dignationis
793 1783 900 1821 suaz
918 1807 932 1833 ,
965 1765 1388 1823 subaudiendum
1412 1772 1514 1830 est,
1540 1765 1792 1834 quoniam
1822 1761 2034 1816 Judaeo—

2140 553 2272 606 citer
2309 549 2572 620 gaudebat
2601 549 2653 604 in
2701 563 2780 604 se.
2815 547 2927 603 [ioc
2954 546 3098 602 enim
3127 537 3380 616 provenit
3409 540 3723 614 conversis,

2139 644 2352 714 quando
2374 645 2646 714 suscipere
2677 641 2939 710 cmperint
2972 639 3232 696 beneﬁcia
3257 636 3576 693 Salvatoris.

2210 733 2363 792 Vera.
2397 735 2451 791 7.
2506 733 2725 790 Ostende
2772 734 2917 790 nobis
2949 774 2965 799 ,
3015 731 3268 800 Domine,
3321 727 3726 784 misericordiam

2105 826 2112 833 ’
2140 841 2282 888 tuam
2301 873 2317 900 ,
2347 841 2395 888 et
2422 832 2648 888 salutare
2677 841 2826 895 tuum.
2845 830 2912 884 da
2937 829 3103 884 nobis.
3133 826 3352 884 Sciebat
3371 825 3583 897 quiden'
3619 823 3729 878 Do-

2138 926 2342 981 tninum
2371 939 2490 981 esse
2517 932 2832 988 venturum,
2866 921 2960 976 sed
3010 928 3162 992 rogat
3207 927 3266 972 ut
3313 917 3430 972 haec
3461 913 3727 970 benelicia

2139 1033 2244 1072 non
2291 1024 2490 1072 tantum
2530 1017 2700 1072 oculis
2748 1013 3051 1071 carnalibus
3093 1011 3270 1067 videat
3320 1009 3494 1080 (sicut
3543 1005 3726 1063 caeteri

2139 1127 2246 1166 non
2296 1108 2624 1181 credentes),
2657 1109 2750 1166 sed
2782 1107 3076 1181 purissimo
3116 1105 3296 1162 cordis
3339 1103 3614 1158 intueatur
3643 1114 3728 1156 as-

2138 1212 2318 1275 pectu.
2335 1202 2694 1258 Misericordia
2719 1201 2860 1257 enim
2889 1199 3065 1256 Patris
3083 1198 3319 1253 salvator
3335 1204 3420 1252 est
3439 1193 3724 1258 Dominus,

2137 1311 2296 1368 quem
2331 1296 2431 1350 sibi
2477 1293 2866 1351 illuminatione
2893 1309 3035 1348 vera:
3071 1291 3193 1346 ﬁdei
3224 1287 3419 1346 cohors
3448 1287 3605 1342 beata
3633 1299 3728 1355 po-

2139 1390 2322 1446 scebat
2350 1389 2598 1459 ostendi,
2630 1403 2737 1444 non
2777 1394 2981 1442 tantum
3005 1385 3184 1440 carnis
3205 1381 3473 1438 velamine
3501 1392 3727 1448 cooper-

2139 1493 2286 1550 tum,
2339 1481 2432 1538 sed
2465 1483 2717 1553 potentiae
2755 1495 2866 1535 sua:
2909 1481 3152 1535 ciaritate
3189 1475 3564 1545 conspicuum.
3591 1471 3724 1528 Nam

2137 1575 2276 1632 idem
2308 1589 2426 1631 cum
2457 1575 2525 1629 de
2556 1575 2673 1644 ipso
2712 1573 2938 1640 diceret,
2967 1570 3206 1636 addidit,
3236 1569 3304 1622 da
3325 1567 3501 1636 nobis,
3527 1565 3579 1621 id
3609 1572 3721 1633 est,

2137 1667 2374 1724 concede
2398 1667 2624 1723 salutare
2671 1677 2814 1736 luunt
2857 1667 3010 1738 quasi
3046 1663 3522 1734 amplectendam,
3568 1657 3720 1732 quasi

2138 1761 2548 1831 possidendum,
2597 1762 2747 1832 quasi
2798 1775 3022 1816 munere
3079 1769 3296 1814 (elerum
3359 1756 3549 1826 gloriae
3605 1768 3720 1823 per-

454 1873 572 1912 rum
605 1858 802 1913 avertit
828 1859 1126 1927 interitum,
1159 1859 1284 1915 dum
1315 1857 1381 1913 ad
1410 1865 1640 1927 mgrotos
1671 1855 1942 1924 medicus,
1967 1852 2033 1908 ad
2063 1854 2110 1916 Β
2141 1851 2440 1908 fruendum.
2467 1854 2692 1910 Perﬁdis
2726 1855 2866 1910 enim
2896 1863 3102 1909 tantum
3132 1851 3396 1923 apparuit,
3427 1865 3535 1904 non
3563 1847 3719 1904 etiam

453 1949 755 2021 pestilentia
797 1951 988 2020 plenos
1033 1959 1221 2006 auctor
1265 1951 1453 2006 salutis
1482 1949 1718 2004 advenit.
1745 1949 1893 2016 Quod
1927 1962 2031 2002 non

452 2041 624 2096 solum
653 2042 719 2098 ad
749 2059 910 2098 unam
962 2054 1205 2114 gentem,
1248 2043 1345 2100 sed
1393 2042 1459 2098 ad
1503 2042 1821 2098 beneﬁcium
1874 2042 2032 2097 tosins

452 2130 598 2186 orbis
621 2133 910 2202 aptandum
933 2144 1036 2190 est.

525 2223 674 2279 Vers.
721 2225 775 2280 4.
822 2225 1061 2281 Converte
1103 2241 1226 2293 nos,
1275 2225 1408 2280 Deus
1447 2226 1690 2281 salutaris
1731 2235 1934 2291 noster;
1985 2233 2032 2280 et

451 2317 774 2370 averte-iram
799 2325 936 2372 tuam
957 2335 988 2371 a
1017 2318 1179 2372 nobis.
1211 2316 1345 2373 Cum
1375 2318 1619 2388 superius
1649 2317 1874 2383 dixerit,
1916 2333 2034 2389 ope-

451 2407 600 2462 risisti
627 2410 795 2463 omnia
817 2420 1020 2480 peccata
1047 2427 1219 2465 eorum
1233 2426 1253 2476 ;
1280 2410 1440 2466 modo
1464 2409 1615 2480 quasi
1648 2411 1855 2465 noviter
1879 2410 2032 2480 petit,

452 2510 618 2556 averte
641 2503 766 2556 iram
797 2511 938 2557 tuam
962 2503 993 2557 ὰ
1022 2503 1186 2558 nobis.
1211 2503 1318 2560 Sed
1348 2511 1572 2575 utraque
1602 2505 1956 2570 conveniunt,
1988 2505 2034 2560 si

451 2595 847 2653 consideremus
893 2606 1132 2668 tempora
1183 2607 1542 2669 peccatorum.
1578 2598 1680 2653 ιντο
1724 2599 1830 2654 illis
1859 2599 2035 2669 itaque

452 2687 820 2756 iniquitatibus
869 2703 1000 2760 quas
1047 2698 1171 2745 ante
1199 2691 1396 2746 fecerat
1448 2690 1676 2760 populus
1703 2689 2031 2760 Judteornm,

452 2781 598 2850 prius
640 2783 836 2850 gratias
867 2782 975 2852 egit
1003 2822 1017 2848 ,
1059 2781 1310 2852 quoniam
1340 2781 1570 2836 adventu
1601 2781 1810 2836 Domini
1858 2785 2034 2836 omnia

450 2873 743 2942 probantur
771 2888 890 2930 esse
917 2874 1174 2945 mitigata.
1205 2874 1301 2929 l-lic
1325 2887 1501 2930 autem
1534 2890 1628 2944 pro
1652 2874 1842 2930 futuris
1863 2876 2036 2945 culpis

452 2963 645 3019 iterum
680 2977 829 3036 rogat
853 3007 869 3032 ,
903 2968 1023 3036 quia
1055 2982 1148 3022 eos
1176 2968 1230 3022 in
1264 2968 1511 3037 passione
1547 2968 1754 3022 Domini
1801 2968 2035 3024 crudelia

452 3059 659 3114 scelera
683 3059 1010 3128 praevidebat
1030 3061 1221 3115 iterum
1249 3074 1370 3114 esse
1396 3058 1652 3114 facturos.
1671 3060 1912 3131 Denique
1935 3062 2037 3116 hoc

453 3151 614 3221 dicit,
672 3153 948 3224 Converte,
1005 3163 1064 3208 ut
1115 3153 1182 3209 de
1237 3153 1670 3224 persecutoribus
1723 3153 2036 3211 defensores

2135 1944 2310 1999 datus.
2342 1945 2424 1998 Da
2453 1961 2580 2013 ergo
2609 1945 2759 2010 dicit,
2791 1955 2849 2000 ut
2876 1961 2996 2000 cum
3028 1945 3081 2000 in
3112 1954 3291 2000 mente
3314 1951 3498 1996 nostra
3515 1927 3717 1995 caelesti

2133 2037 2275 2093 dono
2297 2038 2570 2108 recipitur,
2597 2038 2758 2096 nullis
2785 2037 3168 2093 tentationibus
3191 2035 3486 2090 auferatur.

2205 2130 2358 2186 Vers.
2407 2132 2462 2188 8.
2505 2131 2731 2186 Audiam
2775 2130 2900 2202 quid
2949 2133 3190 2202 loquatur
3246 2130 3302 2183 in
3339 2119 3430 2182 'me
3473 2124 3721 2179 Dominus

2135 2223 2316 2278 Deus:
2344 2225 2584 2296 quoniam
2625 2225 2855 2294 loquetur
2899 2241 3077 2294 pacem
3121 2226 3172 2278 in
3216 2223 3412 2292 plebem
3450 2234 3638 2281 suam,
3679 2223 3721 2270 et

2134 2335 2290 2390 super
2332 2328 2536 2374 sanctos
2562 2335 2707 2374 suos.
2739 2319 2896 2374 Venit
2925 2317 2990 2372 ad
3020 2317 3229 2372 tertiam
3274 2323 3515 2386 partem,
3547 2313 3600 2366 in
3625 2323 3722 2380 qua

2137 2411 2503 2480 pulcherrimo
2546 2411 2824 2466 schemate
2875 2409 3129 2481 praedicat
3175 2407 3384 2463 Domini
3433 2403 3725 2462 Salvatoris

2137 2503 2446 2557 adventum.
2475 2502 2606 2558 Nam
2654 2511 2936 2573 postquam
2967 2505 3296 2572 deprecatus
3324 2508 3407 2555 est
3452 2505 3510 2552 ut
3548 2497 3600 2552 ei
3625 2495 3724 2550 Do-

2140 2597 2315 2651 minus
2350 2607 2651 2668 appareret,
2683 2597 2836 2668 quasi
2889 2597 3162 2669 petitionis
3206 2611 3318 2652 sua:
3349 2608 3600 2664 compos,
3634 2607 3724 2646 su-

2141 2689 2250 2745 bita
2279 2690 2678 2748 illuminatione
2699 2691 2996 2761 completus
3017 2731 3032 2757 ,
3065 2689 3192 2745 dicit
3219 2707 3232 2743 :
3260 2688 3522 2752 Audiam,
3551 2684 3605 2739 id
3627 2691 3724 2750 est,

2139 2801 2246 2840 non
2278 2783 2410 2839 mihi
2437 2784 2704 2855 loquendo
2734 2784 2988 2849 efﬁciam,
3011 2783 3102 2854 qui
3135 2782 3244 2854 jam
3275 2781 3447 2837 sentio
3471 2796 3558 2834 me
3579 2792 3726 2833 acce-

2143 2877 2282 2946 pisse
2312 2879 2452 2950 quod
2482 2880 2716 2937 credam.
2749 2880 2902 2950 Quod
2933 2894 3102 2951 genus
3129 2877 3412 2934 locutionis
3434 2875 3728 2946 Scriptura:

2140 2969 2334 3026 divina:
2373 2973 2651 3044 proprium
2702 2988 2824 3030 esse
2871 2972 3281 3044 cognoscimus,
3331 2967 3550 3040 quando
3603 2964 3728 3021 nihil

2143 3062 2248 3117 tale
2293 3063 2381 3134 (ut
2431 3064 2700 3136 arbitror)
2746 3065 2797 3120 in
2843 3065 2995 3120 libris
3043 3061 3392 3120 smcnlaribus
3435 3060 3726 3116 invenitur.

2142 3152 2301 3209 Vides
2339 3155 2635 3226 prophetiae
2667 3156 2956 3226 potentiam
2999 3155 3102 3210 hoc
3128 3154 3272 3209 dicto
3312 3151 3480 3208 fuisse
3521 3151 3728 3207 revela-

454 3245 611 3312 ﬁant,
642 3247 710 3303 de
754 3247 1084 3316 blasphemis
1115 3247 1525 3316 praedicatores,
1565 3247 1631 3303 de
1675 3248 2037 3303 contradicto-
2063 3255 2107 3318 (ς
2144 3254 2276 3302 tam.
2311 3248 2458 3304 Intus
2484 3251 2626 3305 enim
2660 3251 2895 3322 loquitur
2922 3250 3212 3317 Dominus,
3259 3247 3312 3304 id
3363 3255 3447 3304 est
3499 3247 3729 3318 Spiritus

451 3339 603 3396 ribus
646 3339 916 3409 discipuli.
967 3340 1202 3395 Dicenda
1249 3348 1428 3396 autem
1459 3356 1582 3409 nos,
1618 3356 1898 3410 personam
1947 3357 2042 3411 po-

451 3430 602 3500 puli,
648 3431 714 3486 de
743 3430 936 3500 quibus
964 3431 1200 3502 loquitur
1242 3431 1426 3486 sumit.
1469 3431 1645 3488 Simili
1691 3433 1850 3488 modo
1895 3434 2038 3490 acci-

449 3523 706 3593 piendum
737 3533 852 3589 est,
882 3533 1050 3578 averte
1097 3525 1230 3578 iram
1273 3534 1415 3580 tuam
1452 3542 1484 3578 a
1511 3526 1685 3593 nobis,
1733 3541 1797 3581 ne
1823 3536 2037 3596 gentem

451 3614 728 3670 Iudaicam
756 3616 932 3672 debita
957 3617 1126 3687 possit
1153 3632 1310 3688 pmna
1341 3618 1653 3689 percellere.

525 3707 679 3762 Vers.
705 3708 758 3762 εἰ.
805 3707 924 3763 Non
956 3710 1011 3764 in
1034 3718 1277 3765 teternum
1303 3710 1537 3764 irascaris
1563 3711 1729 3776 nobis,
1765 3727 1923 3782 neque
1949 3721 2061 3767 σίν-⁷

451 3805 630 3860 lendas
666 3806 797 3860 iram
835 3816 977 3860 tuam
1023 3821 1056 3858 a
1098 3804 1338 3878 pragenie
1367 3805 1421 3858 in
1469 3804 1784 3875 progeniem.
1819 3804 2036 3861 Sciebat

448 3895 660 3952 Domini
705 3897 1016 3968 patientiam
1063 3897 1227 3968 impia
1275 3897 1554 3953 hominum
1596 3897 1862 3953 sustinere
1905 3910 2033 3967 pec-

451 3998 602 4056 cata,
640 3998 696 4046 et
725 3991 844 4046 ideo
872 3997 1024 4062 rogat
1047 4001 1106 4046 ut
1151 4005 1256 4047 non
1305 4005 1400 4048 eos
1445 4000 1647 4048 aeterna
1687 3991 2034 4047 damnatione

451 4085 726 4154 percellat,
775 4083 870 4139 sed
912 4075 1184 4140 iiivitando
1227 4084 1552 4150 demulceat,
1584 4082 1899 4139 sustinendo
1951 4082 2034 4138 lu-

451 4184 649 4241 cretur,
700 4175 1088 4231 commonendo
1127 4176 1454 4247 recorrigat,
1497 4175 1638 4245 quod
1691 4184 1866 4230 tamen
1907 4190 2028 4231 eum

450 4267 715 4322 facturum
757 4283 878 4322 esse
931 4270 1204 4324 noscebat.
1237 4268 1686 4324 Perscrutandum
1724 4276 1808 4324 est
1850 4278 2029 4324 autem

451 4359 590 4431 quod
621 4359 754 4414 duas
779 4361 1042 4430 progenies
1069 4360 1248 4430 posuit
1278 4379 1291 4416 :
1321 4361 1493 4432 prima
1517 4371 1598 4416 est
1626 4360 1768 4422 enim
1803 4360 1883 4433 (ut
1913 4359 2030 4430 qui-

449 4450 672 4507 busdam
695 4451 887 4521 placet)
915 4451 982 4505 ab
1011 4451 1180 4506 Adam
1209 4465 1373 4522 usque
1397 4450 1460 4505 ad
1484 4451 1777 4517 Christum,
1795 4448 2029 4506 secunda

451 4557 566 4614 quae
593 4557 688 4613 per
705 4541 932 4612 gratiam
962 4541 1298 4612 baptismatis
1342 4555 1512 4611 usque
1553 4541 1619 4596 ad
1651 4541 1812 4598 ﬁnem
1846 4540 2029 4596 szeculi

2145 3351 2395 3408 sanctus,
2429 3349 2486 3396 ut
2527 3343 2809 3400 Psalmista
2847 3343 2978 3399 foris
3008 3343 3106 3398 lari
3141 3356 3302 3414 posse
3333 3340 3616 3408 videatur;
3647 3341 3728 3396 in-

2146 3433 2408 3491 trinsecus
2437 3435 2604 3502 audit,
2630 3446 2690 3492 ut
2714 3439 3050 3494 extrinsecus
3073 3437 3354 3502 audiatur;
3377 3435 3512 3492 dicit
3543 3436 3728 3492 tacitus

2141 3527 2431 3599 propheta,
2494 3531 2635 3603 quod
2687 3534 2970 3590 verberato
3021 3548 3146 3590 acre
3198 3547 3230 3588 a
3281 3532 3499 3604 p0pulis
3557 3533 3726 3604 possit

2141 3621 2336 3680 audiri.
2365 3623 2638 3694 Sequitur,
2672 3626 2914 3695 quoniam
2958 3627 3192 3696 loquetur
3230 3640 3412 3696 pacem
3451 3625 3507 3680 in
3536 3625 3727 3696 plebem

2141 3729 2318 3780 suam,
2349 3723 2396 3770 et
2442 3733 2596 3788 super
2645 3725 2848 3772 sanctos
2890 3735 3032 3774 suos.
3059 3717 3195 3773 .Paa:
3248 3717 3339 3774 Dei
3367 3716 3622 3774 Christus
3647 3724 3726 3773 est

2139 3805 2431 3876 Dominus,
2462 3805 2622 3880 quam
2653 3810 2957 3868 locuturum
2988 3811 3122 3868 dicit
3149 3809 3410 3882 Spiritum
3449 3819 3718 3874 sanctum,

2137 3899 2392 3969 quoniam
2445 3909 2530 3958 est
2573 3903 2639 3959 de
2693 3903 2806 3975 ejus
2860 3905 3230 3962 incarnatione
3274 3903 3540 3960 dicturus.
3576 3903 3713 3958 Plebi

2137 3987 2294 4057 dixit,
2323 3991 2414 4046 sed
2446 4009 2574 4059 suae,
2607 4008 2712 4049 non
2737 3994 2998 4051 indevotae
3017 4037 3034 4064 ,
3065 3995 3116 4050 id
3143 4003 3224 4050 est
3251 3995 3453 4051 sanctis
3482 3995 3578 4066 qui
3614 3995 3718 4049 Deo

2135 4078 2363 4138 Domino
2428 4085 2688 4154 probabili
2754 4087 3164 4144 conversatione
3219 4087 3563 4158 placuerunt.
3629 4087 3719 4141 llis

2135 4173 2276 4228 enim
2326 4191 2429 4245 pax
2463 4186 2546 4231 est
2593 4176 2852 4234 Dominus
2893 4177 3166 4245 Christus,
3207 4177 3510 4234 inﬁdelibus
3545 4187 3716 4250 autem

2133 4265 2444 4321 scandalum
2468 4276 2522 4323 et
2552 4270 2796 4336 stultitia,
2820 4272 2911 4342 qui
2936 4271 3137 4328 bellum
3165 4272 3216 4327 in
3245 4271 3508 4342 sacrilega
3535 4281 3713 4327 mente

2134 4355 2410 4424 patiuntur
2438 4399 2453 4426 ,
2503 4360 2625 4428 quia
2658 4361 2803 4430 pacis
2845 4371 3121 4420 auctorem
3171 4363 3332 4420 rectis
3372 4364 3589 4420 semitis
3615 4377 3716 4418 non

2133 4456 2450 4516 sequuntur.
2487 4448 2594 4505 Sed
2635 4450 2779 4506 hunc
2819 4467 3035 4509 versum
3078 4453 3238 4524 paulo
3267 4453 3577 4524 diligentius
3605 4469 3719 4524 per-

2133 4549 2451 4610 scrutemur,
2487 4543 2735 4612 quoniam
2767 4545 3020 4601 scelestas
3049 4555 3258 4602 mentes
3287 4545 3529 4602 veritatis
3551 4546 3716 4617 ipsius

450 4644 664 4707 peracta
694 4635 1053 4692 concluditur.
1080 4635 1221 4692 Petit
1247 4651 1396 4708 ergo,
1433 4645 1490 4691 ut
1518 4636 1642 4708 quia
1668 4635 1830 4707 priori
1861 4651 2027 4706 genc-
2056 4650 2110 4712 Β
2134 4633 2474 4688 attestatione
2495 4635 2786 4691 convincit.
2815 4637 2909 4692 llic
2933 4637 3064 4710 [ed.,
3091 4637 3239 4710 hinc]
3264 4639 3408 4695 enim
3439 4639 3715 4695 evidenter

448 4731 638 4786 rationi
670 4745 768 4801 pro
796 4731 1104 4802 pertinaciae
1132 4746 1245 4786 sum
1273 4730 1532 4802 qualitate
1560 4732 1706 4802 juste
1737 4731 2026 4788 iratus'est

448 4823 733 4893 Dominus,
765 4839 834 4881 ne
861 4823 1112 4881 secundm
1139 4823 1468 4895 generationi
1511 4824 1652 4880 idem
1676 4823 1804 4879 velit
1833 4824 2022 4892 irasci;

449 4930 591 4986 quae,
616 4916 718 4971 etsi
742 4931 772 4970 a
807 4927 1026 4986 peccato
1056 4916 1307 4971 immunis
1331 4929 1453 4972 esse
1480 4932 1586 4970 non
1611 4925 1816 4988 poteSt,
1849 4927 2027 4972 tamen

447 5025 544 5078 per
569 5013 794 5082 gratiam
824 5011 1182 5081 baptismatis,
1207 5018 1263 5066 et
1286 5009 1702 5066 satisfactionem
1733 5009 2031 5066 confessio-

449 5105 533 5160 nis
573 5103 852 5174 culparum
880 5117 1092 5158 suarum
1121 5102 1370 5159 sordibus
1394 5102 1666 5158 desiderat
1690 5102 1918 5171 expiari.

518 5197 675 5255 Vers.
705 5199 758 5253 6.
791 5196 950 5264 Deus,
976 5207 1030 5251 tu
1055 5207 1345 5254 convertens
1368 5198 1648 5267 viviﬁcabis
1673 5213 1798 5263 nos;
1821 5206 1867 5252 et
1895 5196 2032 5266 plebs

449 5303 538 5350 tua
558 5292 816 5350 ltetabitur
840 5292 896 5347 in
943 5303 1010 5346 te.
1041 5291 1266 5349 Mirabili
1290 5293 1576 5368 Dominum
1603 5291 1804 5362 pietate
1840 5291 2024 5360 depre-

446 5397 637 5444 catur:
673 5385 904 5456 probans
943 5386 1064 5456 quia
1103 5386 1508 5442 conversionem
1556 5393 1792 5438 nostram
1816 5383 1884 5437 de
1916 5397 2020 5437 me-

445 5477 566 5535 ritis
589 5493 694 5534 non
719 5477 996 5544 habemus,
1023 5475 1116 5533 sed
1137 5475 1256 5546 ejus
1278 5490 1500 5530 munere
1523 5474 1787 5546 provenit,
1813 5471 2026 5544 quando

447 5586 544 5642 pro
584 5584 643 5624 se
697 5567 892 5638 aliquid
924 5567 1132 5622 animus
1162 5565 1468 5620 salutariter
1509 5564 1857 5635 concupiscit.
1889 5564 2028 5618 Dicit

444 5663 626 5721 enim:
661 5662 826 5730 Deus,
877 5673 932 5716 tu
982 5669 1276 5717 convertens
1323 5659 1598 5730 viviﬁcabis
1648 5677 1774 5726 nos;
1816 5659 1869 5713 id
1912 5669 2024 5726 est,

443 5761 566 5832 quia
609 5768 664 5814 tu
711 5757 992 5829 praemittis
1035 5754 1407 5811 conversionis
1438 5763 1658 5820 votum,
1707 5765 1766 5810 ut
1805 5753 1872 5808 ad
1905 5753 2027 5809 vitae

450 5851 732 5932 pervenire
758 5849 1024 5924 possimus
1046 5847 1346 5913 introitum.
1371 5845 1526 5919 Quod
1546 5860 1670 5904 cum
1702 5845 1988 5906 donaveris
2007 5886 2026 5922 ,

1011 5989 1116 6006 κγ-

2135 4737 2444 4792 expressum
2489 4735 2572 4781 est
2609 4727 2734 4796 quid
2765 4727 2834 4782 sit
2858 4729 3088 4798 Spiritus
3136 4737 3386 4797 sanctus,
3430 4731 3482 4787 id
3511 4739 3596 4785 est
3615 4731 3720 4785 Do-

2134 4816 2302 4870 minus
2333 4814 2493 4873 Deus.
2520 4818 2621 4874 Ubi
2664 4828 2791 4874 sunt
2828 4822 2916 4892 qui
2947 4819 3132 4878 dicunt
3175 4821 3431 4894 Spiritum
3471 4835 3716 4881 sanctqu

2136 4906 2293 4965 Patre
2317 4918 2372 4965 et
2401 4911 2536 4966 Filio
2565 4913 2728 4984 289
2748 4927 2868 4970 esse
2896 4914 3184 4984 minorem,
3212 4925 3266 4973 et
3292 4917 3366 4972 ita
3392 4931 3513 4974 esse
3535 4919 3720 4991 subje-

2135 5016 2300 5074 ctum,
2319 5019 2373 5060 ut
2398 5017 2609 5078 putetur
2630 5010 2918 5066 voluntatis
2941 5025 3052 5067 suae
3065 5010 3326 5082 judicium
3353 5027 3462 5069 non
3486 5011 3722 5070 habere?

2133 5099 2425 5155 Audiamus
2450 5100 2705 5170 Spiritum
2735 5111 3014 5170 sanctum,
3061 5101 3156 5174 qui
3201 5103 3258 5159 in
3304 5103 3568 5174 prepbeta
3621 5119 3718 5160 suo

2133 5200 2324 5260 sponte
2368 5190 2682 5262 loquebatur
2721 5193 2995 5249 Dominum
3037 5209 3160 5252 esse
3192 5194 3382 5251 Deum.
3415 5195 3549 5254 Nam
3583 5199 3716 5254 etin

2134 5281 2356 5337 AClzbtlS
2399 5283 2759 5354 apostolorum
2810 5286 2878 5342 de
2934 5285 3052 5356 ipso
3095 5297 3280 5359 aperte
3323 5288 3516 5358 legitur
3544 5289 3712 5345 Deum

2136 5391 2256 5433 esse
2298 5377 2552 5447 Spiritum
2580 5390 2822 5436 sanctum
2843 5425 2859 5450 ,
2888 5380 3097 5437 dicente
3125 5381 3282 5437 Petro
3312 5383 3522 5438 Anania
3551 5400 3567 5441 ;
3613 5382 3718 5440 Cur

2128 5475 2332 5527 tentavit
2365 5473 2590 5530 Satanas
2631 5491 2718 5530 cor
2757 5485 2899 5530 tuum
2939 5475 3141 5530 mentiri
3183 5484 3234 5532 te
3284 5475 3509 5548 Spiritui
3543 5487 3720 5534 saneto

2133 5565 2271 5638 (Act.
2301 5583 2354 5633 ν,
2389 5566 2482 5639 5)?
2524 5570 2590 5622 Et
2634 5578 2754 5638 post
2783 5568 3076 5638 paululum,
3099 5569 3381 5625 ostendere
3408 5571 3598 5626 volens
3626 5571 3719 5641 qui

2130 5663 2197 5716 sit
2225 5661 2455 5730 Spiritus
2487 5671 2726 5729 sanctus,
2771 5661 2926 5716 dicit:
2955 5661 3087 5734 ⁸Νοη
3118 5679 3171 5716 es
3217 5647 3456 5717 menlilus
3499 5662 3724 5718 homini-

2131 5754 2242 5822 bus,
2275 5755 2362 5808 sed
2393 5750 2500 5807 Deo
2530 5751 2818 5826 (Ibitl.,4).
2849 5754 2982 5809 Nam
3013 5754 3152 5809 idem
3180 5754 3370 5810 Petrus
3403 5755 3456 5810 in
3487 5755 3722 5826 Epistula

2128 5860 2224 5908 sua
2249 5845 2410 5906 dicit:
2444 5846 2643 5919 Spiritu
2668 5855 2844 5912 sancto
2866 5847 3021 5906 misso
3045 5847 3110 5908 de
3150 5845 3300 5919 coelo,
3323 5846 3378 5904 in
3424 5863 3574 5924 quem
3591 5861 3718 5910 ωη-

4004 799 4005 872 l

4003 887 4005 926 l

4004 939 4005 984 l
