4062 6344
316 388 423 450 609

1196 381 1556 442 EXPOSITIO
1590 379 1659 440 IN
1695 379 2157 442 PSALTERIUM.
2198 380 2396 442 PSAL.
2436 380 2696 439 LXXXV.

3502 384 3606 443 610

318 503 768 577 cupiscuntangeh
792 500 1081 573 prospicere
1100 496 1155 571 (I
1172 496 1318 556 Petr.
1342 514 1381 567 ι,
1403 497 1516 568 12).
1536 497 1638 565 Qui
1662 495 1705 552 si
1729 510 1908 565 :equa-
1934 498 1990 560 Α
2012 496 2125 550 tina
2150 494 2213 549 de
2242 494 2368 549 cazlo
2389 503 2677 564 prospexit,
2721 496 2937 564 quando
2973 494 3208 554 humano
3243 497 3429 569 generi
3459 498 3604 568 peri-

318 601 390 657 lis
419 615 528 656 non
550 606 730 663 esset,
773 610 882 651 non
923 595 979 650 iu
1029 594 1293 665 baptismo
1322 594 1377 647 in
1425 589 1645 646 nomine
1695 588 1917 644 Deitatis

319 692 470 749 Patri
501 700 555 747 et
598 690 740 745 Filio
791 686 1242 745 reverendissimo
1281 685 1490 740 honore
1524 692 1914 751 coasquaretur,

319 784 465 840 sicut
506 781 576 836 ab
626 780 742 850 ipsa
773 778 1015 834 Veritate
1062 777 1326 848 prolatum
1353 786 1477 832 est:
1521 772 1635 840 Ite,
1666 773 1918 840 baptizate

319 891 497 932 omnes
536 882 710 946 gentes
738 874 792 927 in
834 872 1036 926 nomine
1076 868 1279 934 Patris,
1325 877 1374 924 et
1415 867 1548 922 Filii
1559 909 1576 933 ,
1615 875 1663 922 et
1692 866 1917 938 Spiritus

320 968 484 1023 sancti
518 963 738 1038 (Matth.
781 979 980 1029 xxvut,
1024 961 1135 1033 19).
1160 960 1313 1028 Quod
1343 960 1515 1017 solum
1553 957 1916 1015 testimonium

318 1058 486 1116 debet
509 1057 747 1112 humano
773 1055 957 1127 generi
983 1052 1138 1110 valde
1162 1052 1415 1110 sufficere
1432 1092 1448 1119 ,
1484 1051 1607 1123 quia
1636 1050 1726 1106 ubi
1753 1060 1918 1104 unum

321 1166 526 1208 nomen
567 1149 795 1206 Deitatis
835 1148 996 1216 dicit,
1042 1147 1117 1204 ibi
1148 1154 1238 1204 aut
1281 1156 1487 1202 natura:
1530 1151 1621 1199 aut
1669 1142 1920 1212 potentiae

322 1244 609 1302 diversitas
642 1257 753 1299 non
780 1242 1029 1297 habetur.

398 1337 555 1393 Vers.
587 1335 642 1392 9.
674 1335 742 1388 Et
772 1335 827 1388 in
852 1350 938 1390 eos
973 1332 1059 1404 qui
1087 1339 1454 1387 convertuntur
1481 1332 1549 1384 ad
1586 1332 1759 1399 ipsum
1787 1344 1806 1383 :
1838 1343 1921 1382 ve-

324 1438 619 1483 rumtamen
648 1440 807 1497 prope
844 1426 1075 1478 timentes
1117 1440 1233 1478 eum
1259 1423 1484 1479 salutare
1512 1422 1677 1493 ipsius
1700 1461 1717 1490 ,
1758 1430 1813 1475 ut
1838 1420 1921 1474 in-

325 1523 521 1578 habitet
561 1521 726 1592 gloria
756 1520 809 1574 in
836 1528 972 1574 terra
996 1528 1193 1574 nostra.
1234 1519 1336 1587 Qui
1369 1526 1730 1573 convertuntur
1748 1517 1817 1571 ad
1842 1517 1922 1588 ip-

328 1633 469 1685 sum,
504 1614 761 1685 significat
791 1614 1130 1683 poenitentes,
1155 1612 1244 1683 qui
1272 1612 1455 1668 mundi
1478 1612 1728 1682 pestifera
1755 1610 1920 1666 liber-

330 1716 445 1764 tate
485 1707 732 1762 derelicta
759 1746 773 1771 ,
808 1704 983 1761 felicia
1036 1704 1153 1774 ejus
1193 1703 1398 1775 eligunt
1449 1703 1632 1760 subire
1674 1703 1918 1760 servitia.

324 1797 464 1853 Nam
491 1811 610 1851 cum
641 1795 784 1851 orbis
814 1796 1095 1850 universus
1124 1794 1387 1851 idolorqu
1415 1795 1723 1866 turpissima
1750 1798 1919 1851 devo-

2019 589 2226 647 clitanti
2271 587 2437 644 Filius
2482 588 2578 643 Dei
2618 587 2849 644 mirabili
2887 590 3289 660 dispensatione
3335 591 3606 647 subvenit.

2019 682 2206 738 Potest
2242 689 2296 737 et
2335 680 2491 736 aliter
2521 679 2610 736 hic
2638 695 2833 738 sensus
2868 682 3114 755 intelligi.
3150 682 3354 739 Veritas
3383 685 3447 738 de
3472 694 3608 738 terra

2021 776 2209 843 oritur,
2250 774 2464 845 quando
2492 774 2765 830 confessio
2793 777 3089 844 peccatoris
3112 776 3334 832 offertur
3358 792 3374 842 ;
3398 777 3609 849 justitia

2020 865 2237 922 decreto
2265 866 2544 938 prospicit,
2596 867 2808 937 quando
2854 867 2911 922 ﬁt
2956 867 3204 924 remissio
3245 877 3609 937 peccatorum.

2020 960 2173 1027 Quod
2202 962 2256 1018 in
2287 962 2562 1033 publicani
2615 959 2761 1016 illius
2803 963 3048 1017 oratione
3097 962 3362 1032 provenit.
3411 961 3612 1016 Veritas

2021 1056 2165 1111 enim
2196 1056 2259 1110 de
2288 1065 2425 1110 terra
2452 1064 2565 1110 orta
2593 1063 2690 1120 est,
2722 1054 2937 1124 quando
2964 1054 3071 1109 ima
3101 1056 3398 1125 respiciens
3424 1097 3440 1122 ,
3472 1070 3612 1110 cou-

2023 1150 2229 1207 litendo
2261 1160 2481 1220 peccata
2509 1164 2604 1207 sua
2635 1151 2803 1205 Deum
2834 1150 3090 1220 rogabat;
3124 1150 3331 1220 justitia
3379 1164 3506 1204 vero
3548 1148 3611 1203 de

2022 1243 2149 1298 caelo
2174 1242 2459 1313 prospexit,
2494 1256 2616 1297 cum
2649 1240 2932 1297 descendit
2950 1240 3272 1310 iustificatus
3295 1239 3610 1315 publicanus

2021 1335 2194 1404 magis
2225 1348 2386 1406 quam
2418 1334 2510 1390 ille
2536 1333 2851 1404 phariszeus.

2098 1426 2252 1482 V'ers.
2284 1426 2376 1481 12.
2417 1423 2622 1479 Etenim
2671 1424 2920 1479 Dominus
2966 1424 3108 1479 dabit
3149 1424 3536 1496 benignitatem,
3566 1432 3612 1478 et

2023 1530 2166 1576 terra
2191 1528 2368 1574 nostra
2394 1518 2535 1573 dabit
2570 1519 2795 1588 fructum
2824 1534 2993 1571 suum.
3030 1518 3096 1572 Et
3126 1518 3226 1573 iste
3246 1533 3460 1589 quoque
3485 1531 3611 1574 ver-

2024 1626 2117 1668 sus
2139 1612 2205 1668 ad
2238 1612 2550 1684 pteuiteutis
2578 1611 2934 1667 humilitatem
2983 1621 3349 1679 competenter
3375 1621 3610 1683 aptatur.

2024 1705 2146 1775 Ipse
2176 1706 2319 1761 enim
2363 1719 2461 1760 sua
2493 1702 2824 1776 benignitate
2864 1701 3029 1758 donat
3070 1702 3426 1760 confessionis
3475 1703 3607 1759 affe-

2022 1804 2190 1865 ctum,
2230 1795 2282 1850 id
2315 1804 2397 1850 est
2426 1795 2652 1851 imbrem
2672 1794 3102 1867 prosperrimum
3133 1793 3519 1865 lacrymarum;
3554 1801 3612 1851 ut

326 1889 474 1943 tione
501 1888 754 1957 flagraret
778 1928 793 1951 ,
824 1886 923 1941 soli
971 1885 1141 1942 Judaei
1183 1886 1503 1956 putabantur
1545 1902 1703 1956 prope
1744 1887 1920 1941 timere
1950 1896 1997 1958 Β
2022 1902 2152 1945 caro
2193 1896 2375 1943 nostra
2403 1887 2505 1957 piis
2536 1886 2749 1943 fletibus
2797 1886 3037 1958 irrigata,
3077 1887 3301 1958 praemia
3329 1888 3498 1981 possit
3537 1888 3612 1944 af-

323 1980 639 2044 Domiuum,
690 1978 777 2048 qui
812 1994 909 2048 per
936 1977 1155 2050 Moysen
1203 1978 1321 2048 lego
1367 1988 1649 2049 suscepta,
1694 1980 1782 2033 uni
1807 1978 1918 2036 Deo

325 2072 651 2128 videbantur
678 2086 802 2126 esse
841 2071 1042 2125 devoti.
1073 2070 1181 2127 Sed
1227 2070 1350 2126 ideo
1386 2071 1586 2126 dictum
1613 2080 1695 2127 est
1722 2089 1734 2125 :
1765 2087 1921 2142 prope

326 2166 586 2229 timentes,
635 2164 758 2234 quia
806 2162 1092 2218 carnaliter
1139 2163 1319 2219 omnia
1366 2173 1642 2234 gerentes,
1694 2163 1921 2219 diversis

330 2273 455 2313 eum
480 2255 650 2322 culpis
678 2254 1067 2311 contumaciter
1092 2254 1390 2311 irritabant.
1412 2253 1528 2310 Non
1556 2255 1697 2311 enim
1721 2255 1917 2325 timere,

331 2348 426 2405 sed
457 2365 610 2419 prope
636 2349 814 2403 timere
837 2346 966 2402 dicti
991 2355 1116 2402 sunt
1140 2349 1231 2418 qui
1268 2348 1442 2419 legem
1485 2348 1653 2419 ipsius
1686 2347 1920 2403 carnali-

328 2453 434 2507 ter,
459 2456 567 2496 non
609 2441 964 2510 spiritualiter
1006 2450 1345 2510 acceperunt.
1384 2439 1455 2496 Ut
1491 2450 1668 2497 autem
1708 2441 1811 2496 hoc
1853 2440 1923 2497 de

329 2533 466 2603 ipsis
496 2530 699 2588 dictum
741 2532 1041 2602 intelligas,
1070 2531 1150 2587 sic
1176 2541 1231 2587 et
1271 2532 1562 2603 Apostolus
1596 2533 1672 2589 ait
1703 2551 1716 2586 :
1743 2532 1810 2585 Et
1841 2548 1923 2587 ve-

331 2628 478 2682 niens
502 2626 866 2696 euangelizaoit
894 2641 1072 2695 pacem
1100 2626 1238 2680 vobis
1263 2667 1279 2694 ,
1329 2626 1419 2697 qui
1466 2626 1616 2681 eratis
1661 2627 1841 2699 longe;
1872 2636 1922 2681 et

334 2736 516 2791 pacem
564 2720 639 2774 his
688 2721 777 2790 qui
818 2734 978 2791 prope
1022 2717 1240 2790 (Ephes.
1289 2733 1351 2788 ll,
1385 2718 1495 2789 17).
1528 2718 1632 2775 Sed
1674 2719 1922 2789 quamvis

334 2817 471 2872 tales
501 2816 752 2883 fuissent,
786 2825 964 2870 tamen
994 2814 1253 2870 Dominus
1290 2813 1537 2871 Salvator
1583 2813 1651 2871 de
1682 2813 1923 2886 ipsorum

332 2910 497 2980 elegit
545 2908 831 2964 carnaliter
867 2916 1028 2979 gente
1078 2906 1375 2979 procreari.
1410 2906 1540 2963 lude
1586 2906 1728 2963 enim
1759 2908 1923 2979 Virgo

332 3004 499 3059 Maria
542 3018 661 3073 quae
691 3003 901 3072 peperit
953 3000 1225 3056 Christum
1260 3017 1273 3054 :
1316 2998 1391 3055 ibi
1443 3009 1792 3055 conversatus
1842 3008 1925 3055 est

334 3096 630 3161 Dominus;
662 3095 734 3152 ibi
764 3094 1019 3150 miracula
1040 3134 1056 3161 ,
1090 3107 1209 3163 quae
1244 3106 1274 3147 a
1316 3091 1560 3148 fidelibus
1598 3099 1654 3145 et
1676 3091 1924 3156 leguntur

338 3200 389 3247 ct
422 3191 731 3260 creduntur,
762 3189 948 3244 effecta
979 3198 1124 3244 sunt.

407 3284 562 3339 γεγε.
608 3252 1083 3339 ιο.ἰιεεετίεονίιία
1132 3290 1180 3336 et
1209 3280 1391 3335 veritas
1422 3252 1743 3335 obviaverunt
1784 3279 1923 3334 sibi:
1950 3274 2000 3344 ο

334 3377 539 3453 iustitia
561 3387 608 3431 et
636 3392 739 3448 pan:
766 3374 1047 3446 complexa:
1080 3382 1197 3429 sunt
1241 3389 1313 3427 se.
1344 3372 1456 3428 Hoc
1489 3373 1705 3429 schema
1734 3372 1927 3427 dicitur

333 3470 713 3539 somatOpceia,
747 3468 798 3523 id
824 3480 906 3523 eSt
939 3467 1176 3537 corporis
1207 3464 1501 3531 attributio,
1534 3465 1744 3535 quando
1764 3465 1925 3521 rebus

333 3562 673 3631 iucorporeis
700 3574 927 3631 corpora
967 3560 1290 3615 tribuuntur.
1324 3557 1456 3613 Nam
1488 3573 1608 3613 cum
1642 3559 1927 3613 misericor-

338 3653 431 3706 dia
456 3660 512 3707 et
534 3653 735 3718 veritas,
767 3669 871 3721 pax
899 3661 951 3706 et
969 3653 1184 3724 justitia
1214 3653 1530 3720 incorporea
1558 3650 1686 3720 sint,
1718 3650 1926 3707 duabus

337 3760 609 3817 gressum,
644 3745 851 3801 duabus
872 3744 1022 3800 dedit
1051 3746 1381 3814 amplexum,
1411 3744 1554 3815 quod
1584 3745 1768 3814 utique
1797 3758 1929 3799 con-

341 3850 453 3896 stat
497 3855 619 3897 esse
646 3855 988 3910 corporeum.
1038 3839 1328 3910 Postquam
1368 3855 1499 3895 vero
1546 3838 1680 3894 dixit
1728 3852 1795 3893 ex
1826 3851 1927 3907 qua

336 3942 502 4004 gente
528 3944 672 3987 esset
703 3933 956 3987 Dominus
980 3932 1312 4001 nasciturus,
1345 3943 1489 3987 nunc
1514 3946 1636 4002 quae
1664 3930 1929 4000 prestite-
2020 3930 2293 4004 ,ῘΪῙΫΪᾙ
2442 3930 2635 4004 ‘f‘f‘i‘,

2031 3983 2421 4054 redemptionis
2453 3986 2681 4055 accepit.

338 4026 411 4078 rit
435 4025 697 4080 adventus
726 4033 927 4080 sanctae
948 4024 1333 4080 incarnationis
1356 4024 1595 4093 exponit.
1628 4023 1750 4094 Ipso
1777 4022 1931 4093 quip-

341 4130 414 4185 pe
438 4125 744 4188 praestante,
769 4116 876 4171 duo
896 4116 1241 4172 Testamenta
1268 4115 1323 4170 in
1347 4116 1504 4171 unius
1530 4114 1730 4170 seriem
1759 4128 1928 4186 copu-

343 4208 559 4263 latiouis
588 4210 814 4266 adducta
835 4218 994 4276 sunt;
1026 4211 1079 4264 iu
1118 4211 1265 4265 Novo
1287 4209 1428 4267 enim
1451 4209 1801 4265 misericordia
1823 4219 1927 4277 est,

340 4302 399 4358 in
450 4318 553 4372 qua
585 4319 679 4374 per
718 4304 944 4375 gratiam
977 4304 1234 4360 liberatur
1278 4319 1448 4374 genus
1499 4305 1835 4372 humanum;
1876 4306 1929 4361 in

343 4395 526 4452 Veteri
554 4400 760 4464 veritas,
811 4400 903 4453 ubi
950 4400 1032 4455 lex
1074 4408 1129 4455 et
1170 4400 1559 4471 prophetarum
1599 4401 1932 4457 annuntiatio

341 4489 677 4555 continetur;
701 4491 840 4546 sicut
867 4491 920 4547 in
943 4494 1341 4562 septuagesimo
1365 4494 1573 4561 psalmo
1593 4494 1701 4562 jam
1730 4494 1931 4550 dictum

2021 1980 2166 2036 ferre
2194 1982 2435 2050 copiosa.

2094 2076 2248 2133 Vers.
2281 2076 2369 2134 15.
2397 2074 2608 2131 Iustitia
2634 2085 2753 2132 ante
2788 2093 2903 2133 eum
2930 2078 3241 2147 ambulabit;
3276 2088 3326 2135 et
3367 2089 3519 2151 ponet
3550 2082 3604 2136 in

2022 2170 2104 2225 uia
2131 2187 2334 2243 gressus
2364 2188 2504 2226 suos.
2538 2170 2659 2227 Pari
2690 2172 2850 2227 etiam
2877 2172 3034 2229 modo
3054 2183 3109 2230 et
3137 2173 3279 2230 hunc
3310 2190 3524 2230 versum
3546 2175 3613 2230 ad

2021 2262 2145 2319 illos
2184 2263 2473 2334 aptandum
2523 2278 2644 2320 esse
2692 2264 2957 2332 dicimus,
3000 2266 3092 2335 qui
3138 2265 3614 2336 supplicationibus

2021 2354 2127 2425 piis
2156 2370 2186 2409 a
2213 2355 2442 2411 Domino
2470 2356 2834 2426 corriguntur.
2859 2355 3076 2410 Iustitia
3102 2360 3301 2428 quippe
3339 2360 3613 2415 ambulabit

2023 2454 2150 2501 ante
2169 2461 2286 2515 eos,
2311 2447 2546 2516 quando,
2579 2448 2843 2504 malorum
2873 2463 3093 2504 suorum
3122 2451 3348 2506 veritate
3372 2453 3615 2521 recogni-

2027 2547 2108 2607 ta,
2139 2540 2340 2595 remitti
2368 2540 2470 2597 sibi
2501 2541 2772 2597 humiliter
2793 2549 2982 2611 petunt
3006 2540 3149 2612 quod
3168 2541 3442 2599 sceleratis
3466 2545 3614 2599 ausi-

2023 2632 2125 2687 bus
2172 2641 2588 2703 perpetrarunt;
2630 2644 2685 2689 et
2718 2634 2858 2705 quod
2904 2633 3197 2705 gaudentes
3228 2634 3368 2690 male
3409 2634 3613 2707 ligave-

2024 2734 2184 2793 runt,
2232 2740 2328 2796 per
2384 2726 2645 2782 beneficia
2697 2726 2799 2796 pias
2855 2726 3256 2784 lamentationis
3304 2727 3608 2784 absolvant.

2024 2819 2175 2877 Tunc
2203 2821 2346 2877 enim
2376 2836 2505 2878 vere
2527 2830 2724 2892 ponunt
2747 2822 2803 2876 in
2830 2822 2929 2888 uia,
2964 2821 3017 2877 id
3045 2831 3129 2877 est
3156 2820 3211 2877 in
3238 2819 3454 2877 Christo
3474 2836 3614 2892 gres-

2024 2931 2111 2971 sus
2136 2931 2278 2983 suos,
2309 2915 2398 2983 qui
2428 2923 2555 2971 ante
2603 2914 2811 2971 semitis
2841 2914 3250 2972 detestabilibus
3276 2923 3612 2973 erraverunt.

2555 3025 2825 3081 Conclusio
2858 3027 3068 3095 psalmi.

2097 3141 2431 3208 Audivimus,
2484 3142 2638 3199 beate
2678 3144 2877 3210 David,
2910 3145 3037 3215 quid
3079 3146 3222 3201 intus
3265 3145 3359 3203 tibi
3410 3146 3616 3204 locutus

2028 3234 2191 3291 fuerit
2219 3235 2498 3291 Dominus.
2530 3235 2637 3290 Pax
2672 3238 2771 3293 ista
2797 3246 2853 3292 et
2880 3253 3044 3308 super
3073 3252 3170 3293 nos
3187 3238 3386 3305 veniat,
3412 3255 3533 3310 qua:
3561 3241 3613 3294 in

2033 3335 2124 3383 tuo
2152 3327 2316 3384 corde
2336 3328 2612 3398 regnabat.
2645 3328 2786 3384 Ecce
2815 3344 2999 3385 verum
3049 3330 3269 3401 Regem,
3304 3346 3461 3401 quem
3512 3333 3616 3387 vir-

2033 3431 2117 3477 tus
2146 3422 2265 3477 talis
2291 3422 2543 3493 regebat;
2578 3422 2835 3493 templum
2867 3424 3110 3493 justitim,
3162 3425 3415 3494 palatium
3444 3427 3615 3495 pieta-

2028 3518 2119 3583 tis,
2139 3516 2534 3573 thesaurarium
2564 3518 2966 3575 misericordim.
3000 3519 3125 3576 lure
3146 3520 3240 3574 tibi
3272 3519 3617 3590 subjacebant

2032 3619 2269 3678 terrena,
2323 3611 2408 3667 cui
2458 3612 2581 3668 talis
2614 3614 2871 3669 Dominus
2920 3614 3233 3683 imperabat.
3288 3612 3426 3668 Ecce
3476 3612 3617 3684 quod

2031 3704 2172 3759 ultra
2201 3718 2363 3761 omne
2402 3703 2713 3776 imperium,
2755 3721 2912 3776 supra
2944 3721 3104 3761 omne
3134 3707 3306 3776 possit
3330 3720 3451 3761 esse
3480 3720 3618 3775 prae-

2031 3796 2245 3851 conium
2279 3814 2293 3850 :
2327 3796 2394 3853 de
2425 3804 2518 3854 tuo
2547 3799 2752 3854 semine
2775 3798 3114 3868 omnipotens
3142 3798 3377 3853 Verbum
3403 3810 3619 3853 carnem

2031 3892 2284 3961 sumpsit,
2302 3878 2413 3962 per
2442 3894 2585 3963 quod
2613 3893 2905 3949 humanum
2946 3907 3115 3964 genus
3162 3894 3395 3949 salutare
3420 3892 3619 3948 donum

2247 4096 2611 4153 EXPOSITIO
2652 4096 2718 4152 lN
2757 4096 3084 4153 PSALMUM
3123 4096 3388 4153 LXXXV.

2626 4189 2805 4245 Oratio
2862 4189 3049 4245 David.

2104 4302 2286 4359 Oratio
2312 4318 2507 4360 nomen
2542 4303 2926 4378 homonymum
2958 4311 3063 4374 est,
3114 4304 3268 4374 cujus
3297 4304 3620 4375 etymologia

2032 4407 2118 4454 est
2144 4398 2254 4453 oris
2281 4398 2420 4452 ratio
2446 4414 2460 4465 ;
2494 4415 2610 4468 quae
2642 4399 2855 4469 quando
2884 4399 3026 4455 inter
3051 4400 3283 4453 lmmana
3321 4398 3520 4468 judicia
3543 4398 3621 4452 di-

2034 4489 2193 4556 citur,
2221 4504 2249 4542 a
2283 4489 2499 4545 disertis
2524 4488 2815 4547 artificiosa
2845 4492 3003 4547 nimis
3028 4490 3172 4564 [mss.
3203 4492 3293 4557 A.,
3324 4488 3416 4557 F.,
3437 4488 3621 4562 animi]

339 4590 446 4636 est.
480 4580 608 4638 llaec
652 4592 831 4639 autem
878 4584 984 4638 duo
1028 4585 1125 4638 sibi
1164 4584 1515 4652 obviaverunt,
1544 4601 1650 4641 non
1681 4587 1746 4641 ad
1776 4601 1932 4643 exex.
2035 4579 2328 4636 subtilitate
2372 4580 2751 4651 componitur;
2794 4583 3010 4652 quando
3056 4584 3168 4639 Deo
3208 4581 3451 4636 funditur
3493 4582 3623 4637 sim-

340 4674 568 4729 cendam
617 4675 1081 4743 contrarietatem,
1129 4676 1225 4732 sed
1265 4677 1332 4731 ad
1376 4678 1603 4748 gratiam
1650 4671 2010 4748 promissail)
2037 4670 2160 4741 plici
2189 4679 2350 4742 atque
2383 4671 2569 4728 humili
2598 4672 2986 4743 supplicatione
3031 4671 3324 4743 profertur.
3371 4672 3475 4728 Sed
3509 4672 3623 4730 haec

340 4765 688 4837 perfectionis
737 4767 1086 4838 implendam.
1138 4768 1313 4824 Unum
1352 4769 1550 4839 quippe
1594 4779 1805 4825 constat
1846 4770 1927 4827 fa.
2040 4763 2318 4819 humilitas
2359 4775 2520 4835 atque
2564 4766 2768 4836 puritas
2811 4765 3207 4835 deprecationis
3236 4772 3422 4819 sancto
3449 4764 3623 4820 Verbo

340 4867 513 4923 ctum,
544 4858 686 4928 quod
718 4860 1049 4928 temporibus
1075 4860 1398 4930 probabatur
1422 4875 1544 4918 esse
1582 4861 1831 4920 divisum.
1865 4863 1935 4919 Et
2039 4858 2119 4913 sic
2147 4859 2398 4914 convenit
2424 4876 2439 4925 ;
2482 4859 2530 4913 si
2556 4859 2689 4915 duas
2713 4869 2933 4916 naturas
2958 4858 3012 4914 in
3038 4856 3256 4913 Christo
3285 4857 3513 4915 Domino
3542 4861 3623 4930 (ut

340 4960 403 5007 ut
432 4965 607 5023 genus
636 4950 811 5019 ipsum
856 4950 1076 5006 foederis
1116 4951 1393 5009 evidenter
1427 4955 1759 5024 exprimeret
1780 4996 1796 5022 ,
1830 4958 1934 5009 hoc
2038 4960 2211 5007 mater
2241 4952 2400 5007 docet
2429 4952 2711 5024 Ecclesia)
2768 4954 3123 5010 confiteamur
3169 4953 3433 5022 perfectas
3461 4962 3623 5026 atque

340 5042 521 5110 ipsum
550 5042 695 5095 varia
723 5041 996 5096 uominmu
1020 5042 1307 5099 iteratione
1334 5045 1644 5114 geminavit,
1676 5044 1926 5115 amplexu
2042 5044 2372 5110 verissimas,
2406 5045 2457 5100 id
2484 5056 2589 5113 est,
2622 5046 2716 5101 Dei
2752 5054 2806 5101 et
2833 5045 3087 5101 hominis.
3121 5046 3270 5100 Tunc
3298 5046 3441 5100 enim
3469 5062 3622 5103 vera-

339 5136 577 5206 quodam
603 5134 905 5191 dilectionis
926 5136 1061 5191 duas
1092 5150 1216 5203 res,
1249 5136 1304 5192 id
1346 5147 1431 5194 est
1463 5138 1723 5207 justitiam
1747 5148 1796 5191 et
1828 5154 1926 5208 pa-
2033 5139 2179 5194 cium
2213 5138 2501 5195 verborum
2547 5138 2692 5193 nulla
2731 5138 3109 5195 contrarietate
3166 5138 3529 5206 turbabimur,
3578 5138 3621 5193 si

338 5247 451 5284 rem
479 5231 534 5284 in
584 5239 822 5286 mutuam
856 5230 1100 5299 protinus
1141 5229 1352 5285 venisse
1379 5230 1745 5285 concordiam.
1774 5228 1925 5297 Quod

337 5322 458 5378 fieri
488 5322 643 5391 solet,
678 5322 895 5392 quando
931 5336 992 5377 se
1030 5321 1277 5377 homines
1313 5328 1434 5390 post
1467 5321 1686 5391 longum
1715 5330 1927 5391 tempus

335 5414 608 5486 videntes,
647 5430 792 5472 nexu
835 5413 1177 5470 brachiorum
1220 5412 1399 5469 studio
1426 5413 1705 5468 charitatis
1732 5412 1928 5469 astrin-

333 5516 490 5579 gunL

414 5600 568 5657 Vers.
599 5602 686 5657 11.
726 5602 920 5658 Veritas
951 5602 1013 5655 de
1056 5610 1192 5656 terra
1233 5610 1347 5655 orta
1376 5610 1487 5668 est,
1535 5607 1581 5652 et
1612 5598 1818 5670 justitia
1867 5598 1930 5653 de

333 5693 461 5749 calo
492 5695 769 5765 prospexit.
808 5694 1008 5749 Veritas
1051 5694 1116 5746 de
1146 5701 1282 5747 terra
1327 5700 1441 5746 orta
1480 5701 1575 5759 est,
1620 5690 1835 5761 quando
1860 5703 1924 5745 ex

335 5785 503 5842 Maria
530 5787 747 5858 Virgine
784 5787 1015 5842 Verbum
1065 5801 1191 5842 caro
1236 5785 1434 5841 factum
1464 5793 1582 5853 est;
1619 5788 1757 5840 sicut
1809 5784 1925 5853 ipse

337 5877 472 5937 dicit
499 5900 509 5935 :
544 5881 655 5952 Ego
670 5899 782 5937 sum
814 5884 912 5952 uia,
946 5881 1127 5940 veritas
1153 5892 1200 5937 et
1221 5882 1322 5937 vita
1348 5878 1529 5953 (Joan.
1563 5894 1671 5951 xtv,
1702 5878 1777 5951 6).
1808 5876 1926 5935 Jus-

2033 5231 2235 5287 sanctis
2277 5232 2695 5302 proprietatibus
2746 5240 2870 5301 apta
2915 5230 3224 5286 reddamus.
3275 5230 3407 5287 Nam
3460 5231 3506 5286 si
3543 5231 3624 5286 vis

2034 5338 2195 5379 nosse
2224 5325 2519 5393 potentiam
2556 5323 2779 5379 Deitatis
2810 5324 2949 5394 ejus,
2979 5323 3101 5378 audi
3127 5324 3477 5395 Evangelium
3511 5343 3523 5377 :
3558 5322 3623 5378 In

2010 5416 2286 5488 principio
2318 5424 2428 5470 erat
2470 5414 2722 5481 Verbum,
2770 5426 2817 5471 et
2872 5415 3093 5471 Verbum
3124 5426 3233 5471 erat
3274 5417 3416 5489 apud
3462 5417 3625 5487 290

2034 5509 2236 5576 Deum,
2270 5520 2315 5562 et
2360 5508 2496 5561 Deus
2529 5519 2634 5562 erat
2692 5508 2933 5564 Verbum.
2971 5509 3089 5564 Hoc
3128 5518 3235 5565 erat
3277 5510 3333 5563 in
3369 5508 3621 5579 principio

2032 5602 2176 5673 apud
2206 5600 2393 5656 Deum.
2426 5603 2612 5657 Omnia
2644 5619 2734 5672 per
2759 5604 2925 5670 ipsum
2968 5605 3103 5673 facta
3130 5611 3269 5668 sunt,
3298 5612 3344 5656 et
3372 5602 3481 5656 sine
3510 5602 3621 5669 ipso

2035 5696 2229 5763 factum
2257 5704 2331 5747 est
2368 5693 2497 5747 nihil
2549 5692 2724 5763 (Joau.
2768 5710 2803 5757 ι,
2840 5694 2916 5763 1).
2955 5694 3018 5749 Et
3057 5694 3102 5748 si
3138 5695 3217 5747 vis
3251 5692 3617 5748 infirmitatem

2035 5786 2270 5841 hominis
2297 5801 2647 5857 cognoscere,
2680 5788 2804 5843 audi
2848 5788 3072 5843 Paulum
3104 5788 3405 5858 apostolum
3433 5785 3620 5840 diceu~

2032 5888 2138 5937 tem
2171 5895 2185 5939 :
2220 5878 2288 5936 In
2312 5881 2699 5939 similitudinem
2731 5883 2994 5937 hominum
3018 5882 3185 5957 {actus
3206 5921 3220 5948 ,
3254 5887 3298 5934 et
3330 5877 3506 5933 habitu
3535 5876 3618 5941 itt-
