4062 6344
497 361 608 424 6H

1744 361 1812 419 Il.
1853 361 2132 420 AURELII
2167 360 2571 422 CASSIODORI

3678 371 3790 434 Μ’

503 492 676 543 uentus
700 492 757 542 at
785 481 959 541 homo.
979 482 1282 539 Humiliavit
1308 480 1636 553 semetipsum
1659 481 1827 552 factus
1851 481 2086 536 obedieua
2115 481 2169 546 Α
2191 479 2374 556 salvus
2401 477 2524 533 fiam
2553 517 2569 546 ,
2600 465 2753 549 cujus
2780 486 2956 538 morte
2985 475 3248 542 mundum
3273 490 3488 544 constat
3510 499 3640 544 esse
3671 487 3784 546 sal.

505 595 666 652 usque
687 580 758 634 ad
795 588 1024 644 mortem,
1053 585 1264 632 mortem
1285 584 1457 630 autem
1484 576 1647 630 crucis
1673 573 1901 645 (Philip.
1934 589 1995 640 tt,
2025 574 2082 642 7,

508 673 582 744 8).
620 672 687 728 Et
712 671 834 727 ideo
879 671 1090 740 quando
1134 683 1164 723 a
1209 679 1360 739 parte
1392 668 1738 724 humanitatis
1776 682 1888 722 suae
1917 667 2089 737 loqui-

509 773 619 829 tur,
649 762 947 818 Divinitatis
981 761 1110 834 [ed.,
1139 757 1481 831 humilitatis]
1513 759 1771 832 fragilitas
1801 775 1906 820 non
1931 769 2088 829 pute-

509 868 598 916 tur
621 861 767 935 [mss.
795 861 884 926 A.,
914 856 1010 924 F.,
1045 858 1316 914 Divinitati
1341 859 1600 928 fragilitas
1621 873 1726 914 non
1752 855 2086 930 imputetur];

507 955 629 1025 quia
656 954 736 1008 sic
763 951 991 1007 humana
1012 953 1222 1019 extulit,
1247 962 1307 1008 ut
1333 953 1642 1009 nullatenus
1671 953 1851 1008 divina
1881 953 2090 1009 minue-

507 1046 594 1103 rit.
623 1045 768 1101 Idem
796 1060 924 1112 ergo
951 1055 1112 1116 atque
1140 1061 1278 1102 unus
1305 1046 1566 1102 Dominus
1592 1047 1840 1101 Christus
1871 1055 2087 1114 oratur,

506 1140 627 1211 quia
657 1139 821 1195 Filius
850 1137 1024 1195 Patris
1053 1149 1175 1196 est:
1209 1147 1345 1206 orat,
1375 1140 1498 1211 quia
1531 1140 1697 1197 Filius
1724 1140 1957 1198 hominis
1984 1150 2086 1198 est.

511 1229 640 1287 Inde
661 1230 910 1300 Creator,
940 1231 1066 1287 hinc
1090 1241 1334 1298 creatus;
1361 1233 1487 1289 inde
1515 1233 1793 1302 Dominus,
1826 1233 1949 1290 hinc
1978 1248 2092 1290 ser-

506 1339 643 1390 vus;
671 1325 793 1380 hinc
821 1325 1167 1380 mortalitatis
1196 1335 1396 1382 nostrae
1424 1327 1708 1397 particeps,
1749 1328 1876 1384 inde
1903 1330 2091 1385 mortis

507 1415 672 1487 Ipsius
701 1417 1074 1488 interemptor.
1105 1417 1242 1475 Hinc
1274 1429 1356 1475 est
1387 1420 1528 1489 quod
1560 1435 1656 1490 per
1687 1421 1853 1477 libros
1881 1420 2090 1478 divinos

505 1509 798 1579 aptissimis
829 1511 964 1566 locis
993 1510 1127 1566 duas
1148 1511 1490 1581 operationes
1523 1527 1645 1568 suas
1668 1527 1887 1582 semper
1909 1524 2090 1571 osten-

504 1600 602 1656 dit.
633 1601 788 1668 Quod
813 1600 858 1657 si
882 1601 1020 1668 htec,
1051 1602 1276 1658 devotus
1310 1604 1498 1672 lector,
1531 1604 1674 1661 fideli
1699 1615 1878 1662 mente
1906 1621 2090 1662 serva-

505 1697 671 1762 veris,
701 1697 880 1752 omnia
907 1699 1170 1753 veraciter
1193 1698 1285 1754 tibi
1308 1708 1558 1757 constare
1584 1714 1742 1771 posse
1771 1715 2084 1773 cognosces.

505 1786 637 1842 Illud
671 1797 929 1856 praeterea
980 1787 1239 1845 debemus
1267 1805 1562 1860 agnoscere
1609 1793 1870 1863 ﬁrmaque
1908 1793 2088 1850 animo

501 1879 778 1935 continere
802 1921 817 1948 ,
845 1879 988 1951 quod
1028 1883 1192 1936 oratio
1236 1883 1452 1952 quando
1491 1898 1520 1938 a
1576 1882 1807 1940 Domino
1860 1884 2077 1943 Christo
2116 1878 2163 1940 Β

501 1972 768 2041 funditur,
803 1973 1066 2032 institutio
1105 1985 1186 2033 est
1212 1985 1394 2033 sancta
1424 1977 1684 2046 ﬁdelium,
1716 1979 1888 2035 forma
1918 1981 2086 2037 bono-

499 2081 639 2134 rum,
670 2068 898 2124 sincera:
927 2069 1246 2126 humilitatis
1269 2072 1606 2143 exemplum;
1629 2087 1748 2129 cum
1773 2088 1804 2128 a
1825 2075 2086 2146 subjectis

499 2165 696 2235 agitur,
723 2166 1025 2223 satisfactio
1069 2168 1412 2240 delictorum,
1453 2173 1723 2229 confessio
1760 2173 2080 2241 criminum,

500 2257 713 2315 lavacra
739 2261 1036 2330 culparum.
1069 2260 1148 2317 lbi
1183 2263 1551 2334 magisterium
1582 2274 1665 2322 est
1693 2267 1966 2333 docentis;
1999 2268 2084 2324 hic

495 2349 717 2408 abolitio
745 2351 1050 2421 postulatur
1076 2354 1303 2414 erroris.
1328 2355 1460 2410 Nam
1490 2357 1569 2413 sic
1599 2357 1859 2414 innocens
1882 2361 2078 2427 oravit,

494 2443 942 2512 quemadmodum
965 2453 1020 2500 et
1045 2459 1260 2503 crucem
1287 2448 1406 2506 sine
1432 2449 1608 2521 aliqua
1625 2451 1781 2522 culpa
1801 2452 2074 2509 sustinuit.

495 2535 759 2592 Lazarum
788 2538 1046 2608 ploravit,
1070 2549 1130 2595 ut
1159 2541 1314 2598 nobis
1347 2544 1579 2613 proximi
1617 2545 1928 2603 ostenderet
1953 2547 2079 2604 cha-

494 2627 727 2684 ritatem.
755 2629 1140 2688 Persecutores
1181 2633 1347 2705 fugit,
1389 2643 1448 2690 ut
1494 2635 1649 2692 nobis
1687 2637 1964 2694 audaciam
1995 2639 2080 2696 in-

493 2719 755 2775 consulta:
802 2723 1124 2779 temeritatis
1156 2724 1415 2782 auferret.
1458 2725 1586 2782 Haec
1612 2729 1759 2783 enim
1805 2737 1860 2784 et
1891 2729 1974 2785 his
2001 2729 2080 2786 si-

492 2810 635 2865 milia
659 2811 916 2880 providus
958 2814 1156 2870 Doctor
1181 2815 1391 2886 eﬂ‘eeit,
1421 2827 1684 2889 quatenus
1710 2829 1765 2876 et
1795 2822 2075 2879 veritatem

491 2913 693 2959 sanctae
741 2905 1126 2966 incarnationis
1165 2911 1500 2982 ostenderet,
1558 2924 1614 2970 et
1666 2915 1860 2972 futuris
1904 2916 2075 2974 Mani-

490 2995 655 3052 chaeis
677 3001 995 3072 emterisque
1019 3003 1219 3060 talibus
1239 3005 1501 3062 obviaret.
1529 3005 1700 3062 Dauid
1724 3017 1904 3066 autem
1933 3009 2074 3081 quod

492 3093 724 3166 positum
755 3103 868 3162 est,
919 3096 1206 3154 Dominum
1247 3099 1516 3169 signiﬁcat
1551 3099 1922 3170 Salvatorem;
1961 3103 2074 3160 sive

491 3185 615 3256 quia
629 3185 1016 3257 interpretatio
1057 3189 1176 3258 ejus
1207 3188 1297 3260 (ut
1325 3205 1470 3261 saepe
1497 3191 1700 3250 dictum
1726 3194 1852 3265 est)
1881 3208 2073 3254 manu-

487 3275 646 3336 l‘urtis
685 3291 750 3332 ae
797 3276 1169 3337 desiderabilis
1223 3281 1486 3350 habetur;
1537 3283 1654 3340 sive
1687 3285 1815 3355 quia
1853 3300 1921 3342 ex
1952 3285 2070 3358 ejus
2097 3271 2146 3339 ο

488 3369 835 3440 generatione
857 3369 1178 3440 descendit;
1205 3373 1538 3434 humanitate
1565 3377 1710 3434 enim
1741 3379 1862 3449 eius
1895 3392 1980 3436 est
2007 3381 2071 3438 li-

486 3457 611 3525 lius,
664 3460 944 3518 divinitate
990 3462 1249 3522 Dominus
1291 3475 1349 3522 et
1395 3467 1641 3526 Creator.
1673 3469 1824 3538 Quod
1875 3474 1920 3528 si
1968 3471 2070 3528 hoc

485 3549 904 3620 gubernaculum
937 3555 1258 3627 imprudens
1288 3571 1453 3616 nauta
1472 3563 1770 3634 reliqueris,
1793 3564 1848 3619 in
1883 3577 2070 3636 asper-

485 3643 652 3700 rimas
677 3655 860 3702 cautes
886 3648 1065 3708 navim
1095 3661 1202 3707 tua:
1230 3651 1355 3708 fidei
1407 3654 1525 3710 sine
1562 3653 1898 3712 dubitatione
1929 3671 2063 3714 eon-

483 3735 705 3810 fringes.
731 3738 798 3796 Et
828 3749 952 3797 nota
975 3743 1116 3814 quod
1149 3743 1235 3800 hic
1266 3745 1498 3818 psalmus
1531 3747 1801 3804 secundus
1829 3757 1931 3818 est,
1971 3749 2064 3820 qui

484 3829 744 3892 orationis
776 3833 928 3892 titulo
952 3845 1302 3907 praenotatur.

1053 3951 1248 4010 Divisio
1277 3956 1483 4026 psalmi.

552 4060 654 4118 Per
700 4071 870 4122 totum
899 4066 1162 4136 psalmum
1205 4079 1322 4126 orat
1372 4071 1631 4128 Dominus
1677 4071 1959 4143 Christus,
2000 4074 2056 4130 in

479 4153 649 4226 prima
695 4159 936 4214 sectione
982 4159 1168 4217 dicens
1195 4177 1317 4232 quas
1356 4163 1458 4233 ipsi
1508 4173 1712 4221 tantum
1766 4167 2066 4236 probantur

477 4249 672 4324 aptari.
700 4249 948 4308 Secunda
978 4269 1076 4323 pro
1102 4257 1362 4314 membris
1387 4258 1500 4313 suis
1519 4297 1538 4324 ,
1569 4273 1799 4330 quorum
1829 4260 1944 4331 ipse
1970 4276 2066 4316 ea-

478 4352 573 4414 put
597 4354 703 4410 est,
735 4345 988 4403 humilius
1025 4347 1368 4418 deprecatur.
1411 4350 1594 4406 Tertia
1639 4367 1707 4408 ex
1737 4367 1832 4408 sua
1865 4355 2060 4410 iterum

377 4459 382 4466 ε
475 4450 710 4509 persona
734 4439 1057 4509 reloquitur,
1085 4441 1229 4512 quod
1260 4443 1326 4498 ad
1353 4457 1477 4498 eum
1517 4445 1827 4514 specialiter
1853 4447 2051 4504 intelli-

474 4543 571 4601 gas
600 4531 893 4599 pertinere.
922 4531 1029 4588 Sed
1059 4533 1175 4592 haec
1195 4535 1376 4592 omnia
1407 4550 1540 4596 unus
1562 4545 1721 4608 atque
1745 4538 1884 4600 idem
1917 4539 2058 4597 Deus

479 4619 640 4690 homo
664 4625 904 4698 loquitur
925 4623 1195 4686 Christus.

1013 4741 1277 4814 Expositio
1317 4745 1524 4816 psalmi.

547 4855 700 4912 Vere.
735 4857 787 4912 l.
820 4855 1060 4926 .nclina,
1095 4856 1346 4925 Domine,
1371 4875 1547 4914 aurem
1595 4866 1735 4914 tuam
1777 4859 1846 4914 ad
1877 4874 1981 4928 me,
2014 4868 2062 4915 et

475 4948 667 5004 exaudi
680 4966 781 5018 me,
800 4951 1037 5021 quoniam
1060 4966 1246 5022 egenus
1260 4961 1303 5005 et
1329 4968 1522 5023 pauper
1532 4968 1642 5006 sum
1655 4968 1768 5026 ego.
1787 4952 1866 5008 Ex
1884 4952 2060 5008 forma

473 5041 614 5099 servi
667 5041 846 5112 (sicut
893 5043 1104 5112 praefati
1132 5045 1363 5114 sumus)
1408 5044 1655 5102 Christus
1706 5046 2059 5117 omnipotenti

470 5133 736 5205 supplicat
765 5134 929 5203 Patri,
965 5144 1020 5192 ut
1048 5137 1165 5206 ejus
1193 5137 1512 5193 exaudiatur
1533 5137 1729 5194 oratio.
1759 5138 1891 5195 Nam
1914 5139 2058 5210 quod

473 5227 602 5283 dicit
631 5244 645 5280 :
681 5225 903 5295 Inclina,
934 5229 1170 5286 ostendit
1201 5229 1325 5302 quia
1355 5245 1414 5286 se
1460 5230 1527 5286 ad
1555 5227 1731 5301 ipsum
1761 5231 2057 5288 extendere

471 5336 580 5376 non
605 5329 815 5389 poterat
841 5319 1074 5376 humana
1096 5321 1351 5388 conditio,
1385 5322 1486 5378 nisi
1531 5321 1649 5394 ipse
1691 5337 1845 5378 suam
1899 5324 2059 5392 Majo-

469 5423 664 5469 statetn
711 5415 981 5485 piissimus
1016 5415 1307 5474 inclinaret.
1359 5420 1547 5472 Aurem
1593 5416 1736 5472 enim
1767 5416 1915 5483 dicit,
1946 5433 2056 5472 non

471 5503 630 5562 latam
661 5520 973 5576 corpoream
997 5545 1013 5573 ,
1063 5507 1158 5562 sed
1199 5506 1437 5562 auditum
1483 5507 1630 5564 illum
1667 5508 2050 5578 spiritualem,

470 5615 580 5670 quo
609 5601 900 5672 petentium
931 5611 1053 5656 veta
1077 5600 1376 5669 cognoscit.
1405 5599 1538 5656 Nam
1577 5617 1676 5672 per
1697 5601 2056 5672 tropologiam

469 5694 597 5750 talia
638 5694 706 5750 de
741 5694 854 5750 Deo
891 5693 1028 5763 dici,
1069 5695 1336 5766 frequenti
1373 5697 1710 5766 expositione
1761 5695 1875 5765 jam
1926 5703 2053 5751 nota

469 5799 614 5846 sunt.
643 5785 855 5845 Exaudi
879 5799 1056 5847 autem
1083 5806 1183 5860 me,
1212 5791 1499 5862 signiﬁcat,
1532 5801 1590 5846 ut
1633 5807 1751 5846 mea
1781 5789 2053 5847 desideria

469 5882 870 5954 compleantur;
921 5893 1185 5957 quatenus
1237 5885 1634 5944 resurrectione
1689 5898 1791 5955 ego
1840 5896 2054 5954 quoque

2193 570 2448 625 vandnm.
2480 570 2714 628 Dicendo
2743 574 2888 629 enim
2916 589 3134 645 egenum
3170 592 3228 631 se
3251 593 3361 634 esse
3386 586 3436 633 et
3479 595 3781 652 pauperem,

2187 666 2560 724 conditionem
2588 707 2604 732 ,
2635 682 2797 738 quam
2837 679 3149 739 susceperat
3177 672 3522 732 immanitatis
3543 715 3562 743 ,
3595 683 3786 734 osten-

2187 757 2271 813 dit
2291 797 2306 824 ,
2352 774 2472 829 quas
2501 773 2566 816 ex
2599 773 2658 814 se
2685 758 2819 816 nihil
2857 759 3058 816 habere
3097 770 3291 832 potest,
3318 765 3421 821 nisi
3448 766 3598 836 quod
3620 769 3787 838 largi-

2189 861 2300 910 tate
2328 852 2633 910 Divinitatis
2654 855 2944 926 acceperit.
2977 855 3213 912 Audiant
3229 859 3385 928 egeni
3413 868 3470 916 et
3496 875 3787 933 pauperes,

2189 959 2429 1018 suosque
2459 948 2668 1004 animos
2701 948 2795 1004 tali
2825 948 3000 1020 gloria
3029 951 3412 1021 consolentur,
3447 953 3672 1025 quando
3701 970 3789 1012 re-

2187 1053 2310 1095 rum
2356 1040 2616 1097 Dominus
2645 1043 2749 1099 hoc
2787 1042 2858 1098 do
2905 1057 2968 1100 se
3014 1043 3190 1112 dicit,
3243 1047 3389 1118 quod
3417 1049 3788 1118 pusillanimu

2193 1131 2508 1204 frequenter
2536 1134 2915 1206 applicandum
2962 1145 3153 1207 putant
3197 1152 3321 1194 esse
3368 1140 3628 1199 miseriis.
3679 1141 3788 1199 Sed

2191 1240 2293 1281 nec
2321 1226 2448 1282 illos
2493 1228 2759 1296 excludit,
2792 1227 2883 1298 qui
2932 1228 2986 1284 in
3015 1228 3217 1285 divitiis
3245 1230 3356 1287 suis
3385 1245 3520 1302 pura
3556 1231 3785 1289 Domino

2191 1329 2372 1374 mente
2401 1320 2770 1388 famulantur;
2829 1337 3016 1392 egenus
3061 1322 3206 1380 enim
3233 1331 3283 1377 et
3314 1339 3512 1393 pauper
3550 1324 3646 1381 Dei
3667 1334 3785 1394 est,

2191 1413 2435 1483 quisquis
2465 1413 2724 1470 meruerit
2754 1415 2938 1470 mundi
2980 1414 3133 1470 istius
3161 1416 3518 1486 perversitate
3542 1419 3784 1476 vacuari.

2265 1545 2416 1608 Vers.
2448 1547 2503 1600 2.
2533 1545 2744 1601 Custodi
2786 1550 3013 1602 animam
3054 1565 3239 1616 meam,
3280 1550 3526 1622 quoniam
3571 1559 3782 1607 sanctus

2188 1652 2304 1691 sum
2335 1652 2354 1691 :
2385 1636 2586 1692 salvum
2613 1639 2699 1708 fac
2729 1654 2933 1694 servum
2976 1647 3145 1706 tuum,
3195 1639 3330 1696 Deus
3367 1657 3528 1709 meus,
3573 1658 3782 1712 speran-

2189 1739 2292 1786 tem
2323 1731 2374 1786 in
2405 1741 2472 1787 te.
2504 1731 2760 1788 Putenter
2789 1733 3098 1804 exsequitur
3125 1733 3216 1804 qui
3257 1735 3327 1789 sit
3367 1751 3556 1806 egenus
3590 1745 3640 1790 et
3659 1752 3781 1808 pea-

2190 1842 2314 1898 per,
2368 1825 2580 1881 scilicet
2632 1825 2890 1881 Dominus
2940 1825 3214 1893 Christus,
3267 1825 3359 1898 qui
3410 1841 3472 1883 se
3518 1828 3780 1884 veraciter

2191 1928 2426 1976 sanctum
2457 1918 2620 1986 dicit,
2664 1919 2787 1990 quia
2817 1918 3003 1974 mundi
3033 1918 3189 1976 istius
3233 1919 3516 1975 illecebras
3545 1919 3776 1978 etelestis

2188 2013 2315 2069 vita:
2369 2013 2783 2070 conversatione
2823 2012 3068 2069 calcavit.
3116 2011 3350 2068 Audiant
3382 2013 3776 2086 Apollinarista

2190 2107 2390 2165 habere
2419 2108 2653 2164 animam
2688 2107 2971 2164 Dominum
3017 2107 3316 2175 Christum,
3347 2117 3403 2165 et
3429 2111 3654 2182 perfecti
3684 2111 3776 2168 ho-

2187 2201 2347 2268 minis
2389 2203 2690 2274 sumpsisse
2733 2211 3020 2268 naturam;
3076 2201 3200 2273 quia
3253 2217 3360 2258 non
3411 2211 3628 2272 poterat
3670 2218 3771 2262 non

2185 2295 2390 2354 habere
2433 2311 2554 2354 eam
2580 2335 2595 2362 ,
2627 2296 2695 2352 ad
2743 2311 2902 2366 quam
2942 2295 3248 2370 specialiter
3279 2295 3536 2370 probatus
3576 2305 3662 2352 est
3689 2313 3772 2356 ve-

2185 2387 2331 2444 nisse
2359 2385 2697 2450 salvandam.
2743 2386 2915 2445 Nemo
2945 2387 3086 2444 enim
3119 2387 3314 2448 liberat
3359 2387 3504 2464 quod
3546 2388 3617 2445 de
3653 2405 3768 2460 per—

2184 2481 2393 2540 vasoris
2421 2489 2688 2556 potestate
2715 2495 2823 2538 non
2851 2479 3046 2548 eripit;
3095 2479 3198 2534 etsi
3228 2494 3337 2535 non
3383 2479 3452 2534 sit
3501 2480 3646 2550 apud
3673 2487 3766 2537 de-

2183 2573 2451 2632 fensorem
2483 2575 2626 2646 quod
2655 2573 2930 2640 vindieat,
2975 2574 3302 2645 captivitatis
3329 2585 3603 2646 susceptae
3642 2591 3765 2632 eon-

2181 2665 2313 2724 ditio
2360 2675 2690 2737 perseverat,
2743 2667 2811 2722 Et
2854 2666 3066 2738 respice
3110 2680 3271 2736 quam
3321 2666 3574 2723 salutaris
3619 2667 3766 2723 nobis

2181 2762 2352 2822 forma
2375 2763 2647 2836 proposita
2672 2769 2774 2826 est.
2801 2762 2896 2826 ille
2925 2763 3013 2834 qui
3044 2777 3104 2822 se
3124 2760 3392 2818 veraciter
3411 2762 3630 2818 dixerat
3652 2778 3766 2820 esse

2179 2868 2431 2924 sanctum,
2461 2867 2517 2915 et
2545 2873 2576 2913 a
2617 2857 2800 2914 mundi
2842 2855 3110 2918 illecebris
3139 2855 3398 2924 alienum,
3425 2856 3627 2911 salvum
3653 2870 3711 2912 se
3735 2870 3764 2910 a

2182 2947 2476 3006 Divinitate
2503 2948 2617 3018 ﬁeri
2635 2947 2982 3020 deprecatur,
3014 2953 3072 3001 ut
3093 2959 3192 3004 nos
3215 2944 3510 3001 instrueret
3538 2943 3762 3000 salutem

2179 3057 2290 3100 non
2319 3057 2442 3100 esse
2491 3042 2545 3100 in
2587 3040 2838 3101 humanis
2886 3039 3086 3096 viribus
3113 3038 3499 3106 constitutam,
3544 3037 3687 3092 sicut
3713 3043 3762 3092 et

2179 3135 2436 3204 propheta
2462 3133 2724 3190 Jeremias
2762 3133 2935 3188 dicit:
2965 3130 3278 3186 Hatedictus
3309 3130 3459 3185 homo
3497 3128 3592 3201 qui
3625 3140 3764 3202 apem

2173 3241 2324 3280 suam
2351 3227 2494 3298 ponit
2519 3226 2576 3282 in
2604 3225 2827 3296 homine,
2850 3232 2899 3280 et
2919 3241 2952 3279 a
2971 3224 3077 3280 Deo
3097 3222 3284 3279 recedit
3309 3238 3399 3278 eor
3423 3223 3538 3296 ejus
3551 3223 3759 3294 (λιι-ειη.

2173 3333 2302 3386 xvtt,
2336 3319 2416 3392 5),
2448 3327 2551 3374 etc.

2245 3465 2398 3520 Vers.
2423 3465 2477 3520 5.
2511 3463 2757 3519 Miserere
2785 3464 2904 3529 mei,
2934 3463 3171 3530 Domine,
3194 3461 3441 3532 quoniam
3467 3459 3542 3515 ad
3574 3468 3624 3515 te
3651 3459 3760 3512 ela-

2171 3558 2306 3612 mavi
2337 3567 2442 3611 tota
2470 3557 2571 3610 die.
2609 3556 2753 3612 Unus
2781 3565 2941 3626 atque
2967 3554 3110 3609 idem
3142 3554 3282 3609 Deus
3330 3563 3384 3608 et
3411 3551 3580 3606 homo
3609 3549 3762 3606 Chri-

2167 3659 2283 3707 stus
2299 3649 2455 3705 Jesus
2475 3646 2896 3704 misericordiam
2922 3649 3074 3717 petit,
3101 3645 3190 3714 qui
3207 3643 3644 3700 misericordiam
3667 3642 3758 3697 do—

2168 3752 2291 3808 nat;
2351 3741 2553 3797 docens
2607 3740 3006 3810 perseverantia
3050 3739 3450 3808 deprecationis
3504 3739 3757 3809 pietatem

2167 3836 2380 3892 Domini
2413 3835 2588 3890 modis
2620 3837 2872 3889 omnibus
2903 3834 3292 3902 impetrandam
3319 3848 3335 3898 ;
3379 3832 3521 3886 sicut
3560 3831 3680 3902 ipsa
3706 3832 3757 3886 in

2168 3927 2460 3998 Lvangelio
2488 3925 2645 3981 docet
2677 3940 2693 3979 :
2724 3924 2928 3978 Bonum
2969 3931 3047 3978 est
3091 3939 3272 3990 orare,
3314 3933 3362 3976 et
3405 3937 3510 3976 non
3551 3921 3754 3991 deﬁcere

2168 4018 2320 4092 (Luc.
2350 4034 2500 4084 xvttt,
2534 4019 2610 4086 l).
2659 4016 2891 4072 Audiam
2920 4016 3065 4072 hunc
3093 4015 3268 4070 locum
3289 4058 3304 4084 ,
3351 4015 3444 4085 qui
3493 4016 3732 4085 penitus

2165 4114 2294 4168 tiam
2325 4126 2484 4181 agere
2512 4111 2565 4166 in
2600 4109 2725 4178 vitae
2757 4123 2869 4163 suae
2891 4108 3124 4163 termino
3148 4120 3313 4176 prava
3356 4106 3641 4162 voluntate
3678 4104 3759 4161 de-

2165 4214 2408 4275 sperant,
2452 4213 2508 4259 et
2554 4218 2614 4259 se
2663 4202 2730 4256 ad
2789 4200 3124 4257 excusandas
3165 4199 3549 4256 excusationes
3598 4198 3757 4270 impia

2164 4297 2443 4351 voluntate
2485 4300 2846 4358 convertunt,
2889 4307 3013 4348 eum
3056 4291 3109 4345 in
3163 4290 3472 4358 evangelica
3525 4290 3758 4346 lectione

2163 4399 2498 4461 cognoscant
2520 4388 2716 4443 latroni
2747 4387 2916 4442 afﬁxo
2941 4385 3051 4456 jam
3079 4383 3230 4440 cruci
3255 4393 3635 4440 momentarius
3668 4399 3750 4440 ee-

2163 4483 2377 4538 leritate
2406 4481 2761 4545 subventum;
2793 4487 2846 4534 et
2891 4488 3087 4533 cetera
3134 4475 3331 4530 similia
3351 4515 3366 4541 ,
3422 4490 3546 4545 quae
3574 4485 3752 4532 textus

2163 4569 2460 4643 Scriptura:
2507 4566 2702 4627 divinat
2747 4571 2813 4625 ad
2870 4584 3022 4640 spem
3069 4567 3411 4623 nutrieudam
3441 4567 3754 4624 mortalium

2083 4665 2139 4732 ι)
2163 4653 2397 4726 mirabili
2421 4668 2751 4740 benignitate
2773 4664 3045 4722 concedit.
3072 4663 3300 4730 Semper
3321 4661 3631 4730 supptieare
3655 4675 3752 4718 nos

2163 4761 2344 4828 decet,
2371 4761 2461 4831 qui
2487 4759 2756 4830 frequenti
2777 4757 2938 4825 culpa
2961 4755 3343 4834 delinquimus.
3368 4751 3751 4808 Inaestimabile

2163 4855 2365 4910 malum
2397 4861 2481 4910 est
2509 4853 2656 4922 ipsos
2685 4849 2932 4905 homines
2975 4862 3126 4919 spem
3163 4845 3284 4902 sibi
3333 4843 3748 4901 saluberrimam

2163 4944 2373 5012 tollere,
2406 4957 2527 4998 eum
2573 4941 2754 4997 divina
2799 4941 3091 4996 clementia
3137 4938 3255 4993 sine
3301 4936 3609 4992 cessatione
3655 4949 3750 4994 nos

2167 5037 2272 5093 sibi
2293 5036 2479 5107 iubeat
2507 5034 2834 5106 supplicare.
2867 5032 3120 5087 Petamus
3147 5028 3251 5084 hoc
3275 5038 3330 5084 et
3350 5035 3510 5083 aetate
3535 5028 3747 5092 ﬂorida,

2162 5141 2408 5203 petamus
2443 5131 2496 5185 in
2527 5129 2806 5199 iuventute
2850 5127 3036 5197 positi,
3067 5134 3314 5196 petamus
3358 5131 3416 5178 et
3439 5121 3494 5177 in
3521 5121 3748 5178 occidua

2161 5232 2440 5281 senectute
2464 5220 2727 5292 perducti.
2759 5218 3043 5288 Nunquam
3069 5230 3285 5272 cessare
3323 5213 3490 5270 debet
3515 5229 3546 5270 a
3578 5213 3747 5284 preci-

2159 5318 2282 5380 bus,
2307 5315 2399 5386 qui
2429 5313 2697 5384 punienda
2727 5311 2994 5383 pravitate
3036 5310 3315 5380 peccavit;
3343 5323 3413 5363 ne
3447 5306 3579 5364 dum
3611 5317 3744 5363 tem-

2161 5421 2262 5479 pus
2283 5405 2690 5477 supplicationis
2733 5403 3046 5472 quzerimua,
3080 5397 3506 5456 misericordiam
3533 5396 3746 5456 Domini

2160 5503 2317 5558 nobis
2347 5502 2440 5556 tali
2473 5499 2827 5572 persuasione
2857 5497 3133 5553 tollamus.
3180 5495 3314 5550 Nam
3345 5510 3467 5551 eunt
3514 5495 3744 5560 dicitur,

2159 5603 2267 5652 tota
2295 5596 2399 5664 die,
2431 5594 2594 5649 totius
2614 5592 2741 5646 vitae
2769 5600 2981 5660 tempus
3005 5586 3342 5654 ostenditur,
3370 5593 3429 5642 ut
3453 5600 3556 5656 per
3581 5585 3746 5642 multa

2162 5700 2406 5759 tempora
2481 5699 2854 5755 annorumque
2895 5682 3162 5738 curricula
3207 5679 3363 5750 quasi
3433 5678 3590 5733 unius
3639 5675 3744 5732 diei

2158 5789 2446 5844 continuus
2475 5783 2678 5840 clamor
2707 5795 2828 5838 esse
2879 5786 3235 5836 monstretur.
3263 5777 3454 5846 Magna
3479 5774 3746 5844 siquidem

2159 5897 2291 5940 voce
2316 5879 2408 5938 ille
2443 5879 2639 5941 clamat
2678 5875 2747 5933 ad
2799 5873 3104 5943 Dominum,
3137 5869 3230 5942 qui
3275 5868 3524 5940 quamvis
3571 5866 3746 5937 nugis
