4062 6344
301 365 416 423 615

1161 365 1526 427 EXPOSITIO
1566 320 1629 426 ili
1669 368 2131 430 PSALTERIUM.
2175 374 2370 439 PSAL.
2410 376 2669 435 LXXXV.

3469 382 3577 445 6M

296 489 521 553 taceat,
570 480 727 538 bonis
769 488 947 537 tamen
977 482 1229 553 operibus
1271 462 1682 555 perseveranter
1709 483 1887 541 excla-
1915 491 1962 550 Α
1993 487 2083 541 tibi
2129 489 2183 543 in
2231 491 2355 563 diis,
2408 492 2549 547 idola
2581 491 2846 563 signiﬁcat
2876 508 3227 567 paganorum,
3255 510 3374 571 qua:
3402 500 3577 562 adhuc

374 669 526 740 29]
572 666 724 722 Vers.
757 667 811 722 4.
845 666 1073 737 Ltetiﬁcit
1102 669 1328 723 animam
1364 670 1495 725 servi
1521 672 1615 738 tui,
1648 674 1895 744 quoniam

298 762 371 817 ad
400 773 467 827 te,
504 758 739 825 Domine,
771 760 933 814 levavi
976 762 1200 814 animam
1229 778 1412 817 meam.
1438 763 1727 819 Jucuudari
1761 767 1893 835 petit

300 857 541 910 animam
563 869 719 909 suam
746 853 863 907 fons
885 853 1168 912 hilaritatis
1193 864 1246 911 ct
1276 856 1428 927 origo
1454 856 1674 927 itetitim,
1707 859 1774 914 ab
1805 860 1893 915 illa

299 947 514 1003 scilicet
544 955 695 1016 parte
725 962 825 1015 qua
857 963 1030 1001 servus
1059 957 1163 1002 est.
1197 949 1412 1004 Servum
1440 967 1499 1006 se
1524 952 1668 1007 enim
1700 955 1893 1009 merito

301 1038 444 1099 dixit
464 1084 478 1106 ,
505 1040 757 1109 quoniam
789 1052 856 1093 ex
886 1038 1053 1093 Maria
1085 1039 1299 1111 Virgine
1329 1052 1485 1099 natus
1517 1052 1631 1110 est,
1681 1061 1800 1115 qua:
1833 1060 1893 1101 se

301 1132 591 1201 proﬁtetur
630 1131 902 1187 ancillam.
952 1131 1083 1186 Nam
1130 1133 1255 1189 dum
1305 1137 1353 1191 ei
1402 1138 1622 1205 angelus
1668 1154 1732 1194 ex
1774 1139 1890 1209 ipsa

300 1224 640 1278 nasciturum
688 1223 963 1279 Christum
1003 1224 1289 1281 Dominum
1329 1229 1629 1299 nuntiaret,
1677 1230 1764 1285 illa
1801 1246 1887 1286 re-

306 1319 526 1388 spondit
562 1336 575 1371 :
612 1317 747 1373 Ecce
787 1320 981 1374 ancilla
1018 1319 1261 1387 Domini,
1304 1323 1395 1390 ﬁat
1447 1323 1573 1377 mihi
1612 1325 1891 1379 secundant

300 1411 508 1463 verbum
542 1419 687 1463 tuum
720 1409 889 1481 (Luc.
934 1427 970 1478 ι,
1003 1410 1071 1467 58
1095 1409 1143 1483 );
1177 1413 1315 1467 sicut
1356 1422 1409 1467 ct
1456 1417 1508 1468 in
1553 1416 1658 1469 alio
1685 1417 1890 1484 psalmo

299 1505 435 1561 dicit
464 1524 476 1560 :
513 1506 626 1578 Ego
656 1524 835 1561 servus
879 1519 993 1563 tuus
1017 1550 1032 1578 ,
1060 1521 1108 1563 et
1141 1510 1282 1579 ﬁlius
1333 1513 1537 1567 ancilla:
1569 1522 1669 1567 tua:
1715 1513 1886 1583 (Psal.

298 1616 426 1666 cxv,
464 1598 571 1670 16).
621 1599 896 1667 Lwtiﬁcari
940 1617 1066 1672 ergo
1108 1606 1240 1671 petit
1268 1604 1496 1658 animam
1546 1621 1730 1676 suam,
1763 1607 1886 1677 quia

301 1709 415 1748 non
447 1709 564 1748 eam
591 1694 838 1749 deorsum
873 1695 1147 1750 inclinavit
1196 1697 1259 1751 ad
1293 1705 1511 1767 terram,
1561 1698 1657 1753 sed
1710 1700 1889 1754 levavit

297 1801 524 1856 semper
548 1787 613 1841 ad
650 1787 967 1854 Dominum,
1017 1788 1104 1844 ubi
1138 1798 1220 1844 est
1243 1804 1366 1844 vera
1410 1789 1619 1857 laetitia,
1670 1799 1724 1846 et
1770 1792 1888 1847 sine

1996 582 2050 636 in
2083 584 2283 639 mundo
2333 585 2561 641 nefanda
2611 588 2895 644 devotione
2941 591 3295 661 colebantur;
3345 595 3485 652 sicut
3520 606 3578 656 et

1994 674 2121 728 alibi
2169 675 2301 730 dicit
2344 695 2357 730 :
2406 677 2661 743 Quoniam
2704 696 2873 735 omnes
2927 682 3002 737 dii
3040 678 3277 755 ‘gentium
3324 688 3580 746 dtemonia

1996 764 2167 836 (Psal.
2200 784 2319 833 xcv,
2345 771 2421 839 5).
2453 771 2639 827 Potest
2668 773 2768 827 hoc
2794 782 2845 829 et
2880 778 2939 829 all
2968 774 3214 833 homines
3257 782 3455 850 aptari,
3488 783 3578 854 qui

1995 860 2068 915 dii
2096 865 2266 918 vocati
2315 874 2457 920 sunt.
2506 866 2611 921 Sed
2645 866 2850 937 inspice
2886 870 3011 938 quia
3061 886 3166 926 non
3210 872 3408 928 dicitur
3449 876 3576 947 quid

1993 954 2064 1007 sit
2085 954 2247 1021 Deus,
2298 958 2389 1011 sed
2425 955 2475 1011 ei
2506 958 2699 1013 similis
2728 960 3039 1029 abnegatur.
3076 963 3206 1031 Quae
3249 966 3459 1035 species
3483 966 3578 1022 de-

1995 1045 2251 1103 ﬁnitionis
2282 1049 2469 1107 Grtece
2518 1050 2715 1106 diCilUl‘
2759 1050 2867 1108 κατ’
2896 1055 3155 1130 ἀφαίρεσιν
3184 1064 3276 1112 τοῦ
3319 1060 3574 1128 ἐναντίου,

1993 1137 2183 1194 Latine
2216 1156 2309 1210 per
2341 1143 2656 1211 privantiam
2684 1144 2943 1199 contrarii
2975 1146 3091 1215 ejus
3114 1147 3254 1217 quod
3297 1148 3575 1206 deﬁnitur.

1992 1227 2213 1301 Addidit
2242 1247 2473 1301 quoque,
2505 1244 2550 1287 et
2577 1249 2678 1288 non
2701 1242 2775 1288 est
2797 1238 3078 1290 secundum
3106 1254 3260 1310 opera
3283 1249 3389 1309 tua,
3416 1240 3469 1297 id
3494 1250 3576 1298 est

1993 1321 2215 1374 similis.
2249 1322 2314 1376 Et
2341 1322 2443 1377 hoc
2484 1339 2693 1395 quoque
2718 1342 2924 1382 comma
2952 1327 3055 1384 sub
3085 1329 3197 1398 illa,
3231 1346 3388 1401 quam
3417 1348 3576 1404 supe-

1993 1414 2105 1467 rius
2150 1414 2305 1482 dixit,
2343 1415 2656 1473 deﬁnitione
2686 1420 2999 1489 complexus
3028 1429 3130 1477 est.
3162 1423 3293 1487 Quis
3318 1425 3459 1479 enim
3486 1423 3575 1495 (ut

1992 1505 2083 1559 ille
2113 1507 2258 1576 fecit)
2290 1509 2483 1563 caelum
2531 1517 2835 1581 terramque
2890 1514 2973 1567 vel
3023 1513 3205 1569 omnia
3236 1530 3354 1583 qua:
3388 1516 3442 1571 in
3493 1517 3574 1572 eis

1992 1610 2139 1664 sunt,
2183 1611 2555 1657 momentanea
2608 1602 2781 1672 possit
2823 1606 3106 1662 celeritate
3146 1607 3442 1679 perﬁcere,
3484 1616 3575 1664 aut

1996 1706 2183 1745 eorum
2215 1694 2528 1748 existentias
2559 1696 2869 1751 continere?

2066 1779 2221 1836 Vers.
2255 1784 2307 1837 9.
2344 1784 2528 1838 Omnes
2574 1795 2745 1858 gentes
2792 1804 3116 1861 quascunque
3144 1788 3310 1861 fecisti
3348 1791 3574 1863 venient,

298 1880 408 1935 ﬁne
434 1880 721 1935 securitas.
749 1879 839 1935 Sic
865 1890 1025 1949 caput
1057 1880 1309 1936 Ecclesia}
1331 1882 1571 1936 referens
1592 1890 1738 1953 gesta
1761 1897 1882 1954 pro-

1990 1882 2039 1925 et
2065 1871 2353 1927 adorabunt
2384 1892 2555 1930 coram
2588 1887 2653 1942 te,
2688 1878 2937 1946 Domine,
2969 1890 3016 1935 et
3052 1882 3459 1949 honoriﬁcabunt
3487 1903 3575 1941 no-

293 1974 434 2042 pria,
463 1973 717 2027 membris
745 1974 955 2027 caneris
980 1972 1199 2027 donavit
1225 1974 1504 2043 exempla.

368 2063 523 2121 Vers.
565 2063 619 2118 5.
658 2065 909 2131 Quoniam
933 2072 1007 2133 tu,
1043 2063 1282 2130 Domine,
1309 2065 1480 2118 suavis
1526 2081 1589 2119 ac
1618 2063 1757 2120 mitis
1784 2082 1879 2133 es;

292 2164 343 2208 et
375 2156 608 2225 copiosus
657 2155 711 2208 in
756 2155 1110 2209 misericordia
1156 2157 1389 2210 omnibus
1434 2156 1786 2211 invocantibus
1817 2165 1884 2212 te.

292 2245 416 2301 Non
444 2245 884 2312 substantialiter,
910 2246 1051 2315 quod
1086 2245 1227 2300 nulla
1263 2255 1437 2315 potest
1465 2256 1711 2305 creatura
1736 2262 1886 2301 com-

295 2336 651 2407 prehendere,
680 2335 773 2391 sed
818 2352 912 2407 per
960 2338 1198 2406 quintam
1232 2337 1466 2406 speciem
1514 2337 1879 2405 deﬁnitionis,

290 2444 365 2498 qu
386 2446 414 2480 υ
440 2428 630 2483 (Ξῖ-ωηο
656 2428 852 2484 dicitur
879 2432 1007 2485 κατὰ
1032 2434 1123 2489 τὴν
1149 2430 1303 2497 λέξιν,
1341 2428 1704 2498 pulcherrime
1731 2431 1883 2485 nobis

291 2519 599 2576 ostenditur
625 2521 748 2591 quid
772 2523 842 2575 sit
883 2521 1046 2576 Deus.
1081 2521 1297 2587 Suavis,
1330 2521 1451 2591 quia
1485 2532 1603 2590 post
1631 2522 1884 2601 amaritu-

291 2614 478 2668 dinem
515 2614 672 2683 hujus
714 2614 900 2669 mundi
929 2614 1101 2669 dulcis
1132 2624 1216 2670 est
1263 2615 1327 2669 ad
1357 2629 1417 2671 se
1456 2615 1879 2672 recurrentibus.

292 2705 461 2774 Hitis,
498 2706 621 2776 qnia
665 2708 754 2761 diu
784 2709 1015 2764 sustinet
1046 2716 1375 2777 peccatores.
1404 2707 1653 2780 Copiosus
1695 2710 1749 2764 in
1787 2712 1882 2764 mi-

290 2800 590 2866 sericordia,
627 2807 747 2872 quia
796 2802 920 2857 licet
950 2802 1057 2856 sint
1089 2811 1272 2857 nostra
1306 2818 1594 2858 numerosa
1630 2813 1872 2873 peccata,

289 2894 464 2949 multo
488 2894 843 2950 abundantior
874 2904 958 2950 est
987 2896 1180 2965 pietas,
1212 2911 1331 2965 quae
1361 2902 1440 2950 tot
1463 2896 1673 2950 relaxat
1701 2896 1878 2952 oil‘en-

288 3003 399 3043 sas.
451 2987 637 3043 Restat
686 3000 742 3045 ut
782 2990 830 3044 ei
860 2989 1057 3059 iugiter
1089 2989 1477 3060 supplicemus,
1512 2989 1726 3059 quando
1757 3005 1877 3045 eunt

292 3081 596 3137 audivimus
623 3082 854 3137 omnibus
883 3083 1232 3137 invocantibus
1282 3098 1335 3137 se
1364 3098 1469 3138 non
1500 3097 1697 3152 negare
1738 3098 1877 3154 pra:-

295 3171 520 3226 sidiutn.

1990 1982 2105 2020 men
2128 1976 2290 2021 tuum.
2327 1967 2458 2023 Cum
2492 1969 2664 2025 adhuc
2694 1971 2809 2025 sola
2843 1981 2990 2029 esset
3031 1988 3165 2043 gens
3194 1973 3411 2030 Judaica
3454 1992 3575 2047 quas

1992 2074 2156 2113 unum
2182 2061 2348 2116 Deum
2379 2062 2557 2118 coiere
2586 2062 2899 2133 videbatur,
2931 2068 3176 2137 praedicit
3223 2083 3413 2125 omnes
3441 2085 3575 2141 gen-

1993 2159 2098 2219 tes,
2133 2168 2251 2222 qua:
2291 2153 2449 2209 idolis
2501 2155 2822 2212 tenebantur
2865 2157 3145 2226 obnoxiae,
3190 2158 3259 2215 ad
3307 2160 3574 2218 culturam

1987 2243 2106 2312 ejus
2127 2259 2249 2300 esse
2277 2254 2563 2315 venturas;
2596 2249 2717 2318 quia
2741 2249 2954 2306 Patrem
2987 2266 3113 2307 vere
3138 2251 3267 2308 colit
3288 2251 3377 2323 qui
3408 2252 3575 2310 hono-

1987 2349 2069 2392 rat
2099 2347 2152 2393 et
2189 2339 2473 2396 Dominum
2502 2342 2774 2399 Christum
2812 2362 2825 2397 :
2861 2360 3097 2401 errorem
3147 2358 3332 2402 eurum
3358 2347 3574 2404 omnino

1986 2430 2267 2487 destructis
2294 2433 2383 2503 qui
2409 2443 2593 2502 putant
2616 2449 2708 2504 per
2738 2435 3041 2492 universum
3071 2441 3328 2494 mundum
3362 2437 3574 2509 reiigio~

1984 2538 2104 2578 nem
2138 2524 2344 2580 Domini
2366 2541 2472 2581 non
2505 2542 2625 2583 esse
2654 2528 2920 2584 diﬂ'usam.
2966 2531 3201 2585 Dicenda
3226 2532 3412 2589 enim:
3446 2532 3573 2597 0m.

1984 2632 2071 2670 nes
2100 2630 2270 2688 gentes
2316 2637 2645 2693 quascunque
2692 2623 2889 2694 fecisti,
2922 2624 3165 2682 absolute
3212 2626 3405 2695 probat
3449 2634 3570 2690 uni-

1984 2709 2330 2776 versitatcm;
2374 2712 2495 2780 quia
2541 2712 2683 2766 nulla
2716 2730 2845 2784 gens
2868 2715 3080 2784 existit,
3114 2714 3221 2772 nisi
3259 2730 3420 2787 quam
3459 2726 3572 2795 ipse

1986 2802 2293 2872 piasntavit,
2329 2805 2465 2859 sicut
2509 2804 2635 2860 alibi
2681 2806 2808 2861 dicit
2841 2824 2851 2859 ε
2898 2807 2996 2873 Qui
3027 2810 3144 2880 fecit
3175 2811 3355 2871 caelum
3395 2826 3440 2869 et
3469 2824 3572 2875 ter-

1983 2911 2114 2960 ram,
2146 2911 2287 2949 mare
2333 2908 2382 2950 et
2409 2898 2580 2949 omnia
2609 2913 2721 2967 aute
2765 2899 2819 2951 in
2854 2898 2928 2953 eis
2955 2909 3074 2953 sunt
3106 2898 3278 2968 (Psal.
3304 2920 3458 2973 δην,
3488 2906 3564 2977 6).
3648 2912 3651 2915 '

1984 2986 2206 3040 Addidit
2233 3002 2478 3057 quoque,
2520 2996 2566 3042 et
2594 2988 3002 3058 Itonoriﬁcabttnt
3030 3008 3209 3046 nomen
3242 3003 3403 3055 tuum.
3434 2999 3567 3061 Cum

1985 3079 2094 3135 Deo
2123 3080 2335 3149 dicitur,
2369 3090 2415 3136 et
2446 3082 2850 3153 honoriﬁcabunt
2874 3096 3243 3156 nomentuum,
3270 3089 3568 3161 ﬁguraliter

1984 3172 2249 3242 signiﬁcat
2278 3173 2684 3228 houorabuutur
2721 3173 2901 3229 devoti
2943 3190 3006 3232 ex
3040 3177 3257 3237 nomine
3288 3190 3413 3249 tuo,
3448 3185 3567 3254 quia

368 3265 522 3322 Vers.
550 3267 601 3322 6.
633 3268 853 3323 Auribus
874 3271 1097 3340 percipe,
1128 3268 1362 3338 Domine,
1390 3271 1672 3325 orationem
1693 3286 1876 3339 meam,
1911 3250 1954 3312 Ο
1986 3264 2162 3347 cultus
2189 3263 2464 3319 hominum
2494 3281 2598 3319 non
2632 3263 2757 3319 facit
2791 3266 3156 3323 honorabilent
3191 3268 3377 3338 Deum,
3411 3250 3567 3347 quem

287 3371 336 3416 et
368 3364 577 3417 intende
629 3365 739 3418 voci
787 3363 1159 3434 deprecationis
1206 3383 1349 3420 mete.
1384 3365 1690 3422 intueamur
1719 3382 1877 3437 quam

287 3457 681 3511 convenienter
710 3458 972 3512 orationis
1016 3457 1173 3511 istius
1220 3457 1352 3513 ordo
1409 3458 1681 3513 decurrat.
1726 3458 1879 3513 Prius

289 3547 441 3602 enim
467 3546 564 3601 luit
592 3555 649 3601 ut
677 3562 777 3601 vox
807 3547 1215 3617 supplicationis
1236 3548 1572 3615 ascenderet,
1604 3563 1665 3603 ac
1687 3548 1882 3604 deinde

290 3647 512 3709 rogatus
542 3640 773 3694 audiret.
808 3639 1023 3711 Percipe
1070 3654 1197 3694 vero
1236 3655 1354 3693 cum
1384 3641 1607 3704 dicitur,
1641 3656 1744 3694 non
1786 3639 1880 3693 ali-

288 3731 420 3801 quid
453 3730 651 3800 suscipi
701 3732 1011 3787 transitorie
1045 3730 1376 3799 postulatur;
1409 3731 1501 3785 sed
1536 3733 1586 3785 in
1614 3731 1722 3785 illis
1749 3730 1877 3802 [ed.,

287 3820 457 3894 illius]
477 3824 771 3891 majestatis
802 3824 1007 3878 sinibus
1040 3824 1245 3877 mavult
1266 3823 1507 3888 recondi,
1534 3824 1881 3893 quemadmo-

290 3913 420 3968 dum
452 3930 545 3983 per
571 3930 728 3970 aures
758 3916 825 3969 ab
856 3915 1077 3971 homine
1109 3919 1383 3971 memoria:
1416 3916 1675 3986 probatur
1704 3918 1876 3987 inﬁgi.

290 4006 546 4060 Additum
575 4016 678 4077 est,
711 4010 917 4063 intende
963 4012 1073 4064 voci
1103 4009 1478 4081 deprecationis
1500 4025 1625 4065 mete
1647 4051 1661 4075 ,
1711 4019 1768 4063 ut
1801 4012 1883 4065 in-

295 4105 479 4151 tentus
524 4098 731 4155 animus
780 4102 1017 4172 aperiret
1073 4102 1339 4158 auditum.
1389 4103 1543 4169 Quod
1584 4112 1753 4157 totum
1788 4119 1883 4173 per

292 4191 603 4262 allegoriam
628 4194 844 4261 dicitur,
873 4205 927 4249 ut
959 4198 1195 4265 potentia
1229 4196 1535 4252 Diviuitatis
1564 4211 1660 4266 per
1686 4195 1879 4253 buma-

289 4300 391 4341 nas
413 4289 831 4343 consuetudines
860 4290 1164 4344 intimatur.

365 4380 527 4435 Vers.
559 4381 613 4435 7.
664 4378 731 4435 In
778 4381 861 4436 die
900 4382 1242 4436 tribulationis
1288 4398 1413 4437 mea:
1452 4381 1667 4436 clamavi
1697 4381 1764 4435 ad
1793 4390 1882 4449 te;

289 4473 536 4544 quoniam
581 4474 835 4527 exaudiin
884 4490 981 4529 me.
1032 4474 1164 4529 Cum
1196 4474 1441 4543 superius
1489 4474 1727 4529 dixerit:
1762 4474 1880 4528 Cla-

288 4568 428 4620 mavi
479 4567 545 4619 ad
591 4574 637 4619 te
668 4576 773 4620 tota
822 4566 936 4632 die;
996 4568 1080 4621 hic
1126 4568 1394 4637 quoddam
1448 4566 1625 4622 facere
1675 4566 1883 4622 videtur

1984 3346 2190 3411 constat
2248 3358 2505 3412 honorum
2548 3359 2787 3413 omnium
2830 3359 3179 3428 proculdubio
3230 3365 3561 3437 largitorem.

2058 3448 2208 3504 Vers.
2243 3448 2326 3503 10.
2367 3450 2621 3516 Quoniam
2650 3466 2864 3520 magnus
2894 3467 2945 3505 es
2971 3464 3057 3516 tu,
3090 3462 3139 3512 et
3181 3458 3374 3530 [aciein
3412 3461 3570 3514 mira.

1984 3538 2105 3593 bilia
2137 3556 2155 3593 :
2186 3550 2237 3594 tu
2260 3557 2315 3619 es,
2347 3540 2481 3594 Deus
2504 3539 2663 3595 solus.
2701 3541 2965 3611 ilymnum
3002 3542 3222 3602 Deitatis
3243 3590 3258 3617 ,
3296 3564 3455 3618 quem
3479 3565 3571 3606 su-

1984 3634 2165 3703 perius
2197 3633 2503 3698 inchoavit,
2538 3633 2690 3687 istius
2718 3648 2907 3693 versus
2950 3634 3060 3693 line
3103 3640 3389 3694 conclusit.
3435 3642 3568 3701 Nam

1985 3735 2038 3780 et
2066 3726 2309 3781 diabolus
2341 3743 2589 3796 magnum
2636 3741 2695 3784 se
2724 3732 2926 3799 putavit
2953 3772 2968 3797 ,
3016 3731 3229 3800 quando
3257 3731 3388 3787 dixit
3414 3750 3429 3786 :
3460 3731 3570 3787 Po-

1985 3835 2102 3871 nant
2127 3821 2295 3873 sedem
2323 3836 2487 3873 meant
2530 3821 2597 3872 ad
2633 3821 2958 3890 aquilonem,
2988 3832 3037 3875 et
3079 3837 3164 3876 ero
3194 3822 3377 3876 similis
3409 3823 3569 3878 Altis-

1984 3913 2115 3965 simo
2144 3912 2300 3983 (Isai.
2336 3928 2451 3980 xiv,
2480 3913 2563 3975 15,
2599 3912 2711 3983 14);
2754 3923 2806 3968 et
2831 3913 3048 3984 superbi
3078 3912 3343 3983 hodieque
3365 3916 3570 3971 cunctis

1992 4017 2054 4057 se
2084 4003 2353 4057 chIimaut
2396 4003 2731 4072 grandiores.
2766 4004 2871 4059 Sed
2914 4021 3130 4077 magnus
3165 4005 3269 4060 dici
3303 4021 3427 4061 vere
3461 4022 3569 4064 non

1985 4106 2200 4167 potest,
2233 4097 2333 4150 nisi
2364 4095 2502 4150 Deus
2544 4097 2713 4162 solus,
2764 4098 2917 4167 cujus
2970 4100 3220 4167 potestati
3271 4098 3569 4156 nullatenus

1982 4190 2128 4244 valet
2158 4189 2359 4260 aliquid
2389 4189 2711 4259 comparari,
2739 4192 2829 4260 qui
2876 4189 3022 4245 nulla
3049 4190 3402 4247 mutabilitate
3440 4206 3569 4251 cou-

1988 4284 2241 4353 vertitur,
2272 4284 2367 4339 sed
2391 4299 2603 4353 semper
2631 4285 2681 4339 in
2708 4295 2912 4342 natura:
2958 4302 3068 4341 suae
3108 4287 3275 4357 gloria
3316 4301 3569 4359 perseve-

1986 4385 2085 4431 rat.
2119 4376 2361 4445 Addidit,
2396 4387 2444 4430 et
2473 4377 2668 4448 faciens
2710 4378 2971 4433 mirabilia
3006 4392 3103 4434 :tu
3133 4397 3184 4436 es
3228 4380 3366 4437 Deus
3408 4380 3567 4438 solus.

1986 4471 2118 4525 Cum
2153 4469 2391 4540 legamus
2438 4480 2493 4525 et
2534 4484 2719 4541 magos
2741 4470 3033 4529 Pharaonis
3061 4473 3315 4529 miracula
3357 4473 3568 4529 diversa

1990 4563 2178 4617 iecisse
2200 4602 2214 4628 ,
2248 4562 2333 4616 hic
2364 4562 2558 4616 dicitur
2586 4564 2726 4632 quod
2771 4564 2886 4634 ipse
2917 4566 3063 4620 solus
3093 4567 3351 4620 miracula
3403 4568 3568 4637 possit

288 4673 503 4727 magna:
560 4658 830 4726 petitionis
870 4666 1243 4728 augmentum,
1278 4659 1507 4713 dicendo
1533 4676 1545 4713 :
1576 4657 1641 4713 In
1681 4659 1763 4712 die
1792 4661 1884 4713 tri-
1913 4639 1965 4698 D
1988 4655 2222 4709 eiiicere.
2260 4653 2605 4725 Veriioquum
2635 4656 2834 4709 dictum
2861 4696 2878 4724 ,
2906 4656 2952 4711 si
2977 4656 3285 4725 qualitatem
3314 4657 3393 4712 rei
3421 4658 3568 4716 verbi

289 4752 570 4805 bulationis
621 4768 745 4805 mea:
789 4753 1000 4806 clamavi
1056 4753 1122 4836 ad
1166 4761 1233 4806 te.
1287 4753 1420 4807 Nam
1457 4753 1583 4807 licet
1625 4768 1654 4806 a
1686 4752 1883 4807 sanctis

289 4846 427 4901 viris
451 4846 649 4916 jugiter
677 4846 906 4902 Domino
949 4848 1303 4916 supplicetur,
1356 4848 1408 4902 in
1434 4857 1675 4917 tempore
1703 4856 1885 4903 tamen

287 4939 652 4994 tribulationis
689 4940 899 4994 enixius
931 4940 1151 5010 petitur,
1206 4939 1425 5009 quando
1466 4939 1754 4994 subvenire
1788 4954 1884 4995 ne-

290 5034 532 5088 cessarie
578 5033 896 5102 postulatur.
949 5031 1386 5088 Considerandus
1438 5040 1521 5088 est
1567 5042 1744 5088 autem
1795 5032 1882 5090 hic

287 5126 488 5181 modus
516 5126 823 5194 locutionis,
858 5126 946 5195 qui
982 5126 1035 5180 in
1066 5126 1357 5195 Scripturis
1401 5126 1593 5181 divinis
1631 5125 1884 5192 frequen-

288 5218 502 5273 tissime
532 5219 829 5287 reperitur,
854 5225 911 5271 ut
933 5217 1055 5272 ideo
1080 5232 1141 5272 se
1168 5218 1309 5271 dicat
1335 5216 1600 5284 clamasse,
1630 5218 1878 5286 quoniam

287 5308 581 5364 exauditus
608 5315 726 5375 est,
761 5308 885 5364 dum
920 5308 1125 5363 clamor
1156 5308 1445 5376 prazcedat,
1499 5316 1557 5363 ut
1588 5307 1730 5363 Deus
1758 5322 1883 5377 pos-

286 5404 361 5459 sit
386 5401 596 5457 audire.
628 5404 755 5470 Quia
780 5402 945 5472 ﬁgura
978 5401 1174 5456 dicitur
1202 5401 1549 5470 anastrophe,
1580 5401 1631 5456 id
1660 5410 1741 5457 est
1764 5417 1883 5472 per-

290 5495 495 5563 versio,
526 5510 646 5565 qua:
700 5495 761 5550 tit
804 5496 1013 5564 quoties
1054 5502 1146 5550 aut
1194 5507 1387 5550 sensus
1429 5502 1520 5548 aut
1568 5494 1729 5549 verba
1779 5508 1878 5563 pro

288 5587 474 5658 aliquo
501 5586 697 5643 decore
727 5594 1031 5643 vertuntur.

362 5682 521 5737 Vers.
554 5681 609 5737 8.
641 5680 762 5736 Non
812 5691 884 5736 est
914 5681 1097 5736 similis
1132 5680 1220 5735 tibi
1259 5681 1312 5733 in
1352 5681 1481 5746 diis,
1518 5679 1774 5744 Domine;
1830 5688 1878 5734 et

292 5793 397 5830 non
426 5784 497 5831 est
527 5776 803 5831 secundum
832 5788 986 5847 Opera
1037 5785 1145 5830 tua.
1174 5774 1361 5845 Magna
1403 5774 1516 5829 laus
1547 5771 1692 5829 brevi
1740 5773 1879 5828 deﬁ-

291 5869 499 5928 nitione
526 5870 779 5928 conclusa
800 5877 901 5930 est.
932 5870 1167 5928 Dicondo
1194 5868 1337 5928 enim
1362 5885 1378 5926 :
1414 5865 1537 5925 Non
1581 5876 1653 5924 cst
1685 5867 1868 5927 similis

1987 4749 2155 4819 ipsius
2194 4747 2419 4803 veritate
2461 4762 2770 4818 pensemus.
2824 4748 2917 4803 illa
2948 4749 3089 4803 enim
3127 4764 3254 4805 vere
3301 4760 3568 4819 nequeunt

1989 4845 2094 4900 dici
2145 4844 2403 4898 miracula
2428 4883 2443 4909 ,
2499 4858 2619 4913 quae
2662 4843 2729 4897 ad
2768 4844 2968 4899 nullam
3000 4844 3282 4901 utilitatem
3323 4846 3569 4904 slmulata

1990 4939 2228 5008 deceptis
2258 4938 2431 4993 oculis
2463 4937 2827 4993 blandiuntur.
2862 4939 3018 4994 Solus
3045 4938 3187 4996 enim
3219 4940 3420 4995 dictum
3448 4950 3528 4997 est
3552 4983 3568 5008 ,

1989 5032 2112 5100 quia
2140 5041 2323 5086 sancta
2350 5029 2587 5086 Trinitas
2608 5046 2745 5086 unus
2772 5039 2856 5085 est
2885 5031 3044 5098 Deus,
3081 5032 3328 5102 personis
3367 5041 3568 5090 tantum

1989 5125 2265 5189 distincta,
2297 5140 2401 5180 non
2434 5134 2639 5181 natura;
2675 5123 3003 5181 discretione
3038 5133 3281 5193 separata
3308 5141 3323 5191 ;
3356 5125 3495 5181 sicut
3518 5135 3567 5181 et

1991 5216 2115 5270 alibi
2147 5215 2346 5271 dictum
2377 5226 2458 5271 est
2489 5236 2502 5270 :
2529 5216 2698 5284 Audi,
2733 5214 2900 5271 Israel
2919 5260 2935 5285 ,
2969 5215 3219 5273 Dominus
3249 5217 3391 5273 Deus
3432 5227 3569 5286 tuus,

1990 5306 2243 5363 Dominus
2271 5325 2402 5364 unus
2424 5316 2495 5364 est
2528 5308 2763 5379 (Denter.
2799 5324 2871 5377 vt,
2904 5310 2996 5381 4);
3028 5310 3108 5367 sic
3134 5320 3184 5365 et
3218 5309 3378 5364 isaias
3400 5309 3568 5364 dicit:

1993 5400 2249 5465 Quoniam
2295 5400 2464 5466 iustus
2510 5414 2592 5467 es,
2622 5408 2669 5454 et
2713 5416 2815 5456 non
2841 5408 2916 5456 est
2943 5400 3084 5458 Deus
3115 5409 3300 5475 prtem
3331 5409 3379 5454 te
3405 5396 3568 5469 (Isai.

1989 5504 2095 5545 xcv
2120 5529 2136 5555 ,
2176 5489 2240 5544 21
2268 5490 2314 5562 ).

2065 5585 2209 5640 Vers.
2246 5583 2333 5639 11.
2368 5581 2547 5637 Deduc
2576 5599 2674 5649 me,
2711 5582 2947 5653 Domine,
2983 5585 3035 5638 in
3065 5585 3143 5639 via
3171 5593 3278 5649 tua,
3308 5590 3355 5638 et
3394 5583 3570 5641 ambtt~

1987 5678 2100 5733 laba
2122 5678 2174 5730 in
2201 5674 2411 5730 veritate
2442 5685 2528 5727 tua
2558 5689 2576 5727 :
2604 5673 2801 5729 la'tetur
2829 5691 2917 5729 cor
2941 5692 3106 5730 meum
3125 5715 3140 5741 ,
3170 5684 3225 5729 ut
3269 5674 3442 5727 timeat
3473 5687 3569 5726 no-

1986 5787 2098 5825 men
2126 5778 2288 5824 tuum.
2339 5766 2595 5825 Oratione
2641 5765 2863 5821 decursa
2893 5812 2905 5835 ,
2967 5773 3020 5819 et
3059 5764 3215 5821 laude
3264 5760 3567 5816 Diviuitatis

1984 5873 2355 5937 competenter
2384 5862 2624 5933 impleta,
2658 5862 2803 5920 venit
2832 5862 2896 5917 ad
2927 5862 3215 5923 secundum
3242 5856 3570 5928 sectionem.
