4062 6344
513 371 621 428 615

1745 363 1816 420 Μ.
1861 361 2140 420 ΑυιιΕιιι
2176 357 2584 418 CASSIODORI

3690 357 3804 418 616

513 486 571 541 in
597 496 700 556 qua
734 497 831 555 pro
860 483 1118 540 membris
1145 481 1258 538 suis
1286 489 1450 550 orat,
1496 486 1555 536 ut
1581 479 1660 536 eis
1688 477 1945 534 Dominus
1977 493 2102 548 pro-
2129 487 2185 544 Α
2209 482 2354 535 tione
2384 477 2720 548 superiorem
2755 487 2934 531 locum
2975 475 3179 534 sanctis
3202 519 3219 545 ,
3270 473 3582 534 inferiorem
3611 490 3810 548 peca-

515 575 694 631 futura
723 574 1004 631 concedat.
1032 575 1167 629 Dum
1205 573 1375 628 dicit:
1412 572 1589 626 Deduc
1620 587 1732 638 me,
1772 569 2013 637 Domine,
2048 570 2106 624 in

518 670 602 722 uia
647 679 754 736 tua,
805 667 981 723 adhuc
1009 667 1083 722 ibi
1131 681 1238 722 non
1287 667 1454 722 fuisse
1501 669 1858 729 monstratur;
1901 671 1955 718 et
2001 661 2106 718 hoc

522 763 748 818 Domino
778 759 995 816 Christo
1025 775 1131 816 non
1161 769 1338 831 potest
1365 759 1655 815 convenire
1678 797 1694 824 ,
1727 771 1848 812 cum
1881 757 1997 828 ipse
2024 756 2108 812 di-

519 861 607 907 cat
634 869 648 906 :
681 851 795 924 Ego
824 868 936 906 sum
965 854 1067 919 via,
1110 853 1295 906 veritas
1325 861 1371 906 et
1401 853 1504 905 vita
1533 849 1714 921 (Joan.
1749 865 1860 917 xlv,
1889 849 1968 919 6).
1999 849 2108 904 Sed

524 947 625 1001 hoc
668 945 838 1015 magis
886 954 1245 1016 congruenter
1273 943 1531 1014 accipitur
1565 959 1595 998 a
1645 953 1797 1013 parte
1823 942 2062 996 ﬁdelium
2089 979 2106 1008 ,

521 1052 749 1106 quorum
782 1045 942 1108 caput
966 1046 1049 1092 est
1079 1037 1338 1092 Dominus
1381 1053 1394 1089 :
1427 1034 1518 1106 qui
1549 1034 1652 1090 nisi
1685 1035 2010 1088 deducantur
2057 1035 2110 1088 in

521 1131 690 1196 viam,
723 1128 773 1184 id
806 1138 890 1184 est
915 1129 968 1184 in
998 1128 1292 1196 Christum,
1333 1129 1385 1182 in
1429 1129 1636 1182 veritate
1669 1127 1915 1183 videlicet
1937 1127 2114 1181 atnbu-

525 1223 631 1277 lare
661 1238 764 1276 non
800 1231 1046 1293 possunt.
1076 1221 1352 1294 Sequitur,
1384 1222 1582 1276 la'tetur
1613 1237 1700 1274 cor
1730 1237 1917 1288 meum,
1950 1222 2111 1292 292

526 1322 582 1366 ut
611 1314 784 1366 timeat
815 1328 999 1367 nomen
1019 1319 1184 1366 tuum.
1233 1311 1372 1378 Quid
1409 1311 1477 1366 sit
1519 1311 1680 1364 timor
1706 1309 1918 1364 Domini
1950 1309 2114 1364 mira-

525 1403 620 1459 bili
650 1405 842 1460 ordine
877 1404 1205 1460 declaratur.
1241 1403 1374 1458 Nam
1406 1403 1463 1458 in
1494 1403 1691 1458 timore
1715 1404 1819 1458 isto
1839 1401 2110 1460 mundano

528 1494 786 1564 prmcedit
824 1495 976 1564 prius
1009 1508 1174 1549 causa
1231 1494 1488 1563 periculi,
1539 1503 1630 1549 aut
1675 1494 1900 1563 alicujus
1946 1509 2113 1565 angu-

527 1586 677 1650 stiae;
711 1586 762 1639 in
817 1585 1013 1640 timore
1066 1593 1246 1640 autem
1283 1585 1496 1641 Domini
1545 1587 1883 1656 praemittitur
1930 1587 2113 1642 laetitia

526 1675 725 1740 cordis,
750 1683 808 1728 ut
841 1673 1032 1746 aliquis
1062 1675 1128 1730 ad
1156 1676 1271 1746 ejus
1304 1677 1510 1732 timoris
1545 1677 1893 1735 dulcedinem
1923 1681 2114 1736 venire

528 1778 819 1824 mereatur.
850 1768 917 1824 Et
949 1784 1135 1825 revera
1168 1770 1325 1824 talem
1368 1769 1528 1826 decet
1556 1771 1761 1828 habere
1799 1772 2111 1842 introitum,

2209 571 2417 627 toribus
2442 569 2632 626 doctor
2657 569 2989 640 Augustinus
3009 569 3243 626 aestimat
3261 585 3382 628 esse
3403 571 3798 644 deputandum.

2212 661 2370 719 Unde
2401 677 2546 719 nunc
2573 661 2774 733 gratias
2801 676 2965 732 agens
2995 662 3174 717 ﬁdelis
3201 663 3431 733 populus
3453 704 3471 732 ,
3501 663 3636 720 dicit
3679 666 3798 722 ani-

2214 769 2358 809 mam
2383 769 2536 810 suam
2564 755 2633 811 ab
2673 754 2883 811 inferno
2916 752 3182 822 inferiori,
3229 754 3284 811 id
3314 765 3398 812 est
3424 757 3650 827 pmnali.
3682 771 3806 816 esse

2210 845 2515 902 liberatam.

2283 938 2440 996 Vers.
2473 939 2561 994 14.
2593 938 2755 1006 Deus,
2784 935 2969 1012 injusti
2997 941 3378 998 insurrexerunt
3403 959 3559 1015 super
3587 960 3669 999 nte
3690 986 3708 1012 ,
3757 955 3806 1002 et

2212 1045 2472 1100 synagoga
2520 1030 2800 1100 potentium
2853 1030 3193 1102 inquisierunt
3233 1032 3458 1087 animam
3507 1051 3682 1089 meam
3711 1051 3730 1090 :
3759 1047 3805 1091 et

2215 1137 2320 1174 non
2349 1130 2724 1192 praposueritnt
2765 1130 2811 1176 te
2842 1131 2961 1176 ante
2989 1133 3318 1190 conspectum
3341 1139 3515 1179 suum.
3549 1125 3710 1181 Venit
3737 1126 3802 1182 ad

2219 1215 2432 1268 tertiam
2473 1214 2792 1280 sectionem,
2825 1215 2917 1269 ubi
2959 1214 3222 1284 passionis
3247 1230 3359 1272 sua:
3407 1219 3732 1290 mysterium
3754 1230 3833 1300 et'

2213 1307 2440 1376 gloriam
2470 1307 2884 1364 resurrectionis
2911 1309 3154 1378 exponit.
3185 1309 3448 1380 Loquitur
3475 1311 3625 1367 enim
3669 1312 3806 1367 Deus

2214 1397 2376 1455 homo
2400 1415 2465 1454 ex
2495 1400 2665 1455 forma
2710 1401 2850 1456 servi
2892 1414 2988 1470 per
3029 1399 3083 1456 id
3111 1401 3258 1472 quod
3287 1401 3356 1458 de
3389 1403 3554 1459 Maria
3581 1403 3802 1475 Virgine

2215 1500 2372 1547 natus
2422 1498 2524 1547 est.
2568 1489 2700 1546 Cum
2748 1489 2878 1546 dicit
2927 1491 3184 1562 injustas,
3227 1491 3496 1564 signiﬁcat
3545 1493 3794 1561 Judzeos,

2215 1583 2306 1653 qui
2332 1582 2381 1638 ei
2403 1580 2751 1636 reddiderunt
2775 1581 2913 1636 mala
2942 1595 3040 1650 pro
3071 1581 3246 1637 bonis.
3297 1582 3454 1651 Quod
3498 1592 3684 1640 autem
3703 1585 3802 1654 ait,

2215 1691 2369 1745 super
2392 1690 2502 1743 me,
2532 1681 2587 1728 ut
2613 1687 2764 1730 reum
2805 1673 3014 1729 scilicet
3043 1673 3285 1731 dicerent
3313 1675 3688 1744 innocentem,
3722 1695 3804 1736 τες

2216 1782 2443 1838 gemqoe
2467 1782 2622 1823 suum
2654 1767 2805 1838 plebs
2830 1767 3015 1824 insana
3038 1767 3354 1826 trucidaret.
3371 1769 3658 1843 Synagoga
3688 1788 3806 1829 vero

527 1873 685 1928 quem
733 1858 797 1913 ad
829 1859 1056 1914 salutem
1102 1874 1251 1915 suam
1284 1860 1590 1916 humanitas
1621 1861 1786 1916 sentit
1815 1862 2107 1919 indultum.
2143 1860 2193 1922 B
2220 1861 2502 1933 potentium
2527 1901 2543 1926 ,
2592 1862 2941 1932 congregatio
2983 1861 3344 1931 superborum
3395 1871 3515 1929 est,
3547 1879 3672 1933 quae
3701 1865 3806 1920 bet:

530 1950 683 2004 llnnc
715 1949 952 2020 judicent
992 1951 1082 2021 qui
1114 1949 1490 2007 formidaverit
1521 1967 1644 2008 reus
1686 1961 1803 2021 est,
1837 1953 1989 2008 illum
2023 1954 2114 2024 qui

532 2051 767 2105 timuerit
797 2061 1016 2106 sanctus
1045 2059 1148 2106 est.
1174 2051 1240 2106 Et
1265 2053 1385 2108 ideo
1407 2061 1636 2123 utraque
1662 2054 1932 2110 miscenda
1953 2064 2081 2110 sunt
2100 2095 2117 2123 ,

531 2151 671 2196 utet
713 2141 813 2197 sub
854 2156 952 2210 spe
1003 2141 1310 2210 timeamus,
1359 2151 1414 2198 et
1465 2143 1566 2199 sub
1607 2143 1799 2199 timore
1829 2144 2076 2201 laetemur
2103 2184 2119 2213 ,

530 2227 668 2288 l‘icut
719 2232 773 2288 in
826 2235 932 2289 alio
961 2235 1167 2305 psalmo
1197 2236 1392 2307 legitur
1425 2254 1438 2291 :
1473 2236 1672 2292 Servite
1701 2237 1923 2293 Domino
1971 2241 2027 2294 in
2055 2239 2120 2294 ti-

529 2342 687 2393 more,
720 2336 766 2381 et
796 2327 1046 2382 exsultate
1073 2330 1122 2383 ei
1147 2345 1264 2383 cum
1291 2338 1508 2384 tremore
1533 2329 1708 2400 (Psal.
1735 2346 1794 2397 ιι,
1824 2331 1939 2402 Η).

599 2416 755 2472 V'ers.
796 2417 884 2472 12.
917 2419 1208 2488 Conﬁtebor
1259 2421 1384 2486 tibi,
1432 2421 1648 2476 Domine
1693 2421 1832 2477 Deus
1861 2439 2037 2491 mens,
2066 2424 2120 2478 in

531 2515 636 2562 toto
665 2509 818 2563 corde
847 2525 980 2576 meo,
1010 2519 1058 2564 et
1095 2511 1446 2580 honoriﬁcabo
1477 2530 1659 2568 nomen
1690 2523 1834 2569 tuum
1881 2517 1932 2570 in
1973 2526 2122 2572 teter-

532 2613 674 2652 num.
726 2598 838 2655 Hoc
867 2611 1236 2670 competenter
1265 2603 1332 2659 de
1358 2605 1504 2660 omni
1535 2603 1731 2661 dicitur
1773 2604 2080 2665 Christiano
2103 2651 2118 2677 ,

531 2691 654 2762 quia
677 2691 771 2746 illa
795 2700 879 2747 est
909 2707 1035 2747 vera
1067 2693 1359 2764 confessio,
1390 2711 1509 2766 qua;
1538 2704 1653 2752 toto
1684 2700 1949 2769 promitur
1981 2716 2125 2756 men-

533 2783 600 2839 tis
647 2787 881 2855 arcano‘,
933 2786 1073 2840 sicut
1117 2794 1171 2841 et
1221 2786 1308 2842 lex
1357 2775 1516 2844 docet
1546 2805 1559 2843 :
1593 2788 1786 2859 Diliges
1839 2791 2120 2847 Dominum

531 2874 697 2930 Deum
723 2885 867 2930 tuum
915 2892 979 2932 ea:
1016 2885 1122 2931 toto
1147 2879 1301 2933 corde
1333 2887 1440 2944 tuo,
1485 2888 1534 2934 et
1573 2897 1634 2935 ea:
1665 2889 1772 2935 tota
1801 2883 1979 2936 aninta
2026 2892 2117 2937 tua

533 2968 769 3040 (Denter.
799 2985 877 3036 γι,
911 2967 991 3040 5).
1021 2969 1127 3025 Sed
1166 2979 1220 3026 et
1247 2971 1339 3026 ille
1368 2987 1433 3027 ex
1462 2981 1574 3028 toto
1603 2974 1768 3030 corde
1791 2975 2112 3045 conﬁtetur,

534 3060 624 3130 qui
653 3069 815 3116 totam
854 3075 1004 3132 spem
1051 3077 1202 3116 suam
1235 3063 1382 3132 ponit
1421 3064 1474 3118 in
1507 3063 1766 3132 Domino;
1803 3081 1903 3122 nec
1939 3067 1993 3121 in
2033 3081 2122 3122 ca-

535 3151 689 3207 ducis
719 3154 900 3209 saeculi
928 3157 1134 3212 solatiis
1165 3160 1468 3227 praesumit,
1499 3175 1620 3215 cum
1650 3175 1708 3216 se
1739 3161 1804 3216 ad
1833 3161 2116 3217 Dominum

2222 1953 2368 2010 luino
2394 1952 2634 2021 fremitu,
2663 1961 2718 2008 et
2757 1951 2945 2007 dolosa
2975 1952 3379 2010 machinatione
3407 1955 3626 2010 consilii
3652 1954 3806 2026 justi-

2221 2047 2350 2100 tiam
2379 2045 2716 2114 abjicientes,
2759 2043 2992 2100 animam
3022 2044 3138 2114 ejus
3170 2044 3410 2102 adimere
3455 2048 3806 2116 quaesierunt.

2219 2137 2438 2195 Addidit
2468 2138 2609 2209 quod
2651 2137 2932 2194 sceleratis
2949 2138 3099 2200 solet
3126 2153 3342 2210 semper
3386 2141 3666 2196 mentibus
3689 2157 3806 2212 pro-

2221 2229 2440 2285 venire:
2470 2228 2606 2297 Quia
2630 2244 2730 2283 non
2752 2235 3123 2300 praposuerunt
3145 2227 3311 2282 Deum
3331 2239 3453 2285 ante
3479 2242 3808 2302 conspectuin

2223 2338 2388 2377 suum.
2421 2321 2553 2376 Nam
2581 2321 2884 2391 quicunque
2913 2320 3120 2376 facinus
3148 2331 3446 2394 perpetrat,
3479 2323 3650 2378 Deum
3692 2334 3807 2379 ante

2221 2423 2548 2483 conspectum
2571 2429 2720 2468 suum
2748 2412 3074 2469 omnimodis
3116 2428 3222 2470 non
3249 2416 3528 2486 proponit,
3557 2419 3811 2488 quoniam

2222 2509 2269 2564 si
2299 2508 2449 2562 illum
2493 2507 2680 2564 credat
2709 2515 3056 2577 praesentem,
3091 2509 3336 2578 protinus
3381 2525 3412 2566 a
3443 2511 3685 2583 cogitato
3725 2510 3804 2567 ia-

2223 2603 2409 2658 cinore
2437 2611 2745 2658 revocatur.

2293 2694 2447 2750 Vers.
2483 2693 2568 2749 l5.
2603 2691 2669 2749 Et
2692 2701 2765 2760 tu,
2798 2692 3019 2748 Domine
3065 2693 3205 2749 Deus
3233 2694 3504 2750 miserator
3529 2702 3578 2750 et
3602 2697 3806 2752 miseri-

2224 2803 2356 2853 cors,
2392 2788 2591 2856 patiens
2620 2795 2666 2841 et
2694 2785 2914 2841 multum
2943 2787 3254 2854 misericors,
3286 2796 3334 2842 et
3361 2803 3537 2842 verax.
3572 2789 3681 2844 Per
3703 2790 3809 2844 sin-

2223 2879 2344 2952 gula
2371 2881 2532 2934 verba
2581 2878 2776 2944 laudis,
2821 2879 3076 2948 maiestas
3103 2889 3322 2950 paterna
3349 2879 3632 2936 deﬁnitur.
3683 2881 3810 2948 Qua:

2223 2971 2432 3042 species
2463 2971 2778 3027 duodecima
2809 2971 3136 3038 deﬁnitionis
3165 2981 3267 3038 est,
3297 2986 3456 3043 quam
3491 2970 3669 3029 Graeci
3701 2974 3811 3030 κατ’

2223 3063 2463 3129 ἔπαινον,
2494 3063 2668 3119 Latini
2715 3078 2813 3135 per
2845 3063 3056 3120 laudem
3096 3065 3302 3120 dicunt.
3352 3063 3631 3120 Miserator
3670 3068 3810 3122 enim

2224 3166 2330 3224 est,
2361 3157 2485 3226 quia
2532 3155 2758 3227 singulis
2803 3157 2963 3212 rebus
2991 3157 3424 3214 misericordiam
3457 3155 3605 3213 facit.
3652 3157 3810 3212 Mise-

536 3244 786 3299 univcrsa
819 3247 1015 3303 mentis
1047 3249 1356 3320 integritate
1405 3251 1758 3307 transtulerit.
1797 3251 1931 3308 Nam
1973 3254 2117 3324 quod
2147 3239 2192 3302 C
2223 3252 2405 3334 ricors,
2459 3251 2585 3322 quia
2639 3265 2854 3321 semper
2909 3251 2993 3320 pia
3039 3260 3123 3307 est
3171 3251 3282 3321 ipsa
3336 3259 3529 3305 natura
3563 3251 3806 3308 Deitatis.

535 3335 762 3406 addidit,
797 3339 847 3392 in
874 3347 1144 3410 wternum,
1181 3342 1312 3396 illud
1358 3343 1642 3414 signiﬁcat,
1674 3345 1928 3416 quoniam
1978 3347 2119 3403 inter

535 3437 747 3484 sanctos
775 3429 892 3499 ejus
924 3432 1108 3488 laudes
1137 3433 1364 3490 Domino
1388 3436 1585 3507 jugiter
1613 3439 1948 3510 personabit,
1984 3440 2114 3498 dum

536 3519 590 3574 in
613 3520 696 3575 illa
727 3522 1058 3580 beatitudine
1089 3528 1308 3595 praemia
1341 3530 1604 3598 promissa
1629 3533 1914 3602 receperit.

605 3612 758 3668 Vers.
794 3616 880 3671 1⁷5.
920 3617 1175 3684 Quoniam
1205 3619 1557 3675 misericordia
1583 3633 1671 3676 tua
1713 3641 1899 3695 magna
1926 3634 2000 3680 est
2028 3643 2119 3681 su-

536 3716 624 3774 per
653 3720 749 3769 me,
781 3715 830 3759 et
855 3707 1084 3776 eripuisti
1105 3708 1331 3763 animum
1355 3725 1521 3765 meum
1542 3727 1605 3766 ex
1631 3713 1836 3783 inferno
1859 3715 2115 3785 inferiori.

535 3793 603 3850 Et
633 3796 902 3853 confessio
941 3799 1112 3855 laudis
1143 3800 1366 3856 oliertur
1392 3841 1410 3870 ,
1459 3814 1510 3858 et
1543 3805 1928 3864 misericordiae
1957 3814 2117 3864 cauSa

533 3892 891 3964 Subjungitur.
925 3895 1162 3951 Dicenda
1193 3897 1337 3952 enim
1373 3916 1386 3949 :
1424 3898 1680 3965 Quoniam
1714 3917 1899 3972 magna
1924 3912 1997 3957 est
2023 3905 2119 3958 mi-

535 3983 817 4038 sericordia
858 3996 947 4040 tua
973 4002 1126 4058 super
1154 4001 1265 4054 me,
1294 3987 1616 4044 beneﬁcium
1648 4005 1901 4060 magnum
1931 3992 2118 4048 nescio

534 4074 677 4144 quod
707 4076 887 4132 edicit.
920 4078 1303 4150 Subjungendo
1349 4090 1526 4137 autem
1552 4123 1566 4149 ,
1609 4083 1840 4155 eripuisti
1890 4085 2120 4138 animant

534 4182 700 4222 meam
722 4184 784 4222 ex
808 4168 1009 4238 inferno
1030 4171 1264 4241 inferiori
1282 4214 1298 4240 ,
1329 4187 1491 4228 causa
1512 4173 1758 4230 beneﬁcii
1789 4175 2115 4232 declaratur.

536 4254 643 4311 Sed
669 4257 1072 4315 consideremus
1103 4261 1228 4330 quia
1257 4276 1376 4316 cum
1428 4263 1569 4322 dicat
1597 4264 1855 4335 infernum
1897 4266 2117 4335 inferio-

535 4365 672 4417 rem,
706 4349 974 4406 infernum
999 4352 1334 4409 demonstrat
1354 4368 1475 4410 esse
1496 4356 1764 4426 superius.
1791 4358 2118 4426 Argumenta

537 4441 667 4497 talia
699 4442 751 4497 in
786 4444 974 4513 topicis
1004 4444 1255 4500 dicuntur
1281 4445 1584 4518 conjugata,
1614 4463 1733 4519 quae
1763 4459 1880 4504 orta
1911 4451 1980 4504 ab
2011 4465 2120 4506 uno

532 4533 782 4600 nomine,
835 4535 981 4590 varie
1021 4546 1442 4603 commutantur,
1488 4549 1544 4594 ut
1591 4539 1678 4595 hic
1707 4541 1938 4610 positum
1992 4551 2115 4610 est,

2226 3341 2464 3409 Patiens,
2494 3343 2617 3414 quia
2650 3351 2961 3412 peccatores
2986 3342 3253 3409 sustinet,
3284 3352 3338 3398 et
3366 3342 3431 3398 ad
3465 3353 3650 3398 votum
3681 3357 3807 3399 con-

2222 3435 2486 3492 versiouis
2538 3435 2745 3492 invitat.
2793 3436 3068 3507 Sequitur,
3127 3446 3176 3492 et
3222 3435 3446 3491 multum
3495 3438 3805 3492 misericors.

2222 3525 2376 3594 Quod
2427 3527 2551 3583 ideo
2595 3527 2702 3582 tale
2742 3527 2966 3582 verbum
3015 3527 3246 3596 adjecit,
3297 3528 3419 3599 quia
3471 3528 3806 3584 imbecillitas

2222 3628 2407 3673 nostra
2436 3619 2606 3688 ipsam
2638 3619 2757 3688 plus
2784 3633 2999 3688 semper
3016 3620 3227 3689 accipit,
3251 3634 3372 3676 cum
3395 3634 3514 3675 eam
3541 3619 3803 3691 frequenti

2221 3711 2540 3768 remissione
2569 3721 2929 3782 promeretur.
2959 3712 3166 3776 Intulit,
3198 3721 3245 3767 et
3273 3728 3446 3779 verax,
3477 3713 3607 3784 quia
3637 3713 3803 3768 nescit

2221 3803 2490 3873 promissa
2518 3819 2614 3859 sua
2653 3804 2830 3874 aliqua
2881 3803 3250 3860 imbecillitate
3297 3803 3622 3861 subducere.
3655 3803 3802 3871 Quod

2224 3905 2399 3950 tamen
2425 3894 2492 3950 de
2520 3895 2676 3951 Patre
2706 3895 2785 3950 sic
2813 3893 3035 3961 dicitur,
3067 3903 3123 3950 ut
3153 3903 3322 3950 totum
3345 3893 3528 3952 inesse
3555 3905 3608 3952 et
3639 3895 3690 3951 in
3715 3895 3803 3950 Fi-

2220 3989 2314 4054 lio,
2341 3996 2397 4044 et
2426 3990 2478 4043 in
2508 3988 2709 4059 Spiritu
2753 3997 2941 4044 sancto
2970 3991 3292 4046 sentiamus.

2299 4080 2448 4136 Vcrs.
2487 4081 2572 4135 16.
2608 4081 2823 4152 Respice
2845 4082 2900 4135 in
2921 4097 3000 4137 me
3023 4092 3069 4136 et
3093 4083 3330 4138 miserere
3351 4085 3471 4151 ntei,
3495 4085 3565 4140 da
3593 4095 3802 4156 potesta-

2223 4179 2321 4225 tem
2345 4189 2500 4243 puero
2532 4182 2640 4240 tuo,
2673 4183 2720 4228 et
2749 4174 2948 4228 salvum
2989 4179 3075 4246 [ac
3103 4176 3270 4244 ﬁlium
3299 4177 3509 4232 ancilla:
3538 4187 3662 4234 tuna.
3710 4178 3800 4233 Mi.

2223 4264 2551 4321 sericordem
2600 4265 2813 4320 Patrem
2839 4304 2855 4329 ,
2896 4277 2952 4321 et
3003 4265 3296 4336 patientem
3323 4308 3338 4334 ,
3371 4277 3426 4325 et
3454 4285 3739 4337 veracem,
3778 4286 3803 4324 a

2222 4367 2375 4428 parte
2395 4373 2497 4428 qua
2517 4372 2707 4427 passus
2733 4366 2818 4414 est
2842 4357 3009 4415 Filius
3035 4369 3211 4429 rogat,
3234 4369 3295 4416 ut
3309 4362 3564 4431 respiciat
3585 4362 3643 4417 iu
3669 4377 3804 4426 eum,

2223 4459 2279 4506 et
2307 4449 2591 4505 celerrima
2621 4449 2701 4504 illi
2750 4452 3152 4506 resurrectione
3199 4452 3506 4509 subveniat.
3541 4453 3637 4512 Sic
3666 4456 3801 4510 enim

2225 4541 2474 4596 misertus
2505 4548 2608 4606 est,
2636 4548 2692 4594 ut
2719 4540 2773 4594 in
2819 4540 2936 4610 ipso
2957 4540 3106 4596 illam
3155 4550 3402 4597 naturam
3435 4545 3722 4600 mortalem
3757 4544 3808 4598 in

531 4625 786 4695 infernum
815 4628 1052 4699 inferius.
1080 4630 1352 4686 lnieruum
1385 4648 1512 4688 vero
1539 4649 1644 4689 non
1675 4636 2114 4694 irrationabiliter

2222 4633 2448 4705 gloriam
2478 4632 2890 4688 resurrectionis
2917 4641 2974 4688 et
2997 4633 3313 4688 aeternitatis
3343 4635 3606 4691 eveheret
3634 4652 3649 4702 ;
3677 4634 3807 4705 quod

531 4719 752 4775 forsitan
792 4721 1119 4778 arbitramur
1172 4740 1291 4780 esse
1335 4727 1434 4781 sub
1474 4728 1630 4782 terris
1657 4770 1671 4793 ,
1699 4743 1822 4783 cum
1852 4728 1906 4784 in
1933 4729 2116 4785 Veteri

531 4811 875 4871 Testamento
903 4816 970 4872 de
1000 4817 1207 4872 Dathan
1235 4827 1287 4873 ct
1314 4819 1513 4875 Abiron
1545 4821 1750 4890 legatur
1781 4839 1796 4875 :
1827 4821 2040 4893 Aperuit
2064 4840 2117 4879 se

532 4911 688 4970 terra,
721 4916 768 4959 et
795 4907 1062 4978 deglutivit
1095 4926 1212 4978 eos,
1248 4920 1294 4964 et
1334 4911 1431 4964 viui
1476 4912 1849 4968 descenderunt
1879 4915 1947 4966 ad
1982 4913 2116 4984 infe-

531 5010 637 5050 ros.
687 4994 795 5050 Sed
847 5013 953 5068 quo
1013 4999 1207 5055 itinere
1259 5000 1386 5055 illuc
1436 5002 1629 5056 animm
1683 5003 2110 5074 transferantur,

530 5085 782 5154 quoniam
818 5086 870 5142 in
912 5090 1232 5147 auctoritate
1259 5091 1438 5146 divina
1474 5108 1578 5148 non
1611 5094 1822 5162 legitur,
1858 5095 2113 5150 trabeatus

529 5179 812 5233 incertum.
839 5178 1112 5250 Infernum
1140 5196 1318 5240 autem
1347 5185 1548 5242 habere
1580 5187 1884 5242 interiorem
1909 5197 2114 5257 partem

528 5268 802 5341 Evangelii
831 5270 980 5328 locus
1008 5273 1096 5330 ille
1126 5284 1351 5330 testatur
1383 5276 1535 5346 (Luc.
1569 5293 1675 5343 ενι,
1698 5278 1815 5349 25),
1843 5279 1934 5348 qui
1963 5280 2112 5346 dicit,

527 5375 648 5416 cum
679 5361 900 5433 impium
927 5365 1146 5424 divitem
1172 5368 1332 5423 ultrix
1357 5369 1570 5424 ﬂamma
1595 5377 1888 5440 torqueret,
1910 5371 2115 5427 levasse

527 5454 708 5509 oculos
747 5470 893 5526 suos,
925 5467 980 5515 et
1027 5459 1081 5515 in
1135 5460 1255 5515 sinu
1302 5459 1534 5515 Abrahae
1587 5461 1784 5518 vidisse
1825 5462 2107 5518 Lazarum.

490 5543 678 5601 ’Unde
714 5559 939 5619 apparet
977 5559 1238 5621 utrosque
1269 5550 1410 5620 apud
1464 5553 1666 5608 inferos
1713 5555 1899 5622 fuisse,
1957 5566 2014 5610 ut
2053 5571 2111 5612 se

493 5636 708 5726 ,videre
733 5640 1062 5709 valuissent,
1092 5651 1147 5696 et
1177 5641 1328 5695 illum
1359 5655 1424 5696 ex
1453 5642 1710 5699 inferiore
1758 5644 1879 5700 loco
1909 5647 1976 5701 ad
2022 5663 2112 5703 su-

527 5732 740 5798 periora
769 5737 950 5791 oculos
980 5735 1244 5790 elevasse.
1276 5733 1380 5789 Sed
1423 5735 1549 5817 licet
1599 5737 1814 5807 utrique
1855 5738 1993 5808 apud
2023 5741 2105 5795 iu-

479 5808 492 5862 l
523 5816 668 5880 feros
695 5837 818 5880 esse
847 5824 1178 5892 viderentur,
1221 5839 1318 5894 pro
1347 5808 1660 5882 meritorum
1692 5837 1871 5884 tamen
1902 5828 2106 5887 discre-

2225 4735 2402 4781 tamen
2433 4727 2508 4780 sic
2541 4741 2569 4780 a
2596 4723 2754 4780 Patre
2782 4725 3018 4796 postulat
3042 4725 3158 4782 ﬁeri
3181 4768 3198 4794 ,
3221 4735 3279 4783 ut
3307 4742 3336 4780 a
3365 4741 3424 4782 se
3453 4727 3660 4782 factum
3695 4742 3810 4783 esse

2223 4817 2480 4872 declaret.
2514 4817 2570 4872 ln
2611 4816 2907 4886 Evangelio
2941 4817 3141 4888 quippe
3177 4819 3256 4874 sic
3294 4818 3406 4874 ait:
3442 4818 3648 4875 Solvite
3688 4829 3807 4873 tent-

2224 4910 2366 4981 pium
2391 4910 2505 4976 hoc,
2549 4917 2596 4963 et
2637 4909 2690 4962 in
2721 4909 2893 4963 triduo
2921 4909 3187 4978 azdiﬁcabo
3231 4910 3365 4965 illud
3395 4911 3579 4982 (Joan.
3608 4927 3672 4982 ιι,
3701 4910 3808 4980 i9).

2222 5001 2373 5070 Quod
2397 5015 2463 5056 ne
2492 5001 2647 5055 aliter
2684 5001 2944 5070 potuisset
2982 5001 3234 5076 intelligi,
3266 5003 3594 5074 evangelista
3626 5005 3810 5060 subse-

2219 5093 2396 5160 quitur
2415 5108 2427 5146 :
2451 5091 2565 5145 [Ioc
2584 5099 2756 5146 autem
2772 5092 2970 5148 dicebat
2991 5095 3056 5148 de
3076 5094 3266 5163 templo
3281 5097 3513 5165 corporis
3541 5097 3625 5150 sui
3650 5094 3811 5168 (Ibid.

2215 5181 2332 5254 21).
2366 5183 2637 5254 Sequitur,
2673 5185 2738 5238 da
2761 5193 3057 5255 potestatem
3087 5203 3244 5258 puero
3273 5197 3401 5254 tuo;
3430 5188 3580 5244 illam
3608 5189 3812 5245 scilicet

2219 5291 2376 5344 quam
2406 5276 2520 5345 ipse
2552 5284 2816 5331 testatur:
2861 5276 3018 5331 Pater
3048 5295 3151 5332 non
3194 5280 3406 5352 judicat
3451 5296 3772 5352 quemquam
3795 5321 3809 5346 ,

2217 5369 2306 5421 sed
2336 5384 2483 5422 omne
2517 5369 2766 5436 iudicium
2819 5369 2954 5424 dedit
3007 5369 3148 5424 Filio
3178 5369 3360 5442 (Joan.
3408 5387 3472 5438 v,
3505 5373 3628 5443 22).
3676 5371 3813 5426 Puer

2218 5471 2395 5514 autem
2417 5460 2471 5514 in
2502 5460 2794 5528 Scripturis
2821 5461 2989 5516 sacris
3017 5471 3238 5531 prOpter
3269 5464 3641 5519 innocentiam
3676 5478 3812 5518 men-

2219 5551 2285 5607 tis
2313 5567 2455 5622 smpe
2492 5553 2709 5621 ponitur
2735 5551 2983 5609 Christus
3007 5593 3022 5618 ,
3053 5562 3112 5607 ut
3153 5554 3318 5610 Isaias
3343 5555 3476 5610 dicit
3504 5573 3518 5608 :
3552 5554 3810 5621 Quoniam

2216 5663 2340 5716 puer
2386 5653 2534 5701 natus
2572 5657 2644 5701 est
2687 5647 2828 5701 nobis
2854 5689 2869 5713 ,
2914 5656 2960 5702 et
3005 5647 3172 5703 Filius
3202 5651 3356 5705 datus
3385 5660 3459 5706 est
3489 5651 3638 5706 nobis
3668 5647 3805 5722 (Isa.

2216 5751 2288 5802 ιιι,
2321 5738 2395 5808 6).
2432 5735 2498 5791 Et
2534 5737 2730 5792 iterum
2763 5754 2776 5790 :
2809 5736 2946 5792 Ecce
2975 5755 3102 5810 puer
3137 5757 3303 5809 meus,
3338 5742 3619 5814 suscipiam
3661 5757 3803 5806 eum,

2215 5829 2400 5884 electus
2441 5845 2600 5897 meus,
2632 5830 2936 5899 complacuit
2964 5831 3062 5888 sibi
3092 5833 3146 5888 in
3195 5833 3288 5888 illo
3317 5835 3486 5892 anima
3517 5849 3629 5890 mea
3661 5831 3799 5906 (Isa.
