4062 6344
237 427 344 483 on
1103 418 1469 482 sXPosrrto
1507 420 1577 481 IN
1615 412 2078 484 rsaur'smuu.
2115 396 2314 483 assa.
2353 422 2642 484 Lxxxvt.
3421 419 3530 490 sis

237 560 373 615 nu,
402 544 479 616 1).
510 541 768 614 Addidit,
800 550 848 601 et
876 542 1076 601 salvum
1106 550 1191 618 fac
1238 547 1406 618 ﬁlium
1449 547 1654 604 ancilla:
1681 556 1784 603 tua:
1808 563 1829 615 ;
1857 556 1912 618 Α
1935 547 2096 604 fuerit
2119 546 2175 603 in
2204 547 2552 605 abolitionem
2583 541 2979 605 transmissum.
3012 540 3170 603 Filiis
3199 544 3333 605 Core
3356 547 3533 621 signi-

238 641 452 699 ancilla:
490 642 676 712 utique
702 679 718 709 ,
765 641 891 711 quia
914 639 981 698 de
1009 639 1177 697 Maria
1216 656 1433 714 semper
1471 641 1681 712 virgine
1720 650 1840 698 erat
1943 642 2103 699 tieant
2128 641 2314 699 ﬁdeles
2341 642 2696 711 Christianos,
2726 642 2926 714 quibus
2963 644 3221 715 prepbeta
3248 642 3532 700 civitatem

240 737 511 794 veraciter
540 745 595 794 et
620 737 838 809 proprie
868 739 1210 805 nasciturus;
1241 752 1363 810 quae
1391 739 1554 811 (sicut
1584 739 1837 809 superius
1943 742 2042 799 Dei
2072 741 2326 812 praedicat
2352 782 2368 810 ,
2410 749 2468 797 ut
2496 742 2575 797 eis
2624 748 2786 797 tantae
2812 740 3005 812 gloriae
3057 738 3231 811 major
3273 750 3533 809 augeatur

240 832 502 906 diximus)
535 834 729 905 angelo
752 834 857 891 sibi
886 843 1096 906 partum
1127 836 1500 897 annuntiante.
1538 834 1747 890 Domini
1778 847 1841 890 se

244 925 525 997 profitetur
552 925 827 982 ancillam.

156 1050 191 1105 ί.
320 1020 474 1077 Vers.
508 1021 596 1076 17.
627 1019 741 1075 Fac
768 1035 993 1090 mecum,
1029 1018 1251 1077 Domine
1274 1059 1289 1086 ,
1335 1016 1555 1091 signum'
1579 1017 1636 1072 in
1667 1016 1797 1072 bono
1820 1055 1838 1085 ,

160 1110 164 1114 ”
244 1117 304 1168 ut
332 1113 537 1169 videant
560 1114 651 1187 qui
676 1130 759 1171 me
795 1115 1015 1170 oderunt
1052 1123 1101 1170 et
1149 1113 1539 1186 confundantur
1562 1128 1582 1168 :
1602 1112 1843 1183 quoniam

244 1214 328 1274 tu,
354 1204 590 1275 Domine,
612 1206 863 1279 adjuvisti
891 1223 971 1263 me
1018 1214 1067 1262 et
1087 1205 1384 1264 consolatus
1412 1222 1464 1262 es
1490 1222 1591 1261 me.
1622 1204 1843 1277 Signum

246 1297 446 1355 dicitur
472 1298 542 1356 ab
564 1314 633 1356 eo
653 1300 796 1371 quod
822 1308 1051 1357 ventura
1071 1300 1361 1373 signiticet,
1391 1307 1448 1356 et
1473 1314 1541 1356 ex
1566 1298 1672 1353 hoc
1697 1295 1844 1370 quod

248 1391 462 1449 videtur
508 1392 763 1463 quiddam
813 1407 916 1450 nos
953 1393 1098 1450 aliud
1128 1392 1335 1450 sentire
1365 1398 1734 1448 commoneat.
1774 1388 1847 1444 Et

248 1481 374 1539 ideo
404 1483 554 1540 illum
591 1493 843 1541 eventum
870 1484 1024 1542 Jonas
1047 1482 1226 1555 (Jonte
1254 1499 1315 1552 ιι,
1350 1482 1406 1555 1)
1434 1495 1723 1554 possumus
1754 1478 1846 1537 hic

247 1570 502 1632 fortassis
528 1575 830 1644 advertere,
860 1575 953 1646 qui
998 1574 1180 1631 triduo
1205 1572 1261 1630 in
1287 1580 1479 1631 ventre
1508 1572 1618 1630 ceti
1656 1570 1847 1628 demo—

251 1675 433 1734 ratus,
463 1666 529 1722 ad
556 1667 958 1725 similitudinem
988 1668 1272 1725 dominica:
1299 1664 1717 1725 resurrectionis
1755 1671 1843 1722 est

252 1755 312 1812 in
343 1755 524 1813 littore
559 1757 739 1813 salvus
768 1759 1057 1815 evomitus.
1089 1758 1222 1815 Nam
1277 1765 1334 1814 et
1361 1758 1417 1814 in
1444 1755 1739 1827 Evangelio
1765 1754 1844 1812 ita

250 1848 457 1906 dictum
475 1857 558 1905 est
584 1865 598 1903 :
629 1848 900 1905 Generatio
917 1850 1058 1907 mala
1076 1859 1126 1907 et
1149 1850 1388 1907 adultera
1410 1851 1616 1922 signum
1637 1848 1847 1922 quaerit,

250 1948 301 1997 et
326 1941 534 2013 signum
560 1955 664 1996 non
688 1941 898 1997 dabitur
924 1942 1002 2014 ei,
1034 1942 1135 1998 nisi
1173 1942 1383 2015 signum
1409 1940 1563 1998 Jonas
1588 1941 1851 2013 prepltetaz

254 2032 474 2105 (Matth.
505 2049 603 2107 xu,
653 2032 768 2106 59).
805 2034 969 2091 Vides
1020 2050 1151 2108 ergo
1197 2034 1344 2092 aliud
1393 2050 1516 2094 esse
1557 2041 1850 2107 negatum;

253 2127 356 2184 sed
387 2127 491 2185 hoc
537 2128 908 2186 tantummodo
946 2130 1424 2201 eompromlssum.
1463 2132 1757 2187 Possumus
1800 2136 1858 2185 et

255 2220 364 2279 hoc
394 2221 763 2294 signum‘quod
803 2222 919 2278 ﬁeri
951 2222 1263 2294 postulavit,
1290 2223 1453 2296 293
1485 2222 1553 2278 ad
1577 2234 1856 2279 resurrec-

261 2314 466 2370 tionem
484 2315 600 2385 ejus
622 2322 995 2386 competenter
1015 2324 1218 2387 aptare,
1250 2316 1493 2371 maxime
1511 2329 1633 2372 cum
1663 2327 1857 2385 sequa-

264 2415 375 2473 tur,
407 2407 461 2461 in
504 2406 657 2463 bona.
690 2407 830 2476 Quid
852 2408 996 2465 enim
1034 2408 1131 2465 illo
1158 2408 1301 2465 bono
1332 2408 1711 2480 praestantius,
1750 2419 1858 2477 quo

260 2498 435 2555 virtus
478 2498 659 2556 divina
686 2499 994 2570 declarata,
1049 2509 1103 2558 et
1150 2514 1275 2573 spes
1315 2499 1651 2557 credentium
1680 2498 1860 2556 veraci

259 2591 658 2663 pollicitatione
701 2593 914 2650 ﬁrmata
943 2594 1069 2650 est?
1109 2594 1385 2665 Sequitur,
1430 2604 1486 2649 ut
1523 2594 1728 2650 videant
1771 2594 1860 2664 qui

260 2701 347 2741 me
377 2685 595 2741 oderunt
616 2697 663 2743 et
692 2688 1116 2761 confundantur;
1153 2688 1325 2745 Judaei
1351 2688 1561 2745 scilicet
1588 2688 1681 2760 qui
1721 2687 1858 2745 ode-

261 2783 397 2831 runt
418 2772 688 2832 Christum
707 2817 725 2846 ,
759 2792 895 2848 quos
923 2778 1058 2849 petit
1091 2776 1508 2848 resurrectionis
1536 2776 1861 2839 miraculum

261 2866 478 2938 videre,
512 2874 571 2923 ut
600 2883 785 2925 eorum
816 2869 1013 2926 duritia
1052 2883 1113 2927 se
1154 2869 1354 2927 debeat
1377 2870 1690 2927 immutare.
1715 2866 1858 2925 Con-

262 2959 559 3032 fundantur
584 2961 752 3029 enim,
778 2961 845 3017 ad
872 2962 1071 3018 bonum
1093 2962 1345 3035 respicit;
1374 2962 1630 3036 quoniam
1651 2961 1743 3034 qui
1772 2962 1861 3020 hic

263 3051 337 3109 de
362 3066 462 3108 suo
492 3051 635 3109 malo
656 3052 1037 3125 confunditur,
1082 3055 1137 3112 in
1178 3056 1461 3114 meliorem
1500 3064 1708 3128 partem
1739 3056 1863 3114 sine

267 3140 606 3199 dubitatione
632 3144 971 3202 translertur.
997 3144 1056 3200 in
1085 3146 1190 3203 isto
1215 3148 1414 3221 quippe
1443 3147 1644 3205 saeculo
1673 3147 1718 3203 si
1748 3162 1865 3205 eon-

265 3231 564 3303 fundimur,
594 3234 977 3303 emendamur;
1008 3236 1100 3307 qui
1145 3244 1323 3293 autem
1357 3252 1464 3294 non
1509 3237 1708 3295 fuerint
1735 3253 1865 3295 con-

266 3320 397 3389 fusi,
425 3323 483 3379 in
510 3323 600 3379 illa
615 3324 949 3393 judicatioue
975 3324 1393 3384 damnabantur.
1449 3327 1685 3400 Adjecit,
1725 3346 1861 3399 quo—

268 3416 412 3472 niam
443 3425 517 3486 tu,
554 3416 792 3487 Domine,
832 3418 1075 3491 adjuvisti
1115 3436 1215 3489 me,
1260 3428 1313 3476 et
1350 3422 1649 3478 consolatus
1680 3439 1732 3478 es
1761 3439 1862 3480 me.

267 3506 371 3564 llic
398 3506 531 3563 ordo
557 3508 848 3565 verborum
876 3508 995 3564 talis
1024 3517 1148 3565 est:
1197 3509 1266 3567 Ut
1290 3512 1493 3567 videant
1516 3512 1607 3583 qui
1633 3529 1714 3568 me
1741 3514 1866 3569 ode-

269 3607 426 3666 runt;
450 3598 693 3671 quoniam
714 3607 787 3668 tu,
822 3598 1065 3665 Domine,
1091 3601 1339 3672 adjuvisli
1368 3617 1469 3670 me,
1498 3614 1548 3656 et
1572 3605 1871 3660 consolatus

268 3705 324 3745 es
348 3705 447 3744 me.
471 3686 539 3743 Et
561 3689 969 3760 confundantur,
1039 3690 1245 3747 scilicet
1270 3689 1487 3761 quando
1525 3705 1612 3747 me
1639 3691 1873 3748 viderint

270 3794 399 3838 esse
424 3780 746 3852 gloriosum,
772 3795 930 3852 quem
960 3781 1034 3836 illi
1057 3778 1467 3851 despiciendam
1500 3795 1625 3838 esse
1652 3792 1872 3854 putave-

270 3882 423 3932 runt.
454 3874 737 3947 Adjuvisli,
787 3875 1020 3945 pertinet
1056 3875 1124 3932 ad
1164 3875 1654 3933 contradictionem
1702 3876 1875 3933 alter-

270 3968 513 4026 cantium
537 3979 593 4025 et
621 3968 689 4025 ad
717 3969 913 4041 injusta
966 3972 1264 4027 certamina
1291 3971 1640 4039 Judtnorum;
1668 3974 1724 4028 in
1757 3974 1875 4044 qui-

272 4061 380 4119 bus
423 4061 500 4116 illi
537 4075 750 4131 semper
786 4062 1033 4119 veritatis
1074 4065 1384 4121 testimonio
1445 4065 1872 4135 superabantur.

272 4152 590 4211 Consolatus
627 4171 700 4227 es,
745 4155 812 4211 ad
844 4158 1251 4235 persecutiones
1294 4157 1623 4214 smvissimas
1656 4157 1875 4215 insano-

273 4261 423 4315 rum,
455 4260 586 4318 quas
626 4247 714 4304 ille
745 4248 897 4306 velut
931 4250 1269 4321 tempestatis
1298 4250 1559 4323 impetum
1587 4249 1876 4321 patientis—

274 4337 418 4396 sime
454 4337 779 4397 sustinebat.

819 4428 1094 4489 Conclusio
1130 4431 1338 4504 psalmi.

350 4545 767 4604 Consideremus
790 4545 1005 4603 Domini
1021 4546 1340 4614 Salvatoris,
1372 4560 1402 4601 a
1432 4553 1585 4617 parte
1611 4559 1717 4620 qua
1747 4559 1877 4618 pas-

278 4649 374 4695 sus
394 4645 498 4704 est,
521 4653 683 4709 quam
707 4636 923 4695 humilis
950 4637 1017 4694 ad
1043 4638 1260 4695 Patrem
1283 4637 1539 4695 fundatur
1568 4639 1765 4707 oratio,
1789 4638 1880 4710 qui

1943 836 2184 893 allectus.
2214 835 2349 892 Nam
2380 850 2502 891 cum
2541 834 2708 892 dixit:
2740 834 2896 890 Filiis
2941 835 3096 902 Core,
3126 834 3364 891 ostendit
3403 834 3535 901 ipsis

1944 929 2272 994 dicendum,
2339 943 2445 985 non
2494 929 2640 999 ipsos
2698 943 2820 983 esse
2861 928 3161 983 locuturos.
3232 924 3534 997 Sequitur,

1946 1021 2193 1079 Psalmus
2224 1021 2445 1087 Cantici,
2475 1030 2536 1077 ut
2574 1022 2642 1077 de
2670 1019 2828 1090 hujus
2859 1019 3047 1077 saeculi
3084 1018 3439 1075 tabernaculis
3463 1017 3537 1075 ad

1947 1113 2351 1189 intelligentiam
2395 1130 2643 1185 superna:
2668 1113 2902 1170 civitatis
2944 1113 3235 1169 elevemur.
3293 1111 3539 1166 Psalmus

1947 1207 2093 1266 enim
2147 1208 2214 1263 de
2259 1208 2624 1281 superioribus
2675 1220 2901 1275 sonans,
2942 1212 3249 1261 commonet
3297 1218 3396 1259 nos
3425 1217 3538 1258 cm-

1947 1301 2104 1359 lestia
2132 1303 2391 1375 cogitare,
2441 1311 2495 1360 et
2531 1303 2586 1359 in
2613 1302 2691 1359 eis
2740 1300 2991 1374 hymnica
3025 1300 3381 1358 exsultatione
3406 1313 3539 1371 gauc

1949 1395 2099 1455 dere.

2520 1512 2718 1568 Diuisio
2746 1511 2953 1585 psalmi.

2026 1626 2213 1683 Brevis
2233 1624 2449 1697 quidem
2474 1627 2733 1698 psalmus,
2756 1626 2852 1684 sed
2872 1625 3082 1683 duobus
3103 1623 3546 1696 diapsalmatibus

1955 1717 2302 1791 cognoscitur
2329 1732 2453 1775 esse
2480 1718 2723 1786 divisus;
2749 1733 2908 1791 quam
2932 1732 3053 1785 nos,
3077 1715 3340 1789 propositi
3369 1713 3548 1771 nostri

1954 1826 2246 1882 memores,
2269 1812 2381 1868 suis
2402 1811 2803 1882 quodammodo
2835 1811 3157 1867 divisionem
3183 1807 3427 1864 terminis
3450 1820 3549 1862 ex-

1954 1906 2242 1979 plicamus.
2288 1905 2346 1962 in
2377 1906 2549 1978 prima
2579 1916 2729 1977 parte
2768 1905 3030 1978 propheta
3056 1903 3296 1975 loquitur
3325 1902 3392 1958 ad
3413 1898 3551 1960 ﬁde-

1958 1997 2059 2066 les,
2087 1998 2367 2055 cmlestem
2397 1997 2698 2069 praedicans
2738 1998 3034 2054 civitatem.
3090 1995 3341 2053 Secunda
3367 1995 3553 2051 Domi-

1960 2105 2064 2147 nus
2109 2091 2358 2149 Salvator
2410 2107 2531 2149 eam
2580 2091 2918 2148 diversorum
2974 2090 3254 2147 nominum
3285 2090 3554 2149 allusiono

1960 2185 2286 2242 credituram
2315 2198 2436 2243 esse
2473 2186 2803 2256 pronuntiat,
2854 2186 3141 2257 increpans
3183 2185 3552 2258 Synagogam,

1959 2294 2127 2352 quare
2149 2279 2262 2352 ipsa
2303 2295 2411 2336 non
2434 2281 2750 2350 cognoverit
2776 2279 2969 2349 Deum,
3002 2281 3128 2336 dum
3179 2280 3229 2336 ei
3261 2279 3396 2337 fides
3421 2295 3557 2352 geu~

1960 2374 2105 2431 tium‘
2135 2374 2330 2431 devota
2366 2372 2693 2431 crediderit?
2749 2374 2930 2429 Tertia
2959 2383 3110 2445 parte
3150 2373 3411 2445 prepheta
3443 2386 3558 2430 uno

1962 2482 2122 2525 versu
2147 2468 2309 2525 futuri
2332 2466 2517 2524 saeculi
2544 2465 2934 2525 beatitudinem
2964 2467 3153 2538 tangit.
3183 2466 3274 2524 Sic
3298 2466 3558 2524 distincta

1963 2562 2291 2634 permutatio
2342 2575 2693 2633 personarum
2754 2557 3039 2631 caliginem
3084 2560 3242 2619 nobis
3295 2567 3550 2617 cunctam

1964 2653 2297 2713 confusionis
2326 2653 2604 2724 abstergit.

2499 2771 2764 2842 Expositio
2813 2770 3020 2844 psalmi.

2038 2890 2195 2950 Vers.
2247 2889 2307 2948 i.
2358 2888 2724 2945 Fundamenta
2748 2890 2887 2964 _ejus
2939 2888 2995 2943 in
3038 2886 3296 2941 montibus
3344 2883 3561 2943 sanctis.
3652 2886 3653 2889 “

1966 2984 2317 3046 Consuetudo
2340 2984 2594 3042 humana:
2638 2983 2983 3057 cogitationis
3009 2990 3112 3050 est,
3138 2991 3199 3037 ut
3225 2995 3356 3037 cum
3383 2994 3443 3036 se
3470 2995 3564 3037 eos

1966 3082 2122 3154 piosa
2154 3080 2585 3153 perscrutatione
2628 3075 2927 3148 collegerit,
2961 3074 3018 3131 in
3065 3074 3297 3145 aliquam
3350 3081 3561 3144 partem

1968 3189 2083 3233 sua:
2103 3173 2509 3232 deliberationis
2545 3180 2813 3248 erumpat.
2847 3169 2979 3226 Tale
3009 3167 3153 3226 enim
3178 3166 3351 3239 hujus
3367 3167 3567 3238 psalmi

1967 3269 2177 3325 videtur
2201 3268 2411 3324 initium
2440 3308 2457 3334 ,
2492 3275 2552 3323 ut
2576 3281 2698 3324 cum
2735 3264 2912 3321 adhuc
2943 3264 3206 3335 propheta
3244 3261 3313 3318 de
3346 3260 3568 3317 civitate

1892 3368 1941 3435 ο
1970 3360 2069 3418 Dei
2096 3361 2241 3417 nulla
2267 3359 2608 3431 praemiserit,
2640 3359 2713 3414 ita
2741 3357 2809 3414 de
2854 3356 3208 3429 fundamentis
3241 3356 3354 3427 ejus
3394 3353 3568 3409 disse-

1973 3469 2094 3512 rere
2121 3454 2389 3521 videatur,
2418 3452 2573 3523 quasi
2617 3451 2795 3523 aliqua
2840 3448 2910 3507 de
2934 3448 3170 3506 culmine
3215 3447 3386 3519 ipsius
3441 3453 3568 3502 ante

1968 3546 2080 3617 jam
2102 3545 2316 3602 dixerit.
2352 3544 2532 3603 Novus
2561 3544 2694 3601 ordo
2720 3543 2891 3601 iactus
2920 3550 3005 3599 est
3032 3540 3207 3599 laudis
3221 3540 3433 3598 eximiae
3459 3581 3475 3607 ,
3507 3546 3569 3595 ut

1974 3639 2043 3695 de
2091 3639 2438 3711 fundamentis
2467 3637 2703 3695 civitatis
2742 3651 2992 3708 superna:
3037 3635 3300 3708 prepheta
3341 3646 3563 3690 sumere

1974 3731 2249 3788 videretur
2278 3732 2513 3797 initium,
2550 3740 2814 3802 quatenus
2853 3744 3045 3801 magna
3101 3728 3347 3786 soliditas
3400 3736 3567 3784 totius

1977 3823 2232 3880 culminis
2281 3831 2590 3895 appareret,
2622 3822 2778 3893 cujus
2807 3824 2960 3893 prius
2983 3822 3323 3892 fundamenta
3348 3820 3569 3876 laudata

1977 3923 2122 3972 sunt.
2182 3916 2302 3973 Non
2344 3914 2648 3979 immerito,
2698 3914 2953 3984 quoniam
3010 3914 3401 3985 fundamentum
3449 3912 3570 3984 ejus

1977 4006 2224 4064 Christus
2252 4015 2336 4063 est
2363 4006 2640 4071 Dominus,
2668 4005 2761 4076 qui
2792 4005 2871 4061 sic
2901 4005 3201 4060 Ecclesiam
3246 4018 3396 4060 suam
3436 4018 3571 4060 eon-

1979 4100 2138 4166 tinet,
2182 4107 2241 4155 ut
2268 4100 2415 4155 nulla
2438 4098 2609 4168 possit
2635 4098 2982 4167 quassatione
3001 4097 3262 4165 titubare,
3284 4096 3425 4153 sicut
3444 4096 3575 4153 dicit

1980 4190 2302 4261 Apostolus:
2328 4188 2754 4246 Fundamentum
2783 4191 2918 4245 enim
2940 4188 3087 4244 aliud
3116 4206 3266 4244 nemo
3292 4197 3456 4262 potest
3476 4206 3575 4261 po-

1982 4300 2123 4353 nere,
2146 4290 2332 4355 praeter
2361 4282 2417 4338 id
2450 4283 2588 4354 quod
2631 4283 2857 4354 positum
2898 4291 2997 4350 est,
3044 4282 3183 4353 quod
3219 4291 3293 4337 cst
3334 4282 3572 4340 Christus

1982 4375 2133 4434 Iesus
2183 4375 2237 4449 (I
2270 4376 2390 4432 Cor.
2421 4391 2501 4445 ιιι,
2534 4376 2651 4447 tl).
2684 4375 2873 4434 Merito
2902 4391 3032 4448 ergo
3078 4376 3146 4433 ab
3175 4376 3294 4448 ipso
3344 4375 3575 4446 sumpsit

1983 4470 2290 4539 exordium,
2323 4485 2483 4542 quem
2514 4485 2697 4527 rerum
2751 4471 2991 4528 omnium
3027 4478 3237 4527 constat
3264 4483 3385 4526 esse
3422 4468 3575 4538 prin-

1984 4563 2501 4636 cipium.losephus
2528 4580 2742 4635 quoque
2792 4566 2953 4637 (sicut
2994 4580 3025 4618 a
3082 4562 3314 4633 quodam
3365 4560 3575 4617 dictum

1988 4658 2092 4729 est)
2123 4656 2444 4714 vernaculus
2472 4654 2786 4712 Judseorum
2809 4655 2864 4711 in
2890 4654 3029 4710 libro
3055 4662 3247 4708 octavo
3266 4651 3578 4722 Antiquita-

279 4729 609 4786 omnimodis
637 4738 852 4803 peccata
876 4746 985 4788 non
1016 4730 1199 4788 habuit
1225 4773 1240 4799 ,
1265 4732 1358 4788 sed
1383 4732 1682 4789 iniormans
1708 4731 1864 4789 imbe

1988 4759 2100 4807 tum
2126 4749 2278 4806 titulo
2311 4747 2676 4833 tertiemulta
2690 4747 2757 4803 de
2783 4746 2968 4818 templi
2997 4744 3399 4802 constructione
3427 4743 3581 4799 locu-

280 4822 563 4880 cillitatem
586 4832 848 4893 nostram,
876 4825 1012 4895 eripi
1037 4839 1097 4881 se
1126 4825 1195 4881 ab
1223 4824 1382 4896 hujus
1413 4826 1596 4882 saeculi
1626 4824 1880 4897 periculis

283 4916 603 4987 postulavit.
640 4915 981 4988 Quapropter
1021 4917 1308 4974 erubescat
1330 4917 1564 4973 humana
1601 4917 1881 4975 temeritas

282 5021 408 5063 esse
455 5006 709 5076 superba,
763 5022 881 5077 quae
932 5022 994 5063 se
1038 5021 1149 5063 non
1191 5006 1399 5063 dubitat
1444 5006 1884 5064 ream.Christus

282 5112 382 5169 pro
415 5096 648 5155 inimicis
696 5097 903 5168 oravit,
961 5108 1192 5156 mortem
1243 5099 1508 5169 patienter
1537 5100 1788 5171 excepit;
1832 5106 1888 5156 et

283 5203 387 5242 nos
423 5187 644 5256 injurias
664 5196 878 5244 nostras
907 5187 1096 5244 ulcisci
1124 5188 1396 5256 volumus,
1421 5189 1465 5244 si
1488 5188 1887 5247 detrahentium

284 5278 631 5334 sermonibus
658 5287 996 5350 appetamur.
1035 5278 1138 5335 Det
1168 5279 1286 5349 ipse
1341 5277 1611 5349 patientia:
1665 5295 1885 5350 munus,

285 5371 378 5442 qui
410 5369 635 5426 donavit
657 5370 1008 5442 exemplum;
1041 5378 1100 5427 ut
1152 5370 1269 5442 ejus
1310 5370 1537 5443 vestigia
1576 5379 1884 5444 sequentes,

286 5463 603 5522 mortiferos
628 5465 804 5522 vitare
845 5465 1123 5523 valeamus
1152 5479 1386 5522 errores.

515 5577 882 5638 EXPOSITIO
920 5579 986 5634 1N
1022 5579 1348 5636 I’SALMUM
1375 5578 1668 5636 LXXXVI.

657 5671 813 5728 Filiis
852 5671 1003 5740 Core,
1047 5674 1274 5745 psalmus
1302 5670 1526 5730 Cantici.

364 5791 596 5862 Propter
618 5790 935 5847 memoriam
965 5789 1321 5862 reparandam
1353 5789 1594 5845 breviter
1643 5799 1887 5844 commo-

295 5899 526 5945 neamus
554 5899 676 5956 quae
700 5898 844 5956 saepe
869 5872 979 5955 jam
1000 5883 1142 5941 dicta
1164 5891 1331 5952 sunt;
1363 5884 1488 5955 quia
1512 5896 1651 5956 pene
1681 5882 1735 5937 in
1764 5881 1888 5937 nul-

297 5976 408 6044 lam
466 5977 751 6038 utilitatem
802 5986 1019 6049 putatur
1073 5992 1196 6038 esse
1251 5986 1527 6037 narratum
1557 6021 1575 6051 ,
1628 5975 1891 6055 quidquid

546 6075 819 6141 Panos.
850 6069 1053 6143 LXX.

1992 4852 2077 4901 tus
2102 4850 2202 4911 est,
2235 4841 2376 4914 quod
2404 4855 2432 4896 a
2458 4814 2745 4897 Salomdne
2790 4814 3108 4896 fabricatum
3158 4851 3279 4893 esse
3306 4836 3583 4907 dignosci-

1992 4947 2097 4995 tur.
2131 4937 2239 4994 Nos
2260 4936 2401 4994 enim
2422 4946 2475 4993 et
2504 4935 2926 5003 tabernaculum,
2950 4932 3093 5004 quod
3115 4932 3232 5003 ejus
3259 4932 3438 5004 imago
3466 4930 3582 5002 pri-

1990 5030 2153 5087 mitus
2184 5029 2309 5099 fuit,
2364 5038 2419 5085 et
2463 5028 2727 5099 templum
2778 5027 2955 5098 ipsum
2983 5024 3208 5080 iecimus
3245 5024 3416 5096 pingi,
3442 5032 3498 5080 et
3524 5024 3584 5081 iu

1993 5137 2222 5195 corpore
2259 5121 2537 5193 pandectm
2559 5130 2756 5177 nostrae
2796 5118 3102 5190 grandioris
3132 5117 3359 5173 iecimus
3406 5117 3583 5174 collo-

1991 5217 2136 5282 cari;
2164 5223 2447 5286 quatenus,
2472 5214 2611 5286 quod
2632 5212 2923 5281 Scriptura:
2949 5209 3145 5267 divina:
3176 5220 3348 5268 textus
3361 5210 3429 5267 de
3450 5211 3585 5282 ipsis

1995 5311 2284 5383 eloquitur,
2336 5308 2505 5365 oculis
2557 5305 2826 5363 redditum
2866 5306 3064 5362 clarius
3109 5304 3453 5375 panderetur.
3511 5302 3584 5359 In

1997 5405 2255 5461 montibus
2278 5413 2456 5461 autem
2484 5405 2695 5467 sanctis,
2734 5401 2997 5472 signiﬁcat
3036 5399 3307 5471 apostolos
3349 5407 3407 5456 et
3458 5412 3586 5469 pro-

1997 5500 2207 5570 phetas,
2241 5498 2331 5568 qui
2363 5496 2634 5554 soliditate
2663 5494 2785 5551 ﬁdei
2824 5502 2879 5551 et
2906 5493 3224 5550 excellentia
3275 5492 3584 5548 sanctitatis

1998 5605 2193 5649 montes
2222 5602 2498 5650 vocantur.
2532 5591 2717 5647 Merito
2738 5605 2867 5663 ergo
2888 5589 2980 5647 tali
3007 5588 3268 5647 vocabulo
3294 5585 3591 5658 nuncupati

1998 5697 2142 5756 sunt,
2171 5688 2224 5743 in
2251 5686 2444 5756 quibus
2471 5693 2555 5741 est
2581 5700 2707 5742 vera
2740 5685 2834 5741 Dei
2876 5683 3123 5742 Ecclesia
3163 5681 3475 5741 constituta.

2070 5782 2225 5838 Vers.
2248 5779 2303 5836 2.
2341 5779 2525 5852 Diligit
2557 5776 2812 5837 Dominus
2838 5790 3012 5855 portas
3050 5778 3181 5836 Sion
3230 5793 3385 5849 super
3411 5789 3588 5829 omnia

1999 5875 2326 5932 tabernacula
2348 5872 2531 5930 Iacob.
2559 5873 2699 5932 Ecce
2723 5874 2831 5945 jam
2863 5874 2931 5929 de
2958 5872 3045 5929 illa
3075 5866 3292 5928 civitate
3328 5864 3593 5938 loquitur,

2001 5971 2154 6051 Cujus
2175 5978 2300 6033 ante
2335 5969 2683 6047 fundamenta
2711 5968 2966 6029 laudavit.
3016 5967 3149 6035 Qua:
3176 5964 3351 6039 ﬁgura
3391 5960 3592 6019 dicitur

3074 6058 3154 6127 20
