4092 6344
544 426 649 488 619

1783 426 1853 488 Μ.
1893 428 2173 494 Αυιωιιι
2205 428 2611 491 σΛθδιοοοιιι

3725 427 3830 492 620

542 547 887 619 nnastrophe,
911 546 968 608 id
993 554 1078 606 est
1106 545 1342 606 inversio
1364 563 1378 602 :
1401 545 1612 620 quoties
1641 559 1705 604 ea
1734 562 1856 618 quae
1885 548 2134 620 superius
2162 544 2218 608 Δ
2241 548 2333 620 qui
2362 558 2705 620 peccatorum
2733 545 2945 606 fuerant
2967 547 3302 606 obscuritate
3329 542 3630 616 teterrimi;
3653 547 3838 608 sedin

497 645 504 650 ’
540 641 769 698 dicenda
797 649 942 712 sunt,
975 650 1249 713 ponuntur
1279 641 1522 698 inferius.
1557 639 1697 697 Dicit
1725 641 1907 698 enim:
1944 640 2132 712 Diligil
2239 643 2340 700 ista
2369 641 2585 700 Domini
2616 641 2833 700 civitate
2859 641 3072 698 collecti
3101 650 3247 710 sunt,
3295 640 3366 700 de
3415 641 3616 713 quibus
3655 643 3834 702 reful-

543 735 800 794 Dominus
815 743 990 808 portas
1015 735 1166 792 Sion.
1199 735 1327 792 Sion
1341 736 1502 808 (sicut
1516 751 1661 808 sarpe
1695 733 1956 806 diximus)
1979 749 2136 792 mons

501 829 504 834 ’
541 843 628 896 est
651 831 1154 906 Jerosolymitanus,
1179 830 1563 904 interpretatus
1587 830 1825 902 specula,
1857 845 1954 902 per
1975 843 2136 901 quem

541 925 844 985 Jerusalem
871 924 958 980 illa
983 923 1158 979 futura
1188 923 1443 980 decenter
1469 923 1784 979 advertitur.
1817 920 1985 994 Cujus
2005 938 2138 994 por-

542 1029 624 1074 tas
655 1019 821 1089 diligit
844 1015 1120 1080 Dominus,
1153 1015 1207 1072 id
1231 1027 1311 1073 est
1344 1015 1527 1081 fidem,
1559 1015 1904 1084 charitatem,
1935 1014 2138 1086 baptis-

542 1124 654 1179 ma,
711 1110 1109 1183 paenitentiam,
1155 1118 1210 1166 et
1264 1106 1523 1180 quidquid
1575 1107 1629 1162 in
1677 1106 1822 1163 illam
1867 1107 2140 1162 civitatem

544 1203 847 1274 acquisitos
879 1201 1107 1272 populos
1139 1199 1471 1256 intromittit.
1507 1198 1634 1256 Sive
1667 1198 1748 1270 (ut
1779 1198 1995 1270 quidam
2047 1212 2140 1254 voo

543 1293 684 1367 lunt)
712 1295 997 1351 duodecim
1029 1295 1306 1364 apostolos
1335 1291 1655 1365 significant,
1693 1307 1921 1364 quorum
1953 1301 2141 1348 sancta

545 1387 866 1458 praedicatio
901 1385 1150 1442 ﬁdelibus
1187 1386 1374 1441 aeterni
1406 1385 1566 1456 Regis
1611 1384 1807 1454 palatia
1857 1385 2138 1442 reseravit.

548 1480 806 1539 Studiose
835 1495 965 1536 vero
996 1478 1415 1549 perquirendum
1445 1490 1529 1533 est
1558 1477 1700 1549 quod
1727 1477 1950 1544 addidit,
1985 1494 2141 1548 super

549 1574 724 1628 omnia
760 1571 1093 1626 tabernacula
1117 1567 1312 1624 Iacob.
1349 1569 1709 1626 Tabernacula
1735 1569 1922 1639 Jacob,
1976 1572 2142 1642 signi-

547 1664 715 1722 ﬁcant
741 1662 1038 1720 Ecclesiam
1078 1661 1418 1728 catholicam,
1457 1676 1578 1734 quae
1605 1661 1769 1718 modo
1789 1663 2138 1718 construitur.

546 1757 680 1818 limo
706 1765 894 1814 contra
934 1755 1122 1818 saeculi
1161 1754 1322 1827 hujus
1369 1755 1726 1812 adversitates
1757 1757 2143 1827 expeditionali

545 1862 766 1918 semper
808 1847 1197 1904 exercitatione
1253 1845 1514 1917 conﬂigit.
1567 1847 1732 1922 295
1781 1848 1848 1906 Et
1885 1850 2141 1919 quoniam

2241 735 2480 806 gentium
2505 744 2814 792 sanctorum
2841 748 3100 792 numerus
3122 735 3174 790 in
3205 733 3299 794 illa
3347 735 3523 806 patria
3551 735 3843 806 complea-

2243 835 2350 884 tur.
2375 826 2515 884 Ecce
2535 829 2652 899 ipsa
2681 838 2806 886 sunt
2831 844 2952 900 quae
2961 827 3213 899 pradixit
3230 841 3420 884 versus
3442 828 3533 886 ille
3551 841 3838 900 superior:

2245 917 2487 974 Gloriosa
2508 920 2648 974 dicta
2677 927 2794 974 sunt
2823 919 2886 974 de
2916 929 2984 987 te,
3013 918 3192 974 civitas
3220 915 3340 974 Dei.
3380 917 3516 974 Nam
3548 918 3680 990 quid
3720 920 3845 991 glo-

2243 1011 2459 1078 riosius,
2490 1027 2561 1082 qu
2579 1027 2650 1068 un
2667 1020 2728 1066 ut
2757 1019 2904 1068 tanta
2927 1009 3145 1068 tarditas
3169 1011 3321 1081 prius
3341 1011 3645 1067 errantium
3665 1026 3846 1082 popu-

2245 1105 2420 1164 lorum
2445 1106 2498 1160 in
2527 1120 2688 1164 unam
2719 1114 2921 1164 sanctae
2953 1105 3186 1162 civitatis
3219 1103 3681 1175 pulchritudinem
3704 1119 3846 1162 cou-

2246 1199 2498 1256 veniret?
2545 1199 2614 1256 Et
2663 1207 2938 1258 memento
2990 1197 3134 1270 quod
3175 1212 3346 1271 genus
3377 1197 3518 1254 istud
3548 1197 3847 1254 locutionis

2245 1281 2544 1366 Scripturai
2569 1293 2767 1350 divinze
2794 1293 3072 1366 proprium
3100 1306 3222 1350 esse
3242 1292 3353 1363 jam
3393 1292 3622 1348 diximus
3647 1309 3663 1358 ;
3695 1291 3846 1346 scili-

2247 1396 2332 1444 cet
2363 1396 2418 1444 ut
2443 1401 2540 1457 per
2560 1387 2840 1444 nominum
2878 1385 3358 1457 interpretationes
3378 1385 3626 1441 voluntas
3667 1384 3851 1455 possit

2246 1481 2475 1552 intelligi
2513 1481 2786 1538 dictionis.

2319 1577 2478 1634 Vers.
2513 1576 2565 1632 5.
2606 1575 2775 1633 Mater
2815 1576 2949 1632 Sion
2981 1575 3153 1631 dicet:
3189 1574 3381 1641 Homo,
3417 1581 3464 1630 el
3502 1572 3652 1627 homo
3673 1570 3856 1642 factus

2243 1673 2397 1730 estin
2420 1687 2516 1728 ea:
2543 1671 2720 1743 elipss
2766 1671 3002 1743 fundavit
3053 1685 3169 1724 eam
3207 1667 3528 1724 Altissimus.
3579 1663 3856 1720 Ecclesia

2246 1766 2534 1824 catholicas
2562 1765 2787 1822 Matrem
2817 1765 3157 1836 Syuagogam
3187 1761 3411 1818 forsitan
3441 1761 3543 1816 hoc
3581 1759 3701 1814 loco
3731 1771 3858 1814 non

2245 1858 2690 1916 iuconvenienter
2724 1857 3078 1923 advertimus,
3107 1870 3271 1928 quam
3321 1869 3420 1926 per
3448 1853 3576 1910 Sion
3599 1860 3860 1908 rumicem

547 1941 654 2000 ista
675 1940 867 1997 futurae
895 1940 1041 1998 illius
1061 1941 1360 1998 Jerusalem
1391 1949 1570 2011 portat
1597 1942 1908 2012 imaginem,
1937 1942 2029 1998 ubi
2057 1951 2145 2000 est
2172 1957 2225 2019 Β
2257 1953 2564 2022 frequenter
2594 1948 2998 2021 intelligendam
3044 1962 3166 2004 esse
3189 1947 3300 2018 jam
3330 1945 3584 2014 diximus,
3623 1957 3748 2014 quae
3783 1957 3860 2000 ex

545 2032 708 2092 beata
733 2034 843 2090 vita
886 2045 940 2090 et
965 2034 1168 2090 aeternis
1225 2033 1477 2100 felicitas,
1537 2037 1731 2091 merito
1767 2051 1934 2106 supra
1990 2036 2148 2092 istam

547 2126 643 2190 illa
671 2126 968 2199 spiritualis
997 2125 1148 2198 diligi
1175 2125 1393 2192 dicitur,
1429 2125 1482 2182 in
1526 2141 1630 2197 qua
1654 2126 1766 2197 jam
1798 2126 1931 2182 nihil
1963 2126 2152 2182 confu-

545 2221 743 2288 sionis,
779 2221 918 2277 nihil
946 2220 1370 2292 perturbationis
1398 2235 1521 2277 esse
1571 2221 1899 2278 declaratur.
1948 2223 2014 2278 Et
2073 2223 2152 2278 in-

549 2322 706 2372 tuere
737 2314 864 2385 quia
891 2313 979 2368 illa
1011 2315 1090 2368 sic
1117 2313 1236 2383 plus
1266 2314 1442 2370 amari
1488 2314 1824 2384 praedicitur,
1853 2322 1911 2370 ut
1946 2324 2006 2372 et
2052 2317 2152 2372 ista

550 2405 670 2466 sine
696 2406 858 2462 dubio
888 2405 1039 2474 diligi
1079 2405 1361 2460 sentiatur.

625 2494 779 2552 Vers.
804 2496 856 2550 5.
881 2493 1120 2550 Gloriosa
1153 2495 1292 2550 dicta
1321 2503 1441 2552 sunt
1463 2496 1527 2551 de
1549 2505 1618 2561 te,
1650 2498 1830 2553 ciuitas
1858 2497 1979 2553 Dei.
2005 2499 2154 2556 More

551 2600 656 2644 suo
685 2585 860 2644 futura
913 2601 1011 2660 pro
1051 2586 1340 2656 praeteritis
1377 2587 1544 2657 ponit.
1580 2587 1711 2644 Nam
1743 2589 1847 2645 ista
1873 2590 2065 2646 civitas
2095 2592 2152 2648 in

553 2677 794 2734 secunda
828 2687 980 2748 parte
1025 2677 1239 2734 Domini
1293 2679 1641 2736 attestatione
1697 2681 2039 2739 laudabitur:
2085 2685 2154 2741 de

553 2784 660 2840 qua
693 2769 884 2824 merito
907 2769 1129 2838 gloriosa
1154 2770 1290 2824 dicta
1333 2768 1661 2844 referuntur,
1707 2789 1828 2845 qua:
1875 2773 2153 2833 Creatoris

556 2861 642 2918 sui
668 2861 1014 2933 cognoscitur
1048 2875 1182 2917 voce
1215 2862 1577 2932 praedicanda.

633 2977 782 3034 Vers.
805 2979 861 3034 4.
898 2975 1096 3033 Mentor
1125 2995 1210 3034 ero
1251 2977 1392 3034 Raab
1430 2988 1479 3034 et
1544 2979 1824 3051 Babylonis
1881 2983 2157 3040 scientibus

554 3087 668 3127 me:
697 3087 810 3126 ecce
840 3071 1163 3142 alienigenae,
1191 3079 1240 3126 el
1263 3070 1460 3142 Tyrus,
1486 3080 1532 3125 el
1571 3073 1793 3144 populus
1819 3072 2153 3146 xEl/tiopum,

556 3161 613 3217 hi
665 3163 874 3235 fuerunt
919 3163 973 3216 in
1011 3179 1092 3216 ea.
1133 3161 1383 3219 Secunda
1413 3177 1538 3234 pars
1579 3165 1769 3234 psalmi
1821 3163 1978 3234 hujus
2011 3168 2158 3224 velut

555 3256 802 3326 quaedam
835 3255 1004 3310 nubes
1058 3256 1318 3323 aperitur,
1363 3255 1433 3310 de
1485 3271 1588 3327 qua
1621 3256 1878 3314 Dominus
1935 3269 2152 3331 tonans,

2259 2046 2499 2106 maxima
2532 2053 2684 2114 parte
2717 2042 3038 2114 populorum
3085 2040 3262 2098 solum
3313 2040 3584 2096 hominem
3630 2039 3865 2095 dicetnt

2259 2141 2546 2197 Dominum
2577 2137 2922 2194 Salvatorem
2954 2152 2969 2201 ;
2997 2135 3124 2206 quia
3156 2134 3322 2192 Deum
3350 2147 3453 2190 nec
3479 2131 3719 2198 credere,
3745 2145 3862 2188 nec

2259 2235 2560 2306 intelligere
2583 2232 2906 2292 merebatur.
2942 2231 3010 2286 Et
3038 2229 3125 2286 hic
3153 2229 3362 2302 ﬁgenda
3382 2239 3468 2286 est
3491 2227 3687 2291 media.
3709 2241 3865 2298 quo-

2260 2332 2403 2386 niam
2435 2330 2567 2386 illud
2597 2327 2741 2400 quod
2769 2326 3016 2397 sequitur
3060 2337 3278 2380 sensum
3314 2323 3541 2380 alterum
3597 2319 3866 2378 videlicet

2260 2423 2588 2480 intromittit.
2605 2422 2858 2492 Sequitur
2877 2419 3097 2490 quippe,
3131 2426 3179 2473 et
3201 2420 3353 2472 homo
3371 2418 3542 2488 factus
3566 2423 3640 2470 esl
3667 2417 3721 2470 in
3747 2431 3865 2482 ea;

2261 2514 2405 2588 quod
2431 2514 2539 2586 jam
2565 2511 2943 2570 confirmative
2974 2509 3259 2582 legendum
3292 2518 3394 2567 est.
3427 2507 3544 2564 Non
3583 2507 3725 2565 enim
3763 2507 3867 2564 hic

2259 2611 2340 2668 sic
2363 2610 2494 2666 dicit
2537 2608 2797 2664 hominem
2839 2609 3056 2678 factum,
3106 2606 3246 2660 sicut
3281 2603 3532 2676 superius
3570 2602 3868 2674 Synagoga

2261 2704 2434 2770 dixit;
2464 2701 2554 2756 illa
2602 2703 2744 2756 enim
2778 2699 3012 2756 errando
3065 2697 3243 2754 solum
3294 2697 3572 2753 hominem
3602 2695 3863 2768 putavit;

2261 2811 2408 2854 nunc
2425 2805 2607 2852 autem
2640 2794 2902 2849 Dominus
2928 2793 2998 2849 de
3023 2807 3084 2848 se
3111 2791 3398 2848 confirmat
3417 2789 3700 2847 deﬁnitiva
3726 2801 3869 2846 sen-

2259 2892 2450 2958 tentia,
2473 2897 2523 2944 et
2545 2891 2697 2944 homo
2720 2889 2888 2960 factus
2915 2895 2986 2942 est
3013 2889 3067 2941 in
3100 2901 3200 2942 ea:
3241 2881 3496 2957 quoniam
3537 2895 3726 2940 revera
3767 2896 3870 2940 as-

2261 2992 2474 3052 sumpta
2501 2996 2664 3037 carne
2694 2981 2838 3037 Deus
2869 2981 3040 3036 factus
3082 2990 3165 3037 est
3211 2978 3407 3043 homo;
3436 2975 3581 3032 sicut
3601 2985 3656 3032 et
3683 2973 3869 3030 Eva-

2261 3079 2452 3148 gclista
2491 3075 2659 3131 dicit:
2701 3073 2914 3128 Verbum
2944 3088 3066 3128 cara
3093 3075 3284 3144 factum
3311 3079 3386 3126 est
3433 3066 3621 3142 (Joan.
3654 3081 3694 3133 ι,
3738 3065 3868 3135 id),

2263 3171 2318 3227 id
2348 3171 2432 3226 est
2459 3169 2626 3225 Filius
2656 3168 2748 3224 Dei
2775 3165 2950 3223 factus
2977 3175 3062 3222 est
3099 3165 3262 3220 homo
3287 3181 3302 3231 ;
3347 3177 3453 3219 non
3484 3171 3543 3218 ut
3574 3159 3867 3217 Divinitati

2263 3264 2466 3335 aliquid
2513 3263 2886 3331 imminueret,
2936 3259 3032 3318 sed
3083 3269 3142 3316 ut
3181 3257 3536 3315 humanitatis
3583 3263 3868 3320 naturam,

555 3347 809 3406 ﬁdelibus
831 3345 1226 3403 recordationis
1255 3361 1366 3402 sum:
1401 3363 1622 3404 munera
1653 3349 1956 3420 pollicetur,
1986 3355 2157 3426 signi-
2186 3352 2234 3416 C
2266 3375 2423 3430 quam
2456 3357 2686 3414 liberare
2715 3353 3220 3428 praedestinaverat,
3252 3351 3539 3424 dignanter
3567 3347 3864 3404 eveheret.

554 3439 728 3499 ilcans
755 3454 852 3510 per
872 3438 1164 3494 allusiones
1186 3439 1465 3496 nominum
1487 3454 1582 3496 eos
1614 3441 1684 3499 de
1711 3443 1877 3500 variis
1907 3450 2160 3518 gentibus

557 3533 913 3605 colligendos.
957 3531 1103 3587 Raab
1149 3533 1408 3588 meretrix
1456 3531 1574 3603 fuit,
1611 3549 1732 3607 qua:
1785 3537 2158 3609 exploratores

557 3621 688 3681 Iesu
734 3621 883 3680 Nave
933 3622 1002 3680 ad
1044 3621 1264 3680 Iericho
1303 3624 1584 3683 venientes
1633 3628 1843 3686 occulte
1893 3633 2154 3704 suscepit,

555 3730 613 3777 et
650 3735 748 3791 per
777 3715 936 3775 aliam
964 3725 1193 3789 partem,
1242 3734 1310 3776 ne
1347 3719 1910 3793 deprehenderentur,
1948 3725 2153 3784 emisit.

537 3809 725 3884 Cujus
753 3811 1070 3870 vocabulum
1111 3811 1374 3883 signiﬁcat
1424 3812 1733 3884 superbiam
1761 3857 1776 3884 ,
1815 3832 1936 3887 quas
1965 3819 2149 3878 divina

552 3903 804 3976 largitate
831 3919 1115 3970 conversa.
1142 3904 1352 3962 Domini
1377 3906 1890 3980 meruitimpetrare
1910 3910 2156 3970 clemen-

553 3999 708 4055 tiam.
751 3999 876 4056 Haec
902 4013 1034 4072 ergo
1069 3998 1295 4070 ﬁguram
1323 4001 1504 4072 gestat
1521 3999 1811 4073 Ecclesiae,
1837 4018 1960 4075 quae
1981 4008 2155 4066 susci-

554 4091 712 4164 piens
732 4090 940 4148 animas
959 4092 1224 4162 superbiae
1246 4092 1374 4148 vitio
1393 4094 1782 4166 periclitantes,
1803 4097 1910 4154 alio
1938 4099 2150 4168 itinere,

554 4182 611 4240 iii
639 4193 721 4240 est
750 4183 1067 4240 humilitatis
1096 4193 1151 4241 et
1183 4185 1452 4255 patientia:
1473 4186 1698 4244 dimittit
1720 4189 1786 4245 ad
1823 4191 2010 4248 vitam.
2038 4191 2150 4247 Ba-

559 4277 717 4348 bylon
742 4293 954 4350 quoque
979 4279 1168 4334 civitas
1194 4287 1280 4336 est
1315 4280 1523 4348 mundi,
1554 4297 1676 4354 qua:
1702 4283 1949 4341 confusio
1983 4285 2150 4344 inter-

554 4381 817 4444 pretatur.
851 4371 1052 4429 indicat
1079 4373 1222 4430 enim
1245 4375 1429 4430 saeculi
1455 4376 1608 4432 istius
1629 4377 1881 4448 populos,
1906 4381 1998 4452 qui
2021 4397 2150 4453 pro-

553 4463 731 4522 brosis
760 4465 919 4522 idolis
942 4467 1159 4522 ctecatis
1187 4467 1455 4524 mentibus
1481 4470 1824 4539 serviebant;
1855 4473 1952 4530 sed
1981 4475 2146 4533 mise-

556 4559 793 4616 ricordia
826 4559 1037 4616 Domini
1061 4557 1350 4616 illuminatl
1378 4559 1503 4618 facti
1536 4571 1659 4619 sunt
1689 4564 2002 4624 Christiani.
2027 4567 2144 4628 Hoc

553 4666 684 4725 ergo
733 4651 865 4709 dicit
914 4653 1059 4709 Raab
1112 4662 1159 4709 et
1191 4652 1472 4726 Babylonis
1519 4670 1579 4712 se
1633 4674 1925 4725 memorent,
1960 4660 2013 4717 id
2057 4671 2142 4718 est

2268 3455 2339 3510 Et
2367 3470 2433 3509 nc
2457 3453 2684 3508 forsitan
2729 3451 3011 3508 Dominum
3036 3447 3308 3505 Christum
3350 3445 3612 3504 crederes
3648 3451 3868 3515 tempo-

2267 3547 2456 3614 ralem,
2480 3545 2702 3613 addidit,
2729 3553 2778 3599 et
2801 3545 2908 3617 ipse
2935 3542 3174 3615 {undavit
3214 3556 3330 3598 eam
3376 3539 3720 3603 Altissimus;
3773 3535 3880 3594 ille

2263 3639 2470 3695 scilicet
2503 3637 2593 3708 qui
2626 3645 2830 3692 tantum
2878 3635 3167 3706 putabatur
3213 3633 3375 3689 homo
3409 3631 3570 3689 Jesus
3610 3627 3869 3688 Christus

2265 3732 2602 3804 Synagogam
2633 3728 2750 3800 ipse
2791 3744 2888 3785 sua
2937 3727 3296 3798 dispositione
3347 3726 3614 3782 fundavit.
3653 3723 3730 3782 Et
3760 3739 3870 3780 non

2261 3824 2438 3880 solum
2473 3825 2646 3894 legem
2686 3838 2784 3894 per
2825 3823 3051 3895 Moysen
3093 3820 3278 3898 dedit,
3323 3835 3512 3877 verum
3541 3819 3712 3877 etiam
3737 3829 3871 3874 ante

2235 3931 2238 3934 ’
2262 3917 2446 3972 mundi
2475 3916 2685 3971 initium
2711 3916 2828 3985 ipse
2852 3915 3094 3972 noscitur
3121 3914 3285 3970 fuisse
3308 3911 3675 3986 principium;
3722 3912 3870 3967 sicut

2261 4010 2376 4081 ipse
2399 4011 2453 4066 in
2479 4009 2770 4078 Evangelio
2797 4017 3028 4065 testatur
3053 4025 3069 4064 :
3101 4007 3210 4080 Ego
3233 4023 3346 4062 sunt
3372 4007 3718 4079 principium,
3741 4022 3869 4080 pro-

2258 4114 2370 4178 pter
2396 4104 2538 4176 quod
2570 4113 2614 4159 et
2641 4103 2820 4174 loquor
2853 4103 2990 4158 vobis
3023 4101 3202 4173 (Joan.
3227 4117 3344 4169 vm,
3371 4099 3488 4172 26).
3517 4099 3714 4156 Merito
3731 4113 3869 4170 ergo

2262 4197 2440 4255 dictus
2460 4205 2544 4252 est
2575 4195 2900 4264 Altissimus,
2933 4203 2991 4250 ut
3020 4195 3168 4251 nulla
3189 4193 3416 4252 haeresis
3455 4191 3677 4249 Patrem
3714 4191 3870 4250 dice-

2255 4299 2345 4348 ret
2369 4305 2492 4346 esse
2524 4285 2806 4360 majorem.
3250 4288 3252 4290 '
3367 4355 3370 4360 _

2329 4381 2484 4438 Vere.
2517 4381 2568 4436 6.
2605 4381 2866 4437 Dominus
2931 4380 3158 4440 narravit
3210 4379 3495 4451 scripturas
3542 4375 3870 4451 pepulerunt

2253 4486 2301 4532 el
2323 4476 2650 4546 principum:
2680 4473 2863 4529 horum
2887 4474 2975 4545 qui
2999 4473 3205 4546 {uerunt
3244 4474 3300 4528 in
3335 4489 3420 4528 ea.
3467 4471 3564 4528 Illa
3599 4487 3868 4543 praenun-

2251 4569 2352 4625 tiat
2369 4583 2492 4640 quat
2521 4566 2592 4622 sit
2619 4567 2736 4638 ipse
2761 4577 3006 4639 tempore
3047 4567 3435 4624 incarnationis
3461 4565 3533 4624 de
3552 4565 3870 4638 scriptura-

2247 4681 2369 4724 rum
2391 4673 2636 4723 veterum
2668 4665 3186 4722 commemoratione
3225 4665 3494 4722 dicturus.
3532 4661 3870 4721 Commonet

551 4745 739 4803 mundi
766 4745 921 4801 istius
948 4745 1193 4818 populos,
1231 4747 1318 4818 qui
1337 4754 1516 4803 tamen
1547 4748 1613 4803 ad
1639 4749 1758 4820 ejus
1785 4765 1848 4807 se
1876 4751 2138 4810 culturam
2169 4749 2222 4814 Ι)
2249 4760 2396 4817 enim
2429 4759 2740 4830 frequenter
2769 4759 2824 4814 in
2861 4757 3150 4830 Evangelio
3180 4772 3301 4828 qua:
3333 4757 3402 4814 de
3429 4759 3550 4830 ipso
3572 4755 3858 4829 medim.

548 4836 826 4894 humiliter
848 4837 1256 4894 transtulerunt.
1284 4839 1373 4894 Sic
1390 4839 1680 4898 Pharisazis
1705 4843 2149 4914 superbientibus

549 4931 609 4988 in
634 4930 924 5004 Evangelio
947 4933 1065 5005 ipse
1112 4933 1432 5002 respondit:
1466 4935 1629 4990 Amen
1677 4938 1793 4994 dico
1822 4939 1960 4995 vobis
1980 4984 1996 5011 ,
2029 4945 2150 5014 quia

550 5025 816 5100 publicani
842 5036 888 5080 et
915 5024 1198 5080 meretrices
1220 5025 1507 5095 praecedant
1542 5042 1628 5081 vos
1655 5028 1708 5082 in
1747 5046 1959 5100 regnum
1985 5036 2146 5091 caelo-

551 5131 671 5172 rum
701 5115 1053 5190 (Molliunt,
1080 5115 1193 5188 51).
1233 5116 1506 5190 Sequitur,
1551 5118 1688 5174 Ecce
1732 5123 2056 5195 alienigenae,
2101 5138 2150 5184 el

551 5207 744 5280 Tyrus,
795 5217 842 5263 el
889 5208 1112 5279 populus
1166 5207 1500 5281 Ethiopum,
1553 5210 1608 5265 hi
1659 5213 1870 5282 fuerunt
1895 5216 1950 5272 in
1981 5234 2060 5272 ea.
2085 5219 2146 5278 In

548 5313 718 5358 sensu
742 5299 934 5357 eodem
962 5311 1290 5370 perseverat.
1321 5301 1636 5376 Alienigena:
1679 5315 1806 5362 sunt
1851 5321 1882 5362 a
1920 5307 2148 5368 Judaico

547 5393 754 5466 populo
777 5391 995 5464 quidem
1021 5394 1306 5462 extranei;
1331 5393 1432 5452 sed
1455 5394 1560 5450 illis
1585 5410 1691 5451 non
1712 5397 2060 5458 credentibus
2092 5405 2144 5460 in

547 5483 848 5556 penetralia
898 5483 1159 5541 Ecclesia:
1213 5493 1341 5542 sunt
1384 5487 1624 5559 recepti:
1659 5489 1800 5545 sicut
1830 5491 1884 5546 in
1918 5493 2146 5552 Actibus

549 5577 917 5648 apostolorum
941 5576 1108 5632 dicit:
1153 5576 1302 5633 Vobis
1328 5577 1534 5649 quidem
1562 5580 1830 5648 oportebat
1858 5583 1997 5652 loqui
2028 5599 2144 5639 ver-

473 5703 476 5710 -
549 5668 674 5728 bunt
695 5671 823 5740 Dei;
865 5673 956 5727 sed
975 5671 1096 5743 quia
1121 5670 1380 5744 repulialis
1411 5673 1567 5740 illud,
1600 5683 1647 5728 el
1672 5675 1914 5748 indignos
1949 5693 2032 5732 vos
2053 5681 2143 5750 ju-

547 5763 760 5822 dicaslis
789 5773 994 5821 (eterna:
1013 5765 1150 5833 vita,
1180 5779 1292 5818 ecce
1313 5767 1655 5820 convertimur
1676 5767 1744 5822 ad
1783 5778 1955 5842 gentes
2003 5773 2142 5843 (Act.

547 5869 671 5931 xm,
711 5857 828 5928 46).
871 5857 1068 5932 Tyrus.
1085 5859 1349 5933 signiticet
1385 5861 1690 5931 angustiam
1723 5879 1844 5934 qua:
1874 5867 1940 5922 de
1965 5869 2147 5938 pmni-

548 5949 783 6014 “litium
811 5950 1101 6012 afﬂictione
1121 5962 1458 6022 procreatur.
1510 5951 1744 6022 Populus
1790 5956 2103 6028 /Etlti0pum
2124 6003 2144 6031 ,

2253 4853 2326 4909 rit
2353 4849 2590 4923 Moyses,
2621 4859 2676 4906 et
2697 4865 2819 4922 qua:
2847 4849 3158 4921 prophetat,
3185 4858 3245 4906 ut
3273 4859 3328 4907 et
3355 4850 3538 4907 minus
3565 4849 3866 4907 credentes

2253 4946 2562 5011 instrueret,
2593 4952 2650 5000 et
2697 4957 2758 5001 se
2783 4959 2968 5000 earum
3006 4953 3279 5000 auctorem
3333 4958 3454 5000 esse
3500 4951 3864 5000 monstraret.

2253 5035 2359 5106 Ipsi
2410 5033 2554 5090 enim
2603 5044 2728 5090 sunt
2774 5035 3033 5105 principes
3087 5034 3298 5108 Moyses
3347 5043 3402 5091 et
3437 5034 3721 5107 propheta:
3762 5034 3863 5107 qui

2253 5125 2476 5182 fuerunt
2499 5126 2555 5180 in
2586 5126 2890 5199 Synagoga,
2916 5141 3146 5199 quorum
3190 5137 3306 5184 erat
3333 5128 3707 5185 testimonium
3727 5142 3868 5184 nar-

2254 5227 2491 5273 raturus.
2525 5217 2591 5274 Et
2631 5231 2699 5274 ne
2720 5217 2856 5274 alios
2901 5217 3171 5290 principes
3223 5219 3470 5276 fortassis
3515 5219 3866 5288 advertens,

2253 5310 2404 5380 dicit,
2435 5311 2618 5366 Itorum
2639 5313 2727 5380 qui
2757 5312 2963 5384 fuerunt
2987 5314 3041 5368 in
3066 5330 3144 5382 ea,
3172 5313 3224 5369 id
3252 5321 3334 5370 est
3356 5313 3408 5369 in
3435 5313 3739 5390 Synagoga.

2330 5404 2483 5461 Vers.
2513 5404 2567 5461 7.
2596 5403 2745 5462 Sicut
2773 5406 3060 5463 [celantium
3086 5410 3317 5464 omnium
3341 5417 3577 5464 nostrum
3607 5408 3868 5463 habitatio

2252 5498 2400 5553 estin
2434 5506 2500 5552 te.
2532 5497 2687 5554 Venit
2705 5499 2773 5554 ad
2799 5501 3010 5557 tertiam
3041 5512 3268 5572 partem,
3295 5503 3478 5574 inqua
3509 5502 3703 5558 iterum
3724 5515 3871 5570 pro-

2257 5589 2418 5661 pheta
2438 5590 2756 5662 reloquitur,
2781 5580 2942 5663 quam
2971 5594 3026 5652 in
3051 5610 3158 5651 uno
3187 5610 3341 5652 versu
3364 5603 3420 5652 et
3438 5595 3602 5666 carpit
3621 5602 3678 5650 et
3693 5591 3826 5647 linit
3851 5611 3867 5647 :

2256 5681 2494 5738 breviter
2523 5685 2992 5755 comprehendens
3039 5687 3184 5759 quod
3233 5687 3575 5744 sermonibus
3603 5687 3872 5760 quamvis

2258 5773 2432 5846 longis
2463 5791 2570 5832 non
2601 5786 2810 5848 poterat
2835 5779 3119 5849 explicari.
3145 5781 3280 5847 Qua:
3301 5779 3473 5853 ﬁgura
3500 5780 3702 5838 dicitur
3719 5781 3875 5837 bra-

2253 5869 2521 5942 chylogia,
2576 5873 2630 5929 id
2669 5883 2772 5942 est,
2831 5875 3010 5932 brevis
3039 5875 3260 5944 locutio,
3293 5891 3418 5934 cum
3465 5876 3618 5948 plura
3658 5879 3874 5948 paucis

2251 5964 2646 6034 amplectimur.
2683 5967 2773 6024 Vis
2801 5968 2944 6028 enim
2988 5967 3178 6028 audire
3205 5984 3365 6040 quam
3415 5971 3490 6029 sit
3530 5971 3874 6044 incongru-
