4092 6344
340 404 437 462 (Sili

1212 400 1570 462 EXPOSITIO
1609 401 1676 459 IN
1716 396 2176 459 PSALTERIUM.
2221 398 2413 460 PSAL.
2457 398 2768 459 LXXXVII.

3519 400 3624 463 622

338 520 624 579 hensibilis
645 520 735 577 illa
765 518 970 589 laetitia,
994 518 1121 577 dicit
1142 521 1435 592 Apostolus
1461 539 1474 576 :
1510 521 1661 590 Quod
1683 537 1772 575 nec
1800 534 1917 573 ocu-
1951 520 2003 580 Α
2031 519 2358 591 prmcipuus,
2386 520 2477 575 ubi
2516 518 2872 576 residentibus
2911 514 3183 592 discipulis
3227 518 3282 577 in
3310 522 3613 589 casuacnlo,

338 614 420 669 Ius
446 614 596 679 uidit,
631 630 722 669 nec
747 614 893 668 auris
914 613 1134 681 audivit,
1166 631 1259 669 nec
1298 616 1353 669 in
1385 631 1473 670 cor
1501 614 1721 669 hominis
1761 629 1929 668 ascen-

338 708 436 774 dit,
470 723 583 776 qua:
624 706 931 777 preparavit
976 706 1115 761 Deus
1137 708 1463 779 diligentibus
1488 724 1559 761 se.
1594 707 1930 777 Quapropter

337 800 563 873 pulchre
594 800 682 857 hic
710 801 908 857 dictum
958 809 1040 858 est
1066 818 1080 855 :
1107 802 1256 858 Sicut
1290 803 1573 858 lwtantium
1594 846 1610 871 ,
1668 803 1788 873 quia
1823 817 1927 858 non

338 896 441 951 erit
466 896 582 966 ipsa
608 894 792 951 laatitia
824 896 995 966 qualis
1029 896 1115 951 hic
1146 897 1360 968 agitur;
1406 905 1462 950 ut
1507 896 1669 950 modo
1696 897 1927 951 filiorum

338 989 687 1058 susceptione
717 987 983 1056 laetemur,
1020 989 1179 1043 modo
1222 987 1527 1043 divitiarum
1578 997 1632 1043 et
1663 989 1925 1043 honorum

336 1094 565 1136 munere
591 1081 940 1152 gaudeamus,
965 1090 1016 1136 et
1035 1090 1228 1136 caetera
1264 1095 1380 1152 quae
1404 1081 1816 1137 exsultationem
1847 1082 1927 1136 fa-

338 1174 511 1241 ciunt,
542 1174 754 1245 quando
781 1175 985 1245 magnis
1014 1172 1219 1230 nisibus
1252 1175 1618 1244 temporaliter
1642 1176 1945 1246 acquirun--

340 1273 447 1320 tur.
481 1264 587 1321 Sed
612 1265 739 1321 illud
772 1276 916 1321 tanto
937 1275 1020 1324 est
1042 1266 1237 1338 majus,
1267 1278 1323 1322 ut
1344 1266 1498 1324 istius
1528 1267 1711 1323 mundi
1740 1282 1928 1339 quam—

341 1356 423 1411 vis
455 1355 820 1426 plenissimum
854 1359 1127 1430 gaudium,
1160 1358 1247 1414 vix
1280 1360 1455 1430 aliqua
1485 1360 1658 1431 imago
1707 1371 1799 1416 aut
1842 1361 1930 1416 si-

339 1448 590 1505 militudo
613 1448 775 1505 futuri
804 1451 987 1506 saeculi
1012 1466 1134 1507 esse
1161 1452 1390 1507 dicatur.
1432 1451 1673 1521 Addidit,
1702 1453 1928 1507 omnium

338 1550 571 1595 nostrum
597 1541 845 1596 habitatio
867 1551 940 1599 est
968 1543 1021 1597 in
1046 1554 1110 1599 te.
1141 1544 1383 1598 Omnium
1415 1554 1645 1598 nostrum
1667 1545 1930 1615 significat

341 1631 552 1702 ﬁdeles,
580 1634 670 1705 qui
700 1634 984 1690 Dominum
1015 1633 1287 1690 Christum
1338 1645 1429 1691 aut
1476 1645 1786 1701 venturum,
1839 1645 1931 1691 aut

338 1724 558 1781 venisse
587 1724 954 1781 crediderunt.
982 1724 1248 1780 Habitatio
1271 1728 1413 1781 estin
1436 1735 1505 1796 te,
1534 1727 1598 1781 ad
1629 1727 1926 1783 Jerusalem

338 1815 596 1886 loquitur,
644 1819 726 1872 cui
775 1818 1023 1887 superius
1051 1818 1219 1873 dixit:
1266 1815 1507 1873 Gloriosa
1534 1820 1673 1874 dicta
1719 1829 1837 1875 sunt
1868 1822 1928 1874 de

2031 613 2231 670 clausis
2254 613 2456 684 januis,
2484 612 2802 672 mirabiliter
2818 614 3065 671 Salvator
3080 613 3295 670 intravit
3317 630 3334 682 ;
3355 622 3619 671 etcaetera

2030 722 2151 779 quae
2199 707 2350 764 dives
2395 706 2486 763 illa
2545 709 2718 778 patria
2760 708 2969 764 Domini
3014 707 3262 779 passione
3302 707 3616 777 promeruit.

2031 800 2140 857 Sed
2171 816 2295 858 cum
2326 810 2403 859 tot
2430 802 2705 858 miraculis
2733 802 2927 858 decora
2956 801 3318 873 reaplendeat,
3346 801 3476 858 etin
3502 816 3621 856 mo-

2031 891 2158 948 dum
2206 894 2482 950 stellarum
2524 895 2753 949 alterum
2798 895 3067 963 possideat
3096 895 3316 960 malum,
3345 894 3469 964 quis
3500 908 3617 948 eam

2032 1004 2251 1059 parvam
2275 990 2469 1045 audeat
2490 988 2689 1055 dicere,
2717 1004 2836 1059 quae
2865 988 3197 1044 sanctissima
3224 987 3325 1043 ﬁde
3346 986 3491 1043 orbis
3511 992 3621 1041 ter-

2030 1083 2207 1138 minos
2263 1083 2521 1153 probatur
2563 1082 2860 1151 implesse?
2904 1081 2981 1138 Ibi
3034 1082 3296 1152 siquidem
3328 1080 3617 1136 humanum

2030 1177 2200 1246 pascit
2223 1186 2519 1246 aspectum,
2544 1176 2685 1248 quod
2709 1182 2790 1231 est
2811 1175 3034 1231 credere
3067 1175 3371 1231 beatorum.

2245 1286 2608 1344 EXPOSITIO
2638 1288 2703 1344 IN
2734 1287 3062 1346 PSALMUM
3088 1287 3399 1345 LXXXVII.

2032 1403 2297 1459 Canticum
2323 1403 2531 1475 psalmi,
2556 1404 2680 1472 ﬁliis
2706 1404 2855 1470 Core,
2895 1406 2949 1460 in
2993 1406 3168 1474 ﬁnem,
3214 1422 3309 1475 pro
3357 1403 3619 1462 Malteletlt

2104 1474 2290 1599 912ῗὲΙὲ
2295 1472 2524 1599 [gelata]
2556 1475 2624 1527 ad
2646 1472 3081 1544 respondendum,
3130 1472 3423 1531 intellectus
3451 1475 3620 1533 Eman

2140 1548 2377 1600 sraclitte.

2104 1661 2236 1715 Cum
2287 1659 2602 1715 memoriam
2658 1669 2830 1725 tuam,
2862 1658 3257 1717 studiosissime
3291 1660 3484 1729 lector,
3517 1663 3622 1719 fre-

2034 1753 2218 1818 quenti
2248 1751 2583 1821 expositione
2614 1749 2892 1807 formatam
2924 1754 3156 1810 retinere
3188 1769 3291 1810 non
3330 1754 3618 1826 ambigam,

2037 1842 2163 1911 quid
2195 1842 2461 1911 signiﬁcet
2490 1840 2755 1896 Canticum
2783 1842 2994 1915 psalmi,
3017 1844 3141 1913 ﬁliis
3175 1843 3325 1911 Core,
3352 1844 3405 1899 in
3440 1845 3617 1915 ﬁnem,

340 1918 409 1976 re,
437 1906 746 2007 civitas-Dei.
779 1909 886 1966 Sed
917 1910 971 1964 in
1000 1909 1100 1965 hac
1140 1910 1467 2007 habitatione
1499 1910 1773 2007 justorum
1956 1929 2005 1989 B
2030 1906 2198 1991 restat
2241 1906 2299 1989 ut
2328 1948 2446 2004 qua:
2490 1948 2625 1988 nova
2648 1906 3128 2004 sunt'hujus'ti-tuli
3173 1906 3452 2006 sequentia
3495 1906 3623 2007 per;

338 2002 483 2059 savit
513 2000 733 2057 afﬁictio
761 2019 776 2056 :
810 2017 965 2057 orare
1002 2002 1216 2071 transit,
1266 2001 1361 2058 sed
1391 2002 1610 2059 laudare
1644 2004 1922 2060 succedit:

338 2107 600 2168 perpetua
632 2097 892 2152 securitas
921 2107 1122 2164 manet,
1154 2099 1280 2167 quia
1313 2098 1636 2168 perversitas
1655 2098 1795 2153 nulla
1822 2096 1926 2153 mi-

337 2197 561 2247 scetur:
596 2199 795 2244 reterns
847 2189 1029 2243 laetitia
1074 2199 1398 2259 perseverat,
1430 2190 1677 2259 quoniam
1729 2204 1930 2260 nequa-

337 2294 503 2352 quam
530 2281 909 2337 contrarietate
936 2280 1112 2351 aliqua
1144 2288 1359 2335 constat
1383 2294 1504 2337 esse
1530 2279 1854 2337 violandam.

732 2419 893 2493 295
931 2418 1201 2474 Conclusio
1261 2419 1465 2490 psalmi.

415 2557 653 2614 Laudata
681 2567 761 2613 est
790 2555 1214 2613 demonstrativo
1242 2570 1441 2625 genere
1466 2558 1655 2615 civitas
1683 2559 1770 2614 llla
1797 2559 1932 2615 ﬁde-

335 2651 498 2722 lium,
530 2669 635 2708 non
660 2652 1042 2723 temporalibus
1092 2652 1266 2717 bonis,
1299 2653 1393 2708 sed
1438 2663 1634 2710 acterna
1677 2657 1932 2713 felicitate

336 2744 627 2811 mirabilis,
689 2744 757 2800 de
797 2759 899 2816 qua
956 2759 1122 2814 pauca
1154 2743 1268 2800 visa
1308 2754 1433 2803 sunt
1477 2747 1603 2811 dici,
1656 2758 1708 2803 et
1755 2757 1929 2804 tamen

338 2837 594 2892 omnium
621 2836 785 2892 animi
830 2837 1127 2907 probantur
1148 2849 1369 2910 stupore
1389 2839 1661 2910 completi.
1708 2840 1832 2897 Hmc
1857 2842 1939 2896 si-

338 2927 565 2999 quidem
594 2928 710 2983 laus
752 2944 854 2984 non
906 2932 1213 2986 extenditur
1249 2932 1715 3003 argumentatione
1744 2933 1935 2989 verbo-

335 3035 486 3086 rum,
521 3036 622 3075 nec
653 3020 881 3077 humana
912 3025 1106 3079 crescit
1152 3025 1438 3093 industria,
1480 3025 1575 3081 sed
1606 3040 1797 3097 magna
1832 3041 1932 3096 po-

337 3111 450 3167 tius
492 3112 751 3170 brevitate
806 3117 1214 3189 constringitur,
1274 3128 1332 3174 ut
1379 3119 1462 3175 vel
1495 3121 1695 3191 aliquid
1741 3121 1935 3177 exinde

338 3205 463 3273 capi
490 3218 645 3274 posse
678 3205 944 3261 videatur.
982 3207 1179 3264 Beatus
1211 3208 1371 3265 nimis
1412 3211 1504 3282 qui
1545 3212 1671 3269 illuc
1704 3212 1932 3267 Domino

2031 2032 2352 2081 scrutemur.
2374 2021 2630 2078 Mahelet/t
2649 2024 3030 2095 interpretatur
3045 2024 3241 2082 chorus
3263 2026 3440 2082 divina
3457 2027 3623 2085 verba

2034 2120 2347 2176 decantans.
2392 2118 2648 2189 Subjecit,
2710 2121 2779 2172 ad
2816 2119 3265 2190 respondendum,
3314 2119 3623 2192 signiﬁcans

2031 2228 2232 2285 organa
2262 2213 2465 2268 musica
2504 2214 2844 2281 praevenisse,
2895 2220 2951 2268 et
2997 2212 3221 2268 chorum
3269 2212 3615 2284 respondisse

2034 2308 2371 2364 solemnitet'.
2428 2306 2683 2378 Sequitur
2709 2348 2724 2374 ,
2772 2306 3073 2363 Intellectus
3118 2306 3288 2363 Eman
3342 2306 3617 2365 Israelitaz.

2032 2397 2203 2454 Eman
2230 2397 2615 2469 interpretatur
2642 2398 2807 2454 frater
2830 2399 2979 2469 ejus;
3009 2415 3114 2471 quo
3147 2400 3411 2456 vocabulo
3445 2402 3622 2457 Domi-

2035 2504 2138 2546 nus
2162 2489 2410 2546 Christus
2447 2490 2683 2560 appellat
2715 2505 2809 2546 eos
2839 2492 2928 2562 qui
2971 2492 3251 2563 prmceptis
3300 2493 3417 2562 ejus
3446 2493 3622 2563 operi-

2033 2583 2239 2649 busiiue
2265 2581 2445 2637 devoti
2467 2591 2591 2637 sunt
2614 2622 2631 2650 ,
2656 2584 2882 2636 sicutait
2909 2585 2959 2638 in
2987 2582 3279 2653 Evangelio
3303 2601 3318 2638 :
3343 2583 3444 2651 Ite,
3473 2584 3623 2639 dicite

2034 2671 2278 2740 fratribus
2310 2673 2433 2725 meis
2457 2671 2674 2741 (Matth.
2702 2688 2885 2741 xxvnt,
2922 2672 3031 2743 10).
3066 2671 3320 2727 Israelita
3348 2674 3512 2729 Deum
3540 2673 3624 2730 vi-

2033 2763 2243 2827 dentes,
2271 2765 2412 2832 quod
2440 2765 2623 2834 utique
2648 2764 2751 2819 illis
2773 2765 3017 2820 accidere
3040 2765 3380 2821 manifesmm
3403 2775 3507 2836 est,
3533 2769 3623 2837 qui

2034 2871 2132 2926 per
2160 2854 2482 2912 obedientire
2534 2855 2846 2927 mysterium
2893 2866 3077 2912 sancta
3128 2857 3343 2913 Domini
3389 2859 3507 2914 luce
3533 2875 3623 2916 ra-

2035 2948 2274 3004 diantur.
2299 2949 2403 3005 Sed
2436 2963 2561 3004 cum
2592 2947 2661 3003 de
2683 2949 2933 3017 passione
2965 2947 3126 3020 Regis
3153 2948 3352 3005 Christi
3380 2951 3454 3007 sit
3485 2950 3624 3021 psal-

2035 3056 2155 3096 mus
2183 3042 2282 3096 iste
2310 3039 2570 3106 dicturus,
2600 3047 2655 3094 et
2681 3040 2748 3094 ad
2776 3040 3091 3096 imitationis
3117 3042 3424 3112 exemplum
3450 3043 3626 3099 trahat

2034 3132 2372 3189 ﬁdelissimos
2399 3131 2750 3200 Christianos,
2796 3131 2917 3189 ideo
2951 3135 3261 3203 prtemissus
3292 3146 3372 3191 est
3424 3138 3624 3195 chorus

2035 3228 2103 3280 ad
2124 3226 2573 3296 respondendum;
2595 3236 2653 3280 ut
2669 3226 2807 3280 sicut
2829 3225 2906 3281 illi
2928 3241 2992 3281 ex
3016 3226 3198 3283 multis
3219 3228 3436 3285 vocibus
3459 3246 3622 3287 unum

340 3295 572 3352 ducente
627 3297 959 3366 pervenerit,
1009 3300 1099 3355 ubi
1144 3301 1398 3371 cogitatio
1449 3312 1642 3359 cuncta
1673 3305 1927 3371 vincitur,

2036 3295 2359 3374 concentum
2390 3317 2589 3374 faciunt
2620 3359 2635 3382 ,
2673 3318 2753 3371 sic
2790 3317 3008 3373 Christo
3046 3317 3277 3375 Domino
3304 3321 3625 3391 respondeat

340 3387 600 3457 qumlibet
626 3387 889 3443 desideria
932 3401 1293 3460 superantur;
1327 3402 1381 3448 et
1429 3395 1577 3466 quod
1608 3402 1690 3450 est
1736 3395 1932 3452 dulcis-

341 3476 496 3531 simae
519 3480 821 3534 securitatis
851 3496 1037 3552 genus,
1073 3483 1196 3539 talis
1244 3485 1316 3540 ibi
1360 3484 1587 3542 felicitas
1644 3486 1927 3559 accipitur,

342 3584 465 3640 qua:
495 3571 641 3627 nulla
680 3574 1064 3631 contrarietate
1095 3575 1370 3646 perdatur.
1425 3578 1648 3646 Prxsta,
1683 3578 1927 3647 Domine,

340 3674 406 3722 ut
447 3667 588 3737 quod
636 3666 724 3725 hic
772 3670 952 3726 verbis
980 3671 1250 3741 explicare
1294 3688 1399 3729 non
1443 3688 1747 3745 possumus,
1776 3673 1850 3730 ibi
1880 3684 1932 3730 te

312 3760 577 3817 ’donantc
605 3775 907 3819 cernamus.
932 3761 1037 3819 Ista
1055 3780 1269 3837 quoque
1292 3765 1588 3823 Jerusalem
1614 3783 1735 3838 quae
1756 3766 1931 3825 adhuc

314 3852 403 3912 ~in
430 3854 586 3910 terris
612 3864 772 3911 estet
799 3865 980 3927 typum
1010 3857 1148 3926 gerit
1173 3858 1317 3913 illius
1345 3860 1584 3916 cwlestis
1622 3859 1831 3929 arcani,
1875 3860 1930 3915 in

341 3948 582 4007 secunda
604 3948 867 4005 divisione
913 3948 1124 4005 laudata
1154 3959 1275 4017 est;
1308 3952 1500 4006 merito
1537 3951 1623 4005 ubi
1652 3961 1735 4005 est
1759 3938 1932 4006 tanta-

340 4055 467 4099 rum
493 4057 672 4097 rerum
703 4042 1034 4097 domicilium
1080 4042 1286 4098 visuale
1337 4042 1616 4097 virtutum.
1658 4043 1737 4096 1ὺί
1784 4043 1930 4099 enim

349 4135 607 4205 piscinam
634 4138 952 4191 natatoriam
982 4137 1037 4191 in
1080 4135 1248 4207 ﬁgura
1295 4136 1432 4191 sacri
1476 4128 1832 4205 baptismatis,
1875 4145 1933 4191 ut

344 4237 560 4283 curaret
588 4229 859 4297 infirmos,
889 4228 1223 4284 descendens
1268 4228 1504 4298 Angelus
1536 4228 1927 4284 commovebat.

342 4319 420 4379 Ibi
452 4322 593 4377 Siloa
626 4326 947 4393 (imperante
979 4323 1223 4393 Domino)
1268 4325 1395 4378 cazci
1422 4325 1672 4379 tenebras
1700 4323 1847 4387 lavit,
1878 4334 1932 4379 et

339 4415 610 4471 damnatis
630 4417 803 4472 oculis
834 4417 966 4472 lucis
994 4417 1134 4472 dona
1166 4417 1417 4472 restituit.
1450 4417 1525 4471 lbi
1562 4432 1744 4473 mensa
1776 4417 1928 4473 Chri-

341 4507 413 4564 sti
443 4508 752 4563 caalestibus
802 4508 960 4577 plena
1011 4506 1219 4563 deliciis
1273 4508 1624 4576 spiritualiter
1675 4510 1932 4564 saturavit

341 4599 652 4669 apostolos;
701 4610 755 4655 et
806 4615 876 4656 ne
914 4614 1012 4656 nos
1045 4599 1115 4656 ab
1163 4600 1251 4655 illa
1308 4614 1459 4657 coena
1506 4603 1933 4671 relinqueremur

340 4692 577 4763 impasti,
606 4709 759 4750 sacer
780 4695 924 4750 calix

341 4785 479 4840 stitit
501 4797 549 4839 et
576 4787 824 4843 salutem.
851 4787 926 4841 Ibi
952 4787 1086 4856 lapis
1115 4787 1443 4843 durissimus
1473 4787 1694 4857 vestigia
1729 4789 1798 4857 pii
1840 4787 1938 4844 Re-

342 4877 640 4948 demptoris
670 4879 927 4944 ostendit,
979 4878 1193 4948 quando
1244 4890 1368 4934 ante
1412 4878 1642 4933 Pilatum
1696 4878 1933 4948 judicem

342 4970 585 5023 constitit
613 4967 933 5023 audiendus.
964 4968 1035 5023 Ibi
1064 4970 1309 5024 columna
1335 4968 1539 5040 religati
1563 4970 1615 5023 in
1637 4982 1698 5024 se
1721 4969 1935 5025 Domini

342 5059 549 5129 ﬂagella
583 5069 827 5115 testatur.
864 5059 940 5113 lbi
964 5060 1148 5129 spinea
1205 5075 1405 5117 corona
1459 5060 1720 5126 cernitur,
1768 5075 1927 5130 quam

342 5156 467 5212 ideo
506 5156 721 5210 salutari
755 5155 982 5210 Domino
1018 5165 1230 5211 constat
1261 5155 1599 5225 impositam,
1658 5162 1717 5209 ut
1768 5155 1933 5210 totius

343 5246 529 5303 mundi
563 5247 732 5302 aculei
757 5246 967 5301 collecti
1000 5246 1394 5317 frangerentur.
1444 5245 1519 5301 lbi
1565 5244 1772 5302 arundo
1815 5260 1929 5303 ser-

342 5352 515 5407 vatur,
548 5354 667 5411 qute
713 5348 871 5409 caput
898 5338 1110 5393 Domini
1146 5340 1430 5408 percussit,
1485 5347 1543 5394 ut
1580 5338 1754 5409 ipsum
1806 5353 1931 5396 esse

343 5435 556 5490 initium
587 5449 767 5489 rerum
804 5435 965 5487 terris
994 5433 1244 5488 omnibus
1272 5432 1564 5488 nuntiaret.
1589 5433 1812 5489 Ibicrux
1841 5434 1929 5490 illa

338 5526 533 5582 salutis
579 5535 634 5581 et
671 5525 855 5596 glorim
888 5525 989 5581 loci
1038 5526 1396 5581 reverentiam
1457 5527 1813 5582 consecravit.
1854 5528 1930 5583 lbi

340 5628 526 5675 manet
548 5619 751 5686 lancea,
784 5634 904 5689 qua:
928 5618 1065 5675 latus
1090 5619 1299 5673 Domini
1344 5614 1710 5687 transforavit,
1741 5629 1801 5675 ut
1831 5636 1929 5674 no-

338 5712 426 5769 bis
453 5714 592 5768 illius
616 5714 884 5770 medicina
915 5724 1279 5769 succurreret.
1333 5712 1407 5767 lbi
1457 5712 1743 5768 credentes
1774 5712 1933 5769 hodie

337 5803 515 5876 ipsius
534 5806 783 5877 sepulcra
815 5806 1108 5863 viviﬁcant.
1142 5806 1215 5862 lbi
1250 5803 1670 5861 resurrectionis
1694 5805 1842 5861 locus
1864 5805 1929 5861 ad

337 5895 514 5969 palos
540 5897 721 5957 evehit
745 5899 908 5957 corda
932 5898 1186 5958 ﬁdelium.
1232 5896 1310 5954 lbi
1365 5896 1494 5956 Sion
1542 5896 1632 5954 ille
1664 5893 1926 5953 montium

2035 3408 2351 3466 devotorutn
2380 3409 2608 3465 adunata
2632 3408 2896 3464 collectio.
2923 3410 2985 3464 lli
3009 3419 3137 3466 sunt
3159 3412 3319 3468 etiam
3347 3409 3621 3481 Israelita,

2034 3501 2125 3571 qui
2160 3500 2278 3572 ejus
2324 3499 2518 3557 fratres
2558 3501 2853 3572 nuncupari
2883 3501 3087 3559 cmlesti
3119 3503 3364 3575 largitate
3406 3516 3623 3563 merue-

2033 3604 2177 3651 runt.
2898 3646 2901 3653 .

2616 3690 2810 3747 Divisio
2837 3693 3046 3764 psalmi.
3558 3764 3568 3773 δ

2106 3800 2209 3863 Per
2238 3814 2405 3863 totum
2434 3808 2699 3878 psalmum
2730 3808 2988 3864 Dominus
3011 3809 3264 3868 Salvator
3291 3813 3561 3885 eloquitur
3592 3831 3623 3872 a

2034 3897 2440 3969 dispensatione
2498 3917 2604 3973 qua
2655 3918 2843 3973 passus
2887 3913 2989 3961 est.
3028 3904 3081 3958 In
3124 3908 3297 3977 prima
3319 3911 3622 3965 narratione

2034 3994 2207 4050 Patris
2238 3995 2555 4067 deprecatur
2583 3996 2842 4054 auxilium
2876 4016 2889 4052 :
2925 4013 3019 4067 per
3048 4000 3426 4057 similitudines
3447 4002 3624 4058 varias

2032 4093 2399 4154 contemptum
2456 4101 2610 4142 suum
2642 4088 2831 4157 refert,
2875 4104 3035 4158 quem
3094 4091 3170 4147 illi
3216 4093 3461 4149 illaturus
3508 4105 3626 4152 erat

2036 4177 2264 4247 populus
2292 4176 2622 4234 Iudaeorum.
2663 4180 2909 4235 Secunda
2950 4195 3070 4251 qua:
3109 4182 3181 4238 sit
3208 4198 3467 4253 passurus
3491 4202 3622 4243 enu-

2036 4278 2230 4341 merat,
2262 4285 2514 4327 asserens
2541 4280 2782 4327 mortuos
2820 4288 2925 4328 non
2954 4288 3075 4330 esse
3122 4290 3152 4330 a
3191 4276 3415 4333 medicis
3459 4281 3625 4337 susei-

2038 4364 2254 4434 tandos,
2280 4373 2340 4421 ut
2370 4366 2577 4435 possint
2632 4364 2860 4421 Domino
2903 4366 3167 4425 conﬁteri.
3224 4368 3400 4425 Tertia
3443 4387 3622 4427 narra-

2038 4456 2181 4513 tione
2209 4465 2370 4528 negat
2408 4454 2831 4512 misericordiam
2863 4457 3074 4515 Domini
3102 4461 3340 4532 sepultos
3388 4462 3620 4533 edicere,

2037 4561 2129 4605 aut
2164 4551 2401 4621 perditos
2450 4550 2638 4606 laudes
2693 4549 2903 4606 Domini
2960 4566 3298 4621 personare:
3333 4563 3619 4624 propterea

2039 4649 2492 4704 resurrectionem
2543 4647 2646 4702 sibi
2686 4647 3026 4703 celerrimam
3056 4649 3244 4704 venire
3278 4647 3618 4718 deprecatur.

957 4705 1010 4750 et
1038 4696 1576 4751 communicationem
1609 4696 1764 4751 nobis
1792 4711 1931 4766 prae-

957 4787 1084 4810 I-..:-
1119 4787 1441 4810 1.-_2--:_-__
1473 4787 1691 4810 --‘...!-!-
1729 4789 1798 4810 ,λε
1840 4787 1914 4810 1)-

2040 4696 2492 4704 _____-__..-._---_
2543 4696 2646 4702 _.__
2692 4696 3026 4703 -ν--,,--,,--η
3069 4696 3244 4704 .-_--_-
3281 4696 3615 4718 _-,--._-_..

2043 4739 2097 4795 In
2129 4741 2386 4796 orationis
2416 4755 2529 4796 sum
2560 4724 2685 4795 vero
2716 4740 2928 4794 tramite
2975 4753 3346 4810 perseverans.
3380 4739 3615 4810 loquitur

2043 4847 2072 4886 a
2107 4841 2257 4903 parte
2285 4834 2670 4899 membrorum,
2699 4829 2938 4887 diversas
2966 4845 3396 4887 commemorans
3420 4834 3622 4903 passio-

2044 4941 2161 4991 nes,
2196 4940 2330 4995 quas
2382 4938 2488 4983 tam
2534 4925 2648 4997 ipse
2677 4924 2894 4997 pertulit
2920 4939 3080 4996 quam
3107 4922 3226 4997 ejus
3254 4924 3406 4997 plebs
3431 4924 3623 4986 devota

2041 5018 2321 5075 sustinuit.

2573 5128 2847 5200 Expositio
2884 5128 3091 5200 psalmi.

2118 5243 2272 5300 Vers.
2307 5243 2359 5298 1.
2389 5242 2610 5298 Domine
2637 5240 2776 5298 Deus
2801 5240 2986 5299 ulutis
3010 5257 3173 5299 mea:
3199 5242 3256 5299 in
3278 5243 3364 5300 die
3380 5244 3623 5316 clamavi,

2042 5345 2090 5391 et
2110 5345 2256 5392 nocte
2271 5351 2444 5391 coram
2471 5344 2540 5390 te.
2566 5334 2623 5390 In
2650 5333 2987 5407 octogesimo
3013 5336 3203 5407 quinto
3254 5338 3465 5407 psalmo
3492 5337 3627 5395 dixi-

2044 5444 2163 5486 mus
2205 5442 2390 5485 orasse
2434 5426 2708 5483 Christum
2736 5442 2833 5498 per
2854 5428 2905 5484 id
2941 5429 3085 5500 quod
3114 5429 3184 5485 de
3212 5429 3375 5485 Maria
3408 5430 3627 5501 Virgine

2043 5532 2202 5579 natus
2240 5530 2363 5578 est:
2395 5521 2683 5593 designans
2710 5520 3066 5580 humilitatem
3111 5525 3498 5582 imbecillitatis
3528 5526 3626 5580 liu-

2039 5632 2237 5686 manae,
2271 5630 2433 5687 quam
2456 5626 2541 5673 est
2567 5616 2815 5689 dignatus
2833 5632 3125 5675 assumere.
3146 5620 3247 5689 Qui
3274 5621 3439 5676 simili
3464 5620 3626 5675 modo

2039 5714 2200 5769 etiam
2221 5711 2308 5767 hic
2332 5726 2453 5767 cum
2470 5710 2683 5766 Patrem
2711 5719 2980 5782 precatur,
3006 5709 3621 5783 nobisquemadmodum

2038 5804 2343 5877 supplicare
2372 5803 2664 5860 debeamus
2693 5802 2947 5859 ostendit.
3000 5802 3132 5858 Nam
3170 5802 3263 5873 qui
3293 5801 3482 5858 salutis
3512 5814 3623 5853 sua:

2042 5896 2211 5954 Deum
2256 5896 2544 5962 proﬁtetur
2564 5906 2864 5962 auctorem,
2889 5894 3069 5978 omnia
3112 5909 3234 5960 qua:
3276 5899 3621 5958 oportuerant
