4062 6344
512 459 617 519 6:25

1739 455 1810 514 Μ.
1863 453 2145 514 AURELll
2183 451 2587 512 CASSIODORI

3688 447 3794 506 θξι

512 574 619 632 dici
648 571 960 646 plenissime
986 583 1049 628 ac
1083 569 1318 628 breviter
1350 568 1661 641 explicavit.
1709 569 1800 625 Sic
1843 571 2095 640 magister
2124 573 2176 634 Α
2202 585 2328 626 num
2357 585 2525 641 genus
2543 569 2774 625 liberare
2800 565 3051 638 dignatus
3067 575 3172 624 est.
3197 563 3390 622 Adhuc
3409 564 3556 623 enim
3585 564 3657 623 de
3681 566 3790 626 illis

513 669 750 738 optimus
777 667 1092 736 frequenter
1114 665 1406 721 admonere
1427 680 1533 721 non
1566 664 1792 730 desinit,
1827 665 1969 735 quod
2001 666 2099 719 ltu-

511 775 672 816 mano
692 760 872 829 generi
897 758 1045 813 novit
1067 757 1423 828 profuturum.
1451 756 1518 811 In
1545 758 1627 812 die
1653 765 1834 813 autem
1857 756 2097 812 laetitiam

513 851 803 921 signiﬁcat,
826 859 873 904 et
901 858 1046 903 nocte
1069 851 1447 904 adversitatem
1472 849 1740 915 declarat;
1762 860 1817 904 ut
1845 849 2095 920 quoniam

510 953 797 1012 utrumque
830 953 1042 1013 tempus
1075 942 1364 998 humanam
1385 944 1550 997 vitam
1590 943 1982 1013 complectitur,
2012 941 2100 1011 ju-

513 1033 650 1106 giter
671 1049 732 1089 se
752 1033 820 1089 ad
841 1034 1129 1088 Dominum
1178 1034 1427 1088 clamasse
1448 1035 1767 1090 declararet.

584 1125 736 1182 Vers.
769 1126 824 1180 2.
849 1125 1017 1181 Intret
1031 1127 1196 1181 oratio
1224 1143 1337 1181 mea
1363 1127 1418 1182 in
1448 1135 1725 1196 conspectu
1744 1137 1832 1180 tuo
1856 1142 1875 1182 :
1903 1125 2100 1182 inclina

509 1233 690 1274 utrem
718 1227 859 1272 tuam
879 1219 946 1272 ad
973 1235 1171 1290 precem
1192 1235 1381 1287 meam,
1416 1218 1653 1273 Domine.
1706 1218 1890 1290 Magna
1927 1219 2099 1274 virtus

487 1311 603 1369 iis
637 1311 1014 1368 sincerissima:
1054 1313 1320 1369 orationis
1356 1313 1701 1377 ostenditur;
1730 1319 1786 1366 ut
1816 1311 1978 1368 verba
2008 1327 2100 1368 ve-

509 1411 659 1466 racia
679 1426 782 1464 nou
816 1411 869 1465 in
898 1425 1056 1466 auras
1077 1421 1263 1466 tenues
1285 1410 1639 1479 dissipentur,
1659 1408 1754 1464 sed
1773 1408 1926 1479 quasi
1952 1423 2101 1478 quaa-

510 1503 634 1558 dam
661 1517 890 1574 persona
920 1505 988 1560 ad
1013 1513 1356 1573 conspectum
1411 1502 1622 1558 Domini
1670 1503 1895 1558 introire
1920 1501 2099 1558 videa-

511 1603 622 1665 tur,
669 1606 722 1652 et
755 1597 1064 1652 mandatum
1105 1612 1242 1667 opus
1270 1612 1455 1667 agere,
1484 1611 1590 1666 quo
1619 1612 1745 1652 caro
1770 1604 1951 1651 nostra
1989 1610 2097 1650 non

511 1687 977 1756 valetpervenire.
1004 1686 1232 1741 Inclinat
1257 1697 1435 1743 autem
1456 1705 1632 1742 aurem
1653 1702 1803 1743 suam
1824 1687 2096 1754 Dominus,

517 1793 641 1833 cum
682 1779 998 1834 misericors
1021 1778 1274 1849 dignatur
1301 1781 1521 1850 audire,
1555 1795 1662 1835 non
1707 1796 1772 1835 ex
1806 1789 1958 1849 parte
1977 1794 2101 1835 cor-

511 1869 768 1938 pulentia:
789 1884 925 1936 suae,
948 1884 1109 1938 quam
1134 1886 1256 1926 eum
1279 1871 1835 1942 frequentcrdiximus
1873 1887 1980 1927 non
2003 1871 2098 1926 ha-

511 1962 667 2028 bere,
697 1962 790 2017 sed
816 1962 1029 2017 virtutis
1059 1979 1170 2020 sua:
1192 1965 1505 2035 operatione
1535 1965 1788 2020 mirabili.

583 2053 740 2108 Vers.
769 2055 822 2109 5.
857 2053 994 2119 Quia
1015 2057 1211 2126 repleta
1237 2066 1311 2111 est
1343 2057 1494 2112 malis
1544 2059 1720 2114 anima
1754 2075 1890 2127 mea,
1922 2069 1970 2114 ct
1996 2059 2102 2114 vita

509 2161 626 2200 mea
653 2147 708 2200 in
736 2147 940 2218 inferno
966 2150 1314 2220 appropiavit.
1343 2150 1806 2207 Considerandum
1830 2159 1914 2208 est
1941 2153 2106 2224 296

509 2241 655 2310 quod
680 2256 819 2297 novo
876 2242 1035 2297 modo
1061 2242 1182 2298 ideo
1212 2257 1270 2299 se
1312 2245 1544 2314 postulat
1592 2245 1789 2312 audiri,
1845 2247 2100 2317 quoniam

507 2335 737 2387 animam
788 2349 941 2389 suam
995 2335 1149 2390 malis
1196 2335 1324 2391 dicit
1375 2351 1500 2394 esse
1549 2339 1912 2409 completam;
1948 2339 2101 2394 malis

511 2427 698 2498 utique
727 2443 834 2482 non
863 2429 1006 2496 suis,
1051 2429 1141 2498 qui
1186 2439 1408 2497 peccata
1437 2445 1543 2484 non
1595 2430 1802 2497 habuit,
1839 2431 1935 2486 sed
1967 2431 2103 2487 deli-

508 2520 610 2576 ctis
651 2520 834 2574 mundi
864 2520 1057 2590 quibus
1089 2522 1370 2577 laborabat
1411 2523 1733 2578 humanitas.
1779 2523 1905 2578 llrec
1953 2525 2097 2578 enim

507 2610 630 2680 pius
669 2611 953 2666 miserator
1000 2612 1066 2666 ad
1117 2614 1311 2670 animae
1361 2629 1471 2670 sua:
1503 2615 1809 2670 molestiam
1838 2624 2095 2684 traxerat,

507 2705 636 2759 dum
685 2705 936 2760 omnibus
989 2705 1347 2774 condolebat,
1407 2711 1544 2764 sicut
1607 2717 1664 2764 et
1708 2709 1763 2764 in
1823 2709 2096 2781 trigesimo

505 2807 700 2867 quarto
723 2798 930 2868 psalmo
957 2797 1134 2855 dixit:
1165 2799 1532 2857 Retribuebant
1564 2803 1692 2857 mihi
1722 2805 1861 2857 mala
1891 2819 1984 2876 pro
2007 2803 2097 2857 bo-

503 2889 602 2955 nis,
636 2890 951 2945 sterilitatem
996 2893 1186 2946 animle
1233 2909 1359 2949 mea:
1387 2893 1562 2966 (Psal.
1592 2910 1776 2962 xxxw,
1810 2894 1933 2965 12);
1987 2911 2094 2951 non

505 2983 629 3052 quia
660 2983 772 3052 ipse
791 2984 994 3040 sterilis
1019 2995 1155 3052 erat,
1199 2987 1294 3042 sed
1321 2988 1443 3058 quia
1477 2987 1544 3042 de
1563 2988 1778 3044 illorum
1809 2988 2095 3044 increduli-

505 3079 613 3125 tate
643 3087 701 3126 se
726 3075 1043 3140 perhibebat
1074 3091 1197 3132 esse
1222 3077 1488 3148 jejunum.
1523 3079 1712 3135 Potest
1745 3089 1800 3135 et
1840 3079 1906 3135 ad
1936 3080 2094 3150 hujus

505 3163 778 3233 propriam
833 3167 1112 3222 tristitiam
1151 3169 1312 3235 trahi,
1357 3172 1401 3224 si
1462 3171 1564 3225 hoc
1623 3172 1844 3227 verbum
1876 3173 1940 3226 ad
1976 3173 2094 3229 illas

503 3253 823 3322 iniquitates
852 3255 1081 3324 referas,
1105 3272 1241 3328 quas
1269 3258 1321 3314 ei
1345 3258 1602 3316 Judaicus
1633 3261 1860 3332 populus
1898 3263 2095 3320 infere-

2127 1971 2182 2036 B

2204 663 2511 720 vanissimis
2536 662 2687 731 dicit,
2718 661 2808 732 qui
2837 661 3097 732 putabant
3126 660 3412 717 Dominum
3441 659 3632 718 lancea
3667 661 3790 718 vul-

2204 766 2484 826 neratum,
2541 756 2776 812 occisum
2817 755 3020 826 pariter
3063 763 3120 810 et
3172 754 3463 825 sepultum,
3507 755 3590 812 sic
3636 755 3794 826 quasi

2205 866 2367 907 unum
2397 866 2462 908 ex
2502 851 2810 907 hominibus
2833 851 3112 908 sceleratis
3139 850 3463 922 generaliter
3487 850 3792 910 transiisse.

2205 945 2311 1002 Sed
2339 944 2402 999 ad
2436 943 2818 1001 discretionem
2849 959 3002 999 suam
3032 942 3258 1011 addidit,
3291 958 3514 1014 quorum
3553 959 3659 998 non
3683 959 3795 998 me-

2207 1039 2402 1092 ministi
2453 1038 2681 1107 amplius
2699 1080 2713 1106 ,
2738 1038 2791 1092 id
2820 1047 2906 1094 est
2931 1037 2999 1093 de
3016 1038 3207 1108 quibus
3235 1051 3342 1092 non
3374 1036 3541 1094 habes
3569 1051 3794 1105 curam;

2203 1131 2456 1201 quoniam
2495 1129 2730 1200 peccatis
2755 1128 3075 1184 facientibus
3102 1145 3133 1184 a
3183 1137 3236 1185 te
3263 1128 3564 1186 redduntur
3605 1130 3797 1187 alicui.

2203 1219 2356 1288 Quod
2380 1221 2541 1275 etiam
2596 1221 2650 1275 in
2681 1218 2792 1274 alio
2821 1220 3030 1290 psalmo
3081 1219 3150 1274 de
3201 1219 3382 1291 impiis
3424 1219 3597 1278 dicit:
3626 1219 3801 1276 Periit

2202 1311 2451 1364 memoria
2479 1326 2659 1364 eorum
2687 1326 2803 1364 cum
2823 1310 2995 1365 sonitu
3025 1308 3200 1380 (Psal.
3230 1325 3307 1378 ts,
3335 1310 3417 1381 8).
3460 1309 3710 1378 Addidit,
3755 1321 3802 1367 et

2203 1402 2304 1473 ipsi
2330 1402 2394 1456 de
2440 1417 2593 1456 manu
2622 1410 2712 1456 tua
2753 1401 2958 1472 expulsi
2985 1409 3126 1456 sunt.
3161 1399 3317 1456 Justa
3353 1399 3597 1458 redditur
3635 1414 3800 1472 pana

2204 1494 2488 1565 proterviae
2513 1513 2527 1562 ;
2561 1503 2620 1550 ut
2649 1495 2738 1566 qui
2763 1494 3049 1550 Dominum
3081 1494 3357 1551 Christum
3384 1495 3497 1551 sine
3521 1497 3802 1570 adjutorio

2206 1585 2510 1641 Divinitatis
2538 1601 2660 1642 esse
2688 1595 3031 1657 putaverant,
3065 1586 3171 1657 ipsi
3196 1603 3230 1642 a
3253 1604 3412 1643 manu
3435 1588 3650 1645 Domini
3678 1604 3800 1660 pro-

2207 1675 2464 1732 barentur
2485 1676 2709 1748 expulsi,
2733 1677 2860 1733 dum
2891 1693 2924 1733 a
2950 1677 3340 1749 gubernatione
3386 1679 3504 1750 ejus
3555 1681 3801 1751 peccatis

2208 1766 2530 1824 facientibus
2559 1769 2922 1824 reddebantur
2951 1779 3214 1827 extorres.

2277 1859 2433 1917 Vers.
2457 1860 2512 1916 6.
2542 1859 2840 1918 Posuerunt
2864 1879 2944 1918 me
2963 1864 3018 1918 in
3043 1864 3159 1919 lacu
3178 1865 3417 1936 inferiori
3440 1883 3462 1924 :
3485 1869 3542 1924 in
3571 1870 3802 1927 tenebris

2207 1954 2362 2026 [mss.
2397 1954 2490 2024 G.,
2514 1954 2580 2025 F,
2612 1956 2669 2010 in
2696 1955 2998 2030 tenebrosis]
3022 1958 3146 2012 etin
3167 1959 3354 2014 umbra
3373 1962 3576 2018 mortis.
3603 1961 3802 2020 Adhuc

2207 2048 2596 2105 aestimationes
2625 2048 2933 2106 referuntur
2973 2050 3306 2109 dementium
3332 2053 3668 2111 Judaei-um.
3695 2054 3803 2110 La-

2206 2161 2296 2200 cus
2323 2145 2468 2201 enim
2505 2153 2560 2201 et
2601 2159 2698 2213 pro
2748 2145 2960 2202 inferno
3009 2145 3249 2217 ponitur,
3272 2156 3329 2204 et
3359 2161 3460 2217 pro
3511 2150 3801 2220 sepultura

2205 2237 2502 2305 foveali,et
2523 2252 2619 2307 pro
2651 2236 2838 2293 mundi
2885 2237 3041 2294 istius
3090 2238 3509 2308 profundissima
3569 2239 3801 2298 calami-

2205 2338 2316 2386 tate
2352 2332 2600 2386 sentitur.
2655 2330 2808 2398 Quod
2857 2329 2945 2387 hic
2999 2331 3172 2388 voluit
3203 2333 3466 2405 intelligi,
3497 2333 3625 2404 quia
3667 2349 3802 2394 eum

2204 2433 2577 2492 persecutores
2609 2423 2694 2478 sui
2727 2423 2779 2479 in
2801 2425 3010 2495 abjecta
3036 2425 3230 2482 mortis
3260 2425 3574 2484 conditione
3591 2442 3798 2499 posue-

2203 2523 2360 2581 runt;
2393 2523 2456 2570 ut
2487 2516 2730 2586 quamvis
2775 2515 2972 2586 injuste
3019 2517 3312 2587 probarent
3348 2527 3644 2588 mortuum,
3683 2537 3796 2582 non

2203 2606 2488 2662 crederent
2523 2607 2924 2664 vindicandum.
2958 2609 3023 2664 In
3047 2609 3284 2678 tenebris,
3308 2609 3362 2665 id
3385 2619 3469 2666 cst
3506 2611 3611 2668 sub
3649 2613 3795 2670 obli—

2203 2691 2376 2754 vionis
2401 2701 2644 2756 caecitate
2671 2699 2984 2757 derelictum
3021 2712 3186 2775 atque
3219 2703 3592 2776 praeteritum,
3623 2720 3786 2776 quem

2201 2807 2361 2848 nemo
2401 2794 2738 2864 requireret,
2789 2811 2948 2852 nemo
2975 2796 3231 2853 salvaret.
3261 2795 3330 2852 In
3359 2799 3542 2854 umbra
3581 2796 3786 2870 mortis,
3823 2871 3830 2880 ς

2200 2893 2541 2955 peccatorum
2567 2884 2769 2942 indicat
2798 2887 2975 2944 locum
2998 2932 3014 2956 ,
3047 2889 3172 2960 quia
3193 2903 3340 2944 mors
3361 2889 3792 2961 delinquentium

2201 2976 2482 3032 umbrosos
2509 2991 2574 3032 ac
2601 2978 2918 3035 tenebrosos
2944 2980 3143 3050 patitur
3167 2995 3372 3050 manes,
3394 2979 3522 3037 dum
3548 2982 3630 3040 eis
3657 2997 3792 3054 gau-

2199 3067 2344 3125 dium
2378 3085 2483 3126 non
2518 3071 2744 3141 relucet,
2778 3072 2869 3144 qui
2901 3082 3157 3145 perpetua
3187 3074 3424 3130 tristitiae
3451 3090 3564 3131 sua:
3592 3068 3790 3132 obscu-

2199 3161 2358 3218 ritate
2386 3163 2620 3220 demersi
2647 3173 2795 3220 sunt.
2829 3163 3022 3220 Umbra
3051 3180 3181 3222 vero
3211 3166 3422 3237 ponitur
3445 3174 3503 3224 et
3541 3167 3599 3223 in
3621 3167 3790 3238 bono,

2197 3263 2258 3310 ut
2285 3265 2367 3312 est
2417 3257 2578 3312 illud:
2609 3257 2718 3312 Sub
2757 3257 2939 3313 umbra
2983 3258 3188 3314 alarum
3229 3268 3434 3315 tuarum
3473 3260 3645 3332 (Psal.
3674 3276 3787 3331 xu,

503 3345 618 3401 bat.
644 3347 923 3418 Sequitur,
948 3363 995 3404 et
1013 3352 1119 3405 vita
1142 3369 1255 3407 mea
1282 3355 1486 3424 inferno
1509 3357 1857 3429 appropiavit.
1891 3357 2002 3414 Hoc
2024 3359 2091 3415 ad
2118 3365 2166 3430 (Ξ
2197 3347 2276 3418 9);
2305 3356 2360 3403 el
2383 3349 2511 3405 alibi
2536 3367 2549 3403 ε
2601 3347 2839 3406 Vivent”
2863 3350 2919 3405 δη
2948 3351 3128 3405 umbra
3156 3355 3266 3420 εἱαε
3295 3350 3514 3423 (77mm-
3561 3369 3639 3420 Π.
3667 3353 3786 3425 20)-

504 3449 721 3510 tempus
747 3441 999 3513 gloriosa:
1031 3446 1264 3514 pertinet
1297 3448 1564 3516 passionis
1592 3466 1607 3516 ;
1663 3449 1804 3505 sicut
1831 3451 1886 3506 in
1920 3449 2092 3508 Evan~

499 3533 641 3604 gelio
673 3533 837 3590 dicit:
871 3535 1050 3592 Tristis
1099 3547 1175 3593 est
1223 3539 1395 3595 anima
1438 3558 1550 3596 mea
1589 3558 1748 3614 usque
1772 3545 1842 3598 ad
1871 3553 2090 3601 mortem

501 3623 724 3695 (Matth.
753 3642 895 3693 xxvi,
929 3628 1044 3700 38).
1073 3629 1204 3685 Nam
1249 3640 1469 3702 propter
1492 3649 1592 3690 nos
1618 3635 1810 3705 doluit,
1843 3645 1900 3694 et
1940 3652 2087 3695 mor-

501 3723 610 3772 tem
641 3727 880 3774 nostram
914 3731 1132 3792 pr0pler
1159 3738 1257 3779 nos
1282 3727 1518 3797 excepit.

567 3807 724 3866 Vers.
759 3813 812 3867 4.
844 3809 1158 3870 ίΕειὶηιαιιιε
1176 3833 1286 3870 sum
1307 3834 1424 3872 cum
1443 3819 1867 3878 descendentibus
1910 3824 1965 3880 in
2005 3827 2088 3882 la-

461 3981 463 3983 ,
498 3903 842 3974 cum:factus
872 3922 984 3960 sum
1028 3909 1160 3962 sicut
1206 3911 1357 3965 homo
1397 3913 1506 3966 sine
1552 3914 1838 3982 adiutorio.
1895 3917 2088 3989 Culpat

496 4005 592 4047 eos
615 3994 706 4064 qui
750 3995 1008 4064 putabant
1047 4013 1169 4053 eum
1203 4010 1475 4056 mortuum
1508 4002 1674 4059 fuisse
1703 4007 2085 4063 communiter.

494 4083 626 4150 Quae
677 4087 843 4158 ﬁgura
886 4088 1083 4146 dicitur
1111 4092 1400 4162 parabola,
1439 4095 1491 4150 id
1533 4106 1616 4152 est
1657 4112 1838 4153 rerum
1887 4115 2088 4169 genere

492 4173 830 4234 dissimilium
883 4186 1234 4254 comparatio.
1292 4187 1512 4242 Multum
1572 4184 2089 4263 enim'discrepans

492 4268 614 4336 fuit,
643 4269 787 4326 illam
815 4274 1144 4343 singularem
1171 4287 1225 4332 et
1273 4279 1573 4336 mirabilem
1621 4282 1930 4351 passionem
1971 4299 2090 4341 mo-

493 4363 760 4420 rientibus
789 4366 1009 4437 reliquis
1037 4369 1345 4428 hominibus
1376 4387 1711 4444 comparare.
1747 4377 1900 4445 Quod
1931 4379 2086 4435 sche-

489 4469 579 4511 ma
621 4457 818 4514 multos
873 4473 1064 4516 versus
1132 4462 1414 4520 inferiores
1463 4467 1829 4536 amplectitur.
1891 4470 2087 4525 Lacum

489 4551 634 4606 enim
658 4550 792 4606 dixit
822 4551 908 4608 vel
937 4554 1170 4624 sepulcri
1196 4555 1393 4623 locum,
1422 4558 1506 4614 vel
1536 4558 1734 4616 inferni
1765 4562 2084 4619 altissimam

487 4640 930 4711 profunditatem.
963 4642 1240 4715 Sequitur,
1282 4649 1452 4717 factus
1475 4666 1588 4704 sum
1633 4653 1768 4706 sicut
1796 4653 1945 4708 homo
1980 4655 2086 4710 sine

2198 3443 2268 3498 Et
2293 3442 2415 3499 ideo
2439 3458 2535 3514 pro
2551 3444 2807 3500 locorum
2834 3445 3092 3516 qualitate
3110 3443 3337 3502 verbum
3359 3444 3467 3503 boc
3490 3445 3785 3506 multifaria

2195 3538 2588 3610 signiﬁcatione
2619 3539 2878 3596 variatur.

2267 3631 2424 3686 Vcrs.
2455 3631 2506 3687 7.
2535 3629 2602 3686 In
2623 3648 2702 3686 me
2738 3633 3044 3703 confirmata
3062 3641 3138 3689 est
3159 3634 3240 3689 ira
3269 3642 3384 3702 tua,
3405 3643 3455 3688 et
3480 3649 3658 3690 omnes
3679 3633 3780 3690 cla.

2194 3725 2358 3780 tiones
2383 3733 2496 3780 tuas
2513 3741 2666 3795 super
2687 3741 2766 3782 me
2791 3725 3060 3781 induxisti.
3101 3725 3190 3784 Sic
3217 3726 3475 3798 putabant
3503 3727 3585 3783 illi
3617 3728 3708 3800 qui
3731 3727 3783 3786 in

2193 3834 2346 3878 suam
2387 3819 2677 3890 perniciem
2743 3821 2920 3890 potius
2963 3821 3259 3892 praevalere
3302 3823 3557 3892 permissi
3610 3833 3779 3892 sunt,

2193 3910 2318 3982 quia
2334 3925 2429 3981 per
2468 3911 2602 3966 iram
2634 3911 2732 3968 Dei
2758 3911 2916 3968 Jesus
2945 3912 3191 3970 Christus
3219 3913 3286 3968 ad
3325 3913 3604 3970 Passionis
3632 3913 3782 3984 peri-

2193 4002 2309 4058 cula
2342 4004 2718 4074 pervenisset;
2749 4005 2887 4060 sicut
2915 4006 3247 4076 evangelista
3273 4005 3483 4063 dixisse
3511 4005 3780 4064 inﬁdelem

2193 4095 2447 4165 populum
2472 4095 2676 4150 refert:
2714 4093 2922 4166 Eripiat
2951 4114 3066 4152 eum
3114 4097 3159 4152 si
3199 4097 3307 4153 vult
3343 4096 3563 4167 (Matth.
3608 4110 3782 4167 amt,

2191 4187 2308 4260 43).
2345 4189 2619 4258 Sequitur,
2656 4199 2704 4242 et
2731 4205 2906 4246 omnes
2936 4191 3182 4246 elationes
3207 4201 3323 4246 tuas
3346 4207 3501 4263 super
3522 4207 3604 4245 me
3629 4193 3782 4246 indu-

2190 4281 2333 4337 :sisti.
2362 4280 2474 4336 Hoc
2504 4281 2680 4336 adhuc
2706 4281 2904 4337 dicitur
2945 4291 3203 4349 quantum
3231 4281 3300 4338 ad
3327 4281 3778 4340 deliberationem

2191 4376 2450 4447 pertinuit
2473 4374 2730 4431 nefariam
2753 4375 3082 4432 Judzeorum.
3116 4375 3447 4432 Credebatur
3468 4375 3618 4432 enim
3641 4376 3784 4433 Deus

2189 4469 2456 4523 induxisse
2478 4483 2642 4538 super
2669 4468 2942 4526 Christum
2984 4467 3254 4538 elationes,
3302 4468 3354 4523 id
3401 4477 3487 4524 est
3513 4469 3784 4540 amplissi-

2190 4575 2306 4616 mas
2337 4561 2758 4631 indignationes,
2803 4560 3018 4633 quando
3069 4577 3192 4618 eum
3225 4561 3446 4632 pertulit
3494 4563 3780 4635 crucifigi:

2189 4661 2417 4708 mortem
2449 4653 2590 4708 illam
2625 4663 2872 4723 putantes
2894 4654 3184 4724 pmtialem,
3215 4669 3336 4711 cum
3355 4653 3783 4726 di-pensationis

487 4734 772 4807 adjutorio.
801 4735 1000 4793 Factus
1022 4755 1158 4807 sum,
1191 4741 1328 4810 apud
1351 4757 1445 4798 eos
1474 4745 1680 4802 scilicet
1706 4748 1798 4816 qui
1825 4746 2078 4805 deitatem
2107 4755 2167 4824 p
2189 4745 2306 4816 ejus
2349 4744 2576 4814 gloriam
2609 4759 2716 4800 non
2747 4746 3012 4802 viderent.

487 4827 604 4897 ejus
644 4829 848 4886 insanis
875 4832 1144 4888 mentibus
1189 4849 1296 4890 non
1327 4836 1639 4907 credebant,
1678 4839 1770 4911 qui
1818 4841 2082 4912 putabant

488 4935 612 4977 eum
640 4937 762 4980 cum
791 4925 1014 4996 reliquis
1054 4929 1372 4985 mortalibus
1400 4931 1692 4990 interiisse.

490 5004 492 5008 ’
563 5015 722 5072 Vers.
753 5017 805 5072 5.
840 5016 983 5073 Inter
1017 5029 1248 5076 mortuos
1275 5022 1423 5078 liber.
1471 5025 1622 5080 Sicut
1657 5027 1912 5084 uulnerati
1954 5031 2080 5085 dor-

484 5113 694 5167 mientes
718 5114 932 5184 projecti
951 5115 1005 5169 in
1027 5119 1364 5173 monumentis
1403 5118 1528 5191 [ms.
1560 5123 1646 5188 A.,
1688 5121 1742 5176 in
1776 5122 2076 5196 sepulcris],

481 5219 700 5275 quorum
728 5219 833 5258 non
863 5207 1134 5264 meministi
1170 5211 1434 5279 amplius:
1461 5221 1510 5266 et
1536 5212 1639 5283 ipsi
1673 5214 1736 5267 de
1779 5229 1938 5268 manu
1982 5227 2074 5270 tua

481 5295 688 5365 expulsi
702 5303 843 5352 sunt.
865 5295 963 5354 ilic
976 5300 1285 5369 specialiter
1311 5301 1556 5372 designat
1568 5317 1853 5374 personam
1876 5320 2028 5363 suam
2053 5324 2070 5375 ;

481 5387 630 5442 solus
657 5388 800 5444 enim
829 5389 964 5445 inter
985 5402 1216 5450 mortuos
1243 5396 1368 5450 liber
1408 5396 1532 5466 fuit,
1570 5398 1661 5468 qui
1699 5397 1815 5468 ipsa
1856 5413 2072 5469 quoque

479 5482 672 5538 mortis
693 5483 926 5540 claustra
954 5486 1234 5558 confregit.
1259 5488 1430 5558 Ipsius
1472 5489 1615 5546 enim
1675 5500 1880 5547 tantum
1925 5507 2072 5549 mors

477 5575 675 5644 libera,
707 5580 829 5650 quia
851 5588 908 5636 et
930 5579 1230 5636 voluntaria
1259 5580 1378 5649 fuit,
1406 5585 1496 5654 qui
1515 5591 1814 5656 potestatem
1846 5585 2070 5642 habebat

476 5670 700 5741 ponendi
723 5671 955 5725 animam
981 5687 1130 5727 suam
1158 5680 1207 5727 et
1248 5672 1438 5728 iterum
1471 5677 1706 5732 sumendi
1742 5693 1858 5732 eam
1881 5675 2065 5749 (Joan.

475 5776 538 5830 ι,
571 5763 685 5836 18).
719 5763 826 5820 Sed
856 5779 978 5821 cum
1008 5765 1102 5821 ille
1140 5775 1282 5822 esset
1311 5769 1441 5822 inter
1483 5779 1708 5826 mortuos
1745 5771 1892 5840 liber,
1931 5773 2069 5827 wsti-

474 5866 644 5910 matus
664 5864 738 5910 est
767 5864 947 5913 tamen
970 5873 1000 5914 a
1013 5858 1360 5918 dementibus
1374 5861 1507 5915 sicut
1526 5864 1782 5918 vulnerati
1803 5863 2067 5918 dormien-

473 5951 566 6000 tes.
595 5946 738 6004 Vere
767 5955 944 6004 autem
971 5951 1150 6008 dictus
1180 5960 1263 6008 est
1291 5951 1548 6011 Dominus
1572 5953 1722 6026 liber,
1751 5955 1845 6028 qui
1875 5956 2064 6016 huma-

2261 4836 2414 4894 Vers.
2439 4839 2492 4894 8.
2517 4836 2692 4909 Longe
2711 4839 2877 4910 fecisti
2905 4848 3052 4894 notos
3082 4855 3218 4894 meos
3256 4856 3290 4893 a
3337 4856 3415 4895 me
3439 4854 3460 4895 :
3490 4850 3779 4912 posuerunt

2187 4948 2269 4988 me
2295 4932 2727 4988 abominatiouem
2755 4930 2851 4986 sibi
2875 4947 2894 4986 :
2922 4932 3142 4987 traditus
3179 4948 3314 5001 sum,
3345 4941 3394 4988 et
3421 4949 3528 4989 non
3549 4935 3784 5007 egredie-

2187 5025 2302 5080 bar.
2355 5025 2512 5080 Venit
2559 5023 2625 5079 ad
2673 5023 2965 5081 secundam
3011 5025 3398 5093 narrationem,
3423 5025 3478 5082 in
3524 5042 3633 5098 qua
3683 5043 3785 5098 per

2191 5125 2536 5190 augmentum
2574 5117 2945 5174 molestiarum
2995 5126 3177 5174 actum
3211 5133 3324 5175 sua:
3343 5127 3612 5175 memorat
3654 5135 3780 5190 pas-

2187 5211 2376 5268 sionis.
2400 5210 2533 5266 Nam
2555 5226 2676 5266 cum
2705 5212 2954 5282 superius
2982 5211 3181 5267 dixerit
3208 5219 3617 5283 persecutorum
3648 5228 3784 5269 suo-

2187 5319 2306 5360 rum
2344 5302 2790 5360 nel'andissimum
2839 5312 3236 5374 contemptum,
3287 5317 3431 5359 nunc
3461 5303 3599 5359 dicit
3627 5312 3784 5358 noto-

2187 5412 2305 5450 rum
2357 5394 2498 5467 [ed.,
2532 5393 2876 5466 fugatorum],
2915 5393 3227 5466 significans
3263 5394 3560 5467 apostolos.
3606 5393 3781 5451 Notos

2184 5491 2331 5547 enim
2369 5490 2520 5560 ipsos
2569 5489 2822 5560 appellat,
2854 5489 2950 5560 qui
2994 5504 3119 5546 eum
3171 5490 3474 5563 perspicuis
3523 5487 3781 5546 sensibus

2183 5583 2502 5653 conspicere
2521 5590 2858 5638 meruerunt.
2892 5581 2988 5638 Ille
3011 5582 3159 5638 enim
3183 5595 3372 5639 omnes
3403 5589 3554 5637 notos
3585 5579 3778 5636 habuit

2178 5673 2377 5730 virtute
2401 5673 2697 5730 divinitatis
2722 5688 2833 5731 sua:
2867 5692 2883 5742 ;
2914 5674 3032 5746 ipse
3057 5685 3238 5733 autem
3267 5673 3542 5732 sciebatur
3571 5688 3608 5728 a
3639 5688 3777 5745 pau-

2175 5770 2278 5827 cis.
2313 5768 2403 5825 Isti
2429 5784 2559 5842 ergo
2584 5769 2694 5824 noti
2715 5767 2866 5842 longe
2892 5770 3019 5840 facti
3046 5779 3189 5840 sunt,
3220 5769 3435 5843 quando
3455 5768 3630 5838 ipsius
3651 5781 3776 5840 pas-

2175 5866 2332 5920 sione
2361 5863 2595 5935 dispersi
2633 5871 2791 5931 sunt;
2825 5863 2966 5920 sicut
2995 5864 3190 5936 legitur
3219 5879 3235 5919 :
3261 5861 3564 5920 Percutiam
3597 5869 3775 5935 pasto-

2171 5973 2300 6024 rem,
2331 5965 2376 6012 et
2414 5959 2770 6029 dispergentur
2819 5973 2933 6014 oves
2984 5957 3151 6031 gregis
3205 5955 3390 6030 (Zach.
3439 5970 3559 6028 xm,
3603 5947 3770 6030 7).ln
