4062 6344
285 434 397 494 625

1164 426 1519 485 EXPOSITIO
1560 425 1625 483 IN
1664 423 2121 485 PSALTERIUM.
2163 427 2357 483 PSAL.
2398 427 2707 485 LXXXVII.

3464 432 3573 493 626

285 546 723 606 abominationem
745 555 875 600 vero
898 552 1025 599 tunc
1054 543 1246 613 positus
1277 554 1372 611 est,
1413 543 1624 614 quando
1654 550 1872 612 prteter~
1907 543 2037 604 Aet
2080 544 2304 598 alterum
2353 545 2441 614 qui
2492 546 2735 616 sequitur
2785 543 3008 616 ﬁguram
3055 546 3353 617 emphasim
3400 553 3573 620 ponit,

284 653 481 701 euntes
513 640 705 697 scriba:
732 648 787 695 et
819 638 1070 708 pharisaei
1110 638 1370 693 cruciﬁxo
1415 638 1751 708 imputabant
1794 637 1879 693 di-

288 748 519 795 centes:
553 733 665 789 Valt
688 734 710 788 !
737 735 826 804 qui
851 733 1067 787 destruit
1098 732 1340 803 templum
1363 731 1480 799 Dei,
1495 738 1543 786 et
1572 732 1627 787 in
1656 730 1885 786 triduum

282 833 515 901 aediﬁcat
536 828 670 885 illud
696 827 910 899 (Matth.
943 842 1108 894 xxvn,
1154 827 1269 898 40),
1301 835 1405 882 etc.
1450 825 1724 897 Sequitur,
1772 836 1882 879 tra-

287 929 429 982 ditus
463 941 597 992 sum,
652 930 699 977 et
747 938 849 976 non
888 921 1202 993 egrediebar.
1265 919 1519 975 Mirabilis
1565 918 1885 989 subtilisque

284 1017 581 1075 sententia.
609 1015 857 1071 Paditus
887 1022 1003 1069 esta
1032 1012 1167 1069 Juda
1191 1012 1503 1069 cohortibus
1529 1012 1843 1068 insanorum
1865 1052 1882 1081 ,

223 1103 232 1125 ³
286 1111 386 1168 sed
408 1125 470 1166 se
500 1108 848 1179 permittente
870 1104 1144 1161 detentus.
1190 1104 1456 1161 Sustinuit
1494 1105 1735 1160 inﬁrmas
1765 1117 1883 1158 ma-

288 1218 394 1260 nus
417 1200 831 1272 potentissimus
856 1198 1139 1267 Dominus,
1177 1197 1373 1269 ligatus
1418 1205 1503 1253 est
1531 1196 1762 1253 vinculis
1792 1196 1884 1268 qui

293 1296 418 1352 loco
450 1307 559 1349 non
580 1301 761 1363 potest
785 1290 989 1357 claudi,
1022 1289 1227 1346 audivit
1247 1290 1611 1348 exsecrandas
1637 1290 1880 1360 injurias,

292 1402 454 1460 quem
483 1385 661 1456 angeli
692 1398 814 1440 cum
844 1394 1079 1439 tremore
1108 1383 1438 1439 collaudant.
1498 1383 1885 1438 Verumtamen

291 1495 404 1535 non
432 1486 516 1534 est
540 1490 790 1548 egressus
820 1475 889 1531 de
910 1474 1002 1531 illa
1032 1475 1177 1533 nube
1204 1476 1448 1546 corporis
1474 1476 1577 1543 sui,
1602 1490 1703 1533 nec
1719 1490 1885 1546 appa-

292 1587 421 1629 rere
441 1571 609 1627 voluit
627 1570 751 1641 quid
782 1578 985 1640 posset,
1015 1570 1105 1640 qui
1132 1578 1302 1625 totum
1318 1570 1539 1639 pertulit
1585 1570 1731 1641 quod
1756 1584 1885 1626 cru-

296 1664 503 1722 delitas
531 1662 765 1719 Judaicze
804 1663 1093 1734 pravitatis
1142 1662 1385 1732 ingessit.
1449 1662 1576 1717 Non
1623 1672 1706 1719 est
1741 1663 1885 1719 enim

294 1772 556 1827 egressus,
585 1754 794 1826 quando
824 1756 1048 1812 minime
1088 1755 1217 1827 quid
1247 1754 1569 1826 praevaleret
1624 1755 1881 1813 ostendit.

294 1845 431 1903 Sive
459 1845 528 1903 de
555 1846 801 1902 custodia
829 1846 963 1902 dicit
992 1847 1047 1902 in
1086 1861 1189 1918 qua
1242 1863 1365 1903 eum
1413 1845 1641 1903 Pontius
1682 1846 1884 1904 Pilatus

293 1937 451 2011 quasi
477 1936 750 1993 hominem
780 1938 999 1995 retrusit
1029 1937 1345 1995 invalidum.

370 2031 526 2088 Vers.
558 2032 621 2088 9.
654 2030 803 2086 Oculi
830 2032 931 2087 mei
952 2033 1203 2102 inﬁrmati
1244 2041 1359 2089 sunt
1387 2048 1497 2103 pra’
1518 2033 1717 2105 inapia;
1775 2033 1887 2090 cla-

295 2125 434 2180 mavi
459 2124 627 2191 adﬂe,
653 2122 892 2190 Domine,
939 2134 1044 2179 tota
1081 2125 1166 2179 die
1219 2140 1238 2179 :
1278 2125 1504 2196 expandi
1533 2141 1715 2180 manus
1750 2140 1889 2180 meas

294 2220 367 2276 ad
394 2229 463 2276 te.
481 2219 615 2275 Cum
635 2220 810 2274 oculos
840 2218 1148 2290 corporales
1166 2218 1364 2275 Christi
1393 2218 1602 2276 Domini
1624 2234 1890 2291 nusquam

297 2313 582 2383 inﬁrmatos
608 2312 767 2383 fuisse
795 2311 1107 2383 legerimus,
1128 2314 1299 2370 multo
1329 2314 1502 2385 magis
1531 2328 1632 2372 nec
1664 2314 1890 2370 interio-

297 2419 392 2461 res
420 2405 535 2474 ejus
557 2412 852 2476 :egrotasse
891 2406 1112 2475 putandi
1139 2416 1289 2476 sunt,
1317 2408 1409 2478 qui
1446 2422 1663 2478 semper
1684 2406 1887 2465 sancti—

296 2504 409 2551 tate
443 2495 766 2551 micuerunt.
796 2493 983 2552 Bestat
1025 2505 1083 2551 ut
1133 2498 1310 2553 oculos
1378 2495 1579 2554 Christi
1618 2498 1894 2569 apostolos

294 2588 596 2659 intelligere
621 2587 930 2655 debeamus,
960 2588 1053 2660 qui
1096 2590 1148 2645 in
1174 2604 1400 2661 corpore
1420 2591 1562 2662 ejus,
1617 2590 1671 2646 id
1712 2600 1796 2647 est
1835 2589 1892 2646 in

295 2680 572 2751 Ecclesia,
602 2690 852 2752 tanquam
876 2682 1017 2738 oculi
1045 2682 1251 2739 caelesti
1269 2683 1472 2740 lumine
1497 2683 1800 2754 viguerunt.
1824 2681 1891 2738 lli

296 2781 488 2829 tamen
510 2773 754 2843 inﬁrmati
780 2779 898 2829 sunt
922 2790 1031 2845 pne
1054 2774 1233 2843 inapia
1256 2816 1271 2841 ,
1314 2774 1437 2845 quia
1467 2774 1696 2831 necdum
1735 2787 1892 2829 acce-

252 2884 274 2907 ο
297 2876 501 2939 perant
526 2866 780 2937 Spiritum
812 2878 1081 2937 sanctum,
1113 2884 1218 2939 quo
1247 2868 1537 2925 confortati
1571 2876 1754 2938 postea
1774 2868 1895 2923 nul-

298 2957 520 3015 latenus
550 2959 784 3015 humana
844 2969 1112 3017 tormenta
1155 2961 1478 3017 timuerunt.
1528 2960 1719 3032 Inopia
1750 2960 1897 3017 enirn

300 3051 507 3111 dicitur
561 3053 887 3124 ccontrario,
956 3054 1051 3109 ubi
1096 3054 1241 3110 nulla
1290 3064 1374 3110 est
1422 3055 1597 3125 copia.
1644 3053 1898 3111 Additum

300 3147 464 3220 297
496 3152 598 3214 est,
626 3144 843 3200 clamavi
889 3146 957 3200 ad
995 3156 1062 3213 te,
1096 3147 1343 3216 Domine,
1391 3157 1496 3202 tota
1531 3148 1633 3202 die.
1664 3148 1760 3202 Hie
1787 3147 1899 3202 dis-

300 3237 492 3293 tinctio
543 3237 789 3307 ponenda
828 3248 932 3306 est,
983 3247 1041 3294 ut
1069 3239 1170 3296 ista
1216 3240 1547 3297 continuatio
1588 3241 1750 3296 totius
1793 3240 1900 3297 diei

1990 638 2144 707 cujus
2176 637 2267 691 illa
2298 652 2422 709 pars
2451 639 2539 694 hic
2564 640 2911 712 intelligenda
2936 648 3039 712 est,
3068 657 3187 713 quae
3213 642 3418 699 adverti
3450 644 3579 700 facit

1987 732 2040 787 id
2062 732 2203 803 quod
2224 748 2330 787 non
2353 732 2501 789 dicit.
2524 734 2610 789 Ait
2633 736 2807 791 enim:
2840 736 3091 809 Nunquid
3111 739 3370 793 enarrabit
3387 738 3577 809 aliquis

1985 824 2041 879 in
2069 824 2304 895 sepulcro
2332 826 2741 881 misericordiam
2771 836 2910 882 tuam
2934 829 2957 881 ?
2983 828 3097 884 Hoc
3120 830 3365 899 negative
3395 829 3581 899 legen-

1987 917 2116 973 dum
2142 926 2247 985 est,
2297 927 2356 975 ut
2384 918 2516 975 illud
2558 921 2723 990 possit
2752 921 2994 993 intelligi,
3038 924 3163 993 quia
3190 922 3301 978 vivi
3333 921 3579 982 homines

1987 1019 2042 1066 et
2082 1009 2266 1067 ﬁdeles
2314 1012 2746 1069 misericordiam
2794 1014 2910 1084 ejus
2960 1030 3181 1072 narrare
3228 1024 3578 1073 consuerunt.

1990 1103 2307 1174 Sepulcrum
2331 1108 2473 1161 enim
2500 1105 2766 1178 signiﬁcat
2794 1106 3088 1162 inﬁdelium
3113 1117 3343 1176 mentes,
3369 1110 3436 1165 de
3463 1109 3581 1180 qui-

1987 1195 2087 1252 bus
2117 1211 2279 1267 supra
2304 1197 2502 1253 dictum
2535 1209 2617 1255 est
2663 1218 2678 1255 :
2729 1199 3040 1271 Sepulcrum
3085 1212 3264 1270 patens
3301 1210 3374 1257 est
3402 1208 3582 1272 guttur

1988 1304 2162 1343 eorum
2208 1288 2382 1360 (Psal.
2414 1304 2467 1356 v,
2510 1290 2625 1361 11).
2669 1292 2737 1346 Et
2779 1291 2973 1348 merito
3025 1292 3319 1363 sepulcrum
3359 1293 3577 1360 dicitur,

1988 1380 2080 1435 ubi
2109 1381 2285 1436 anima
2327 1385 2566 1452 peccatis
2596 1394 2809 1439 mortua
2840 1387 3187 1451 continetur;
3242 1385 3293 1441 id
3321 1394 3424 1455 est,
3460 1386 3583 1441 illos

1987 1473 2104 1528 vult
2144 1473 2375 1545 intelligi
2402 1474 2495 1546 qui
2539 1491 2644 1531 non
2688 1485 2813 1532 sunt
2840 1477 3067 1533 Domino
3108 1477 3407 1544 credituri;
3458 1477 3585 1548 quia

1988 1565 2167 1621 nullus
2213 1565 2293 1621 eis
2340 1567 2765 1623 misericordiam
2796 1568 3012 1625 Domini
3055 1569 3267 1624 videtur
3311 1584 3583 1639 narrasse,

1990 1668 2153 1725 quam
2194 1670 2302 1710 non
2343 1656 2632 1712 voluerunt
2672 1657 2865 1714 devota
2894 1667 3074 1715 mente
3104 1646 3419 1730 percipere.
3470 1660 3588 1716 lllic

1988 1745 2135 1802 enim
2160 1746 2470 1815 provenisse
2496 1748 2724 1805 dicimus
2754 1758 2957 1818 actum,
2990 1750 3079 1806 ubi
3104 1750 3337 1821 aliquem
3360 1752 3587 1810 audiens

1990 1845 2213 1908 praestat
2248 1837 2493 1895 eﬁ‘ectum
2526 1839 2659 1914 [ed.,
2700 1841 2991 1914 allectum].
3041 1842 3173 1899 Tale
3214 1854 3297 1900 est
3344 1854 3396 1901 et
3441 1846 3589 1902 istud

1920 1926 1972 1989 Β
1996 1932 2137 2001 quod
2167 1932 2428 2001 sequitur,
2456 1942 2546 1987 aut
2574 1934 2830 1988 veritatem
2862 1947 3003 1989 tuam
3028 1936 3081 1991 in
3107 1937 3429 2008 perditione;
3464 1939 3589 2009 quia
3688 1936 3691 1941 ’

1996 2040 2157 2082 nemo
2204 2034 2421 2097 putatur
2462 2028 2742 2083 veritatem
2789 2028 3012 2098 dixisse,
3064 2046 3226 2101 quam
3263 2030 3474 2086 videtur
3496 2048 3591 2089 ne-

1997 2119 2205 2191 gligens
2231 2121 2528 2189 praeterire.
2584 2119 2816 2177 Perditio
2841 2123 3037 2194 quippe
3065 2124 3205 2195 justc
3250 2134 3436 2179 vocata
3481 2134 3586 2196 est,

1995 2214 2089 2270 ubi
2115 2213 2313 2270 veritas
2338 2230 2443 2270 non
2466 2215 2784 2285 admittitur,
2822 2217 2917 2273 sed
2938 2219 3056 2275 sola
3087 2220 3377 2276 obstinatio
3409 2230 3591 2279 custoo

1996 2304 2163 2361 ditur.

2073 2398 2229 2454 Vers.
2264 2398 2351 2453 12.
2396 2400 2647 2472 Nunquid
2690 2411 3055 2473 cognoscentur
3097 2403 3150 2457 in
3188 2405 3403 2458 tenebris
3434 2404 3592 2459 mira-

2000 2491 2128 2547 bilia
2177 2502 2287 2561 tua,
2344 2503 2435 2548 aut
2483 2495 2679 2566 iustitia
2716 2503 2804 2549 tua
2848 2496 2901 2549 in
2946 2505 3082 2551 terra
3120 2496 3435 2552 oblivionis?
3483 2498 3593 2555 Sub

2001 2585 2197 2642 eodem
2246 2585 2438 2642 ordine
2476 2587 2697 2642 variatis
2749 2587 3088 2643 sermonibus
3139 2599 3329 2644 cuncta
3370 2588 3594 2645 descen-

2003 2676 2180 2743 dunt;
2222 2687 2281 2733 ut
2310 2678 2556 2749 negando
2605 2694 2725 2749 qua:
2759 2695 2863 2734 non
2911 2689 3062 2747 sunt,
3108 2683 3411 2738 ccontrario
3463 2698 3594 2738 scn-

2004 2770 2205 2826 tiantur
2234 2771 2324 2826 illa
2363 2786 2482 2841 quae
2510 2780 2655 2827 sunt.
2690 2773 2823 2828 Nam
2854 2775 3108 2829 mirabilia
3137 2774 3348 2830 Domini
3380 2792 3409 2829 a
3441 2784 3590 2831 tene-

2002 2862 2182 2918 brosis
2211 2863 2481 2919 mentibus
2509 2878 2618 2919 non
2656 2864 2924 2931 videntur,
2969 2868 3091 2937 quia
3122 2869 3596 2937 praetermittentes

2004 2954 2175 3011 Deum
2225 2955 2505 3027 sapientiae
2552 2957 2751 3013 lumina
2798 2958 3169 3028 perdiderunt.
3236 2960 3345 3014 Nec
3387 2960 3598 3032 justitia

2005 3048 2125 3119 ejus
2152 3057 2329 3119 potest
2362 3050 2415 3105 in
2458 3058 2670 3107 terrena
2698 3050 2966 3108 oblivione
3003 3054 3282 3123 cognosci,
3334 3052 3388 3108 id
3416 3062 3500 3108 est
3542 3053 3600 3113 in

2006 3142 2254 3211 corporis
2283 3142 2623 3198 crassissima
2659 3143 2922 3211 caecitate,
2955 3159 3075 3213 quae
3104 3143 3363 3213 spiritalia
3391 3144 3600 3202 monita

2006 3233 2230 3302 deserit,
2274 3234 2398 3290 dum
2449 3235 2568 3304 ejus
2595 3234 2867 3292 desideria
2911 3237 3215 3293 carnalibus
3256 3238 3399 3293 vitiis
3438 3254 3599 3296 occu-

299 3328 372 3386 ad
408 3329 728 3396 clamorem,
751 3331 805 3385 id
834 3338 920 3386 est
958 3331 1263 3390 orationem
1293 3341 1349 3389 et
1379 3334 1641 3388 bonorum
1668 3341 1888 3387 actuum
1919 3327 1967 3392 C
2000 3337 2217 3400 pautur.
2273 3327 2543 3383 Memento
2571 3342 2701 3383 vero
2743 3328 2885 3398 quod
2933 3328 3048 3386 lucc
3073 3329 3252 3386 omnia
3292 3329 3413 3385 ideo
3456 3328 3601 3387 dicta

301 3437 524 3494 operam
554 3422 754 3477 debeat
783 3423 1076 3494 pertinere.
1126 3423 1377 3496 Expandi
1414 3441 1599 3479 manus
1642 3440 1779 3479 meas
1824 3422 1892 3477 ad

302 3525 373 3572 te.
399 3514 546 3570 More
572 3529 672 3570 suo
700 3529 894 3585 operas
910 3517 1113 3572 mavult
1136 3518 1385 3589 intelligi,
1416 3532 1549 3588 quas
1567 3518 1721 3575 bonis
1745 3532 1892 3574 sem-

303 3621 403 3679 per
430 3607 641 3662 actibus
672 3606 902 3663 tetendit
933 3608 1000 3662 ad
1030 3608 1484 3666 Dominum.Nam
1519 3610 1563 3666 si
1602 3610 1706 3666 hoc
1744 3610 1893 3665 cruci

304 3700 392 3773 (ut
437 3699 657 3769 quidam
687 3699 898 3771 volunt)
941 3702 1311 3769 putaverimus
1367 3717 1490 3759 esse
1539 3701 1894 3773 jungendum,

304 3808 430 3863 qua:
457 3801 756 3863 sequuntur
782 3792 1111 3847 omnimodis
1130 3794 1537 3862 discrepabunt.

382 3882 533 3937 Vers.
569 3883 658 3937 10.
700 3880 952 3952 Nunquid
981 3885 1197 3937 mortuis
1242 3886 1400 3955 facies
1435 3886 1693 3939 mirabilia
1720 3925 1734 3950 ,
1802 3896 1894 3940 aut

306 3974 493 4029 medici
537 3973 906 4028 resuscitabunt
953 3982 1001 4028 et
1047 3976 1420 4044 confitebuntur
1479 3977 1615 4031 tibi?
1661 3977 1774 4033 lloc
1802 3979 1903 4033 sub

308 4065 599 4135 negatione
644 4064 927 4135 legendum
958 4073 1060 4119 est.
1122 4066 1229 4121 Sed
1278 4068 1719 4136 perscrutandum
1757 4068 1902 4139 quod

311 4156 452 4213 dicit
484 4175 499 4210 :
531 4155 749 4211 Mortuis
780 4173 883 4211 non
912 4158 1068 4227 facies
1094 4158 1373 4226 mirabilia,
1411 4159 1539 4214 dum
1582 4169 1789 4215 constet
1818 4175 1906 4215 re-

307 4248 603 4304 snscitatos
629 4248 959 4305 innumeros.
1017 4249 1125 4305 Sed
1152 4253 1386 4320 mortuis,
1439 4252 1491 4306 id
1522 4260 1605 4307 est
1648 4268 1755 4306 non
1788 4268 1907 4309 cre-

308 4342 567 4398 dentibus
596 4343 853 4399 mirabilia
874 4359 1212 4414 nequaquam
1243 4344 1384 4415 fecit,
1414 4344 1542 4399 dum
1571 4360 1665 4401 eos
1692 4345 1757 4401 ad
1784 4362 1908 4403 con-

310 4436 621 4491 versionem
682 4436 982 4507 perducere
1037 4450 1142 4490 non
1202 4436 1374 4506 potuit
1439 4436 1729 4492 inﬁdelitas
1785 4453 1903 4495 sua.

313 4527 586 4584 Mirabilia
624 4529 767 4584 enim
800 4528 907 4584 illis
949 4528 1102 4594 ﬁunt,
1154 4528 1245 4598 qui
1277 4528 1537 4599 magnalia
1569 4528 1779 4583 Domini
1808 4529 1910 4585 sub

308 4620 631 4676 credulitate
659 4620 1014 4690 conspiciunt.
1050 4620 1324 4690 Sequitur,
1358 4629 1448 4674 aut
1477 4622 1661 4675 medici
1692 4622 1913 4677 resusci-

2002 3430 2151 3492 sunt,
2201 3437 2271 3479 ne
2297 3422 2352 3478 in
2381 3422 2594 3478 inferno
2629 3423 2748 3494 ejus
2774 3425 2951 3479 anima
2974 3424 3388 3496 relinqueretur,
3420 3424 3517 3482 sed
3544 3424 3599 3482 ei

2001 3516 2293 3573 celerrima
2356 3516 2687 3573 resurrectio
2753 3517 3101 3587 proveniret;
3176 3528 3440 3589 quatenus
3481 3517 3599 3575 laus

2006 3608 2220 3665 Domini
2252 3624 2347 3680 per
2372 3608 2633 3666 beneﬁcia
2665 3609 2783 3681 ejus
2813 3622 2994 3681 posset
3021 3612 3261 3681 agnosci.

2079 3700 2234 3757 Vers.
2269 3703 2356 3758 15.
2398 3701 2467 3754 Et
2497 3718 2588 3771 ego
2616 3703 2685 3756 ad
2717 3712 2785 3771 te,
2831 3702 3071 3770 Domine,
3100 3704 3317 3758 clamavi
3343 3713 3431 3759 :et
3450 3719 3600 3759 mane

2003 3795 2171 3849 oratio
2202 3810 2317 3849 mea
2343 3796 2613 3865 prtvveniet
2639 3806 2705 3850 te.
2734 3795 2936 3853 Contra
2974 3799 3063 3853 illa
3089 3815 3209 3868 qua:
3241 3801 3487 3870 superius
3512 3801 3601 3855 di-

2005 3892 2093 3939 cta
2144 3893 2289 3952 sunt,
2335 3885 2594 3941 Dominus
2621 3886 2864 3943 Christus
2903 3904 3024 3943 cum
3073 3889 3317 3946 ﬁdelibus
3361 3891 3472 3946 suis
3509 3907 3600 3961 per

2009 3974 2065 4030 id
2096 3976 2240 4045 quod
2271 3985 2674 4034 resurrecturus
2704 3989 2842 4044 erat,
2894 3980 3116 4036 clamare
3144 3997 3205 4038 se
3232 3982 3362 4037 dicit
3387 3984 3457 4036 ad
3490 3983 3599 4038 Do-

2010 4070 2208 4121 minum
2240 4084 2260 4121 :
2300 4083 2627 4123 enumerans
2672 4069 3077 4125 tribulationum
3119 4071 3449 4128 diversarum
3478 4075 3601 4144 glo-

2011 4161 2341 4217 riosissimas
2360 4162 2645 4233 qualitates
2661 4204 2675 4229 ,
2706 4171 2764 4218 ut
2788 4164 2983 4220 talibus
3010 4166 3267 4222 institutis
3290 4172 3601 4227 commoniti

2010 4255 2357 4312 ﬁrmarentur
2378 4257 2560 4327 populi
2590 4257 2776 4328 utique
2796 4257 3111 4317 Christiani.
3145 4260 3384 4319 Dicenda
3412 4264 3555 4320 enim
3585 4282 3600 4318 :

2011 4346 2083 4401 Et
2132 4365 2245 4419 ego,
2300 4348 2565 4419 signiﬁcat
2607 4365 2728 4405 cum
2761 4351 3017 4408 membris
3069 4354 3178 4409 suis
3225 4370 3286 4412 se
3334 4355 3602 4424 clamasse,

2012 4458 2243 4514 quorum
2282 4444 2399 4514 ipse
2427 4454 2587 4514 caput
2615 4454 2698 4501 est
2726 4443 2993 4502 Christus.
3051 4447 3183 4503 Nam
3227 4451 3442 4520 quando
3486 4452 3603 4520 ipse

2013 4538 2203 4591 clamat
2250 4546 2303 4592 et
2348 4537 2642 4593 Ecclesiam
2695 4538 2874 4606 docet,
2926 4541 3140 4610 quando
3188 4555 3308 4595 cum
3355 4540 3604 4596 ﬁdelibus

2016 4639 2154 4700 orat,
2211 4646 2373 4686 unum
2416 4645 2613 4703 corpus
2654 4632 2909 4688 ostendit.
2964 4634 3233 4688 Memento
3284 4647 3413 4705 ergo
3461 4634 3604 4704 quod

311 4715 496 4770 tabunt
521 4724 566 4767 et
596 4714 999 4783 conﬁtebuntur
1023 4712 1153 4768 tibi?
1194 4714 1336 4769 idem
1372 4723 1426 4769 et
1454 4713 1556 4768 hoc
1591 4713 1785 4769 dicitur
1812 4729 1907 4770 ne-
1934 4718 1988 4779 D
2012 4738 2181 4794 usque
2213 4721 2279 4777 ad
2322 4723 2483 4779 ﬁnem
2514 4724 2709 4794 psalmi
2739 4724 2915 4779 varias
2940 4725 3273 4781 calamitates
3299 4734 3601 4795 enumerat,

311 4808 528 4879 gative,
579 4805 702 4878 quia
748 4806 932 4861 medici
979 4820 1117 4877 quos
1146 4805 1377 4862 credidit
1429 4805 1731 4861 humanitas
1777 4806 1909 4861 artis

312 4899 579 4959 beneﬁcio
604 4900 831 4956 salutem
876 4898 1008 4955 dare
1044 4898 1439 4970 languentibus,
1474 4906 1715 4955 mortuos
1740 4915 1912 4955 resus-

317 4996 484 5049 citare
528 5008 636 5049 non
685 5000 947 5063 possunt;
993 4999 1053 5047 ut
1098 4991 1325 5048 Domino
1370 4992 1601 5049 debeant
1642 4992 1909 5063 conﬁteri,

313 5086 564 5157 quamvis
587 5087 703 5141 sine
730 5084 827 5140 Dei
857 5099 1081 5144 munere
1105 5098 1205 5140 nec
1226 5084 1396 5155 ipsam
1425 5100 1742 5156 corpoream
1772 5101 1909 5157 pra:-

318 5181 537 5235 valeant
580 5178 736 5251 aegris
762 5180 1001 5234 tribuere
1045 5178 1374 5248 sospitatem.
1432 5178 1558 5234 Sive
1602 5177 1705 5234 hoc
1744 5180 1911 5251 magis

318 5273 574 5330 subtilius
605 5271 1006 5342 intelligendum
1036 5280 1158 5338 est;
1207 5270 1331 5340 quia
1376 5271 1576 5338 medici,
1625 5271 1750 5327 dum
1794 5286 1914 5327 cor-

319 5367 547 5439 poribus
590 5365 882 5421 adhibeant
925 5378 1132 5430 curam,
1190 5366 1397 5417 animas
1451 5371 1631 5419 tamen
1680 5362 1915 5434 peccatis

321 5472 568 5516 mortuas
604 5458 927 5514 resuscitare
957 5471 1062 5512 non
1109 5453 1438 5525 pmvalent;
1488 5463 1547 5510 ut
1579 5455 1917 5512 confessione

323 5534 608 5607 verissima
637 5550 995 5616 viviﬁcentur,
1043 5562 1176 5619 quos
1204 5545 1531 5603 inﬁdelitatis
1560 5563 1669 5604 suae
1696 5549 1914 5606 vulnera

326 5644 692 5715 perculerunt.

410 5734 564 5791 Vers.
615 5736 702 5792 11.
744 5735 994 5805 Nunquid
1045 5735 1299 5789 enarrabit
1346 5733 1533 5805 aliquis
1580 5737 1635 5789 in
1682 5738 1918 5807 sepulcro

329 5829 742 5885 misericordiam
771 5839 931 5895 tuam,
958 5838 1048 5883 aut
1070 5830 1330 5885 veritatem
1357 5836 1496 5883 luam
1526 5830 1578 5882 in
1602 5829 1918 5899 perditione?

333 5922 496 5981 Venit
524 5925 593 5981 ad
622 5921 832 5981 tertiam
862 5923 1243 5993 narrationem,
1273 5921 1361 5978 ubi
1387 5936 1483 5993 per
1511 5921 1669 5980 istum
1701 5935 1912 5981 versum

2017 4831 2151 4888 quas
2202 4817 2255 4871 in
2286 4816 2611 4887 martyribus
2644 4816 2755 4872 suis
2810 4817 2925 4886 ipse
2964 4817 3234 4872 sustinuit.
3289 4817 3391 4872 Ubi
3440 4831 3607 4889 syna~

2019 4911 2322 4965 tbroesmos
2368 4908 2595 4978 ﬁguram
2651 4908 2886 4965 arbitror
2934 4908 3336 4979 apponendam,
3387 4909 3603 4979 quando

2017 4999 2202 5056 multa:
2249 5013 2337 5055 res
2366 4999 2419 5054 in
2467 5014 2630 5054 unum
2676 5007 2730 5055 et
2769 4999 2934 5054 multa
2976 4999 3213 5068 pericula
3256 4999 3602 5070 colliguntur.

2021 5090 2295 5161 Sequitur,
2342 5098 2390 5144 et
2416 5106 2562 5144 mane
2591 5089 2753 5143 oratio
2796 5104 2907 5143 mea
2943 5090 3213 5159 prwveniet
3247 5097 3313 5145 te.
3364 5088 3605 5147 Sollicite

2018 5179 2183 5237 verba
2211 5180 2313 5235 ista
2339 5177 2613 5235 tractanda
2634 5189 2777 5248 sunt,
2811 5192 2879 5233 ne
2900 5177 3097 5247 regulae
3123 5177 3198 5234 illi
3220 5179 3603 5251 veracissimte,

2021 5271 2162 5343 quod
2195 5271 2406 5328 Domini
2439 5261 2607 5342 gratia
2632 5278 2821 5325 cuncta
2852 5271 3163 5341 prmveniat,
3196 5272 3399 5343 aliquid
3421 5272 3605 5329 videa-

2022 5374 2109 5421 tur
2138 5379 2257 5421 esse
2284 5364 2629 5421 contrarium.
2679 5363 2975 5418 Orationem
3003 5378 3152 5419 suam
3186 5378 3383 5435 corpus
3414 5364 3602 5421 Eccle-

2022 5459 2139 5525 sizc,
2190 5472 2307 5528 qua:
2334 5473 2500 5521 mane,
2552 5454 2605 5510 id
2646 5463 2728 5510 est
2757 5454 2911 5512 bonis
2952 5455 3276 5511 dilucidatur
3321 5457 3601 5525 operibus,

2027 5549 2305 5619 prtvvenire
2343 5545 2636 5602 secundum
2686 5546 2973 5603 adventum
3026 5546 3239 5603 Domini
3293 5546 3440 5612 dicit,
3501 5546 3603 5602 hoc

2021 5652 2104 5700 est
2148 5642 2288 5697 diem
2334 5640 2563 5707 judicii;
2616 5655 2735 5709 qua:
2776 5649 2952 5697 tamen
2990 5640 3162 5695 oratio
3188 5639 3415 5695 Domino
3459 5654 3603 5709 prae-
3685 5700 3698 5717 ἱ

2022 5747 2197 5794 stante
2226 5736 2420 5791 donata
2452 5743 2554 5790 cst.
2588 5734 2777 5790 Merito
2802 5750 2930 5806 ergo
2958 5734 3156 5791 dictum
3187 5743 3271 5790 est
3296 5731 3604 5803 preuenisse
3690 5736 3695 5749 ‘

2022 5831 2304 5887 orationem
2334 5843 2506 5893 suam,
2540 5827 2752 5899 quando
2776 5837 2901 5884 ante
2926 5827 3093 5882 multa
3114 5823 3309 5882 saecula
3337 5822 3438 5877 sub
3460 5819 3601 5877 assi-

2023 5923 2228 5981 duitate
2275 5921 2578 5992 petebatur,
2637 5920 2779 5992 quod
2826 5919 3000 5977 adhuc
3030 5924 3436 5993 Lexspectamus
3474 5923 3602 5973 esse
