4062 6344
16 2557 18 2698 |

16 2729 18 2858 ῐ

16 3107 19 3200 ι

484 496 585 553 517
1694 482 1766 541 Μ.
1805 481 2081 540 AURELll

2189 479 2542 542 \SSIODORI
3679 484 3788 548 σεδ

483 618 792 669 venturum.
847 605 1042 666 Veniet
1082 603 1225 662 enim
1267 601 1364 661 ille
1410 611 1656 674 tempore
1698 601 2071 672 competenti;
2102 598 2159 661 A
2258 599 2414 672 Vers.
2443 598 2528 656 18.
2570 596 2842 672 Ειοηφηιὶ
2867 615 2900 654 a
2925 597 3008 654 me
3026 597 3252 654 amicum
3281 603 3329 654 et
3372 597 3690 669 maximum,
3723 609 3782 657 es

483 704 580 762 scd
628 700 955 760 desiderium
1014 707 1257 754 nostrum
1309 695 1660 769 ﬂagrantibus
1721 694 2074 770 petitionibus

481 805 695 868 oportet
724 793 954 850 ostendi.
1003 791 1120 848 Non
1149 791 1294 848 enim
1335 804 1434 846 nos
1475 803 1602 845 suos
1631 803 1752 845 esse
1789 787 2071 862 dijudicat,

480 887 526 942 si
554 900 659 943 non
686 887 821 942 votis
851 883 1097 939 maximis
1127 899 1155 937 a
1187 882 1344 938 nobis
1373 881 1639 952 expetitus
1664 880 1932 936 adveniat.
1966 879 2074 936 Sed

482 993 603 1036 eum
633 979 700 1034 de
739 979 856 1049 ipso
882 975 1182 1032 clarissime
1213 975 1443 1042 dicatur,
1477 977 1590 1045 ipse
1615 988 1680 1030 ex
1712 988 1810 1030 sua
1843 988 2074 1043 persona

481 1071 622 1128 istud
652 1085 760 1128 non
802 1077 980 1142 potest
1027 1067 1192 1140 loqui,
1238 1067 1341 1124 nisi
1383 1067 1486 1123 hoc
1513 1067 1713 1123 dictum
1759 1081 1789 1121 a
1814 1065 2076 1124 membris

483 1159 744 1219 Ecclesiae
768 1159 994 1218 velimus
1020 1160 1320 1215 advertere.

549 1249 707 1311 Vera.
742 1254 828 1310 14.
894 1250 1111 1326 thuid,
1146 1247 1623 1322 Domine,’repellis
1654 1251 1789 1323 [ed.,
1819 1248 2078 1323 repulisti}

479 1351 766 1408 orationem
805 1365 990 1416 meam,
1035 1347 1222 1402 avertis
1259 1345 1396 1420 [ed.,
1428 1344 1676 1417 auertisti]
1702 1345 1886 1416 {aciem
1932 1353 2079 1400 tuam

481 1459 516 1497 a
544 1445 667 1500 me?
705 1443 806 1501 Hic
831 1443 1163 1502 desiderium
1196 1442 1551 1498 sanctissimae
1588 1440 1784 1496 mentis
1811 1439 2075 1510 exprimi-

482 1543 605 1605 tur,
634 1536 761 1608 quia
789 1536 1134 1608 impatienter
1162 1533 1463 1590 sustinebat
1489 1531 1718 1601 differri,
1746 1531 1889 1588 unde
1919 1547 2079 1588 mun-

484 1627 585 1684 dus
615 1636 826 1700 poterat
849 1627 972 1698 jure
999 1625 1221 1682 salvari.
1269 1623 1534 1695 Repellere
1557 1625 1699 1680 enim
1731 1632 1948 1693 putatur
1976 1639 2078 1694 pe-

486 1719 731 1778 titionem
760 1731 1020 1786 nostram,
1069 1729 1123 1776 et
1152 1729 1376 1774 auertere
1401 1719 1582 1791 [aciem
1611 1733 1762 1774 suam
1793 1717 2076 1786 Dominus,

483 1815 702 1886 quando
747 1823 872 1869 vota
909 1821 1089 1869 nostra
1125 1813 1430 1877 distulerit;
1484 1821 1538 1868 et
1566 1814 1810 1884 quamvis
1838 1812 1928 1868 ille
1956 1827 2081 1883 pro-

481 1905 660 1963 futura
692 1905 870 1973 faciat,
915 1920 1012 1961 nos
1045 1914 1224 1962 tamen
1252 1904 1487 1976 graviter
1526 1904 1691 1960 dilata
1732 1906 2076 1963 contristant.

484 1997 592 2055 Sed
620 2007 675 2054 et
705 1999 804 2055 hoc
828 2010 1185 2071 congruenter
1214 2014 1242 2053 a
1276 2014 1508 2070 persona
1531 2009 1825 2072 martyrum
1854 2002 2076 2072 dicitur,
2115 1999 2166 2059 B

481 2090 575 2161 qui
603 2091 798 2147 talibus
826 2092 1107 2148 desideriis
1136 2092 1187 2146 in
1217 2093 1319 2148 hoc
1353 2092 1558 2147 mundo
1602 2092 1910 2163 fatigantur.
1957 2094 2074 2150 Dif-

482 2184 731 2240 feruntur
757 2185 898 2239 enim
922 2183 986 2239 ad
1017 2191 1359 2255 augmentum
1394 2199 1571 2250 suum,
1611 2186 2073 2254 procrastinantur

485 2272 553 2330 ad
580 2274 804 2346 gloriam
836 2293 850 2342 ;
883 2276 1006 2347 quia
1035 2292 1142 2331 non
1174 2284 1379 2331 tantum
1412 2275 1631 2345 prodest
1657 2276 1853 2341 audiri,
1901 2293 2075 2348 quan-

484 2377 596 2423 tum
646 2367 862 2438 expedit
923 2382 1019 2438 pro
1068 2369 1308 2424 muneris
1357 2368 1795 2438 augmentatione
1843 2369 2068 2424 differri.

481 2459 575 2517 Sic
595 2460 739 2532 Ignis
767 2460 894 2517 ﬁatu
923 2459 1069 2518 venti
1099 2461 1398 2533 repellitur,
1431 2469 1490 2517 ut
1515 2462 1756 2518 vivacius
1781 2463 2070 2518 animetur.

553 2551 710 2608 Vere.
754 2553 841 2609 l5.
884 2551 1055 2626 Egens
1079 2569 1195 2608 sum
1217 2570 1334 2625 ego,
1378 2561 1426 2608 et
1455 2554 1510 2607 in
1540 2551 1804 2608 laboribus
1830 2568 1862 2607 a
1883 2554 2074 2625 juven-

481 2651 592 2701 tule
615 2662 728 2702 mea
751 2661 772 2703 :
789 2648 1046 2703 exaltatus
1072 2655 1246 2702 autem
1269 2647 1567 2704 humiliatus
1587 2664 1702 2702 sum
1729 2657 1777 2702 et
1805 2651 2072 2718 confusus.

482 2735 598 2796 Hoc
628 2739 820 2796 merito
846 2739 974 2796 dicit
1003 2740 1266 2810 Ecclesia,
1300 2757 1419 2810 quae
1450 2740 1502 2796 in
1533 2750 1772 2812 egestate
1801 2740 1984 2796 mundi
2014 2749 2072 2797 et

482 2830 540 2888 in
567 2831 841 2889 laboribus
867 2849 897 2889 a
927 2848 1022 2890 sua
1046 2833 1332 2906 juventute
1373 2833 1658 2905 fatigatur;
1712 2833 1852 2890 sicut
1880 2834 1937 2889 in
1965 2834 2075 2888 alio

484 2924 693 2996 psalmo
725 2926 916 2998 legitur
955 2944 968 2980 :
1011 2926 1165 2997 Saepe
1191 2935 1606 2998 expugnaverunt
1636 2944 1713 2982 me
1757 2944 1788 2982 a
1807 2929 2080 2999 juventute

487 3032 600 3072 mea
633 3017 809 3088 (Psal.
833 3034 1062 3085 cxxvm,
1099 3019 1172 3091 I).
1209 3019 1332 3075 llam
1359 3020 1555 3076 crescit
1585 3021 2076 3089 persecutionibns,

487 3123 741 3178 pressura
786 3117 1091 3181 temporum
1129 3112 1459 3177 sublevatur,
1509 3112 1813 3167 humilitate
1861 3127 2080 3183 semper

487 3200 763 3257 extollitur
793 3220 808 3258 :
853 3202 1006 3274 cujus
1036 3203 1246 3276 longior
1272 3213 1404 3259 mtas
1433 3218 1541 3259 non
1571 3213 1654 3259 est
1694 3204 1892 3261 debilis
1921 3205 2078 3260 lassi-

487 3292 636 3362 tudo,
667 3293 764 3351 sed
786 3303 996 3350 matura
1027 3295 1306 3366 perfectio.
1331 3297 1608 3368 Sequitur,
1632 3297 1888 3352 exaltatus
1909 3307 2080 3352 autem

489 3386 793 3442 humiliatus
821 3404 933 3442 sum
958 3396 1006 3442 et
1035 3389 1298 3459 confusus.
1335 3389 1444 3445 lloc
1491 3389 1798 3458 specialiter
1819 3389 2082 3445 membris
2108 3377 2156 3440 C

489 3477 748 3549 probatur
791 3479 1112 3547 convenire‘,
1163 3494 1266 3535 non
1318 3480 1500 3546 capiti.
1560 3480 1869 3547 Exaltatus,
1922 3480 2076 3548 dicit,

487 3570 704 3642 quando
732 3572 883 3642 prius
913 3573 1280 3645 unusquisque
1309 3573 1547 3631 ﬁdelium
1589 3590 1678 3630 res
1704 3576 1964 3632 humanas
1996 3585 2081 3632 tu-

486 3663 632 3718 mido
660 3664 822 3720 corde
851 3663 1140 3736 cogitabat.
1194 3663 1520 3720 Humiliatus
1571 3683 1708 3735 sum,
1763 3667 1976 3738 quando
2008 3669 2080 3724 ad

486 3755 840 3812 confessionis
871 3755 1188 3813 medicabile
1223 3757 1446 3822 donum,
1492 3756 1674 3814 divina
1718 3761 1887 3830 gratia
1917 3760 2082 3816 mise-

488 3858 664 3916 rante,
697 3851 956 3919 pervenit.
984 3849 1260 3922 Confusus,
1287 3851 1501 3922 quando
1518 3851 1602 3907 illa
1625 3867 1744 3922 quas
1763 3854 1926 3925 298
1940 3854 2082 3910 male

484 3947 724 4008 gesserat
741 3941 1068 4010 pmnitentia:
1078 3941 1412 4013 professione
1423 3943 1766 3999 damnavit.0
1782 3945 1934 4001 beata
1959 3962 2084 4002 con-

485 4029 626 4088 fusio
648 4047 766 4104 quae
787 4043 1047 4090 aeternum
1073 4035 1214 4090 tollis
1243 4035 1628 4106 opprobrium!
1661 4036 1794 4092 Nam
1822 4038 2084 4110 quidquid

484 4127 542 4184 in
577 4141 782 4186 reatum
831 4132 1040 4188 venerit
1092 4132 1490 4202 paenitentiam,
1519 4133 1819 4206 xperpetuis
1861 4135 2080 4192 saeculis

485 4223 729 4278 redditur
752 4223 1080 4280 absolutum.

559 4313 715 4370 Vers.
747 4314 834 4371 I6.
877 4315 945 4371 In
973 4333 1054 4372 me
1082 4319 1496 4388 pertransierunt
1523 4320 1616 4376 irw
1645 4327 1748 4376 tute
1783 4336 1804 4376 :
1841 4329 1887 4376 et
1919 4330 2082 4377 terro-

487 4421 569 4463 res
608 4407 684 4461 tui
721 4409 1147 4464 conturbauerunt
1174 4427 1273 4466 me.
1324 4411 1554 4468 Pulchre
1582 4413 1781 4469 dictum
1814 4423 1916 4480 est,
1963 4431 2082 4486 per-

487 4498 819 4566 transierunt,
861 4491 1017 4571 quasi
1046 4516 1151 4556 non
1184 4516 1453 4558 mansum
1484 4503 1687 4559 diutius
1711 4505 2076 4576 contigerunt.

483 4591 615 4648 Nam
641 4591 857 4663 quando
886 4591 1060 4649 fidelis
1089 4607 1148 4650 se
1187 4591 1395 4665 afﬂigit,
1431 4594 1568 4651 iram
1601 4593 1814 4650 Domini
1848 4597 2082 4666 castiga-

484 4691 569 4741 tus
597 4683 795 4741 evadit.
849 4681 918 4739 In
946 4699 1026 4740 me
1051 4692 1230 4742 autem
1261 4685 1514 4753 dicendo,
1568 4685 1916 4742 afﬁictionem
1949 4687 2083 4744 ﬁde-

2183 700 2331 747 natos
2353 707 2492 747 nteos
2517 708 2552 746 a
2580 691 2804 748 miseria.
2838 690 2966 747 Haec
2991 689 3303 763 frequenter
3330 693 3431 761 pii
3455 692 3786 765 martyribus

2185 783 2548 853 contigerunt,
2595 799 2627 838 a
2655 783 2849 854 quibus
2879 791 3089 839 terrore
3118 783 3308 839 mortis
3335 784 3514 840 ofﬁcia
3547 785 3784 844 humana

2184 874 2456 930 subtracta
2488 882 2631 930 sunt.
2685 874 2891 928 Amicos
2917 873 3062 930 enim
3093 873 3378 944 signiﬁcat,
3410 877 3502 946 qui
3535 876 3787 936 honestis

2186 966 2376 1022 studiis
2407 980 2616 1021 morum
2656 965 2936 1022 vicinitate
2973 965 3249 1038 conjuncti
3293 976 3460 1040 suag
3513 970 3789 1036 produros

2186 1058 2276 1129 qui
2303 1057 2456 1114 nobis
2487 1060 2774 1130 parentelre
2796 1059 2985 1116 ordine
3014 1059 3325 1127 sociantur;
3361 1072 3525 1130 notos,
3553 1063 3650 1132 qui
3683 1078 3788 1118 nc-

2185 1167 2294 1223 que
2324 1152 2481 1208 amici
2506 1167 2677 1223 neque
2701 1152 2929 1223 proximi
2961 1163 3106 1221 sunt,
3137 1154 3234 1210 sed
3253 1155 3372 1210 sola
3403 1169 3504 1210 nos
3525 1154 3790 1226 opinione

2191 1248 2277 1303 vcl
2327 1247 2540 1302 visione
2566 1247 2896 1302 didiCeruut.
2941 1246 3070 1315 Quae
3109 1261 3306 1318 genera
3351 1247 3634 1304 hominum
3684 1247 3789 1303 Ire-

2187 1349 2418 1408 quenter
2445 1337 2603 1409 longe
2627 1337 2754 1394 fecit
2779 1354 2809 1394 a
2832 1337 3083 1396 ﬁdelibus
3109 1340 3286 1396 servis
3313 1338 3606 1396 formidata
3639 1339 3790 1396 cala-

2192 1430 2351 1484 mitas
2377 1429 2662 1500 passionis.

2729 1542 3004 1600 Conclusio
3033 1544 3242 1614 psalmi.

2264 1659 2382 1730 Ipse
2425 1659 2625 1714 chorus
2667 1665 2752 1714 est
2791 1656 2992 1714 Christi
3036 1671 3197 1729 quem
3247 1659 3559 1728 praemissus
3601 1660 3794 1720 titulus

2192 1765 2292 1822 pro
2341 1749 2607 1806 Maheleth
2669 1749 2901 1806 nominis
2965 1750 3408 1820 interpretatione
3471 1753 3793 1824 praccinuit,

2192 1844 2408 1916 quando
2461 1843 2635 1900 fidelis
2691 1845 2918 1914 populus
2962 1846 3080 1913 ejus
3124 1857 3341 1902 secutus
3390 1848 3794 1908 sanctissimam

2194 1937 2501 2009 passionem
2526 1936 2757 2006 gloriosa
2787 1937 2945 1992 nimis
2975 1936 3274 1994 imitatione
3303 1939 3608 2009 respondit.
3653 1940 3795 1997 Hinc

2191 2031 2333 2087 enim
2365 2029 2702 2086 confessores
2735 2031 2908 2086 tenuit
2937 2045 3122 2087 carcer
3151 2030 3389 2088 inclusos
3416 2049 3434 2097 ;
3483 2032 3610 2132 ἡξιο
3648 2049 3796 2090 mar-

2185 2129 2361 2194 tyrum
2393 2134 2632 2191 purpura
2655 2129 2711 2176 et
2733 2121 2895 2190 bysso
2922 2120 3212 2191 pretiosior
3233 2124 3452 2192 sanguis
3479 2120 3793 2192 emanavit;
3885 2141 3892 2148 ί

2183 2210 2313 2266 hinc
2343 2210 2710 2281 apostolorum
2742 2226 2837 2282 per
2862 2220 3031 2265 totum
3060 2212 3249 2268 orbem
3280 2212 3419 2268 dicta
3453 2221 3794 2284 tonuerunt;

2184 2302 2310 2359 hinc
2345 2312 2597 2374 tanquam
2623 2304 2705 2359 sol
2737 2303 3057 2372 purissimus
3085 2303 3219 2358 ﬁdes
3251 2313 3436 2359 sancta
3469 2307 3750 2376 processit
3777 2324 3793 2374 ;

2183 2397 2312 2451 hinc
2355 2396 2424 2450 ad
2471 2397 2802 2466 temporales
2855 2404 3058 2452 mortes
3104 2395 3375 2467 hodieque
3418 2399 3795 2467 concurritur,

2184 2496 2244 2543 ut
2291 2497 2512 2545 aeternas
2561 2488 2690 2545 vitae
2740 2490 2964 2560 praemia
2992 2489 3397 2559 conquirantur.
3447 2493 3796 2565 Quapropter

2183 2582 2366 2638 nullus
2394 2590 2642 2651 pavescat
2673 2583 2939 2650 miserias,
2989 2597 3108 2654 qua:
3142 2581 3345 2640 faciunt
3387 2583 3622 2651 beatos;
3672 2586 3798 2641 nul-

2184 2674 2270 2729 lus
2316 2681 2588 2730 tormenta
2615 2673 2894 2742 formidet,
2943 2689 3062 2744 quas
3090 2674 3295 2732 donant
3338 2687 3655 2747 perpetuam
3707 2692 3796 2734 so-

2191 2769 2484 2839 spitatem;
2541 2769 2721 2824 nullus
2765 2769 2952 2824 timeat
2999 2750 3300 2838 tristitiam,
3359 2785 3481 2841 qua:
3526 2772 3796 2842 gaudium

2186 2861 2372 2916 tribuit
2399 2859 2812 2930 sempiternum.
2843 2860 3110 2928 Quantum
3135 2869 3219 2917 est
3239 2862 3382 2916 enim
3411 2863 3797 2932 temporaliter

2185 2956 2344 3018 mori,
2373 2961 2434 3008 ut
2463 2960 2718 3023 perpetua
2749 2954 2860 3008 vita
2888 2953 3057 3022 possit
3085 2954 3294 3024 acquiri
3323 2953 3347 3007 τ
3377 2953 3658 3021 Quantum
3693 2953 3798 3010 hu-

2185 3059 2398 3098 manam
2426 3046 2693 3100 sustinere
2739 3045 3085 3112 sententiam,
3138 3054 3197 3099 ut
3241 3044 3640 3100 absolutionem
3676 3060 3796 3100 me-

2185 3152 2400 3193 reamur
2452 3138 2742 3206 impetrare
2770 3137 3052 3192 divinant?
3100 3136 3234 3203 Quis
3262 3145 3442 3194 autem
3490 3138 3797 3193 erubescat

2185 3245 2393 3300 pinnas,
2420 3245 2553 3300 quas
2573 3229 2823 3286 Christus
2839 3229 3101 3285 Dominus
3124 3229 3366 3300 perferre
3389 3230 3640 3302 dignatus
3659 3243 3751 3288 est
3768 3234 3797 3288 ?

2186 3323 2318 3390 Quis
2348 3331 2499 3392 putet
2525 3323 2895 3392 opprobrium,
2929 3322 3071 3393 quod
3093 3321 3493 3392 elegitCreator
3516 3326 3798 3380 sustinere

2189 3424 2504 3472 cunctorum
2535 3416 2558 3469 ἲ
2612 3415 2877 3482 Quocirca
2909 3430 3008 3487 pro
3037 3430 3101 3471 eo
3133 3415 3424 3472 subeamus
3456 3415 3796 3473 mundanam

2187 3508 2572 3575 calamitatem,
2603 3510 2651 3564 si
2681 3523 2805 3564 cum
2827 3509 2944 3579 ipso
2973 3507 3220 3564 volumus
3251 3523 3551 3580 perennem
3587 3509 3795 3566 habere

2188 3604 2514 3675 portionem.

2392 3735 2759 3795 EXPOSITIO
2791 3735 2854 3791 IN
2886 3735 3214 3793 PSALMUM
3243 3734 3575 3794 LXXXVIII.

2570 3850 2868 3907 Intellectus
2904 3851 3078 3907 Ethan
3106 3850 3380 3907 Israelita.

2257 3967 2375 4025 Non
2410 3978 2516 4025 tam
2544 3969 2842 4025 secundum
2873 3969 3119 4026 ordinem
3149 3969 3308 4032 tituli,
3343 3980 3504 4039 quam
3535 3971 3600 4024 ad
3623 3981 3778 4025 cont-

2187 4062 2498 4118 moditatem
2530 4062 2900 4132 intelligentiae
2932 4062 3249 4131 exponenda
3288 4071 3409 4116 sunt
3443 4061 3608 4117 verba
3647 4077 3776 4132 qua:

2185 4155 2386 4228 posuit,
2419 4164 2478 4210 ut
2503 4155 2709 4211 facilius
2739 4155 2894 4210 nobis
2931 4155 3008 4210 rei
3040 4154 3236 4210 veritas
3261 4155 3560 4210 elucescat.
3608 4154 3786 4209 Ethan

2185 4249 2577 4319 interpretatur
2619 4247 2915 4313 robustus;
2964 4245 3205 4302 Israelita
3242 4245 3430 4302 videns
3477 4246 3672 4302 Deum.
3723 4247 3791 4304 Et

2183 4341 2310 4412 quia
2341 4341 2580 4412 psalmus
2609 4341 2710 4394 iste
2731 4347 2848 4395 erat
2877 4339 3063 4395 laudes
3089 4347 3144 4394 et
3173 4339 3562 4410 promissiones
3594 4337 3786 4394 Domi-

2186 4435 2240 4488 ni
2271 4441 2606 4501 narraturus,
2657 4431 2782 4487 ideo
2819 4431 2903 4487 illi
2948 4432 3055 4488 tale
3084 4447 3278 4488 nomen
3307 4439 3517 4488 constat
3559 4431 3789 4502 apposi-

2186 4532 2320 4592 tum,
2373 4533 2431 4578 ut
2459 4522 2696 4578 ﬁdelium
2722 4525 3011 4579 verborum
3055 4524 3320 4580 indicaret
3367 4524 3789 4579 incommutabi-

2185 4619 2289 4672 lem
2321 4615 2648 4671 ﬁrmitatem.
2704 4614 3007 4671 Intellectus
3037 4617 3182 4672 enim
3229 4617 3309 4688 (ut
3337 4630 3481 4688 saepe
3516 4616 3784 4687 diximus)

2188 4711 2255 4767 ad
2303 4725 2536 4782 superna
2562 4708 2880 4766 referendus
2913 4719 3016 4776 est,
3059 4710 3149 4766 ubi
3177 4725 3366 4766 revera
3393 4717 3544 4766 recte
3577 4710 3788 4765 intelli-

483 4774 614 4832 lium
642 4790 793 4832 more
821 4790 921 4832 suo
972 4775 1173 4832 illatam
1203 4777 1305 4832 sibi
1347 4792 1468 4834 esse
1496 4786 1744 4834 testatur.
1793 4777 2072 4852 Sequitur,

2189 4821 2316 4877 gens
2361 4803 2528 4860 tendit
2565 4804 2760 4858 mentis
2793 4803 3064 4858 intuitum.
3115 4803 3212 4859 Est
3239 4804 3382 4859 enim
3424 4803 3491 4858 de
3519 4799 3786 4858 Christia-

485 4875 536 4923 et
571 4877 788 4924 terrores
823 4869 899 4924 tui
932 4868 1362 4924 conturbauerunt
1410 4885 1508 4925 me.
1577 4869 1836 4926 Terrorcs
1891 4873 2078 4943 utique

484 4964 697 5020 venturi
721 4963 933 5035 judicii,
962 4977 1099 5036 quos
1138 4949 1314 5020 omnis
1340 4978 1467 5020 caro
1495 4965 1766 5035 peccatrix
1790 4964 2079 5023 formidare

487 5056 852 5131 dignoscitur;
905 5060 1050 5134 quod
1102 5057 1247 5118 idem
1294 5058 1430 5115 solis
1479 5059 1736 5116 membris
1785 5062 2080 5118 convenire

484 5149 828 5209 manifestum
856 5159 959 5208 est.

554 5241 716 5302 Ἴθι-8.
751 5244 838 5301 17.
877 5243 1249 5302 Circumierunt
1274 5260 1356 5298 me
1370 5244 1497 5300 sicut
1517 5259 1654 5314 aqua
1684 5252 1790 5298 tota
1817 5243 1900 5296 die
1927 5259 1947 5302 :
1978 5243 2075 5296 cir-

485 5333 856 5392 cumdederunt
898 5351 978 5390 me
1007 5336 1179 5392 simul.
1223 5336 1426 5393 Delicta
1463 5335 1647 5407 utique
1675 5350 1796 5407 quae
1836 5335 1970 5406 legis
1995 5336 2079 5391 di-

485 5427 764 5486 strictione
795 5428 1139 5498 damnantur,
1191 5429 1308 5486 hac
1331 5430 1479 5486 velut
1521 5444 1660 5501 aqua
1691 5429 1936 5486 homines
1973 5431 2080 5486 cir-

485 5533 763 5592 cumeunt,
813 5523 1032 5598 quando
1059 5522 1295 5593 undique
1326 5525 1588 5582 scaturire
1618 5531 1937 5580 noscuntur.
1999 5524 2076 5578 Ex

485 5630 596 5688 quo
618 5614 763 5672 enim
793 5617 964 5674 latere
991 5631 1100 5674 non
1129 5615 1416 5674 credamus
1445 5616 1634 5672 venire
1664 5621 1907 5685 peccata.
1962 5628 2082 5683 qua)

484 5725 587 5768 nec
615 5711 905 5768 momentis
954 5711 1205 5768 horarum
1252 5725 1282 5764 a
1331 5706 1486 5764 nobis
1525 5705 1824 5763 redduntur
1864 5704 2078 5760 aliena?

486 5801 677 5860 Merito
705 5819 835 5876 ergo
865 5805 1019 5877 aquis
1063 5810 1372 5874 comparata
1404 5809 1548 5863 sunt,
1599 5813 1720 5868 quae
1767 5811 1866 5852 uos
1895 5796 2081 5867 copio-

390 5893 411 5906 '
490 5898 704 5954 sissima
755 5899 1106 5970 inundatipue
1151 5893 1500 5953 concludunt.
1542 5889 1698 5958 Quod
1741 5897 1866 5959 apte
1909 5895 2082 5946 totqu

492 5989 753 6059 accipitur
779 6005 808 6048 a
838 6000 994 6064 parte
1022 5988 1410 6047 membrorum.

2190 4911 2382 4952 norum
2409 4909 2505 4966 spe
2555 4902 2611 4950 et
2639 4895 2704 4950 de
2731 4894 3368 4964 magniﬁcentia'Domini
3401 4895 3569 4949 multa
3607 4893 3786 4948 dictu-

2187 5003 2306 5056 rus;
2338 5003 2434 5058 per
2454 5003 2573 5058 quas
2598 5001 2758 5041 nemo
2791 4985 3078 5057 decipitur,
3111 4987 3158 5043 si
3180 4985 3536 5057 supplicantis
3567 4987 3782 5042 animus

2190 5083 2244 5139 in
2278 5082 2429 5137 istius
2462 5078 2634 5134 Ethan
2660 5079 3099 5136 constantissima
3140 5079 3414 5135 voluntate
3453 5079 3769 5136 roboretur.

2756 5221 2954 5278 Divisio
2986 5221 3193 5292 psalmi.

2256 5335 2434 5390 Ethan
2462 5336 2562 5391 iste
2590 5349 2750 5406 quem
2779 5335 3015 5392 diximus
3048 5335 3291 5392 indicare
3316 5336 3624 5404 robustum,
3661 5346 3782 5394 tan—

2184 5438 2237 5485 ta
2281 5428 2478 5485 mentis
2521 5429 2912 5485 illuminatione
2953 5429 3251 5499 completus
3285 5439 3394 5495 est,
3445 5440 3504 5486 ut
3539 5430 3781 5488 Israelita

2185 5520 2468 5578 verissime
2495 5531 2856 5578 nutrcune'ur.
2899 5522 3080 5579 Primo
3121 5524 3366 5592 ingressu
3405 5525 3599 5596 psalmi
3651 5525 3781 5580 dicit

2188 5628 2248 5670 se
2278 5613 2678 5670 misericordias
2709 5614 2919 5670 Domini
2940 5624 3298 5684 cantaturum,
3329 5616 3581 5688 quonlam
3613 5619 3780 5672 multa

2183 5707 2426 5778 promisit
2458 5707 2599 5762 fideli
2633 5709 2831 5778 populo
2862 5709 3164 5778 profutura.
3213 5710 3464 5768 Secunda
3495 5722 3655 5783 parte
3699 5711 3780 5768 di-

2185 5799 2356 5854 versis
2387 5798 2559 5856 modis
2591 5800 2780 5858 laudes
2809 5801 3018 5858 Domini
3050 5806 3454 5876 potentiamque
3493 5804 3774 5862 describit.

2183 5888 2366 5946 Tertia
2386 5892 2440 5947 itt
2463 5891 2736 5950 Christum
2770 5894 3054 5953 Dominum
3086 5907 3336 5966 paternas
3359 5899 3778 5969 pollicitationes

2181 5992 2484 6040 enumerat.
2539 5984 2738 6052 Quarta
2785 5986 3047 6045 Dominus
3094 5989 3341 6046 Christus
3386 6001 3610 6064 pmpter
3657 6002 3775 6061 pas-
