4062 6344
296 343 404 401 629

1153 346 1515 406 EXPOSITIO
1552 349 1620 407 IN
1662 350 2117 415 PSAL'I‘ERIUM.
2160 358 2355 419 PSAL.
2396 362 2728 423 LXXXVIII.

3477 370 3584 429 630

298 462 513 517 sionem
539 471 702 530 quam
733 457 979 531 pertulit,
1030 460 1261 518 traditus
1287 464 1518 521 inimicis
1546 479 1668 523 esse
1700 481 1908 524 memo—
1931 473 1983 531 A
2010 472 2265 542 fragilitas
2294 477 2417 533 ideo
2440 477 2749 547 prohibetur
2771 486 3233 536 sacramentorum
3259 488 3321 536 ee
3350 483 3588 550 promis-

299 562 473 611 ratur.
505 554 703 644 Quinta
736 554 1010 626 iragilitati
1041 556 1291 615 humanm
1319 560 1558 630 postulat
1585 562 1894 631 subveniri,

299 648 430 718 quia
456 660 564 703 non
604 649 659 702 in
685 660 881 704 vanum
917 646 1058 706 ﬁlios
1099 650 1380 708 hominum
1422 653 1491 708 ab
1535 653 1655 724 ipso
1702 656 1927 712 asserit.

300 755 429 797 esse
472 741 793 813 plasmatos.
836 740 1008 799 Sexta
1051 753 1208 816 rogat
1239 746 1546 815 Dominum,
1580 758 1642 804 ut
1668 751 1925 820 promis-l

302 835 489 889 siones
523 847 653 890 suas
692 834 939 904 impleat,
982 850 1117 907 quas
1150 837 1316 893 David
1366 854 1526 895 servo
1565 854 1666 895 suo
1711 842 1902 899 iecisse

302 914 637 993 declaratur,
668 936 725 984 et
759 941 969 985 memor
996 930 1069 985 sit
1108 931 1289 1003 qualia
1317 933 1459 989 servi
1486 933 1605 1004 ejus
1632 933 1700 989 ab
1721 934 1902 1005 impiis

305 1021 600 1092 opprobria
629 1022 993 1079 sustinebant.

859 1113 1130 1186 Expositio
1152 1116 1359 1187 psalmi.

385 1204 537 1263 Vers.
572 1202 625 1263 l.
668 1205 1061 1262 Misericordiae
1089 1216 1227 1275 tuas,
1273 1209 1516 1280 Domine,
1564 1212 1620 1267 in
1655 1221 1902 1267 aeternum

310 1298 526 1353 cantabo
552 1315 573 1353 :
602 1300 657 1353 in
686 1302 1017 1371 generatione
1044 1309 1092 1356 et
1114 1303 1358 1373 progenie
1386 1302 1732 1373 pronuntiabo
1774 1306 1904 1359 veri-

309 1398 469 1445 tatem
506 1400 647 1446 tuam
682 1392 737 1447 in
772 1409 860 1447 ore
894 1395 1024 1447 meo.
1067 1392 1199 1450 Jure
1241 1395 1497 1451 robustus
1540 1395 1760 1463 dicitur,
1813 1397 1904 1468 qui

2003 566 2243 623 sionibus
2267 569 2528 641 obligare,
2571 570 2696 641 quia
2725 584 2832 625 non
2870 578 2957 627 est
2997 570 3053 626 in
3103 578 3370 643 potestate
3410 569 3587 643 ipsius

2003 672 2123 730 quae
2152 660 2434 731 pollicetur
2466 661 2706 718 efﬁcere.
2754 661 2911 718 Jurat
2933 676 3062 733 ergo
3082 662 3380 733 iustissime
3404 662 3580 732 Deus,

2004 768 2126 810 cum
2152 754 2274 824 iure
2296 769 2397 811 suo
2425 756 2691 827 promittit
2708 756 2911 813 omnia.
2942 755 3075 811 Nam
3100 766 3153 812 et
3183 757 3352 826 ipsum
3384 770 3585 813 nomen

2003 843 2203 901 indicat
2232 860 2450 903 causam
2497 864 2513 901 ε
2551 846 2751 917 iuravit
2777 847 2923 904 enim
2953 847 3200 915 dicimus,
3241 846 3364 917 iure
3386 847 3588 915 oravit,

2004 937 2056 992 id
2086 946 2168 993 est
2192 938 2334 1009 iuste
2362 939 2570 998 locutus
2591 948 2694 997 est.
3204 988 3209 989 κ

2082 1028 2230 1084 Vers.
2256 1032 2308 1086 4.
2343 1029 2513 1102 Usque
2534 1032 2590 1086 in
2617 1040 2864 1088 teternum
2890 1031 3192 1104 preparabo
3212 1048 3379 1088 nmen
3400 1040 3587 1087 tttttnt:

2006 1126 2053 1174 et
2078 1121 2343 1189 wdi/icabo
2370 1123 2426 1177 in
2457 1122 2700 1178 steculum
2727 1124 2905 1179 «sculi
2935 1125 3104 1179 sedem
3140 1132 3304 1178 luant.
3343 1123 3588 1179 Perven-

2008 1220 2121 1267 tum
2169 1222 2255 1269 est
2292 1214 2357 1268 ad
2405 1214 2499 1270 illa
2545 1231 2663 1286 quae
2710 1216 2870 1272 Pater
2912 1217 3234 1285 promiserat
3280 1227 3439 1270 servo
3485 1227 3588 1271 suo

2008 1305 2193 1362 David.
2246 1307 2587 1378 Prteparatus
2614 1317 2697 1364 est
2738 1310 2881 1364 enim
2910 1309 3169 1365 Dominus
3196 1306 3463 1374 Christus,
3494 1303 3591 1375 qui

2008 1412 2073 1453 ex
2102 1399 2305 1455 semine
2340 1401 2508 1468 ipsius
2550 1401 2905 1458 descenderet
2938 1402 3116 1457 carnis
3154 1402 3380 1471 origine,
3425 1409 3592 1469 usque

311 1493 425 1540 tam
457 1484 611 1541 ﬁrma
643 1484 884 1542 dicturus
902 1494 1012 1543 est.
1052 1486 1161 1545 lete
1192 1490 1335 1545 enim
1366 1488 1537 1545 Ethan
1569 1490 1781 1546 Domini
1823 1499 1916 1547 est
2007 1488 2063 1542 in
2110 1498 2354 1545 (sternunt
2398 1490 2510 1559 Res
2542 1506 2728 1561 regum
2758 1500 2817 1547 et
2856 1492 3118 1547 Dominus
3164 1490 3586 1563 dominantium.

314 1577 697 1634 misericordias
722 1588 1040 1649 conlaturus,
1076 1591 1195 1651 qua!
1224 1591 1280 1637 et:
1307 1592 1512 1638 {eterna
1542 1598 1760 1655 semper
1797 1594 1909 1641 sta-

316 1670 535 1726 bilitate
581 1672 915 1741 consistunt,
973 1683 1028 1730 et
1072 1676 1346 1747 perpetuis
1395 1684 1521 1731 sunt
1565 1678 1917 1734 celebrandae

315 1764 625 1832 praeconiis.
659 1764 811 1821 Fecit
843 1768 989 1821 enim
1018 1769 1318 1824 mirabilem
1349 1770 1402 1824 in
1447 1770 1683 1826 humano
1709 1786 1908 1841 genere

2011 1580 2120 1637 Sed
2140 1583 2287 1653 quod
2331 1583 2486 1652 dixit,
2533 1584 2872 1656 Prteparabo,
2926 1584 2990 1639 ad
3037 1583 3424 1639 humanitatem
3470 1583 3601 1652 ciui:

2011 1677 2276 1743 pertinet,
2321 1688 2427 1730 non
2484 1676 2550 1731 ad
2597 1676 2882 1747 deitatem,
2940 1690 3043 1746 qua
3097 1674 3593 1741 consubstantiaiis,

2011 1768 2349 1837 omnipmens
2400 1776 2458 1824 et
2501 1779 2799 1826 constemus
2843 1779 2926 1826 est
2975 1770 3142 1825 Patri.
3186 1769 3440 1838 Sequitur
3466 1806 3487 1835 ,
3537 1771 3589 1819 et

316 1855 599 1926 pietatem,
633 1867 691 1912 ut
734 1859 876 1929 quod
906 1859 1139 1928 perierat
1167 1860 1483 1930 requireret,
1536 1868 1593 1916 et
1632 1861 1909 1917 vulnerata
1938 1851 1988 1925 Β
2014 1860 2280 1929 tediﬁcabo
2306 1862 2359 1916 in
2395 1863 2640 1916 steculum
2669 1863 2846 1917 steouli
2872 1863 3041 1918 sedem
3060 1872 3221 1916 tuam.
3268 1858 3593 1916 Pollicitatio

315 1946 573 2003 salvaret.
617 1945 685 2002 In
719 1951 1040 2021 generatione
1071 1965 1201 2006 vero
1239 1960 1285 2006 et
1313 1954 1553 2023 progenie
1590 1954 1733 2023 quod
1761 1953 1912 2008 addi-

316 2038 416 2103 dit,
470 2039 609 2095 dtﬂs
650 2041 917 2111 signiﬁcat
966 2043 1222 2114 populos,
1275 2042 1559 2099 Iudaicum
1607 2046 1817 2100 scilicet
1858 2055 1915 2102 et

318 2130 599 2200 gentilem,
644 2131 838 2203 quibus
889 2146 948 2189 se
994 2137 1255 2189 veritatem
1299 2138 1750 2208 pronuntiaturum
1792 2152 1913 2193 esse

323 2230 570 2290 testatur,
601 2238 764 2295 quam
796 2224 925 2281 dicit
962 2227 1207 2283 inferius.
1248 2228 1525 2300 Sequitur,
1571 2239 1618 2284 et
1652 2233 1915 2286 veritatem

321 2323 467 2369 tuam
501 2317 557 2369 in
582 2331 669 2371 ore
701 2332 847 2385 meo;
878 2334 1063 2375 revera
1095 2329 1162 2388 ut.
1195 2336 1355 2391 quam
1385 2337 1544 2379 sensu
1574 2333 1910 2394 perceperat,

320 2419 417 2461 ore
463 2407 793 2478 loqueretur.
842 2408 911 2466 Et
947 2410 1085 2468 bene
1128 2414 1332 2469 dictum
1389 2424 1493 2486 est,
1550 2418 1602 2471 in
1646 2433 1733 2472 ore
1781 2434 1914 2485 meo,

320 2497 451 2567 quia
478 2500 618 2569 quod
647 2516 712 2556 ex
750 2514 846 2558 ore
885 2504 1248 2574 progreditur,
1294 2507 1402 2561 cito
1430 2508 1718 2573 dilabitur;
1770 2508 1916 2579 quod

321 2596 460 2644 vero
499 2591 554 2644 in
582 2606 668 2647 ore
700 2601 969 2665 versatur,
1024 2595 1232 2652 diutina
1274 2598 1559 2654 devotione
1588 2601 1919 2664 celebratur,

406 2681 561 2738 Vers.
583 2683 638 2737 2.
681 2684 936 2752 Quoniam
967 2686 1143 2742 dixisti
1185 2703 1204 2742 :
1244 2687 1310 2743 In
1339 2698 1587 2744 retentum
1625 2692 1918 2746 misericor-

323 2774 418 2828 dia
450 2773 782 2843 (edi/imbitur
825 2795 843 2832 :
884 2774 939 2833 in
979 2781 1119 2835 ctelis
1166 2782 1543 2851 prteparabitur
1583 2787 1765 2840 veritas
1806 2794 1915 2841 tua.

325 2867 450 2939 ipsa
482 2877 563 2924 est
590 2870 777 2925 ueritas
804 2886 963 2943 quam
987 2874 1073 2930 vir
1105 2884 1322 2930 sanctus
1360 2889 1420 2931 se
1449 2876 1935 2947 pronuntiaturum

322 2972 449 3016 esse
472 2962 815 3031 pratdixerat.
850 2965 919 3019 Et
951 2967 1144 3023 merito
1183 2966 1327 3022 illam
1366 2968 1701 3024 confidenter
1726 2969 1918 3039 praedi-

327 3052 511 3121 cabat,
552 3056 768 3125 quando
814 3072 932 3114 eam
974 3060 1232 3117 Dominus
1272 3060 1519 3119 absolute
1566 3064 1916 3134 promiserat;

328 3159 439 3200 non
483 3148 624 3203 enim
659 3158 837 3219 potest
880 3151 989 3207 l'alli
1021 3153 1109 3223 qui
1160 3154 1403 3225 sequitur
1447 3155 1613 3211 verba
1645 3158 1917 3212 veritatis.

2018 1950 2117 2005 ista
2164 1959 2274 2006 tcta
2325 1954 2559 2021 pertinet
2610 1955 2677 2008 ad
2727 1954 3015 2008 Dominum
3061 1953 3417 2008 Saivatorem.
3483 1948 3596 2020 Ipsi

2017 2042 2159 2098 enim
2192 2050 2321 2098 tunc
2357 2044 2503 2099 sedes
2529 2045 2961 2114 promittebatur,
2995 2042 3115 2115 qua’:
3143 2056 3331 2115 postea
3370 2045 3422 2098 in
3460 2058 3594 2098 san-

2016 2146 2223 2191 ctorum
2282 2146 2397 2192 erat
2443 2137 2688 2195 iacienda
2738 2139 3066 2209 pectoribus.
3121 2137 3280 2193 Sedes
3328 2137 3470 2191 enim
3510 2142 3600 2191 est

2019 2227 2232 2282 Domini
2257 2229 2431 2284 omnis
2455 2239 2693 2297 sanctus,
2736 2246 2890 2300 quem
2921 2231 3075 2301 quasi
3105 2229 3596 2300 splendidissimum

2021 2319 2269 2374 thronum
2316 2319 2626 2389 dignatione
2652 2336 2764 2376 suae
2808 2321 3101 2392 maiestatis
3135 2321 3425 2385 insederit;
3460 2320 3597 2375 sicut

2018 2411 2086 2466 de
2112 2411 2313 2483 Spiritu
2352 2421 2538 2467 sancto
2566 2413 2757 2483 legitur
2800 2430 2814 2467 :
2852 2412 2923 2467 Et
2963 2423 3313 2485 apparuerunt
3343 2413 3448 2465 illis
3486 2411 3597 2464 dis-

2017 2506 2214 2577 pertita:
2254 2504 2441 2574 lingua:
2476 2514 2718 2577 tanquam
2759 2506 2913 2576 ignis,
2961 2507 3187 2575 seditque
3223 2520 3375 2573 super
3404 2518 3595 2557 unum-

2018 2609 2264 2664 quemque
2292 2610 2468 2648 eorum
2505 2608 2523 2647 :
2561 2602 2608 2649 et
2640 2594 2819 2666 repleti
2846 2602 2963 2659 sunt
2988 2610 3160 2655 ontnes
3187 2592 3392 2665 Spiritu
3418 2601 3594 2648 sancto

2021 2683 2155 2755 (Act.
2186 2700 2246 2753 ll,
2277 2685 2353 2755 5).

2042 2826 2046 2832 .
2094 2776 2245 2831 Vers.
2279 2777 2333 2832 5.
2377 2776 2762 2847 Conﬁtebuntur
2793 2778 2907 2834 cteli
2929 2777 3188 2833 mirabilia
3210 2785 3318 2844 tua,
3353 2774 3598 2842 Domine,

2020 2877 2068 2921 et
2090 2870 2363 2925 ueritatem
2399 2877 2536 2924 tuam
2565 2871 2618 2924 in
2647 2870 2858 2925 ecclesia
2877 2878 3191 2923 sanctorum.
3228 2867 3381 2923 Venit
3405 2866 3470 2921 ad
3505 2880 3599 2921 se-

2020 2961 2251 3016 cundam
2278 2971 2506 3033 partem,
2546 2962 2740 3017 divinae
2772 2961 3025 3031 potentiae
3056 2965 3393 3017 sacramenta
3423 2956 3600 3017 dictu-

2022 3070 2136 3109 rus.
2166 3053 2554 3123 Conﬁtebuntur
2585 3056 2727 3111 enim
2757 3055 2891 3121 caeli,
2932 3054 3024 3125 qui
3051 3063 3176 3110 sunt
3202 3053 3312 3108 veri
3341 3051 3599 3121 praedica-

2023 3158 2189 3214 tores,
2237 3146 2454 3219 quantis
2502 3146 2774 3201 miraculis
2806 3146 3064 3201 Dominus
3109 3144 3385 3208 mundum,
3440 3149 3602 3211 prout

326 3238 437 3296 Sed
464 3240 743 3299 Videamus
768 3244 894 3314 quid
927 3245 1217 3317 signiticet,
1264 3248 1424 3319 299
1457 3249 1512 3302 in
1540 3258 1788 3304 retensum
1819 3251 1915 3305 ml.
1941 3250 1988 3316 ρ
2024 3242 2125 3313 ipsi
2176 3240 2421 3310 placitum
2471 3238 2648 3304 fuerit,
2702 3238 3039 3293 administret
3083 3254 3098 3291 :
3149 3235 3595 3306 quemadmodum

327 3334 609 3389 sericordia
636 3337 994 3404 redi/icabitur.
1039 3338 1175 3394 Sunt
1204 3341 1347 3395 enim
1380 3339 1763 3397 aediﬁcationes
1794 3358 1914 3413 quae
1958 3383 1962 3386 ρ

328 3438 657 3497 consurgere
699 3437 993 3498 nequeunt,
1040 3429 1145 3485 nisi
1188 3431 1271 3501 eis
1320 3430 1479 3487 fuerit
1520 3433 1795 3503 praemissa
1823 3432 1917 3488 de-

328 3521 576 3586 struetio,
612 3529 669 3575 ut
701 3520 965 3576 idolorum
995 3522 1251 3592 cultores,
1298 3532 1360 3578 ut
1395 3524 1752 3594 pessimarum
1782 3541 1915 3580 conu-

333 3613 682 3670 suetudinum
728 3620 1008 3686 sequaces.
1053 3616 1142 3671 isti
1190 3618 1353 3686 enim,
1408 3619 1509 3673 nisi
1548 3633 1577 3674 a
1611 3619 1764 3674 malis
1803 3620 1918 3675 suis

330 3702 533 3759 fuerint
584 3704 879 3775 destructi,
933 3708 985 3761 in
1041 3708 1235 3764 bonum
1285 3719 1561 3779 nequeunt
1606 3709 1906 3775 aediﬁcari,

330 3793 471 3853 sicut
498 3796 700 3852 dictum
728 3804 811 3852 est
832 3797 1079 3853 Jeremire
1112 3815 1127 3853 :
1156 3797 1290 3854 Ecce
1316 3802 1466 3870 posui
1501 3809 1569 3867 te,
1609 3808 1663 3853 ut
1692 3799 1920 3869 aediﬁces

330 3893 383 3940 et
430 3888 662 3942 destruas
702 3886 915 3959 (Jerem.
959 3905 994 3955 ι,
1039 3889 1157 3961 10).
1209 3890 1311 3945 ista
1362 3905 1495 3946 vero
1548 3891 1919 3947 misericordia

331 3992 449 4034 non
476 3978 792 4047 destruitur,
833 3981 926 4035 sed
953 3994 1166 4051 semper
1203 3983 1367 4053 viget,
1415 3996 1628 4053 semper
1671 3992 1919 4053 augetur.

338 4065 611 4137 Sequitur,
660 4069 716 4124 in
764 4070 904 4124 cretis
954 4071 1330 4141 prteparabitur
1381 4073 1562 4127 veritas
1614 4081 1726 4128 tua.
1795 4072 1922 4127 ϐωιὶ

337 4157 508 4231 (sicut
537 4173 679 4231 sape
704 4162 958 4233 diximus)
1007 4165 1310 4235 signiﬁcant
1338 4164 1633 4234 apostolos,
1690 4178 1921 4235 quorum

334 4252 808 4322 prmdicationibus
832 4266 1012 4312 actum
1035 4266 1139 4325 est,
1184 4265 1243 4313 ut
1281 4257 1644 4313 inculcaretur
1670 4258 1922 4328 gentibus

334 4348 529 4419 religio
555 4342 878 4406 Christiana.
916 4348 1118 4407 Verum
1143 4351 1259 4407 haec
1289 4351 1467 4408 omnia
1510 4367 1685 4422 usque
1720 4352 1787 4406 ad
1811 4352 1926 4407 dia-

335 4426 545 4509 psalma
573 4437 768 4497 mediis
796 4440 1335 4498 subdistinctionibus
1368 4442 1726 4511 protrahenda
1755 4450 1921 4499 sunt:

336 4530 461 4600 quia
510 4538 680 4585 totum
731 4531 799 4587 ad
856 4532 985 4588 illud
1031 4534 1273 4603 respicit,
1312 4536 1451 4603 quod
1502 4535 1573 4588 ait
1626 4534 1923 4602 :Quoniam

2023 3332 2198 3387 omnis
2225 3339 2468 3386 creatura
2522 3328 2638 3398 eius
2684 3328 2922 3397 imperiis
2951 3326 3309 3391 obseeundat;
3368 3340 3598 3381 conver—

2021 3424 2306 3493 sionesque
2335 3437 2510 3478 rerum
2554 3435 2657 3475 non
2698 3419 2983 3475 casualiter
3023 3420 3107 3488 agi
3156 3418 3236 3489 (ut
3257 3416 3472 3487 quidam
3502 3429 3598 3470 va-

2020 3517 2226 3572 nissimi
2246 3512 2606 3585 putaverunt),
2634 3511 2730 3568 sed
2751 3512 2867 3581 eius
2899 3510 3152 3566 ineﬁ‘abili
3180 3511 3372 3564 virtute
3402 3507 3598 3577 praedi-

2022 3606 2201 3661 dicant
2224 3606 2508 3661 contineri.
2542 3602 2787 3667 Addidit,
2825 3611 2872 3656 et
2898 3603 3159 3657 veritatem
3188 3611 3329 3656 tuam
3359 3587 3411 3654 in
3440 3601 3601 3655 eccle-

2019 3703 2098 3756 sia
2140 3710 2452 3755 sanctoriuu.
2506 3697 2764 3753 Mirabilia
2807 3696 2941 3751 dixit
2982 3697 3175 3767 unique
3217 3694 3599 3764 praedicanda;

2022 3794 2283 3849 ceritatem
2331 3799 2505 3845 autem
2558 3790 2611 3843 in
2640 3797 2933 3842 sanctorum
2979 3788 3192 3841 ecclesia
3235 3786 3600 3855 confitnidam,

2024 3888 2113 3943 ubi
2144 3885 2403 3950 creditur,
2442 3883 2661 3937 Verbum
2688 3898 2812 3935 caro
2840 3882 3035 3952 factum
3062 3879 3239 3951 (Joan.
3272 3897 3309 3947 ι,
3344 3879 3458 3949 ll),
3512 3877 3604 3932 ubi

2024 3991 2208 4037 sancta
2237 3978 2471 4034 Trinitas
2518 3978 2596 4032 sic
2640 3974 2946 4042 suscipitur,
3009 3982 3067 4027 ut
3106 3988 3266 4039 unus,
3313 3972 3469 4027 sicuti
3522 3981 3607 4027 est

2027 4074 2190 4137 Deus,
2223 4069 2483 4125 Dominus
2512 4076 2826 4122 cunctorum
2857 4079 2953 4120 ore
2981 4064 3245 4119 laudetur.

2104 4165 2255 4219 Vers.
2291 4137 2358 4217 ϐξ
2389 4159 2643 4227 Quoniam
2662 4158 2775 4228 quis
2795 4158 2851 4211 in
2875 4154 3091 4212 nubibus
3118 4155 3399 4225 tequabitur
3429 4154 3608 4211 Domi-

2026 4274 2115 4323 no,
2165 4263 2256 4310 aut
2293 4254 2405 4324 quis
2437 4250 2620 4306 similis
2645 4249 2740 4304 erit
2770 4247 2880 4303 Deo
2923 4248 3054 4302 inter
3080 4246 3216 4316 ﬁlios
3240 4243 3382 4301 Dei?
3428 4244 3608 4301 Nubes

2027 4351 2333 4421 frequenter
2362 4345 2596 4401 diximus
2621 4341 2772 4399 verbi
2803 4340 2896 4397 Dei
2930 4354 3053 4397 esse
3088 4338 3484 4411 praedicatores,
3515 4338 3606 4411 qui

2028 4462 2123 4519 per
2152 4444 2408 4515 Spiritum
2457 4447 2698 4494 sanctum
2748 4435 2975 4508 populos
3018 4434 3198 4490 divina
3241 4434 3413 4504 gratia
3457 4446 3609 4486 com-

2031 4540 2321 4613 pluebant;
2374 4534 2468 4593 sed
2515 4544 2695 4590 tamen
2732 4537 2891 4587 erant
2927 4527 3146 4584 obnoxii
3200 4527 3318 4596 lege
3371 4524 3605 4595 peccati;

339 4620 537 4675 άίπίετί·
584 4620 714 4689 Ωυω
754 4624 921 4695 ﬁgura
973 4623 1187 4691 αἰσίων,
1242 4626 1345 4681 ἀπὸ
1389 4633 1580 4689 κοῖνου,
1640 4625 1692 4679 id
1739 4634 1844 4692 est.
1892 4640 1922 4681 a
1951 4627 2003 4690 D
2028 4641 2272 4705 potentes
2302 4627 2517 4699 quidem
2545 4626 2601 4682 in
2629 4622 2926 4686 miraculis,
2957 4616 3014 4675 in
3043 4618 3420 4690 praedicatione
3451 4617 3610 4671 terri-

339 4715 642 4783 communi,
694 4715 907 4773 ouando
944 4717 1226 4787 superiora
1279 4717 1345 4773 ad
1388 4718 1639 4774 inferiora
1697 4732 1924 4789 respon-

338 4805 491 4863 denL

418 4898 571 4955 Vers.
601 4900 654 4956 5.
698 4900 942 4972 Disposui
969 4910 1323 4957 testamentum
1357 4903 1527 4958 electis
1561 4904 1720 4971 meis;
1751 4906 1927 4975 juravi

342 4992 510 5049 Dauid
551 5011 693 5051 seruo
756 5012 889 5054 meo.
944 4995 1095 5052 Nunc
1145 4996 1305 5052 verba
1338 4996 1545 5051 Domini
1577 4997 1757 5061 relert,
1806 5011 1927 5067 qua:

341 5089 588 5159 superius
645 5104 767 5147 eum
819 5090 1022 5146 dixisse
1073 5089 1411 5145 memoravit.
1487 5089 1617 5144 Nam
1681 5090 1926 5159 quamvis

341 5179 594 5237 omnibus
635 5180 979 5237 denuntiasse
1022 5180 1302 5248 videatur,
1360 5180 1530 5236 electis
1590 5191 1769 5237 tamen
1812 5182 1925 5237 suis

341 5278 548 5329 tantum
599 5275 700 5331 ista
742 5274 1027 5348 disposuit,
1069 5275 1160 5345 qui
1208 5274 1258 5330 ei
1296 5273 1438 5330 dono
1484 5274 1651 5344 ipsius
1697 5274 1922 5331 credere

342 5366 687 5435 maluerunt;
731 5383 800 5423 ne
824 5369 892 5423 ad
923 5368 1329 5438 promissionem
1361 5369 1526 5423 talem
1562 5376 1615 5424 et
1647 5369 1725 5423 illi
1771 5377 1924 5425 tene-

342 5467 554 5527 rentur,
591 5460 681 5531 qui
707 5460 777 5518 de
807 5461 972 5518 David
1008 5462 1217 5519 semine
1246 5477 1307 5517 se
1333 5461 1662 5518 descendere
1690 5463 1925 5518 carnali-

343 5559 428 5605 ter
456 5551 837 5622 prmlerebant.‘
888 5553 1125 5622 Addidit,
1165 5554 1343 5625 juraui
1384 5552 1553 5607 David
1600 5569 1744 5609 servo
1793 5561 1925 5609 meo‘.

348 5640 597 5699 Divinum
648 5654 1041 5702 sacramentum
1098 5644 1465 5715 promissionis
1519 5645 1757 5700 noscitur
1806 5658 1929 5702 esse

346 5737 608 5793 securitas
636 5778 652 5804 ,
697 5738 822 5809 quia
866 5739 1012 5795 solus
1050 5738 1197 5811 iuste
1235 5748 1290 5795 et
1317 5737 1590 5795 deﬁnitiva
1639 5739 1923 5809 promittit,

346 5827 435 5886 cui
466 5829 712 5901 subiacet
755 5831 984 5903 implere
1025 5832 1170 5904 quod
1220 5831 1435 5889 dixerit.
1486 5829 1731 5889 Humana
1781 5832 1924 5889 enim

2035 4726 2188 4781 biles.
2240 4720 2344 4778 Sed
2375 4721 2493 4791 quis
2536 4732 2723 4774 eorum
2749 4730 2871 4773 esse
2911 4721 3121 4785 poterat
3149 4710 3363 4768 Christo
3388 4708 3604 4776 similis,

2034 4826 2333 4886 quanquam
2358 4819 2412 4866 et
2440 4810 2557 4879 ipse
2592 4807 2773 4865 carnis
2800 4804 3066 4861 velamine
3092 4797 3402 4870 tegeretur?
3448 4795 3609 4852 Aliud

2033 4918 2119 4965 est
2138 4908 2278 4963 enim
2316 4905 2407 4977 qui
2434 4904 2501 4958 de
2540 4901 2756 4974 proprio
2792 4906 2985 4969 potest,
3034 4892 3179 4949 aliud
3205 4891 3297 4961 qui
3323 4891 3390 4946 de
3433 4889 3605 4943 altero

2034 5001 2211 5058 clarus
2239 5006 2339 5054 est.
2389 4994 2560 5051 Simili
2608 4992 2767 5048 modo
2794 5002 2893 5045 nec
2936 4988 3069 5041 inter
3114 4984 3248 5052 ﬁlios
3270 4980 3366 5037 Dei
3410 4981 3608 5036 habere

2036 5092 2206 5164 potuit
2232 5089 2529 5160 aequalem;
2567 5085 2819 5156 quoniam
2861 5080 2950 5136 ille
2990 5092 3085 5148 per
3124 5084 3366 5132 naturam
3408 5082 3491 5129 est
3518 5072 3609 5128 Fi-

2034 5185 2159 5244 lius.
2190 5182 2360 5238 sancti
2392 5194 2518 5236 vero
2547 5193 2643 5249 per
2670 5175 2929 5247 gratiam;
2958 5171 3049 5228 ille
3077 5170 3196 5227 sine
3214 5168 3393 5239 aliquo
3418 5181 3611 5237 pecca-

2032 5287 2109 5345 to,
2152 5276 2239 5332 isti
2269 5288 2364 5344 per
2389 5272 2563 5340 ipsum
2591 5283 2620 5322 a
2660 5264 2891 5336 peccatis
2928 5264 3218 5333 probantur
3255 5258 3422 5318 exuti.
3476 5260 3611 5325 Qua

2029 5370 2153 5425 ideo
2173 5367 2313 5423 dicta
2342 5371 2488 5430 sunt,
2510 5376 2578 5416 ne
2600 5360 2722 5431 quis
2746 5358 2895 5413 illum
2918 5364 3124 5413 tantum
3142 5353 3416 5411 hominem
3437 5350 3607 5409 sacri-

2036 5460 2168 5531 legis
2193 5458 2412 5513 ausibus
2439 5454 2746 5509 aestimaret.

2110 5549 2264 5604 Vers.
2306 5548 2359 5601 'i.
2404 5544 2541 5598 Deus
2586 5542 2671 5613 qui
2711 5541 3029 5615 gloriﬁcatur
3064 5539 3118 5593 in
3150 5534 3367 5593 consilio
3402 5545 3607 5590 sancto-

2038 5658 2173 5705 rum,
2228 5653 2445 5709 magnus
2484 5646 2529 5690 et
2576 5634 2874 5689 metuendus
2920 5648 3071 5703 super
3093 5646 3267 5686 omnes
3294 5629 3382 5701 qui
3406 5629 3461 5681 iu
3505 5629 3613 5681 cir-

2040 5735 2180 5787 cuitu
2206 5734 2317 5803 ejus
2357 5740 2497 5785 sunt.
2549 5728 2777 5798 Exponit
2818 5724 2960 5797 quod
2999 5725 3244 5795 superius
3284 5720 3438 5783 dixit,
3491 5723 3613 5789 quia

2040 5826 2266 5883 similem
2300 5823 2495 5882 habere
2532 5837 2638 5880 nou
2676 5828 2903 5894 poterat,
2955 5821 3045 5889 qui
3071 5818 3249 5876 omnia
3277 5814 3611 5874 continebat.
