4062 6344
419 422 466 432 --
513 387 612 448 651

1709 384 1781 442 Μ.
1819 381 2104 442 AURELII
2140 382 2535 446 CASSIODORI

3664 385 3784 443 652

502 505 623 579 Ipse
647 507 794 565 enim
824 505 1084 564 Dominus
1109 504 1354 563 Christus
1378 501 1481 575 jqui
1527 501 1851 574 praedicatur
1876 519 1908 560 a
1955 517 2083 560 san-
2111 504 2165 566 Α
2187 505 2440 563 versiculi
2468 507 2784 578 probatione
2809 508 3113 566 conﬁrmat.
3139 506 3266 566 Ideo
3294 505 3440 563 enim
3469 504 3782 577 triumpha-

501 600 626 671 stis,
655 615 872 673 magnus
903 599 1096 656 dicitur
1121 606 1340 670 propter
1363 596 1507 668 quod
1537 596 1686 654 Deus
1708 603 1819 663 est;
1849 605 2078 652 metuen-

500 693 597 749 tius
623 707 656 750 ε
683 701 952 765 potestate
985 691 1234 748 mirabili.
1268 691 1442 764 Super
1470 707 1643 748 omnes
1665 692 1754 762 qui
1777 692 1834 747 in
1858 692 2078 748 circuitu

502 786 616 856 ejus
639 793 799 852 sunt;
846 785 1014 841 sancti
1057 785 1286 853 scilicet,
1339 799 1475 856 quos
1521 785 1766 857 superius
1800 784 1900 842 Dei
1939 785 2078 842 ﬁlios

501 875 658 943 dixit,
694 875 787 944 qui
817 875 960 931 dono
985 874 1152 945 ipsius
1179 875 1366 945 gratiae
1391 877 1784 948 proximantur.
1827 877 1931 934 Sed
1957 876 2079 948 jure

501 981 660 1038 supra
702 980 796 1023 eos
826 966 918 1022 ille
956 967 1211 1038 probatur
1255 967 1524 1037 excelsus,
1575 983 1672 1039 per
1699 983 1858 1039 quem
1890 983 2078 1026 omnes

500 1068 798 1116 noscuntur
846 1074 968 1117 esse
1013 1061 1256 1132 gloriosi.
1299 1061 1592 1119 Considera
1640 1077 1768 1120 vero
1795 1061 1938 1132 quod
1983 1077 2079 1132 per

499 1150 874 1207 duodecimam
925 1153 1164 1221 speciem
1204 1153 1556 1222 deﬁnitionis,
1599 1169 1718 1225 quae
1751 1153 1934 1211 Graece
1969 1155 2080 1213 κατ’

498 1241 728 1309 ἔπαινον,
757 1243 949 1299 Latine
975 1258 1072 1314 per
1093 1244 1305 1302 laudem
1335 1245 1549 1315 dicitur,
1582 1261 1750 1317 usque
1773 1246 1840 1304 ad
1861 1246 2081 1303 divisio-

499 1349 627 1390 nem
647 1335 918 1408 subjectos
941 1352 1130 1395 versus
1155 1339 1412 1407 decurrit,
1444 1348 1501 1397 et
1525 1353 1619 1411 per
1645 1340 1853 1398 diversa
1881 1355 2081 1412 praeco-

498 1427 588 1482 nia
615 1429 736 1499 quis
763 1430 834 1486 sit
855 1430 957 1488 iste
987 1430 1243 1487 Dominus
1268 1432 1550 1489 indicatur.

572 1518 728 1576 Vere.
759 1520 814 1577 8.
852 1521 1075 1578 Domine
1102 1522 1240 1579 Deus
1282 1525 1544 1593 virtutum,
1593 1527 1707 1599 quis
1739 1529 1922 1584 similis
1959 1529 2084 1586 tibi?

497 1619 676 1684 potens
701 1627 776 1680 es,
804 1612 1042 1683 Domine,
1075 1623 1124 1669 et
1151 1617 1333 1672 ueritas
1362 1627 1449 1672 tua
1477 1617 1530 1672 in
1561 1618 1778 1674 circuitu
1799 1631 1908 1676 tuo.
1950 1621 2083 1680 Post

497 1703 590 1760 illa
615 1719 733 1775 quae
760 1706 1004 1775 superius
1029 1706 1182 1775 dixit,
1221 1708 1496 1778 aptissima
1525 1717 1609 1767 est
1643 1713 1907 1769 sententia
1942 1715 2079 1769 sub-

497 1804 680 1852 secuta
701 1837 719 1865 ,
774 1796 902 1866 Quis
937 1799 1120 1855 similis
1155 1801 1291 1855 tibi?
1328 1802 1382 1858 id
1420 1811 1534 1870 est,
1576 1804 1701 1875 quia
1736 1805 1983 1860 uirtutum
2019 1820 2080 1864 es

2155 596 2256 677 vit
2276 597 2331 652 in
2352 598 2490 655 caelo
2511 597 2579 656 de
2603 599 2838 670 superbo
2866 599 3078 656 diabolo
3104 617 3119 654 :
3147 598 3270 655 ideo
3291 599 3344 655 in
3368 607 3512 655 terra
3540 597 3610 654 de
3639 612 3774 670 per-

2178 688 2286 746 ﬁdo
2323 689 2528 756 Judaeo,
2585 693 2836 762 quoniam
2888 693 3056 763 ipsius
3102 700 3222 748 erat
3259 691 3445 763 utique
3478 692 3682 749 celum
3714 701 3782 750 et

2179 791 2344 840 terra.
2375 782 2483 840 Cur
2507 785 2651 842 enim
2677 785 2945 852 diabolus,
2979 794 3074 841 aut
3101 784 3323 842 Judaeus
3355 785 3411 840 in
3443 783 3638 840 alienis
3678 799 3778 841 re-

2179 877 2281 935 bus
2309 879 2673 951 superbirent,
2720 880 2849 936 dum
2890 879 3358 950 utraquehabere
3389 894 3545 936 suum
3575 879 3777 951 proba-

2179 979 2365 1028 rentur
2392 972 2710 1030 auctorem?
2742 973 3017 1044 Sequitur,
3049 974 3224 1028 orbem
3243 981 3500 1027 terrarum
3528 980 3578 1027 et
3604 972 3782 1042 pleni-

2178 1063 2410 1120 tudinem
2469 1065 2580 1134 ejus
2631 1073 2689 1119 tu
2743 1063 2996 1136 fundasti.
3059 1062 3188 1119 llaec
3233 1063 3532 1134 increpatio
3591 1061 3782 1118 adhuc

2179 1155 2412 1228 pertinet
2463 1154 2531 1210 ad
2578 1153 2812 1212 Judszos.
2869 1153 3076 1211 Sensus
3118 1168 3248 1225 ergo
3302 1153 3423 1209 talis
3467 1160 3555 1209 est
3598 1171 3615 1206 :
3666 1151 3781 1208 Cur

2179 1248 2470 1306 voluerunt
2514 1247 2665 1304 stulti
2693 1246 2748 1302 in
2799 1254 2851 1302 te
2877 1246 3068 1302 saevire
3097 1244 3154 1300 in
3199 1244 3301 1301 hoc
3341 1244 3562 1310 mundo,
3612 1243 3776 1314 cujus

2183 1348 2259 1405 tu,
2310 1338 2542 1406 Christe,
2594 1335 2843 1393 fundator
2892 1353 2996 1404 es;
3053 1344 3112 1392 ut
3159 1335 3328 1392 nimia
3371 1335 3648 1392 dementia
3692 1335 3774 1390 vi-

2180 1431 2411 1488 deantur
2451 1430 2578 1486 talia
2608 1443 2956 1500 praesumere,
2997 1443 3120 1499 qua:
3149 1429 3412 1485 humanas
3459 1429 3605 1485 vires
3648 1441 3776 1498 pro-

2183 1525 2378 1582 bantur
2403 1522 2668 1582 excedere
2693 1524 2716 1579 ?
2764 1523 2915 1579 Orbis
2945 1530 3214 1591 terrarum,
3245 1523 3479 1592 pertinet
3509 1519 3578 1575 ad
3607 1521 3776 1575 totius

2182 1619 2417 1692 spatium
2454 1618 2683 1687 mundi;
2733 1617 2998 1692 plenitudo
3038 1621 3171 1686 ejus,
3221 1616 3289 1672 ad
3330 1629 3520 1672 omnes
3561 1614 3778 1670 scilicet

2183 1721 2459 1770 creaturas
2489 1726 2612 1783 quae
2658 1710 2714 1767 in
2740 1725 2808 1768 eo
2855 1719 2976 1768 esse
3005 1717 3320 1768 noscuntur.
3371 1709 3463 1767 Sic
3492 1723 3588 1780 per
3615 1723 3774 1764 com-

2183 1807 2602 1865 memorationes
2633 1805 2820 1862 talium
2859 1820 3040 1864 rerum
3086 1805 3323 1863 breviter
3370 1810 3567 1861 cuncta
3618 1816 3774 1865 com-_

497 1886 774 1946 Dominus.
814 1889 995 1949 Sancti
1033 1895 1176 1950 enim
1213 1894 1450 1952 ditantur
1478 1897 1785 1966 virtutibus,
1829 1914 1936 1954 non
1975 1899 2075 1955 do-
2107 1884 2158 1946 Β
2181 1898 2371 1970 plexus
2399 1905 2504 1955 est.

497 1981 806 2048 minantur;
850 1991 906 2039 tu
945 1992 1122 2040 autem
1154 1985 1256 2041 illis
1285 1987 1447 2043 rebus
1484 1986 1738 2058 imperas,
1777 1988 1974 2058 quibus
2000 1991 2078 2047 illi

499 2082 557 2130 te
594 2084 884 2144 praestante
921 2078 1163 2146 praeclari
1205 2089 1351 2138 sunt.
1399 2081 1590 2139 Merito
1639 2083 1923 2152 repetitum
1975 2093 2077 2152 est,

496 2166 614 2236 quis
638 2167 822 2224 similis
861 2168 998 2224 tibi?
1033 2169 1115 2227 Tu
1143 2187 1210 2228 ex
1239 2181 1292 2229 te
1329 2183 1519 2244 potens
1544 2189 1624 2243 es,
1665 2176 1743 2232 illi
1780 2177 1848 2232 de
1880 2186 1961 2246 te;
2001 2177 2079 2234 illi

497 2258 726 2316 veritate
765 2270 858 2317 tua
894 2261 1181 2320 illuminati
1217 2273 1365 2334 sunt,
1406 2266 1503 2325 tibi
1538 2275 1720 2326 autem
1757 2271 1954 2326 veritas
1990 2280 2077 2328 tua

497 2346 771 2407 individuo
798 2366 1012 2424 semper
1039 2355 1200 2412 inest.

571 2439 724 2500 Vers.
759 2445 813 2500 9.
850 2445 933 2501 Tu
959 2447 1242 2504 dominaris
1267 2451 1501 2520 potestati
1527 2452 1685 2508 maris
1712 2468 1732 2509 :
1757 2464 1951 2510 motum
1975 2473 2076 2510 au-

497 2543 600 2590 tem
626 2539 878 2606 [luctuum
912 2541 1024 2611 ejus
1049 2547 1108 2594 tu
1136 2540 1361 2613 mitigas.
1400 2541 1556 2600 Nunc
1593 2543 1724 2600 dicit
1761 2545 2078 2603 multil‘arias

500 2631 954 2698 enumerationes,
984 2647 1082 2702 per
1109 2648 1244 2704 quas
1270 2635 1593 2706 singularem
1621 2645 1938 2708 potestatem
1970 2638 2079 2695 Do-

493 2721 628 2776 mini
667 2721 940 2780 evidenter
975 2725 1240 2781 ostendat.
1283 2724 1521 2784 Potestas
1558 2730 1738 2798 maris,
1777 2729 1936 2802 hujus
1973 2745 2077 2787 sa:-

492 2814 599 2868 culi
639 2813 812 2870 honor
851 2825 956 2883 est,
997 2817 1088 2888 qui
1128 2818 1436 2890 frequenter
1473 2819 1530 2877 in
1569 2830 1835 2894 martyres
1869 2823 2074 2879 Christi

489 2902 683 2974 rapido
711 2911 921 2962 tumore
944 2908 1196 2964 surrexit.
1227 2909 1333 2966 Sed
1363 2921 1541 2968 tamen
1571 2927 1643 2968 ne
1671 2921 1950 2982 putaretur
1976 2928 2074 2970 vo-

490 2994 669 3053 luntas
694 2998 785 3054 illa
813 3014 880 3056 ex
900 3014 994 3056 sua
1023 3011 1286 3072 potestate
1312 3006 1565 3076 grassari,
1597 3007 1727 3064 dicit
1754 3009 1916 3064 etiam
1946 3008 2068 3066 his:

492 3085 576 3140 Tu
604 3088 903 3160 dominaris,
945 3095 1158 3163 quando
1199 3096 1403 3153 feroces
1435 3107 1610 3154 motus
1639 3115 1735 3171 pro
1762 3109 2071 3158 sanctorum

489 3178 723 3235 utilitate
760 3184 1030 3240 convertis
1062 3201 1078 3252 ;
1129 3187 1266 3242 sicut
1303 3189 1418 3258 ipse
1455 3190 1510 3244 in
1550 3189 1841 3262 Evangelio
1879 3193 2010 3248 dicit
2050 3209 2067 3248 :

2252 1991 2410 2048 Vers.
2444 1992 2532 2046 12.
2571 1989 2876 2062 Aquilonem
2912 1996 2959 2045 et
2990 2003 3131 2044 mare
3162 1995 3218 2042 tu
3248 1987 3526 2058 fundasti:
3556 1987 3770 2044 Thabor

2181 2093 2227 2138 et
2269 2081 2500 2137 Hermon
2539 2082 2593 2136 in
2645 2082 2849 2136 nomine
2899 2089 2988 2134 tuo
3035 2079 3386 2136 exsultabunt.
3436 2079 3769 2152 Aqdlonent,

2183 2173 2363 2230 adhuc
2387 2173 2666 2230 diabolum
2693 2171 2984 2244 signiﬁcat,
3013 2171 3106 2242 qui
3139 2171 3274 2228 dixit
3308 2189 3323 2225 :
3376 2170 3580 2226 Ponam
3600 2176 3772 2230 sedem

2179 2282 2347 2322 meam
2377 2266 2430 2320 in
2451 2263 2728 2336 Aquilone,
2768 2274 2817 2319 et
2843 2262 3028 2319 similis
3061 2279 3149 2319 ero
3177 2263 3438 2320 Altissimo
3475 2263 3631 2335 (Isai.
3661 2283 3769 2335 xxv,

2181 2357 2272 2423 15,
2306 2355 2418 2427 14).
2464 2354 2615 2411 Mare
2642 2353 2827 2412 saeculi
2857 2353 3018 2424 hujus
3045 2353 3215 2410 elatas
3254 2363 3310 2410 et
3355 2353 3568 2425 iniquas
3593 2354 3772 2412 homi-

2179 2463 2308 2506 num
2337 2453 2630 2517 potestates
2660 2454 3034 2517 competenter
3060 2445 3415 2514 advertimus,
3445 2461 3565 2518 qua:
3585 2456 3770 2504 contra

2180 2541 2391 2599 Domini
2433 2539 2687 2596 mandata
2733 2539 3010 2610 sacrilegis
3053 2539 3417 2597 voluntatibus
3456 2540 3766 2612 eriguntur,

2178 2647 2287 2688 non
2332 2640 2390 2687 ut
2418 2630 2724 2702 proﬁciant,
2767 2631 2863 2688 sed
2909 2640 2967 2687 ut
3005 2629 3357 2688 vehementer
3394 2635 3765 2690 occumbant:

2175 2721 2460 2794 increpans
2512 2731 2770 2794 utrosque
2817 2723 3295 2794 praesumptionem
3343 2725 3402 2780 in
3455 2738 3516 2780 se
3566 2739 3767 2796 ponere

2177 2830 2285 2872 non
2333 2813 2551 2882 debere,
2603 2814 2731 2870 dum
2779 2829 2876 2872 eos
2927 2829 2959 2870 a
3003 2816 3232 2871 Domino
3275 2831 3376 2873 suo
3403 2825 3768 2876 constetesse

2175 2907 2491 2979 plasmatos.
2531 2903 2792 2960 Creatura
2831 2905 2973 2961 enim
3004 2905 3286 2977 superbire
3313 2921 3422 2961 non
3467 2906 3630 2963 debet
3655 2910 3764 2963 Au-

2176 3002 2337 3072 ctori,
2366 3017 2486 3073 qua:
2515 3001 2584 3057 ab
2610 3014 2678 3057 eo
2705 3008 2764 3057 ut
2796 3001 3031 3059 existere
3066 3003 3350 3073 potuisset,
3383 3003 3613 3073 accepit.
3663 3003 3768 3061 Se-

2174 3093 2378 3164 quitur,
2414 3091 2627 3148 Thabor
2657 3103 2707 3147 ct
2729 3091 2965 3148 Hermon
2989 3093 3044 3147 in
3073 3094 3276 3149 nomine
3304 3104 3388 3148 tuo
3418 3095 3764 3151 exsultabant.

2176 3183 2379 3239 Thabor
2429 3194 2477 3239 et
2512 3183 2761 3250 Hermon,
2805 3193 3016 3241 montes
3059 3193 3187 3240 sunt
3226 3185 3396 3258 Syria:
3448 3186 3761 3256 provincia,

490 3272 618 3328 Non
645 3275 856 3331 haberes
884 3278 938 3332 in
964 3294 1043 3333 me
1074 3289 1396 3349 potestatem,
1427 3283 1524 3338 nisi
1555 3283 1646 3338 tibi
1673 3285 1796 3340 data
1821 3295 1952 3340 esset
1980 3285 2069 3341 de-
2095 3268 2143 3334 C
2173 3289 2400 3346 quorum
2422 3275 2639 3330 nomina
2662 3275 2898 3346 ingentia
2924 3283 3259 3332 sacramenta
3280 3277 3606 3348 parturiunt.
3626 3277 3758 3334 Tha-

489 3383 648 3436 super
685 3367 871 3438 (Joan.
903 3384 1015 3435 xix,
1058 3370 1171 3442 11).
1214 3372 1280 3428 Et
1317 3375 1439 3444 quia
1478 3374 1706 3442 dixerat,
1746 3377 2066 3446 dominaris,

486 3457 734 3528 sequitur
771 3461 931 3531 digna
970 3462 1250 3532 probatio;
1292 3466 1546 3536 quoniam
1583 3471 1774 3538 ﬂuctus
1811 3471 1924 3540 ejus
1952 3470 2068 3540 ipse

485 3551 704 3622 mitigat.
750 3552 818 3608 Et
855 3554 1132 3610 considera
1161 3555 1284 3626 quia
1325 3559 1523 3630 mitigat
1549 3559 1704 3626 dixit,
1745 3574 1852 3618 non
1881 3563 2062 3629 tollit;

485 3643 740 3712 quoniam
769 3645 814 3700 si
843 3661 961 3702 eam
989 3645 1224 3703 funditus
1261 3649 1544 3717 adimeret,
1587 3665 1838 3707 coronam
1865 3662 2065 3726 marty-

482 3747 576 3789 res
605 3748 712 3790 non
741 3735 1021 3792 haberent.
1057 3737 1211 3804 Quod
1237 3747 1291 3794 et
1319 3739 1362 3793 si
1397 3739 1651 3796 historice
1689 3742 1843 3800 malis
1871 3744 2066 3800 adver-

483 3833 622 3893 tere,
665 3828 946 3886 Dominum
983 3832 1220 3903 mitigare
1260 3834 1450 3901 ﬂuctus
1488 3834 1651 3888 maris
1693 3833 1912 3902 (Matth.
1945 3851 2061 3905 vin,

480 3917 580 3988 26)
620 3919 894 3992 Evangelii
920 3921 1066 3978 locus
1093 3923 1184 3979 ille
1211 3931 1451 3990 testatur,
1481 3925 1693 3994 quando
1714 3925 2065 3994 periclitanti-

478 4006 585 4066 bus
622 4010 918 4082 discipulis,
961 4024 1125 4072 vento
1163 4025 1221 4071 ut
1258 4015 1591 4086 quiesceret,
1630 4017 1767 4073 mari
1806 4026 1865 4073 ut
1909 4025 2063 4074 tran-
2101 4019 2106 4022 ’

465 4100 703 4170 'quillum
734 4105 908 4170 iteret,
935 4105 1238 4175 imperavit.

553 4192 706 4250 Vers.
730 4195 816 4251 10.
857 4194 940 4251 Tu
982 4197 1264 4254 humiliasti
1304 4201 1436 4255 sicut
1479 4201 1822 4270 vulneratum,
1879 4219 2062 4276 super-

478 4283 598 4338 bum
623 4302 642 4339 :
689 4294 738 4340 et
765 4287 819 4341 in
845 4289 1024 4344 virtute
1048 4289 1242 4345 brachii
1263 4294 1336 4346 tui
1357 4293 1640 4363 dispersisti
1666 4295 1896 4351 inimicos
1921 4306 2057 4352 tuos.

476 4376 585 4434 Alii
614 4387 736 4434 sunt
770 4375 872 4449 qui
901 4381 1245 4440 humiliantur
1281 4385 1348 4440 ad
1385 4387 1617 4455 ruinam,
1658 4389 1748 4444 alii
1776 4391 1866 4460 qui
1906 4389 2061 4446 incli-

477 4477 676 4524 nantur
699 4469 768 4525 ad
792 4469 1038 4540 gratiam.
1070 4473 1180 4530 Sed
1207 4481 1268 4528 ut
1297 4475 1352 4529 in
1379 4475 1521 4542 malo
1545 4477 1745 4534 dictum
1773 4479 2060 4536 debuisses

2171 3367 2272 3425 bor
2316 3367 2463 3424 enim
2492 3367 2690 3425 dicitur
2731 3368 2954 3424 veniens
3001 3367 3222 3435 lumen;
3275 3369 3415 3440 quod
3456 3371 3765 3441 specialiter

2169 3460 2238 3516 ad
2266 3459 2553 3516 adventum
2583 3461 2816 3530 pertinet
2846 3459 3060 3516 Domini
3089 3459 3407 3528 Salvatoris,
3437 3462 3507 3518 de
3534 3477 3642 3534 quo
3673 3462 3758 3518 di-

2169 3562 2317 3610 ctum
2342 3562 2428 3610 est
2473 3571 2488 3609 :
2535 3553 2668 3610 Erat
2703 3555 2872 3612 lumen
2897 3570 3070 3610 verum
3099 3556 3236 3626 quod
3275 3554 3536 3612 illuminat
3563 3573 3761 3613 euntem

2172 3649 2429 3704 hominem
2473 3649 2755 3704 uenientem
2803 3649 2858 3702 in
2905 3647 3041 3702 hunc
3077 3649 3330 3703 mundum
3370 3646 3552 3719 (Joan.
3597 3665 3636 3718 ι,
3679 3649 3759 3718 9).

2171 3741 2407 3800 Hermon
2458 3739 2727 3811 signiﬁcat
2778 3739 3064 3797 anathema
3110 3739 3249 3810 ejus,
3305 3739 3360 3796 id
3404 3750 3490 3797 est
3532 3740 3752 3806 diaboli,

2170 3833 2315 3906 quod
2363 3849 2396 3888 a
2426 3831 2748 3890 Christianis
2781 3830 3008 3887 Domino
3056 3832 3308 3888 veniente
3355 3833 3616 3902 suscepit.
3665 3830 3756 3887 Di-

2164 3943 2328 4000 gnum
2385 3925 2528 3983 enim
2583 3925 2706 3994 fuit,
2755 3934 2813 3981 ut
2861 3932 3134 3995 praesente
3190 3923 3393 3980 lumine
3440 3925 3751 3981 tenebrosus

2176 4017 2424 4075 diabolus
2468 4017 2792 4073 vinceretur.
2840 4015 2931 4071 lsti
2953 4028 3080 4086 ergo
3106 4013 3432 4069 exsultabant
3467 4015 3524 4069 in
3555 4015 3750 4070 noniine

2169 4108 2414 4178 Domini,
2483 4107 2624 4162 sicut
2675 4105 2805 4160 alibi
2842 4103 3027 4162 ﬁdeles
3073 4103 3256 4160 dicunt
3312 4122 3326 4159 :
3389 4103 3517 4161 Non
3570 4105 3747 4172 nobis,

2164 4199 2409 4266 Domine,
2440 4215 2544 4255 non
2573 4199 2739 4269 nobis,
2771 4197 2861 4253 sed
2889 4198 3081 4253 noniini
3107 4207 3197 4254 tuo
3224 4198 3293 4252 da
3321 4198 3544 4271 gloriam
3583 4198 3751 4270 (Psal.

2163 4305 2318 4358 exin,
2361 4291 2414 4358 1,
2447 4291 2528 4359 8).

2155 4423 2160 4428 -
2236 4379 2392 4438 Vere.
2427 4380 2516 4436 15.
2558 4377 2730 4434 Tuum
2772 4375 3044 4433 brachium
3072 4393 3191 4433 cum
3219 4379 3446 4448 potentia
3473 4393 3498 4435 :
3522 4379 3745 4448 ﬁrmetur

2161 4488 2343 4528 manus
2389 4481 2499 4539 tua,
2549 4478 2599 4526 et
2639 4472 2893 4527 excitetur
2918 4470 3130 4526 dextera
3161 4481 3270 4528 tua.
3322 4471 3610 4526 Brachium
3649 4471 3752 4530 fre-

475 4561 776 4630 advertere,
807 4562 1025 4632 posuit:
1062 4563 1207 4620 Sicut
1233 4566 1551 4622 uulneratum
1569 4570 1862 4639 superbum.
1893 4572 2056 4644 300
2165 4581 2394 4644 quenter
2429 4569 2646 4642 quidem
2678 4568 2906 4639 legimus
2933 4567 3222 4625 humanam
3260 4568 3563 4640 signiﬁcem
3591 4569 3753 4625 virtu-

473 4647 754 4708 Diabolum
782 4654 925 4734 enim
955 4655 1238 4726 signiﬁcat,
1282 4657 1374 4728 qui
1408 4659 1583 4715 elatus
1621 4675 1784 4731 supra
1810 4661 1864 4718 id
1905 4663 2052 4734 quod
2083 4651 2137 4714 Ι)
2160 4672 2293 4731 tem,
2327 4646 2466 4719 sicut
2493 4662 2755 4735 propheta
2777 4661 2908 4718 dicit
2939 4681 2952 4718 :
2985 4661 3296 4718 Maledictus
3323 4663 3474 4718 homo
3496 4663 3587 4734 qui
3607 4663 3750 4735 ponit

471 4754 702 4814 peierat,
757 4745 1071 4806 humiliatus
1121 4757 1205 4807 est
1242 4764 1340 4808 suo
1380 4753 1510 4810 vitio
1547 4755 1690 4812 intra
1737 4755 1871 4812 illud
1903 4757 2047 4826 quod

469 4852 570 4909 per
595 4849 840 4896 naturam
888 4857 994 4897 non
1047 4853 1186 4908 erat,
1230 4859 1516 4914 percussus
1563 4856 1764 4916 mente,
1791 4863 1900 4906 non
1930 4865 2052 4907 cor-

467 4943 622 4998 pore.
665 4932 756 4988 Sic
793 4933 884 4988 ille
913 4934 1276 5006 iniquissimus
1323 4944 1572 5009 tanquam
1615 4941 1928 4999 vulneratus
1979 4943 2048 5000 de

469 5019 609 5074 coelo
635 5024 841 5078 corruit
869 5024 923 5080 in
954 5025 1089 5081 hanc
1111 5027 1253 5082 aeris
1279 5027 1656 5086 densissimam
1686 5033 2048 5104 crassitatem,

470 5111 611 5166 sicut
652 5111 706 5165 in
751 5111 1041 5184 Evangelio
1070 5116 1328 5173 Dominus
1373 5118 1504 5176 dicit
1553 5140 1568 5178 :
1636 5120 1752 5177 Vidi
1793 5123 2051 5180 Satanam

466 5200 596 5252 sicut
627 5201 803 5272 fulgur
833 5203 896 5257 de
921 5207 1048 5259 calo
1075 5207 1337 5263 cadentem
1363 5209 1516 5281 (Luc.
1549 5226 1606 5281 x,
1636 5213 1750 5285 18).
1799 5215 2048 5272 Inimicos

465 5299 644 5346 autem
695 5291 826 5348 dicit
871 5293 1113 5353 inﬁdeles
1157 5299 1393 5372 Judmos,
1443 5303 1544 5373 qui
1589 5317 1686 5374 per
1734 5305 2046 5365 innumeras

462 5391 652 5451 gentes
681 5383 876 5439 Christi
909 5385 1117 5442 Domini
1164 5391 1358 5449 virtute
1404 5393 1632 5463 dispersi
1680 5405 1829 5464 sunt,
1884 5414 2043 5469 quem

462 5472 636 5529 Patris
665 5475 928 5530 brachium
977 5477 1140 5548 (sicut
1166 5495 1311 5553 saepe
1340 5483 1596 5556 diximus)
1639 5491 1932 5547 auctoritas
1961 5492 2043 5549 di-

463 5568 586 5622 vina
615 5577 858 5626 testatur.

535 5662 686 5722 νει-ε.
721 5666 805 5719 11.
850 5664 948 5720 Tui
984 5677 1101 5722 sunt
1141 5672 1271 5737 ctuti,
1311 5684 1359 5728 et
1403 5685 1488 5728 tua
1529 5685 1600 5731 est
1645 5688 1780 5732 terra
1819 5696 1835 5730 :
1875 5678 2044 5734 orbem

457 5765 712 5811 terrarum
749 5768 795 5812 et
821 5757 1193 5830 plenitudinem
1221 5765 1331 5835 ejus
1385 5777 1438 5820 tu
1468 5768 1717 5837 fundasti.
1779 5769 1910 5838 Quia
1952 5786 2041 5825 su-

457 5848 642 5916 perius
664 5852 877 5924 gemina
907 5852 1116 5912 dixerat
1144 5853 1284 5914 facta
1311 5857 1587 5925 miracula,
1621 5876 1761 5919 nunc
1794 5877 1856 5922 ea
1887 5861 2042 5920 istius

2159 4771 2363 4812 carnem
2409 4770 2552 4826 spem
2601 4752 2798 4808 brachii
2850 4752 2954 4822 sui,
3003 4762 3052 4808 et
3103 4769 3135 4807 a
3164 4751 3388 4808 Domino
3434 4755 3630 4809 recedit
3667 4770 3749 4810 cor

2157 4850 2272 4918 ejus
2299 4847 2512 4920 (Jerem.
2547 4860 2678 4914 xm,
2715 4845 2800 4916 5).
2841 4843 2947 4900 Sed
2978 4858 3086 4900 non
3117 4852 3293 4916 potest
3332 4844 3535 4902 habere
3564 4856 3736 4918 poten-

2158 4939 2308 5009 tiam,
2357 4939 2462 4996 nisi
2507 4945 2705 5011 quanta
2743 4937 2796 4993 ei
2842 4953 2941 5008 pro
2971 4947 3216 5008 tempore
3255 4938 3416 4996 fuerit
3467 4927 3743 4998 attributa.
3807 4937 3812 4944 ’

2161 5029 2260 5086 llic
2285 5037 2482 5094 autem,
2515 5038 2576 5084 ut
2603 5027 2930 5101 signiﬁcaret
2952 5029 3238 5087 Dominum
3269 5030 3637 5103 Salvatorem,
3667 5034 3748 5092 di-

2155 5132 2302 5180 ctum
2332 5131 2416 5180 est
2443 5139 2457 5179 :
2487 5122 2767 5178 Brachium
2793 5131 2942 5179 tuum
2968 5139 3083 5178 cum
3105 5124 3372 5195 potentia;
3413 5126 3521 5183 hoc
3550 5135 3640 5184 est
3667 5126 3742 5185 illi

2156 5230 2280 5272 esse
2319 5217 2463 5287 quod
2495 5231 2690 5287 posse;
2736 5230 2836 5272 nec
2865 5216 3156 5288 aliquando
3185 5218 3425 5289 potentia
3450 5221 3571 5291 ejus
3600 5229 3742 5293 tepe-

2154 5309 2276 5377 scit,
2323 5309 2414 5379 qui
2440 5309 2637 5379 jugiter
2663 5309 2843 5365 omnia
2871 5307 2999 5365 facit
3039 5325 3160 5381 quae
3190 5312 3310 5368 vult
3335 5312 3391 5368 in
3439 5313 3580 5370 caelo
3606 5324 3663 5372 et
3687 5314 3740 5372 in

2156 5410 2313 5458 terra.
2348 5401 2588 5471 Addidit,
2635 5403 2866 5471 firmetur
2894 5417 3074 5459 manus
3105 5413 3213 5471 tua,
3263 5414 3308 5460 et
3333 5407 3588 5463 exaltetur
3621 5423 3743 5466 aes-

2148 5501 2259 5547 tera
2288 5501 2398 5547 tua.
2429 5493 2621 5547 Manus
2648 5504 2703 5550 et
2731 5494 2959 5563 dextera,
2992 5493 3036 5550 si
3064 5495 3338 5552 subtiliter
3367 5498 3738 5571 inspiciamus,

2146 5585 2305 5655 longe
2333 5585 2545 5641 diversa
2596 5595 2740 5645 sunt.
2794 5587 2966 5658 Rogat
3001 5587 3143 5642 enim
3190 5600 3249 5644 ut
3295 5605 3509 5660 manus,
3563 5593 3618 5648 id
3657 5601 3740 5650 est

2149 5679 2391 5748 operatio
2450 5680 2690 5737 ﬁrmetur
2739 5680 2800 5736 in
2843 5680 3124 5751 superbos,
3174 5691 3440 5752 quatenus
3492 5685 3737 5744 inclinati

2148 5770 2588 5827 tribulationibus
2610 5771 2897 5828 celerrime
2921 5771 2988 5828 ad
3017 5774 3387 5832 conversionis
3415 5775 3598 5832 studia
3617 5791 3736 5847 per-

2111 5931 2114 5933 ,
2147 5862 2429 5922 ducantur.
2476 5863 2742 5926 Exaltetur
2766 5871 2947 5924 autem
2973 5863 3186 5952 dextera
3213 5874 3302 5930 tua
3330 5883 3343 5900 ·
3382 5867 3472 5928 hic
3501 5866 3734 5944 fortasse
