4062 6344
234 391 344 451 655

1138 358 1499 442 exposrrto
1533 380 1600 438 IN
1638 377 2094 438 PSALTERIUM.
2133 376 2329 438 PSAL.
2368 378 2701 440 LXXXVIII.

3414 382 3521 443 654

232 508 446 567 dictum
475 506 581 571 est,
638 498 694 560 id
722 504 806 556 est
830 495 1156 556 elarilicetur
1185 494 1441 555 numerus
1468 496 1822 570 praedestina-
1852 491 1908 556 Α
1929 490 2080 547 suavi
2113 490 2309 547 exinde
2338 492 2645 561 epulatione
2690 503 2993 564 pascamur,
3047 498 3102 552 et
3138 492 3212 553 ibi
3240 503 3523 570 perpetua

234 608 442 664 torum,
472 594 562 666 qui
595 600 679 649 est
701 590 769 646 ad
797 590 1079 647 dexteram
1104 589 1469 647 collocandus.

309 690 469 745 Vers.
503 685 594 741 14.
624 683 838 740 Iustitia
859 689 905 738 et
922 681 1178 753 judicium
1200 680 1511 753 prwparatio
1540 677 1675 735 sedis
1697 686 1829 736 luat:

233 777 592 837 misericordia
640 784 689 831 et
718 775 904 831 ueritas
932 774 1181 846 prteibunt
1227 774 1413 844 faciem
1455 782 1620 829 tuam.
1671 771 1831 828 Sedes

235 873 458 944 quidem
493 868 707 926 Domini
735 880 949 938 semper
976 874 1175 922 aeterna
1202 874 1286 922 est
1328 882 1343 920 :
1387 864 1484 921 sed
1513 872 1639 921 tunc
1677 862 1831 919 nobis

236 961 522 1035 apparebit
548 966 869 1030 praeparata,
904 956 1118 1026 quando
1159 957 1333 1028 ipsum
1366 969 1653 1013 cernemus
1680 953 1831 1026 judi-

236 1069 368 1111 care
401 1052 691 1125 justitiam.
750 1049 831 1105 Eo
859 1048 1123 1119 siquidem
1174 1057 1414 1119 tempore
1454 1055 1635 1104 sancta
1677 1044 1835 1103 nobis

238 1148 468 1219 aequitas
490 1152 752 1219 patescet,
780 1152 835 1199 et
857 1157 1015 1198 verus
1038 1142 1208 1199 Judex
1237 1142 1568 1209 ostendetur,
1597 1158 1706 1213 quo
1733 1157 1830 1197 an-

238 1239 485 1311 gelorum
527 1234 788 1308 mysteria
826 1233 1173 1292 videbuntur.
1214 1233 1300 1289 Fit
1345 1236 1657 1305 prteparatio
1698 1234 1832 1288 sedis

242 1336 384 1404 ejus,
416 1330 632 1403 quando
657 1328 775 1385 haec
803 1328 871 1384 ab
897 1328 1201 1385 hominibus
1239 1327 1289 1383 in
1320 1327 1557 1397 generali
1586 1342 1830 1383 resurre-

240 1425 423 1481 ctione
465 1431 775 1480 cernentur.
828 1419 1103 1491 Sequitur,
1154 1419 1503 1475 misericordia
1556 1427 1608 1473 et
1650 1419 1833 1473 veritas

241 1516 499 1588 pratibunt
525 1515 707 1587 [aciem
740 1523 899 1569 tuam.
944 1513 1059 1569 Hoc
1095 1512 1161 1568 ad
1206 1520 1413 1581 tempus
1454 1510 1608 1566 istius
1632 1510 1835 1566 'mundi

248 1623 365 1666 non
391 1610 815 1678 incompetenter
850 1616 1084 1677 aptatur.
1134 1604 1345 1659 Facient
1374 1604 1518 1661 enim
1548 1604 1738 1675 ipsius,
1780 1602 1835 1659 id

243 1710 336 1759 est
357 1702 769 1757 declarationem
798 1699 983 1769 judicii
1010 1698 1369 1754 misericordia
1391 1705 1441 1752 et
1465 1697 1647 1751 veritas
1696 1712 1834 1768 prte-

240 1792 414 1849 ibunt.
446 1792 802 1848 Misericordia
831 1800 935 1860 est,
965 1792 1088 1862 quia
1118 1791 1289 1862 parcit
1335 1790 1650 1857 conversis;
1700 1789 1808 1845 ueri

1935 584 2134 643 laetitiae
2165 599 2390 641 munere
2412 586 2774 656 perfruamur.

2006 658 2282 734 Versil'l.
2328 679 2582 746 Quoniam
2612 680 2781 751 gloria
2809 680 3011 735 virtutis
3038 697 3213 737 eorum
3254 691 3308 738 tu
3349 701 3399 740 es
3420 699 3441 741 :
3470 695 3522 744 et

1934 770 1992 827 in
2033 771 2346 842 beneplacito
2392 780 2478 826 tuo
2508 772 2817 827 exaltabitur
2844 788 3001 827 cornu
3030 780 3280 828 nostrum.
3327 775 3519 831 Merito

1937 880 2098 919 cornu
2126 877 2335 931 eorum,
2364 863 2416 918 id
2448 870 2547 929 est,
2578 871 2814 933 potestas
2840 864 3167 931 eaaltabitur,
3200 866 3290 936 qui
3322 865 3375 921 in
3410 868 3521 922 Do-

1936 955 2084 1011 mino
2116 952 2410 1018 Salvatore,
2461 954 2528 1009 de
2555 968 2660 1023 quo
2683 954 2810 1009 dicit
2855 954 3051 1011 Pater:
3104 954 3204 1009 Hic
3248 964 3321 1009 est
3352 954 3523 1011 Filius

1932 1063 2076 1104 meus
2106 1048 2336 1115 dilectus,
2369 1048 2424 1102 in
2443 1063 2543 1119 quo
2568 1048 2693 1101 mihi
2722 1047 2843 1102 bene
2876 1049 3167 1118 complacu‘i
3200 1047 3408 1119 (Matth.
3443 1064 3522 1115 III,

1936 1140 2051 1213 17),
2085 1141 2336 1197 virtutem
2359 1155 2511 1197 suam
2537 1141 2865 1212 gloriamque
2889 1151 3179 1212 posuerunt
3205 1159 3218 1196 :
3251 1143 3373 1212 quia
3395 1142 3521 1198 dum

1935 1234 2000 1289 ad
2030 1234 2181 1290 illum
2206 1232 2436 1290 refertur
2461 1248 2620 1290 omne
2648 1234 2791 1304 quod
2823 1234 3005 1290 datum
3037 1239 3140 1301 est,
3177 1234 3293 1304 ipse
3322 1234 3380 1289 fit
3405 1236 3523 1293 laus

1936 1337 2117 1385 nostra
2148 1336 2203 1385 et
2232 1329 2473 1399 perfecta
2496 1329 2700 1385 laetitia.
2755 1330 2824 1385 Et
2853 1338 2975 1386 nota
3006 1329 3149 1400 quod
3181 1330 3234 1385 in
3267 1329 3368 1386 hoc
3400 1331 3522 1388 loco

1936 1436 2115 1488 cornu,
2146 1420 2202 1476 in
2240 1419 2383 1476 bono
2430 1421 2610 1491 posuit
2652 1439 2664 1474 ε
2709 1420 2837 1476 alibi
2867 1435 2998 1477 vero
3028 1422 3082 1477 in
3110 1421 3251 1478 malo
3275 1463 3290 1488 ,
3337 1431 3395 1477 ut
3440 1430 3523 1479 est

1937 1510 2102 1567 illud:
2137 1511 2203 1566 Et
2238 1528 2269 1566 a
2296 1511 2537 1567 carnibus
2572 1511 2961 1567 unicorniorum
2988 1511 3329 1567 humilitatem
3358 1528 3524 1569 meam

1938 1604 2115 1676 (Psal.
2150 1619 2260 1671 XXI,
2287 1603 2383 1676 22)
2411 1621 2425 1671 ;
2463 1619 2571 1661 non
2603 1603 2893 1672 immerito,
2923 1603 3175 1675 quoniam
3206 1604 3328 1660 data
3372 1612 3523 1677 pote-

1937 1706 2048 1754 stas
2074 1698 2213 1755 bona
2238 1698 2484 1769 malaque
2511 1698 2662 1755 facit.

2007 1790 2164 1846 Vers.
2193 1790 2281 1846 18.
2326 1790 2590 1856 Quoniam
2632 1788 2849 1845 Domini
2875 1798 2949 1846 est
2978 1791 3285 1862 assumptio,
3328 1799 3375 1848 et
3398 1808 3524 1846 san-

244 1893 346 1952 tas,
403 1885 526 1955 quia
569 1884 831 1955 promissa
868 1884 1123 1939 restituit.
1180 1882 1273 1939 Sic
1310 1893 1593 1955 utrumque
1621 1890 1833 1955 tempus
1860 1877 1911 1943 B
1936 1883 2003 1939 cti
2024 1881 2191 1937 Israel
2214 1881 2369 1953 Regis
2399 1882 2580 1936 nostri.
2609 1880 2872 1952 Exposuit
2898 1896 3065 1953 quare
3089 1882 3344 1937 eaaltetur
3365 1899 3527 1938 cornu

245 1977 523 2036 evidenter
544 1977 631 2035 his
656 1976 997 2034 sermonibus
1023 1976 1305 2033 indicatur.

316 2070 474 2126 Vers.
510 2070 601 2127 15.
644 2069 837 2126 Beatus
882 2068 1105 2142 papulus
1152 2069 1239 2141 qui
1280 2068 1522 2141 intelligit
1560 2067 1837 2140 ⁸ἰιιιιὶιαιίοο

245 2180 361 2218 nem
415 2178 436 2218 :
497 2162 741 2231 Domine,
801 2163 855 2217 in
900 2162 1093 2217 lumine
1138 2168 1304 2220 vultus
1359 2164 1433 2216 tui
1479 2162 1834 2219 ambulabunt.

247 2253 426 2309 Ethan
454 2253 541 2310 ille
569 2253 966 2322 sanctissimus,
994 2267 1151 2324 quem
1179 2252 1364 2308 titulus
1390 2252 1668 2323 prmmisit,
1702 2261 1838 2325 post-

248 2359 412 2416 quam
446 2344 539 2399 Dei
567 2343 716 2399 visus
759 2349 841 2398 est
882 2338 1210 2413 praedicasse
1248 2344 1529 2415 mysteria,
1572 2344 1715 2400 beati
1743 2358 1839 2417 po-

246 2438 360 2509 puli
389 2422 709 2493 multifarias
757 2436 944 2493 laudes
980 2435 1287 2507 aggreditur
1329 2450 1427 2506 per
1455 2436 1508 2492 id
1544 2436 1687 2509 quod
1716 2436 1839 2493 rhe-

249 2538 397 2586 tores
434 2528 915 2585 demonstrativum
944 2526 1156 2583 dicendi
1188 2541 1356 2599 genus
1398 2528 1692 2599 appellant.
1724 2528 1838 2584 Ex-

247 2623 450 2681 clamat
486 2624 627 2680 enim
658 2639 672 2678 :
710 2621 899 2678 Beatus
928 2622 1149 2695 populus
1181 2624 1271 2693 qui
1300 2621 1541 2692 intelligit
1562 2622 1840 2694 jubilatio-

250 2734 396 2785 nem,
447 2716 499 2771 id
539 2723 622 2771 est
669 2715 760 2787 qui
808 2716 1124 2771 immensam
1176 2714 1413 2770 laetitiam
1442 2728 1592 2770 suam
1637 2730 1745 2772 non
1784 2716 1841 2771 in

252 2808 493 2880 propriis
522 2806 740 2875 viribus,
789 2807 885 2863 sed
915 2808 970 2862 in
1000 2806 1095 2863 Dei
1136 2807 1476 2878 cognoscitur
1499 2807 1697 2863 virtute
1746 2823 1843 2878 po-

250 2903 450 2959 suisse.
498 2898 746 2954 Jubilatio
771 2907 855 2956 est
883 2899 1028 2954 enim
1058 2900 1272 2971 copiosa
1315 2900 1513 2956 mentis
1534 2900 1838 2969 exsultatio,

254 3009 374 3065 quae
402 2993 584 3049 verbis
611 3008 717 3048 non
748 3000 927 3063 potest
951 2993 1228 3063 explicari.
1261 2992 1410 3049 Hanc
1431 3008 1562 3065 ergo
1591 3009 1842 3065 perscru-

257 3086 366 3144 tari
393 3086 570 3141 cordis
594 3099 791 3141 arcano
813 3085 952 3140 beati
981 3093 1066 3165 est
1090 3084 1299 3155 populi;
1326 3100 1483 3156 quam
1514 3086 1592 3141 sic
1620 3086 1844 3144 feliciter

256 3176 608 3244 advertimus,
653 3177 697 3233 si
724 3184 997 3232 auctorem
1037 3176 1156 3246 ejus
1189 3192 1320 3248 pura
1347 3185 1527 3233 mente
1557 3177 1840 3233 fateamur.

1940 1975 1997 2032 in
2037 1975 2211 2047 ipsum
2260 1974 2638 2031 credentium:
2698 1976 2959 2042 Quoniam
2995 1978 3300 2049 assumptio,
3342 1978 3399 2034 id
3446 1986 3530 2037 est

1939 2069 2109 2142 gloria
2140 2068 2231 2125 illa
2258 2068 2645 2126 incarnationis
2678 2084 2707 2123 a
2728 2077 2905 2124 sancto
2936 2067 3104 2124 Israel
3132 2070 3390 2141 probatur
3418 2071 3523 2127 im-

1940 2161 2122 2232 pleta;
2176 2161 2229 2215 in
2271 2175 2374 2231 qua
2416 2176 2606 2218 omnes
2652 2175 2803 2232 spem
2850 2160 3108 2217 habentes
3151 2161 3219 2218 de
3264 2161 3530 2233 profundo

1940 2253 2148 2324 peccati
2186 2267 2399 2309 sursum
2446 2253 2725 2325 erigimur,
2772 2254 2899 2310 dum
2947 2254 3114 2324 ipsius
3158 2253 3528 2311 misericordia

1941 2344 2255 2401 sublevante
2284 2345 2338 2400 in
2381 2353 2585 2401 aeterna
2614 2344 2809 2414 gaudia
2855 2344 3203 2401 collocamur.
3252 2346 3399 2403 Ecce
3429 2361 3529 2402 ex-

1942 2438 2117 2510 posita
2147 2445 2270 2494 sunt
2299 2451 2542 2506 munera,
2576 2451 2697 2507 quae
2717 2437 3096 2507 promittuntur
3122 2438 3313 2508 papula
3335 2438 3529 2493 intelli-

1943 2530 2082 2602 genti
2096 2528 2484 2601 jubilationem.
2525 2527 2750 2585 Peracta
2773 2536 2856 2584 est
2886 2528 3291 2585 demonstrativi
3313 2529 3531 2600 generis

1943 2620 2257 2677 admiranda
2286 2620 2541 2688 laudatio,
2589 2627 2648 2675 ut
2675 2619 2730 2675 in
2758 2620 2986 2691 singulis
3010 2619 3173 2677 rebus
3212 2628 3268 2677 et
3292 2619 3531 2691 potentia

1943 2714 2114 2786 ipsius
2141 2720 2410 2778 narretur,
2443 2720 2500 2767 et
2525 2712 2645 2781 quis
2688 2711 2757 2768 sit
2783 2711 2887 2769 iste
2920 2713 3201 2781 Dominus,
3232 2714 3533 2772 evidentius

1944 2805 2332 2879 approbemus.
2372 2803 2524 2861 Nune
2568 2804 2768 2884 aliquid
2813 2806 2880 2863 de
2927 2808 3085 2863 tertia
3132 2805 3397 2864 divisione
3414 2821 3535 2866 "no-

1944 2913 2178 2957 scamus.

2018 2992 2173 3049 νει-8.
2203 2992 2289 3048 19.
2342 2992 2489 3047 Tunc
2536 2993 2735 3047 locutus
2776 3008 2827 3047 es
2864 3009 2920 3045 ιη
2967 3003 3172 3061 aspectu
3196 2992 3462 3063 ﬁliistuis,
3486 3000 3538 3051 et

1949 3086 2126 3142 dixisti
2148 3100 2168 3140 :
2194 3084 2359 3140 Ροεηὶ
2385 3086 2703 3153 adjutorium
2732 3102 2883 3156 super
2911 3093 3186 3156 potentem,
3226 3097 3277 3140 et
3316 3085 3538 3142 exaltavi

1951 3180 2169 3236 electum
2193 3178 2256 3233 de
2281 3177 2426 3249 plebe
2451 3193 2582 3232 mea.
2623 3176 2893 3232 Hactenus
2917 3176 3091 3232 Ethan
3122 3192 3152 3231 a
3179 3192 3277 3232 sua
3306 3191 3536 3248 persona

256 3268 355 3328 Est
375 3270 539 3325 etiam
572 3269 794 3325 omnino
835 3268 1001 3335 utilis,
1047 3269 1092 3324 si
1134 3276 1188 3325 et
1231 3269 1307 3325 sic
1342 3268 1671 3340 intelligatur
1701 3270 1843 3326 dicta
1873 3267 1921 3334 C
1950 3269 2162 3327 loeutus
2186 3277 2290 3337 est,
2322 3281 2466 3323 nunc
2489 3265 2635 3323 venit
2656 3266 2722 3321 ad
2747 3267 2955 3322 tertiam
2985 3273 3209 3337 partem.
3238 3267 3535 3338 praedicans

258 3360 548 3430 sententia,
615 3360 738 3431 quia
781 3361 869 3415 ille
910 3360 1081 3415 beatus
1123 3360 1344 3430 papulus
1386 3367 1488 3428 est,
1540 3360 1630 3432 qui
1661 3360 1846 3419 laudes

258 3452 358 3511 Dei
386 3468 497 3509 non
537 3454 711 3509 solum
746 3467 841 3508 ore
868 3461 1070 3520 cantat,
1104 3452 1199 3509 sed
1229 3453 1390 3508 etiam
1433 3454 1632 3511 lumine
1652 3458 1847 3512 mentis

258 3545 523 3617 intelligit.
551 3544 853 3618 Intelligere
875 3554 1053 3600 autem
1079 3552 1183 3612 est,
1226 3544 1270 3600 si
1301 3544 1606 3615 Scripturas
1635 3555 1850 3604 sanctas

260 3637 543 3694 catholicis
567 3638 770 3709 regulis
793 3645 1187 3708 perscrutetur;
1220 3637 1266 3693 si
1291 3638 1433 3694 dicta
1461 3639 1677 3694 Patrum
1705 3641 1848 3695 salu-

259 3732 366 3786 tari
406 3729 657 3800 dogmate
681 3730 801 3800 quis
834 3729 1282 3800 comprehendat,
1323 3738 1602 3801 totumque
1633 3732 1700 3786 ad
1737 3733 1849 3803 pie-

262 3829 431 3878 tatem
458 3830 621 3878 rectae
648 3822 772 3878 fidei
814 3822 1013 3889 trahat,
1057 3837 1215 3893 quam
1258 3822 1636 3879 haereticorum
1669 3826 1849 3895 pravi-

262 3916 469 3972 tatibus
496 3909 820 3985 acquiescat.
850 3915 1071 3971 Addidit
1098 3915 1381 3985 praemium
1405 3916 1549 3988 quod
1578 3917 1713 3973 tales
1734 3931 1850 3973 con-

262 4005 513 4076 sequitur
532 4005 679 4060 viros
720 4020 736 4059 :
778 4004 1024 4072 Domine,
1066 4005 1121 4059 in
1151 4005 1342 4059 lumine
1369 4006 1539 4060 vultus
1569 4006 1643 4059 tui
1670 4005 1853 4059 ambu-

264 4096 471 4151 labunt.
512 4092 749 4166 Populus
785 4096 879 4151 ille
912 4096 1120 4164 beatus,
1179 4111 1339 4168 quem
1383 4096 1519 4153 dixit
1548 4098 1853 4169 intelligere

259 4186 656 4261 jubilationem,
697 4188 752 4242 in
783 4187 975 4244 lumine
1006 4190 1176 4243 uultus
1214 4191 1326 4258 ejus
1354 4190 1606 4255 ambulat,
1645 4204 1768 4245 cum
1798 4192 1851 4246 in

262 4280 724 4350 contemplatione
753 4288 952 4337 sanetae
978 4281 1256 4337 Trinitatis
1298 4280 1497 4352 jugiter
1521 4290 1848 4350 perseverat.

267 4370 509 4428 Ambulat
555 4372 719 4441 enim,
767 4374 1032 4444 significat
1079 4373 1245 4442 vivit,
1299 4374 1422 4444 quia
1470 4384 1680 4445 tempus
1710 4374 1849 4431 istud

264 4465 391 4519 vita:
418 4473 615 4520 nostra:
643 4466 873 4536 quadam
903 4467 1293 4524 commeatione
1322 4467 1613 4538 peragitur.

336 4555 496 4611 νει-ε.
532 4557 619 4612 16.
663 4555 731 4610 Ει
758 4558 813 4612 in
861 4559 1064 4612 nomine
1094 4567 1179 4613 tuo
1209 4560 1539 4614 exsultabant
1584 4569 1688 4615 tota
1718 4561 1801 4616 die
1830 4576 1851 4616 :

1951 3361 2116 3418 verba
2155 3360 2350 3426 Patris,
2396 3373 2515 3429 quae
2540 3358 2681 3414 dicta
2707 3367 2835 3414 sunt
2862 3358 2931 3414 de
2958 3358 3187 3414 Domino
3212 3358 3528 3429 Salvatore;

1952 3462 2011 3509 ut
2039 3451 2283 3522 superior
2305 3451 2418 3506 laus
2440 3449 2733 3507 indubitata
2759 3451 3067 3519 doceretur,
3118 3467 3278 3522 quam
3309 3461 3534 3523 paterna

1952 3543 2114 3601 etiam
2145 3540 2373 3597 ﬁrmavit
2402 3542 2713 3597 auctoritas.
2746 3542 2900 3613 Saepe
2932 3541 3163 3597 diximus
3194 3552 3409 3600 sanctos
3435 3558 3534 3616 ap-

1952 3633 2143 3707 pellari
2169 3634 2309 3689 filios
2332 3632 2426 3689 Dei
2463 3647 2572 3689 non
2616 3643 2825 3701 natura,
2867 3633 2962 3689 sed
3008 3633 3197 3705 gratia.
3240 3634 3361 3692 istis
3407 3650 3539 3708 ergo

1954 3728 2097 3797 ﬁliis,
2126 3726 2180 3782 id
2202 3735 2285 3784 est
2307 3726 2584 3796 prophetis
2608 3737 2661 3782 et
2689 3727 3129 3795 praedicatoribus
3155 3727 3307 3783 verbi
3339 3728 3538 3785 locutus

1954 3828 2029 3876 est
2048 3818 2301 3874 Dominus
2321 3819 2377 3873 in
2403 3829 2630 3889 aspectu,
2658 3818 2785 3874 dum
2807 3833 2902 3875 eos
2927 3819 3053 3875 fecit
3078 3821 3391 3890 conspicere
3421 3836 3541 3891 quae

1954 3911 2223 3967 dicebant.
2266 3912 2369 3967 Per
2418 3911 2521 3967 hoc
2568 3912 2710 3967 enim
2758 3913 2980 3967 verbum
3026 3912 3157 3968 illud
3198 3912 3538 3984 ostenditur,

1955 4006 2081 4074 quia
2132 4005 2391 4075 quidquid
2432 4004 2712 4075 propheta:
2760 4005 3031 4075 dixerunt,
3079 4022 3189 4063 non
3232 4007 3541 4079 ignoranter

1956 4095 2121 4151 locuti
2149 4108 2311 4151 sunt:
2363 4094 2460 4150 sed
2506 4096 2560 4150 in
2588 4096 3045 4166 contemplatione
3073 4099 3375 4156 certissima
3402 4114 3536 4159 con-

1954 4186 2152 4255 stituti,
2202 4186 2452 4242 viderunt
2503 4195 2684 4241 mente
2735 4189 2875 4257 quod
2937 4203 3033 4247 ore
3090 4191 3540 4263 prtedicaverunt.

1957 4280 2093 4336 Hinc
2120 4287 2202 4335 est
2227 4278 2369 4349 quod
2390 4278 2550 4332 etiam
2573 4277 2816 4334 videntes
2839 4280 3116 4351 propheta:
3142 4295 3538 4356 nuncupantur.

1955 4371 2248 4442 Sequitur:
2290 4369 2454 4426 Posui
2482 4372 2796 4443 adjutorium
2836 4391 2992 4444 super
3015 4384 3287 4446 potentem.
3319 4377 3540 4447 Quaera-

1955 4479 2075 4521 mus
2105 4464 2231 4535 quid
2263 4466 2389 4522 velit
2417 4466 2640 4537 intelligi
2672 4468 2991 4539 adjutorium
3016 4472 3242 4541 positum
3273 4488 3427 4541 super
3452 4489 3543 4544 μοι

1957 4566 2175 4625 tentem;
2221 4574 2345 4613 nam
2375 4560 2468 4630 qui
2490 4560 2815 4632 adjutorium
2844 4565 3036 4634 qumrit
3066 4575 3257 4635 potens
3283 4579 3389 4621 non
3420 4574 3499 4622 est
3525 4582 3541 4633 ;

266 4656 314 4703 et
338 4647 392 4701 in
411 4648 623 4720 justitia
651 4659 741 4703 tua
774 4649 1157 4705 exaltabuntur.
1191 4651 1382 4707 Adhuc
1412 4652 1464 4707 in
1497 4652 1590 4708 illo
1629 4655 1851 4723 praemio
1879 4656 1935 4719 ι)
1958 4652 2050 4722 qui
2100 4659 2290 4721 potens
2331 4659 2438 4719 est,
2486 4667 2593 4707 non
2640 4654 2841 4725 indiget
2868 4655 3129 4725 adjuvari.
3183 4656 3289 4713 Sed
3328 4658 3431 4714 hoc
3461 4658 3544 4715 di-

264 4749 600 4809 perseverat,
629 4740 772 4811 quod
801 4740 957 4796 datur
981 4741 1107 4797 huic
1133 4744 1349 4813 populo,
1378 4745 1464 4811 qui
1492 4744 1733 4817 intelligit
1752 4750 1847 4818 ju-

267 4830 581 4886 bilatitmem.
639 4831 771 4888 Nam
802 4848 925 4889 cum
964 4833 1093 4891 dicit
1122 4833 1370 4913 Domino,
1416 4837 1468 4891 in
1507 4840 1713 4893 nomine
1761 4850 1850 4895 tuo

264 4921 613 4990 exsultabant,
642 4932 789 4980 vetat
813 4925 865 4979 in
890 4928 1105 4996 propria
1132 4929 1553 4999 prmsumptione
1577 4930 1848 5001 gaudere;

262 5028 333 5069 ne
369 5012 596 5084 decepta
625 5016 924 5071 mortalitas
960 5017 1033 5097 ibi
1060 5026 1225 5088 ponat
1253 5019 1494 5075 lmtitiam
1537 5036 1713 5089 suam,
1758 5023 1848 5079 ubi

262 5107 445 5161 omnia
475 5112 603 5166 sunt
637 5107 859 5163 caduca.
912 5107 1190 5180 Sequitur,
1243 5119 1347 5166 tota
1375 5112 1480 5178 die,
1538 5114 1702 5169 totius
1728 5115 1849 5171 vitm

261 5205 477 5267 tempus
499 5197 766 5269 ostendit,
809 5200 934 5271 quia
964 5216 1073 5256 non
1102 5202 1259 5259 decet
1289 5204 1575 5274 aliquando
1602 5205 1726 5261 inde
1756 5207 1851 5264 de-

260 5288 466 5356 sinere,
492 5290 637 5347 unde
665 5300 875 5349 constat
904 5303 1159 5364 perpetua
1186 5305 1239 5351 et
1264 5297 1481 5366 copiosa
1507 5299 1699 5370 gaudia
1729 5314 1853 5369 pro-

260 5383 467 5438 venire.
485 5382 638 5451 Quod
663 5400 784 5441 cum
808 5386 881 5441 ita
909 5386 1105 5443 factum
1129 5387 1307 5458 fuerit,
1342 5391 1522 5444 evenit
1546 5399 1601 5445 ut
1623 5394 1851 5449 exulten-

260 5479 347 5526 tur
369 5474 424 5526 in
438 5473 644 5529 Domini
660 5476 891 5548 justitia,
907 5477 1284 5550 301quando
1310 5478 1361 5533 in
1384 5478 1475 5533 illa
1499 5485 1849 5539 resurrectio-

260 5579 330 5620 ne
362 5564 433 5618 ad
474 5564 752 5622 dexteram
781 5568 983 5624 fuerint
1009 5570 1277 5626 collocati.
1326 5571 1466 5628 Ecce
1502 5575 1677 5643 qualia
1712 5573 1849 5631 dona

261 5665 453 5725 parata
483 5657 615 5712 dicit
642 5659 1044 5730 intelligentibus
1085 5663 1459 5732 jubilationem.
1515 5666 1854 5736 Quapropter

262 5748 647 5819 negligentiam
679 5751 893 5807 noxiam
920 5753 1292 5824 projiciamus,
1325 5765 1382 5813 et
1402 5756 1467 5811 ad
1491 5758 1854 5827 intelligentia:

265 5838 425 5897 beata
452 5843 626 5901 studia
648 5846 1009 5905 concitemur:
1034 5854 1094 5903 ut
1119 5854 1174 5905 et
1203 5848 1309 5915 hic,
1345 5848 1578 5907 donante
1603 5850 1852 5921 Domino,

1959 4750 2127 4809 ctum,
2172 4752 2262 4799 aut
2303 4744 2370 4799 de
2411 4744 2649 4813 generali
2697 4760 2925 4816 corpore
2966 4747 3225 4805 Ecclesiae
3255 4762 3543 4820 possumus

1960 4849 2069 4891 non
2119 4834 2543 4904 incompetenter
2572 4836 2876 4903 advertere,
2921 4838 3065 4909 quod
3107 4848 3294 4909 potens
3337 4848 3392 4897 et
3432 4842 3544 4900 ele-

1961 4934 2103 4981 ctum
2135 4940 2256 4982 esse
2296 4927 2475 4982 nullus
2502 4928 2750 4997 ignorat;
2802 4938 2857 4984 et
2905 4929 3029 4985 huic
3071 4930 3198 4987 dicit
3222 4932 3545 5006 adjutorium

1958 5016 2233 5073 Christum
2282 5017 2568 5073 Dominum
2616 5019 2821 5086 datum,
2871 5021 2959 5091 qui
3003 5020 3071 5077 de
3116 5035 3175 5077 se
3216 5022 3270 5079 in
3301 5025 3544 5082 secundo

1958 5109 2170 5178 psalmo
2197 5106 2367 5163 dixit:
2402 5108 2514 5179 Ego
2558 5121 2731 5163 autem
2758 5111 3061 5166 constitutus
3090 5129 3199 5167 sum
3234 5114 3349 5171 Rea:
3390 5117 3454 5171 ab
3480 5135 3541 5174 eo

1957 5217 2115 5271 super
2153 5201 2283 5257 Sion
2326 5210 2548 5255 montem
2586 5210 2818 5256 sanctum
2860 5206 2972 5276 ejus
3001 5203 3171 5277 (Psal.
3220 5223 3279 5277 II,
3317 5208 3393 5282 6).
3440 5212 3543 5267 Aut

1959 5304 2108 5351 certe
2154 5294 2199 5350 si
2243 5294 2347 5351 hoc
2374 5296 2441 5350 de
2466 5294 2682 5351 Christo
2727 5296 2954 5353 Domino
2978 5299 3205 5358 velimus
3249 5304 3538 5377 advertere

1933 5389 2104 5469 .quod
2132 5389 2206 5445 ait
2235 5406 2249 5444 :
2300 5388 2464 5444 Posui
2502 5388 2823 5459 adjutorium
2858 5407 3012 5463 super
3038 5402 3312 5465 potentem,
3359 5399 3431 5454 ita
3462 5401 3543 5455 in-

1963 5483 2314 5554 telligendum
2342 5491 2445 5550 est,
2475 5497 2538 5537 ac
2565 5482 2611 5538 si
2636 5484 2841 5541 diceret
2865 5504 2876 5540 :
2905 5487 3063 5543 Pater
3089 5491 3358 5560 perhibuit
3387 5495 3537 5551 testi-

1959 5575 2198 5632 monium
2256 5575 2503 5645 potenti,
2549 5576 2600 5630 id
2642 5586 2724 5631 est
2755 5578 2930 5645 Filio;
2982 5583 3119 5639 sicut
3163 5585 3216 5641 in
3252 5586 3541 5660 Evangelio

1963 5685 2065 5725 vox
2091 5670 2156 5724 ad
2183 5685 2303 5725 eum
2333 5670 2466 5725 facta
2492 5681 2735 5741 teStatur,
2789 5673 2971 5731 dicens
3017 5695 3029 5731 :
3082 5678 3147 5733 Et
3189 5682 3471 5751 clari/icavi
3495 5696 3541 5739 et

1963 5763 2148 5817 iterum
2182 5761 2478 5829 clariﬁcabo
2505 5761 2683 5833 (Joan.
2715 5781 2807 5831 xu,
2832 5767 2942 5839 9.8).
2994 5768 3106 5828 Hoc
3144 5783 3224 5828 est
3257 5775 3397 5829 enim
3432 5776 3541 5831 for-

1963 5862 2109 5912 tasse
2134 5853 2274 5923 quod
2299 5852 2445 5923 dicit,
2492 5855 2811 5927 adjutorium
2837 5862 3056 5929 positum
3085 5881 3235 5933 super
3258 5875 3535 5933 potentem.
