4062 6344
513 375 622 439 635

1729 377 1800 434 Μ.
1845 373 2126 433 Αυιιειλιι
2163 374 2571 436 CASSIODOBI

3687 377 3806 442 ϐω

427 567 430 571 _
515 496 745 570 Adiecit,
785 494 1005 554 exaltari
1029 495 1242 553 electum
1265 493 1327 551 de
1353 491 1499 567 plebe
1522 510 1654 552 mea.
1713 492 1948 549 Electum
1987 494 2094 552 dici
2123 493 2176 559 Α
2200 495 2410 565 psalmo
2434 496 2543 565 jam
2573 494 2771 550 dictum
2802 499 2921 551 est:
2953 493 3032 548 Tu
3051 509 3105 550 es
3129 493 3260 551 mihi
3281 495 3541 570 refugium
3565 515 3600 555 α
3641 513 3800 572 pra.

515 591 796 646 Dominum
842 589 1110 644 Christum
1159 589 1326 645 Isaias
1374 589 1638 660 propheta
1685 597 2094 658 commemorat,

515 682 736 739 dicens:
778 679 910 738 Ecce
935 698 1061 752 puer
1082 695 1224 738 meus
1245 683 1524 756 suscipiam
1553 699 1689 753 eum,
1722 682 1914 738 electus
1957 698 2098 738 meus

513 777 824 851 complacuit
843 776 938 831 sibi
962 777 1014 831 in
1037 773 1129 831 illo
1155 777 1328 831 anima
1354 793 1465 832 mea
1487 775 1642 848 (Isai.
1668 793 1799 844 xui,
1828 776 1901 848 l).
1930 775 2098 833 Exol-

519 876 658 924 tatus
679 878 756 922 est
803 875 1006 936 autem,
1035 868 1172 924 sicut
1199 867 1332 925 dicit
1359 870 1680 940 Apostolus:
1707 868 1933 940 Propter
1958 869 2098 942 quod

511 971 556 1018 et
585 962 724 1017 Deus
754 961 993 1016 exaltabit
1024 963 1226 1037 (illum,
1273 972 1320 1021 et
1363 964 1569 1020 donavit
1613 965 1694 1020 illi
1733 982 1915 1021 nomen
1960 966 2097 1038 quod

510 1067 586 1116 est
611 1076 765 1132 super
790 1075 938 1116 omne
967 1077 1150 1118 nomen
1174 1078 1192 1128 ;
1223 1070 1280 1116 ut
1317 1062 1370 1117 in
1405 1061 1606 1116 nomine
1633 1060 1762 1118 Jesu
1789 1079 1936 1118 omne
1963 1078 2096 1135 genu

510 1157 744 1226 ﬂecla'ttr
767 1154 1069 1222 celestium,
1119 1156 1433 1210 terrestrium
1460 1163 1505 1210 et
1531 1154 2092 1232 infcrnorumiPhilip.

509 1261 567 1314 tt,
598 1244 677 1318 9).
720 1244 800 1304 De
843 1245 986 1317 plebe
1029 1263 1162 1314 mea,
1204 1247 1470 1318 signiﬁcat
1509 1254 1725 1317 gentem
1761 1246 2089 1315 Judazorum,

509 1339 650 1395 unde
682 1347 863 1396 natum
887 1349 1097 1396 constat
1125 1340 1410 1398 Dominum
1439 1341 1730 1398 Christum.

579 1455 734 1512 Vera.
765 1455 855 1510 20.
882 1454 1062 1512 Inveni
1093 1455 1260 1512 David
1286 1473 1488 1512 servum
1517 1446 1719 1513 meum:
1744 1456 1798 1511 in
1827 1457 1941 1512 oleo
1973 1473 2095 1511 sano

507 1556 588 1605 cto
615 1566 728 1604 mea
763 1551 891 1605 uani
917 1565 1054 1607 eum.
1093 1550 1248 1619 Quod
1273 1549 1440 1606 dicit:
1471 1549 1656 1612 Inueni
1689 1550 1878 1618 David,
1907 1549 2094 1608 Jesum

507 1639 779 1695 Christum
831 1639 1109 1696 evidenter
1157 1639 1627 1712 insinuat,,quetu
1679 1641 1924 1712 superius
1955 1640 2096 1697 dixit

507 1729 800 1787 Potentem.
849 1732 962 1790 Hoc
1008 1733 1154 1788 enim
1203 1748 1400 1790 nomen
1446 1733 1756 1805 frequenter
1786 1741 1998 1791 constat
2023 1734 2092 1790 ad

507 1822 682 1893 ipsum
731 1823 942 1894 referri,
991 1824 1115 1896 quia
1145 1834 1199 1882 et
1243 1841 1406 1882 manu
1446 1825 1598 1883 fortis
1619 1827 1836 1894 dicitur,
1867 1837 1923 1884 et
1949 1825 2092 1882 desi-

505 1918 756 1976 derabilis
801 1920 1100 1987 invenitur;
1163 1921 1396 1977 maxime
1435 1937 1558 1976 cum
1604 1921 1728 1977 talia
1773 1931 2085 1992 sequantur,

505 2029 623 2085 quas
643 2029 817 2086 neque
843 2013 1035 2083 David,
1070 2030 1241 2086 neque
1271 2015 1426 2071 alteri
1451 2015 1698 2085 cuiquam
1717 2014 1866 2085 justo
1891 2023 2091 2084 prater

505 2104 734 2161 Domino
784 2106 1048 2164 Salvatori
1099 2107 1309 2176 possint
1347 2107 1610 2162 ullatenus
1657 2106 1970 2163 convenire.
2015 2106 2090 2163 De

504 2194 620 2266 ipso
643 2197 789 2253 enim
815 2196 1005 2253 inalio
1035 2197 1246 2267 psalmo
1267 2196 1380 2268 jam
1405 2196 1606 2253 dictum
1633 2207 1715 2253 est
1739 2215 1753 2251 ι
1802 2196 2092 2267 PrOpterea

504 2289 651 2345 unxit
681 2299 728 2344 te
753 2289 900 2346 Deus
926 2289 1066 2346 Deus
1095 2301 1212 2346 tuus
1241 2291 1354 2346 oleo
1383 2291 1743 2346 exsuttationis
1792 2306 1900 2360 prus
1926 2291 2061 2346 uarii
2069 2321 2090 2334 -

504 2382 697 2453 cipibus
722 2383 822 2439 tuis
851 2381 1024 2455 (Psal.
1055 2398 1196 2452 κων,
1228 2382 1306 2455 9).

577 2497 732 2554 Vere.
759 2499 850 2554 2!.
894 2498 1084 2554 Manus
1116 2499 1252 2553 enim
1282 2514 1395 2554 mea
1425 2498 1767 2554 auxiliabitur
1791 2498 1858 2565 ei,
1892 2506 1939 2553 et
1968 2498 2090 2552 bra-

505 2587 674 2644 chium
699 2604 867 2644 meum
897 2590 1201 2661 confortabit
1228 2606 1362 2645 eum.
1407 2591 1520 2646 Hoc
1539 2592 1832 2647 secundum
1861 2591 2086 2646 formam

502 2683 882 2752 servidlcitur,
927 2698 1049 2755 quas
1085 2693 1358 2756 assumpta
1408 2693 1490 2740 est
1534 2685 1588 2740 in
1636 2693 1788 2740 utero
1813 2683 2088 2756 virginali.

503 2774 598 2832 Cui
638 2777 892 2832 auxiliata
920 2786 995 2832 est
1038 2793 1220 2832 manus
1261 2777 1439 2834 divina
1491 2778 1546 2832 in
1575 2778 1920 2850 passionibus
1949 2778 2087 2845 suis,

501 2877 557 2926 et
590 2866 842 2924 fortitudo
869 2869 1081 2926 Domini
1113 2869 1345 2925 ﬁrmavit
1372 2884 1533 2936 eam;
1567 2879 1624 2926 ut
1669 2886 1830 2942 quam
1870 2884 1968 2940 pro
1995 2884 2090 2926 sa-

502 2963 616 3017 lute
645 2953 827 3018 mundi
853 2963 974 3033 pius
1015 2962 1346 3035 Redemptor
1387 2974 1724 3036 susceperat,
1753 2965 2084 3034 prepositsm

459 3089 466 3096 -
503 3067 786 3130 perageret
811 3061 1136 3130 passionem.
1181 3060 1294 3116 Hoc
1333 3059 1549 3116 schema
1589 3060 1786 3116 dicitur
1813 3060 2094 3117 characte-

504 3152 723 3222 rismos,
753 3152 894 3222 quod
924 3152 1113 3209 Latine
1140 3153 1452 3209 informatio
1483 3152 1564 3209 vel
1592 3149 1887 3224 descriptio
1917 3152 2089 3208 uomi-

506 3256 681 3310 natur,
727 3242 940 3315 quando
969 3261 1252 3314 personam
1279 3246 1558 3301 absentem
1595 3245 1916 3316 quibusdam
1945 3245 2090 3301 ludi»

505 3342 604 3399 ciis
645 3340 790 3396 velut
818 3349 1138 3408 prmsentem
1171 3339 1395 3396 facimus
1425 3339 1642 3395 intueri.
1691 3341 1818 3395 Huic
1862 3354 1992 3409 ergo
2023 3341 2090 3394 ll-

505 3443 635 3506 gura
667 3441 833 3490 totam
875 3443 1082 3503 partem
1113 3433 1388 3489 divisionis
1420 3432 1579 3504 hujus
1607 3433 1801 3489 decora
1829 3433 2091 3490 varietate

506 3523 898 3597 complectitur.
1256 3522 1258 3524 ’

582 3657 732 3715 Vera.
757 3658 850 3715 22.
876 3658 1028 3714 Nihil
1047 3659 1279 3730 proﬁciet
1305 3659 1538 3715 inimicus
1561 3659 1615 3716 in
1639 3675 1716 3727 eo,
1748 3667 1795 3714 et
1825 3659 1965 3730 [ilius
1995 3661 2094 3715 ini-

507 3752 720 3826 quitatis
749 3769 852 3809 non
875 3753 1073 3807 nocebit
1112 3768 1250 3807 eum.
1280 3751 1423 3808 Istud
1451 3763 1597 3809 certe
1623 3751 1688 3807 ad
1715 3752 1880 3808 David
1907 3768 2095 3824 quem.

507 3844 792 3904 admodum
844 3847 1115 3917 pertinere
1143 3848 1364 3916 poterit,
1424 3849 1512 3918 qui
1545 3859 1600 3904 et
1623 3848 1872 3904 inimicos
1900 3849 2094 3904 fortio-

506 3953 595 3996 res
616 3939 850 4011 pertulit,
881 3948 935 3995 et
959 3939 1176 3995 diabolo
1204 3941 1490 4014 instigante
1549 3941 1827 4011 peccavit?
1856 3942 1963 4000 Sed
1995 3944 2098 3999 hoc

509 4035 773 4090 veraciter
801 4033 868 4088 de
893 4033 1108 4089 Christo
1134 4034 1488 4089 animadverti
1538 4048 1763 4091 necesse
1793 4045 1879 4092 cst
1905 4052 1920 4102 ;
1973 4051 2096 4090 nam

507 4126 634 4184 licet
674 4128 728 4184 in
769 4144 891 4183 eum
938 4128 1175 4183 saevierit
1213 4127 1484 4192 diabolus,
1539 4127 1629 4196 qui
1674 4137 1752 4183 est
1812 4137 2098 4198 protervus

513 4218 860 4276 humanitatis
890 4220 1171 4276 inimicus:
1203 4218 1331 4276 licet
1351 4220 1487 4275 Juda
1516 4219 1658 4286 [ilius
1687 4221 1975 4292 iniquitatis
2003 4237 2099 4276 no-

509 4327 624 4367 cere
666 4313 1086 4383 prassumpserit,
1128 4312 1305 4368 nullus
1355 4320 1534 4369 tamen
1579 4328 1765 4370 eorum
1797 4326 2098 4384 peccatum,

2201 605 2324 645 sura
2348 605 2460 658 qute
2485 589 2819 645 circumdedit
2846 606 2928 645 me
2961 587 3133 661 (Psat.
3171 605 3323 662 xm,
3351 591 3434 664 7).

2271 682 2426 740 Vers.
2456 683 2550 738 2i.
2592 682 2662 738 Et
2685 685 2870 739 ueritas
2899 700 3030 754 mea,
3052 693 3110 740 'et
3149 686 3505 743 misericordia
3531 705 3652 746 mea
3675 705 3797 748 cm

2199 777 2311 848 ipso
2333 792 2353 832 :
2387 786 2434 832 et
2457 777 2509 831 in
2538 778 2742 833 nomine
2767 793 2876 833 meo
2906 778 3220 834 exaltabitur
3256 795 3416 835 cornu
3446 784 3577 854 ejus.
3625 781 3797 840 Pater

2198 867 2328 926 dicit
2353 868 2420 926 de
2443 868 2599 936 Filio,
2629 870 2812 924 veritas
2835 885 2944 924 mea
2964 877 3012 924 et
3035 870 3390 926 misericordia
3408 888 3524 928 mea
3544 889 3662 927 cum
3683 875 3804 944 ipso

2199 970 2320 1028 est;
2362 971 2419 1017 ut
2464 961 2826 1033 intelligamus
2873 961 3008 1017 nihil
3053 976 3178 1018 esse
3210 959 3465 1030 divisum,
3502 964 3670 1038 302
3699 965 3800 1020 sed

2199 1053 2427 1109 virtutes
2457 1068 2589 1126 quas
2619 1053 2781 1109 habet
2810 1053 2988 1122 Pater,
3015 1039 3239 1110 habere
3278 1047 3441 1110 simul
3489 1065 3546 1111 et
3570 1055 3798 1125 Filium,

2196 1148 2335 1206 sicut
2365 1148 2480 1219 ipse
2517 1155 2746 1204 testatur
2771 1164 2785 1203 :
2841 1146 3032 1203 Omnia
3061 1145 3241 1204 Patris
3270 1163 3383 1203 mea
3409 1155 3552 1216 sunt,
3583 1156 3635 1204 et
3682 1165 3803 1205 mea

2198 1241 2376 1298 Patris
2397 1251 2515 1299 sunt
2540 1240 2720 1314 (Joan.
2744 1256 2872 1306 xvu,
2898 1240 3010 1312 {0).
3054 1237 3257 1296 Veritas
3286 1240 3520 1312 pertinet
3555 1237 3623 1296 ad
3645 1239 3802 1311 judi-

2202 1336 2371 1402 cium,
2405 1336 2457 1390 in
2500 1349 2601 1406 qua
2624 1333 2962 1406 iudicaturus
2987 1341 3070 1391 est
3093 1332 3390 1402 mundum;
3439 1333 3804 1392 misericordia

2195 1444 2327 1486 vero
2371 1430 2436 1484 ad
2476 1429 2752 1500 pietatem,
2794 1443 2898 1500 qua
2939 1435 3156 1499 peccata
3205 1425 3452 1496 dimittit,
3494 1435 3551 1484 et
3607 1426 3802 1486 omnia

2195 1539 2316 1595 quae
2356 1531 2577 1594 praestat
2615 1522 2846 1593 gratuita
2897 1522 3145 1593 largitate
3195 1520 3464 1578 concedit.
3511 1519 3801 1594 Sequitur,

2195 1625 2242 1670 et
2271 1615 2323 1669 in
2348 1616 2552 1670 nomine
2578 1631 2688 1670 meo
2715 1614 3027 1670 exaltabitur
3051 1629 3210 1669 cornu
3231 1617 3364 1686 eius.
3396 1613 3573 1669 Cornu
3600 1611 3693 1669 hic
3718 1613 3802 1669 si-

2195 1706 2413 1778 gniﬁcat
2443 1707 2850 1763 invictissimum
2903 1713 3249 1777 potestatem,
3303 1703 3372 1760 de
3420 1719 3524 1775 qua
3571 1703 3694 1776 ipse
3736 1705 3800 1762 in

2190 1797 2487 1868 Evangelio
2510 1797 2638 1871 dicit
2663 1817 2677 1871 ς
2706 1797 2842 1876 Data
2874 1806 2950 1853 est
2985 1797 3113 1851 mihi
3137 1798 3302 1852 omnis
3329 1804 3552 1868 potestas
3577 1796 3634 1852 in
3665 1797 3804 1852 calo

2120 1883 2168 1946 Β
2193 1901 2242 1949 et
2267 1893 2321 1949 in
2345 1902 2481 1950 terra
2509 1890 2728 1961 (Matth.
2755 1907 2940 1957 xxviii,
2976 1891 3089 1962 18).

2269 1987 2425 2044 Vers.
2453 1988 2546 2044 25.
2591 1988 2661 2041 Et
2706 2001 2893 2056 ponam
2946 1986 3000 2040 in
3043 1985 3176 2039 mari
3226 2000 3435 2039 manum
3462 1983 3601 2057 ejus,
3653 1991 3705 2037 et
3738 1984 3803 2038 in

2195 2067 2496 2155 ﬂuminibus
2526 2081 2786 2136 dexteram
2825 2081 2961 2152 ejus.
3009 2075 3158 2134 Mare
3205 2078 3472 2151 signiﬁcat
3503 2079 3800 2135 universas

2194 2185 2402 2246 gentes,
2447 2175 2500 2230 in
2529 2174 2723 2246 quibus
2763 2173 3011 2230 Salvator
3052 2181 3238 2229 noster
3287 2173 3512 2245 gloriam
3540 2172 3800 2229 domina-

2197 2267 2359 2323 tionis
2393 2266 2620 2335 accepit,
2649 2262 2863 2336 quando
2887 2263 3001 2334 ejus
3027 2265 3232 2320 nomini
3259 2263 3537 2320 humiliter
3566 2263 3790 2324 devotis

2195 2359 2466 2416 mentibus
2491 2357 2852 2414 crediderunt.
2884 2355 2951 2410 In
2967 2357 3288 2428 ﬂuminibus,
3315 2357 3539 2413 fontium
3562 2355 3798 2416 forsitan

2197 2452 2394 2508 fluenta
2425 2450 2718 2519 signiﬁcat,
2770 2450 2861 2506 ubi
2890 2449 3119 2505 Domino
3144 2449 3411 2507 Salvatori
3445 2451 3677 2522 populus
3707 2467 3798 2508 re-

2195 2546 2560 2618 generationis
2587 2543 2904 2614 acquiritur.
2959 2543 3085 2602 Sive
3110 2543 3400 2601 Jordauem
3431 2542 3657 2599 ﬂuvium
3696 2556 3799 2613 pro

2195 2639 2507 2697 ﬂuminibus
2551 2638 2719 2710 ponit,
2770 2639 2823 2694 in
2867 2653 2974 2708 quo
3037 2636 3120 2694 sui
3148 2636 3487 2708 baptismatis
3531 2637 3799 2695 Dominus

2195 2731 2530 2788 consecravit
2577 2728 2907 2800 exemplum.
2961 2728 3051 2786 Sic
3102 2738 3160 2786 et
3206 2729 3376 2786 caelos
3423 2727 3656 2786 dicimus
3695 2744 3796 2801 pro

2195 2825 2356 2888 cmlo,
2399 2832 2454 2879 et
2494 2829 2664 2880 terras
2690 2837 2785 2893 pro
2817 2831 2979 2889 terra,
3009 2831 3062 2878 et
3094 2821 3261 2879 maria
3287 2837 3386 2894 pro
3439 2821 3599 2889 mari,
3653 2831 3712 2880 et
3745 2823 3796 2880 si

2196 2917 2372 2974 adhuc
2403 2916 2534 2974 velis
2562 2929 2804 2987 quaerere
2845 2913 3107 2984 Athenas,
3149 2913 3387 2983 Thebas,
3433 2913 3688 2989 Mycenas
3739 2921 3798 2973 et

2196 3011 2278 3067 his
2307 3009 2522 3066 similia.
3631 3083 3634 3086 ἢ

2271 3105 2422 3161 Vers.
2451 3103 2540 3158 26.
2583 3101 2705 3174 Ipse
2746 3103 3002 3186 invocabit
3047 3118 3165 3158 me:
3220 3101 3382 3158 Pater
3425 3117 3567 3159 meus
3602 3118 3660 3159 es
3690 3111 3747 3158 tu
3771 3115 3795 3158 :

2194 3197 2334 3254 Deus
2354 3215 2493 3252 meus
2522 3207 2570 3252 et
2597 3207 2860 3266 susceptor
2886 3195 3069 3252 salutis
3101 3212 3244 3252 meae.

2120 3277 2164 3342 C
2275 3291 2429 3348 Vers.
2459 3290 2549 3346 27.
2593 3290 2661 3345 Et
2705 3306 2797 3362 ego
2830 3289 3227 3362 primogenitum
3255 3305 3448 3360 ponam
3483 3289 3659 3358 illum,
3703 3265 3797 3345 es:-

2196 3387 2386 3464 celsum
2417 3400 2522 3456 prae
2550 3383 2749 3456 regibus
2787 3393 2957 3439 terrae.
2989 3383 3046 3439 In
3074 3383 3157 3440 his
3183 3383 3394 3440 duobus
3423 3384 3673 3444 versibus
3701 3383 3796 3443 ab-

2198 3479 2375 3536 solute
2424 3476 2724 3533 debellatur
2773 3477 3027 3548 iniquitas
3074 3475 3408 3533 .lutlaeornm.
3471 3475 3612 3546 Quid
3647 3479 3797 3536 enirn

2197 3570 2522 3638 evidentius,
2547 3570 2673 3642 quid
2712 3569 2944 3640 planius,
2992 3585 3150 3641 quam
3189 3578 3246 3627 ut
3273 3583 3394 3627 esse
3415 3569 3673 3628 credatur
3698 3567 3797 3627 Fi-

2199 3667 2302 3722 lius
2328 3664 2418 3736 qui
2449 3665 2647 3719 invocat
2679 3661 2911 3730 Patrem,
2941 3674 2995 3719 et
3017 3677 3227 3719 rursum
3258 3661 3510 3719 credatur
3540 3676 3665 3720 esse
3691 3663 3796 3721 Pa-

2201 3767 2281 3812 ter
2305 3757 2394 3826 qui
2417 3755 2651 3825 appellat
2677 3754 2874 3810 Filium
2900 3755 2923 3808 ‘t
2971 3748 3102 3810 Nam
3133 3753 3379 3826 quamvis
3409 3753 3527 3810 htec
3555 3753 3666 3811 duo
3695 3771 3795 3813 no-

2201 3851 2344 3913 mina
2394 3845 2618 3901 relativa
2659 3845 2760 3900 sibi
2792 3845 2919 3912 sint,
2967 3860 3239 3917 unumque
3280 3841 3518 3903 sufﬁciat
3563 3844 3694 3915 dici,
3737 3856 3798 3906 ut

2199 3939 2481 3995 amborum
2513 3939 2682 3996 virtus
2728 3940 2902 4010 possit
2943 3937 3206 4011 intelligi,
3253 3949 3434 3995 tamen
3479 3948 3533 3994 ut
3571 3954 3797 3996 omnem

2202 4038 2517 4109 scrupulum
2551 4037 2913 4107 ambiguitatis
2943 4036 3280 4103 excluderet,
3329 4044 3560 4106 utraque
3587 4035 3793 4104 posuit,

2203 4141 2429 4203 utraque
2477 4129 2732 4196 ﬁrmavit,
2779 4135 2834 4184 et
2873 4128 3050 4184 adhuc
3092 4142 3199 4184 non
3249 4127 3445 4183 desiuit
3482 4127 3796 4183 Judteorum

2205 4225 2393 4280 insana
2424 4222 2642 4279 deviare
2687 4220 2980 4291 protervia,
3031 4219 3160 4276 dum
3205 4221 3411 4277 erroris
3441 4235 3607 4276 causa
3634 4219 3798 4278 fuerit

2201 4316 2436 4374 sublata.
2463 4315 2590 4372 Hace
2628 4313 2770 4370 enim
2812 4320 2998 4382 quarta
3025 4312 3234 4369 decima
3287 4312 3498 4382 species
3525 4311 3798 4368 deﬁnitio-

509 4405 653 4477 quod
679 4409 824 4476 juste
867 4421 1126 4463 accusare
1169 4409 1452 4478 potuisset,
1503 4408 1752 4474 invenit;
1805 4410 1945 4467 sicut
1985 4413 2103 4482 ipse
2207 4409 2291 4464 nis
2323 4417 2427 4477 est,
2459 4421 2621 4478 quam
2657 4403 2830 4460 Graeci
2859 4404 2992 4462 κατά
3031 4410 3124 4461 τοῦ
3145 4404 3365 4483 πρὸστι,
3395 4402 3576 4460 Latini
3604 4405 3674 4459 ad
3703 4403 3798 4459 ali-

508 4497 677 4554 dicit:
705 4496 837 4553 Ecce
862 4499 1020 4553 ueniet
1051 4500 1287 4570 princeps
1317 4499 1472 4568 hujus
1500 4500 1704 4569 mundi,
1732 4509 1778 4556 et
1804 4501 1859 4556 in
1888 4518 1968 4557 me
1993 4517 2099 4558 non
2205 4501 2331 4572 quid
2364 4507 2595 4566 vocant,
2639 4497 2850 4570 quoties
2887 4513 3053 4554 unum
3103 4512 3299 4556 nomen
3350 4495 3430 4553 sic
3475 4497 3700 4567 dicitur,
3742 4505 3800 4553 ut

511 4589 727 4646 inveniet
755 4591 1037 4662 quidquam
1063 4589 1244 4662 (Joau.
1271 4609 1382 4660 xiv,
1413 4592 1527 4663 30).
2205 4595 2348 4652 aliud
2373 4610 2441 4652 ex
2469 4607 2536 4650 eo
2577 4592 2800 4664 intelligi
2832 4606 2992 4663 posse
3040 4592 3308 4648 videatur.
3361 4590 3622 4664 Sequitur
3666 4609 3681 4645 :
3733 4589 3800 4646 Et

583 4685 738 4743 Vera.
770 4683 860 4740 25.
904 4685 969 4740 Et
993 4689 1262 4741 concidant
1286 4687 1520 4743 inimicos
1549 4689 1662 4760 ejus
1693 4705 1726 4743 a
1755 4689 1884 4759 {acie
1913 4689 2098 4760 ipsius,
2132 4679 2185 4742 D
2208 4707 2300 4764 ego
2321 4687 2714 4762 primogenitum
2739 4701 2926 4757 ponam
2950 4684 3124 4756 illum,
3155 4684 3416 4742 excelsum
3442 4699 3559 4757 pra:
3597 4683 3800 4756 regibus

511 4785 560 4832 et
589 4780 815 4834 odientes
845 4794 961 4833 eum
989 4780 1044 4834 in
1069 4782 1249 4850 fugam
1299 4789 1610 4836 consertam.
1656 4779 1699 4833 A
1736 4779 1867 4850 facie
1897 4777 2098 4835 Christi
2205 4791 2378 4839 terrae.
2419 4778 2870 4837 Perscrutandum
2896 4778 3058 4835 etiam
3085 4776 3242 4833 nobis
3265 4785 3366 4843 est,
3389 4788 3560 4846 quare
3581 4773 3797 4843 dixerit,

511 4874 855 4928 conciduntur
899 4873 1115 4940 inimici,
1165 4872 1380 4944 quando
1406 4875 1524 4943 ejus
1554 4873 1840 4943 praesentia
1869 4887 2098 4928 conver—
2206 4874 2624 4948 primogenitum,
2650 4871 2802 4942 quasi
2828 4885 2957 4926 vero
2985 4871 3143 4926 Pater
3171 4871 3252 4925 sic
3273 4869 3528 4940 genuerit
3549 4867 3801 4924 substan-

509 4965 682 5022 sionis
731 4966 994 5022 beneﬁcio
1021 4981 1052 5022 a
1084 4966 1320 5036 propriis
1365 4965 1680 5022 criminibus
1706 4966 1985 5038 culpisque
2013 4981 2102 5022 se-
2208 4967 2406 5022 tialiter
2435 4964 2656 5032 Filium,
2709 4972 2767 5019 ut
2804 4963 3231 5034 subsequeretur
3275 4971 3330 5018 et
3361 4960 3521 5016 alius.
3565 4959 3675 5017 Sed
3705 4959 3802 5016 hoc

513 5068 793 5130 parantur.
835 5061 965 5116 Nam
995 5061 1154 5131 facies
1184 5061 1348 5133 ipsius
1374 5075 1495 5117 cum
1539 5070 1854 5125 peccatores
1882 5061 2097 5130 dignata

511 5153 675 5208 fuerit
716 5152 933 5219 intueri,
965 5168 996 5208 a
1026 5152 1383 5224 pravitatibus
1429 5153 1542 5208 suis
1581 5152 1922 5208 conciduntur
1951 5168 1970 5219 ;
1997 5167 2098 5208 nec

509 5262 831 5302 consensum
877 5248 1100 5304 ulterius
1131 5249 1433 5306 tenebrosis
1461 5249 1673 5306 delictis
1701 5251 1946 5319 praebere
1976 5264 2102 5320 pos-

511 5347 658 5406 sunt,
680 5338 770 5410 qui
796 5337 862 5392 ad
895 5341 1234 5408 praesentiam
1261 5341 1376 5396 veri
1403 5340 1642 5404 luminis,
1675 5339 1904 5394 Domino
1934 5339 2101 5396 mise-

513 5443 693 5500 rante,
731 5433 1066 5502 perveniunt.
1103 5432 1346 5489 0dientes
1368 5442 1548 5489 autem
1579 5449 1692 5486 eum
1707 5432 1759 5487 in
1785 5433 1958 5504 fugam
1984 5447 2104 5488 con-

510 5535 793 5596 vertuntur,
837 5529 1056 5600 quando
1087 5529 1248 5600 impia
1279 5528 1386 5582 vita
1415 5527 1696 5596 derelicta,
1745 5526 1813 5580 ad
1844 5525 1962 5597 ejus
1989 5541 2104 5583 cm-

512 5625 692 5694 perint
750 5621 1004 5679 festinare
1052 5621 1310 5678 remedia.
1377 5620 1588 5676 Peocati
1633 5620 1777 5676 enim
1828 5633 2099 5676 memores

512 5731 610 5774 sua
651 5717 790 5776 facta
819 5716 1112 5789 refugiunt,
1137 5723 1192 5770 et
1224 5714 1290 5769 ad
1317 5713 1578 5770 beneﬁcia
1607 5713 1820 5769 Domini
1854 5711 2100 5770 saluber-

513 5809 652 5866 rima
680 5825 740 5866 se
767 5808 1124 5866 festinatione
1168 5815 1508 5863 convertunt.
1556 5805 1702 5862 Felix
1751 5806 1935 5876 itaque
1980 5803 2102 5875 fuga

515 5901 804 5959 criminum
835 5898 1050 5954 Domini
1080 5899 1360 5969 quasiisse
1390 5899 1650 5970 refugium
1678 5942 1693 5970 ,
1736 5898 1875 5957 sicut
1917 5900 1972 5958 in
1997 5899 2104 5958 alio

2208 5059 2500 5116 locutionis
2535 5073 2707 5129 genus
2729 5057 3023 5130 Scriptura:
3051 5046 3252 5112 divina:
3280 5063 3494 5111 constat
3523 5069 3651 5111 esse
3682 5069 3802 5127 pro-

2208 5155 2384 5226 prium
2410 5170 2426 5220 ;
2476 5154 2614 5209 sicut
2637 5159 2722 5208 est
2750 5159 2806 5208 et
2842 5150 2971 5205 illud
3003 5151 3057 5205 in
3107 5149 3397 5220 Evangelio
3425 5148 3495 5204 de
3518 5147 3725 5218 losepb
3752 5157 3804 5206 et

2207 5250 2396 5319 Maria,
2428 5250 2518 5306 ubi
2547 5250 2657 5304 ait:
2708 5246 2778 5302 Et
2814 5264 2918 5302 non
2945 5246 3179 5320 cognovit
3221 5261 3358 5313 eam,
3399 5245 3565 5300 donec
3611 5245 3804 5314 peperit

2209 5343 2376 5413 ﬁlium
2417 5358 2567 5397 suum
2592 5340 2985 5414 primogenitum
3024 5337 3247 5412 (Matth.
3295 5353 3335 5405 ι,
3379 5337 3496 5410 25).
3548 5335 3804 5408 Nunquid

2211 5449 2550 5505 consequens
2581 5434 2707 5500 erit,
2749 5441 2810 5488 ut
2841 5431 2990 5505 virgo
3022 5445 3240 5502 semper
3268 5429 3434 5487 Maria
3467 5440 3594 5502 post
3619 5430 3806 5486 Domi-

2212 5545 2340 5586 num
2369 5529 2551 5586 Jesum
2584 5527 2856 5584 Christum
2897 5527 3126 5582 alterum
3179 5526 3459 5598 peperisse
3507 5524 3806 5583 credatur?

2215 5621 2321 5680 Sed
2350 5623 2486 5678 bene
2514 5620 2710 5677 dicitur
2736 5619 3146 5692 Primogenitus,
3199 5619 3445 5691 quamvis
3475 5619 3628 5675 solus
3686 5633 3806 5690 pro-

2213 5713 2370 5770 betur
2391 5730 2456 5770 ex
2481 5714 2658 5769 Patris
2704 5713 3008 5770 substantia
3035 5713 3272 5784 genitus.
3313 5712 3435 5782 Ipse
3460 5713 3610 5769 enim
3631 5711 3804 5769 dicit:

2216 5805 2328 5880 Ego
2355 5825 2467 5864 sum
2497 5808 2670 5879 Aipha
2695 5816 2741 5862 et
2777 5805 2996 5880 Omega,
3020 5807 3220 5877 primus
3240 5814 3290 5862 et
3313 5805 3647 5872 nouissimus,
3708 5805 3808 5862 ini-

2217 5903 2342 5957 tium
2364 5910 2410 5957 (ι
2433 5901 2576 5972 finis,
2600 5901 2837 5973 princeps
2857 5909 2905 5956 et
2931 5899 3076 5972 origo
3099 5897 3269 5956 Dauid
3295 5897 3534 5972 (Apocal.
3559 5911 3694 5966 xm,
3713 5897 3806 5970 15,
