4062 6344
513 415 628 478 639

1748 405 1821 465 id.
1862 406 2142 466 AURELII
2174 406 2577 467 CASSIODORI

3691 414 3804 471 640

516 531 788 608 perfecta;
818 544 938 603 qum
966 530 1109 596 luna,
1140 527 1195 585 id
1224 531 1310 584 est
1345 539 1608 600 compago
1629 524 1875 596 corporis
1905 526 2098 594 nostri,
2132 528 2189 590 Α
2208 528 2274 583 sti
2300 527 2606 583 munitiones
2648 527 2760 599 ejus
2797 526 2854 582 in
2879 526 3229 599 formidinem.
3281 525 3512 585 Macerio
3538 536 3644 598 est,
3674 547 3802 605 qua:

519 627 664 683 testis
685 626 789 682 erit
808 625 1002 694 ﬁdelis,
1031 623 1215 694 utique
1237 620 1292 676 in
1313 636 1419 692 qua
1447 620 1712 692 promissa
1744 619 2101 690 complentur.

519 717 630 777 Sed
658 718 778 773 vide
805 715 931 786 quid
964 715 1164 786 posuit,
1209 714 1265 769 in
1289 713 1441 780 calo,
1483 712 1537 768 id
1560 719 1643 768 est
1676 711 1727 766 in
1757 720 1944 767 sancto
1965 711 2100 768 viro.

521 812 763 884 Ipsorum
789 811 931 867 enim
960 823 1188 880 corpora
1215 810 1294 865 sic
1325 808 1601 875 lucebunt,
1631 822 1856 878 quorum
1899 817 1955 864 et
1991 807 2108 863 ani-

522 921 626 964 ma:
647 906 824 961 divina
853 905 1242 960 illuminatione
1269 903 1654 976 resplendent;
1682 902 1821 957 sicut
1848 901 2105 962 Salomon

521 999 598 1054 ait
624 1015 636 1051 :
663 995 955 1070 Fulgebunt
976 998 1132 1068 justi,
1183 1003 1230 1051 et
1257 1005 1500 1065 tanquam
1524 994 1762 1049 scintilla:
1809 995 1862 1048 in
1891 994 2109 1049 arundi-

521 1099 636 1146 neto
687 1090 976 1145 discurth
1006 1088 1162 1161 (Sap.
1193 1104 1274 1156 in,
1305 1089 1383 1160 7).
1424 1087 1756 1159 Frequenter
1797 1087 1941 1143 enim
1983 1087 2110 1142 ιιιηὰ

522 1180 782 1238 Ecclesiae
811 1192 1169 1250 comparatur.
1775 1187 1780 1194 '

601 1272 754 1328 Vers.
781 1272 875 1330 '58.
919 1272 996 1327 Tu
1015 1289 1130 1328 uero
1159 1272 1393 1344 repulisti
1431 1281 1478 1328 ct
1505 1272 1761 1342 sprevisti,
1792 1280 1836 1327 et
1865 1271 2112 1327 distulisti

523 1363 784 1419 Christum
809 1375 974 1420 tuum.
1009 1364 1281 1422 Hactenus
1309 1363 1554 1420 Christus
1593 1373 1812 1434 paterna
1839 1378 1973 1419 voce
1998 1364 2113 1419 lau-

521 1456 678 1515 datus
698 1466 821 1524 est;
856 1471 996 1514 nunc
1023 1458 1172 1515 venit
1203 1458 1374 1512 Etltan
1403 1457 1472 1512 ad
1491 1467 1736 1528 quartam
1774 1465 2004 1528 partem,
2052 1457 2109 1512 in

521 1566 624 1623 qua
650 1551 758 1622 jam
787 1567 854 1608 ex
887 1566 982 1608 sua
1013 1566 1242 1621 persona
1270 1552 1415 1608 velut
1459 1551 1691 1608 adversa
1743 1552 2112 1622 superioribus

519 1641 672 1699 dicit.
709 1643 786 1699 lbi
812 1643 956 1699 enim
979 1641 1256 1699 Christum
1284 1643 1352 1700 ab
1381 1643 1609 1699 inimicis
1636 1644 1748 1700 suis
1779 1642 1938 1700 Pater
1963 1658 2113 1701 asse-

520 1735 594 1790 rit
613 1734 1013 1806 vindicandum,
1039 1735 1183 1808 quod
1207 1737 1367 1792 etiam
1385 1735 1735 1807 jurisjursndi
1756 1737 2114 1808 promissione

519 1826 841 1895 confirmat;
892 1829 980 1885 hic
1019 1839 1201 1886 autem
1251 1838 1469 1900 spretus
1495 1843 1559 1885 ac
1587 1829 1814 1886 traditus
1842 1843 1964 1886 esse
1990 1844 2111 1886 me-

2206 618 2328 676 loea
2375 619 2444 676 ad
2497 620 2728 691 aliquam
2785 619 3070 677 utilitatem
3123 632 3424 693 praeparata
3464 623 3804 686 defensioni

2208 727 2372 771 causa
2405 712 2724 769 communit.
2755 711 2885 770 llatc
2911 728 3023 769 non
3051 715 3436 773 commixtione
3461 717 3544 775 rei
3572 719 3804 779 alterius

2209 805 2524 874 .edilicatur,
2570 805 2664 863 sed
2695 807 2752 862 in
2789 805 3008 878 parietis
3049 808 3268 864 modum
3297 824 3552 867 saxorum
3581 822 3798 871 tantum

2210 897 2536 955 adunatione
2581 899 2932 955 construitur.
2964 892 3046 955 Ad
3084 900 3239 971 cujus
3266 901 3678 962 similitudinem
3707 922 3807 976 po-

2210 990 2291 1046 nit
2331 989 2636 1061 simplicem
2685 990 2833 1067 illam
2865 989 3224 1062 invictamque
3263 991 3636 1051 defensionem
3666 995 3812 1053 divi-

2211 1094 2362 1150 nam,
2384 1096 2544 1152 quam
2579 1095 2804 1139 necesse
2832 1081 2933 1138 fuit
2957 1084 3217 1152 amoveri,
3242 1092 3302 1138 ut
3327 1099 3462 1154 gens
3487 1083 3810 1143 Iudaeorum

2211 1173 2476 1246 potuisset
2523 1173 2760 1230 hostium
2807 1174 3120 1232 incursione
3167 1176 3388 1231 vastari.
3431 1175 3812 1235 Pulcherrime

2211 1275 2392 1322 autem
2405 1265 2604 1321 dictum
2629 1272 2734 1332 est,
2748 1266 3054 1322 munitiones
3074 1269 3186 1338 ejus
3206 1268 3425 1339 posuisti
3445 1267 3810 1342 formidinem,

2213 1366 2274 1413 ut
2301 1357 2473 1430 culpis
2504 1357 2820 1417 facientibus
2865 1363 3040 1433 ipsum
3084 1364 3372 1420 Dominum
3421 1365 3811 1438 formidarent,

2213 1452 2368 1520 cujus
2395 1451 2642 1508 solebant
2678 1455 2974 1512 munitione
3001 1456 3206 1514 vallari.
3250 1456 3318 1514 Et
3343 1466 3470 1514 nota
3516 1459 3664 1530 quod
3704 1475 3811 1531 per

2215 1542 2315 1599 hos
2344 1551 2454 1601 tres
2480 1560 2669 1602 versus
2691 1547 2744 1602 in
2774 1547 3039 1605 similibus
3065 1550 3218 1606 sonis
3247 1550 3496 1607 exierunt
3519 1553 3686 1610 verba
3711 1552 3808 1610 di-

2215 1650 2415 1704 versa;
2461 1638 2594 1695 dixit
2636 1640 2782 1697 enim
2824 1657 2839 1696 :
2891 1641 3168 1713 Repulisti,
3215 1645 3474 1714 sprevisti,
3513 1646 3796 1717 distulisti,

2215 1731 2467 1799 auertisti,
2497 1733 2810 1803 profanasti,
2845 1734 3166 1802 destruxisti,
3194 1737 3430 1807 posuisti.
3471 1737 3602 1804 Quae
3635 1739 3811 1811 ﬁgura

2215 1821 2412 1880 dicitur
2442 1824 2924 1893 hommoteleuton,
2954 1841 3078 1884 cum
3107 1828 3374 1888 similibus
3393 1829 3588 1888 litteris
3610 1832 3812 1891 dictio-

518 1927 784 1976 moratur.
825 1920 978 1989 Quod
1007 1920 1209 1991 duplici
1247 1921 1410 1978 modo
1453 1921 1857 1992 intelligendum
1901 1930 2004 1989 est,
2053 1931 2112 1979 ut
2139 1923 2192 1988 B
2216 1928 2314 1972 nes
2341 1916 2589 1988 plurima;
2616 1919 2996 1976 terminantur.

519 2007 649 2066 illud
671 2011 1014 2068 advertamus
1035 2013 1103 2069 ad
1127 2015 1540 2071 resurrectionis
1555 2015 1779 2085 gloriam
1802 2016 2108 2086 pertinere:

518 2103 632 2160 sive
665 2105 855 2176 magis,
885 2105 1028 2176 quod
1055 2105 1214 2163 Pater
1229 2107 1562 2179 Augustinus
1586 2108 1810 2174 invenit,
1833 2107 1963 2164 illud
1990 2122 2111 2179 per-

520 2197 696 2255 tinere
721 2197 960 2255 dicamus
984 2199 1052 2256 ad
1084 2199 1370 2257 Dominum
1401 2201 1773 2269 Salvatorem;
1804 2201 1904 2260 hoc
1928 2210 2111 2261 autem

515 2290 586 2350 ad
613 2291 778 2348 David
807 2307 1024 2352 servum
1041 2293 1181 2364 ejus,
1224 2295 1315 2366 qui
1345 2294 1529 2351 multis
1559 2295 1951 2354 calamitatibus
1983 2311 2112 2368 pro-

515 2380 675 2442 batur
718 2383 973 2455 aftlictus,
1025 2385 1240 2456 quando
1268 2393 1324 2443 et
1351 2385 1554 2443 Christi
1583 2402 1801 2454 nomen,
1856 2388 1998 2460 quod
2041 2390 2110 2447 ab

515 2475 769 2532 unctione
793 2479 960 2545 venit,
1011 2477 1254 2548 utrisque
1301 2487 1512 2536 certum
1542 2488 1625 2536 est
1665 2481 1973 2538 convenire.
2005 2481 2108 2537 Re-

514 2567 698 2638 pulisti
720 2567 952 2638 pertinet
981 2567 1062 2638 (ut
1093 2567 1228 2624 mihi
1253 2568 1491 2641 videtur)
1521 2570 1590 2624 ad
1615 2569 1764 2626 illam
1795 2569 2106 2642 parabolam

516 2671 676 2729 quam
719 2659 769 2715 ei
810 2658 1020 2715 Nathan
1063 2659 1322 2731 propheta
1366 2660 1524 2731 dixit,
1575 2662 1631 2719 in
1671 2678 1777 2736 qua
1805 2666 2048 2738 repulsus
2075 2680 2107 2722 a

515 2751 781 2823 dignitate
809 2755 956 2826 regia
998 2754 1213 2812 cuidam
1257 2756 1458 2828 injusto
1486 2768 1827 2830 comparatus
1855 2769 1962 2832 est,
2015 2763 2109 2833 qui

516 2858 669 2903 ovem
699 2846 950 2916 pauperis
977 2847 1274 2904 devoravit.
1309 2848 1455 2907 Bene
1483 2864 1612 2922 ergo
1633 2851 1810 2910 dictus
1829 2862 1912 2910 est
1931 2854 2110 2926 repul-

514 2952 622 3006 sus,
650 2937 742 3008 qui
771 2940 931 2996 etiam
960 2940 1177 3011 proprio
1200 2938 1402 3011 judicio
1423 2951 1636 2998 constat
1651 2959 1771 3002 esse
1795 2945 2102 3004 damnatus.

513 3025 765 3098 Sprevisti
809 3038 988 3086 autem
1033 3032 1202 3100 dixit,
1239 3034 1699 3104 contemptibilem
1744 3051 1866 3094 esse
1905 3037 2102 3104 fecisti,

513 3121 726 3192 quando
768 3123 836 3182 de
881 3139 1048 3197 regno
1098 3127 1322 3197 ejectus,
1377 3142 1409 3184 a
1455 3128 1570 3186 lilio
1597 3130 1851 3187 Absalom
1895 3132 2105 3206 fugiens

512 3213 670 3270 nudis
695 3213 921 3285 pedibus
949 3218 1261 3286 ambulavit,
1293 3228 1348 3276 et
1377 3219 1770 3290 increpationes
1791 3223 1886 3278 ﬁlii
1905 3225 2103 3283 Jemini

2292 2007 2445 2066 Vers.
2471 2010 2566 2068 41.
2591 2011 2927 2084 Diripuerunt
2947 2029 3068 2070 eum
3089 2031 3262 2073 omnes
3285 2025 3603 2076 transeuntes
3625 2022 3767 2076 uiam
3791 2037 3810 2076 :

2214 2102 2382 2173 factus
2407 2110 2482 2157 est
2512 2103 2566 2158 in
2588 2107 2922 2176 approbrium
2948 2108 3130 2164 uicinis
3157 2111 3285 2167 suis.
3325 2110 3506 2168 Status
3532 2112 3624 2171 ille
3652 2116 3810 2186 regni

2214 2192 2423 2250 Judaici
2452 2201 2508 2250 et
2535 2193 2642 2252 fide
2672 2197 2920 2254 noscitur
2946 2198 3189 2269 direptus
3219 2209 3276 2259 et
3297 2203 3510 2274 opibus.
3543 2204 3684 2262 Nam
3707 2222 3809 2278 per

2213 2299 2340 2346 eum
2375 2295 2698 2344 transeuntes
2735 2291 2959 2349 sublatis
2986 2294 3328 2354 facultatibus
3356 2297 3474 2368 ejus
3517 2300 3808 2372 religionis

2213 2379 2396 2450 copias
2423 2381 2492 2437 ad
2521 2395 2584 2439 se
2611 2383 3000 2442 violentissime
3026 2389 3420 2447 transtulerunt
3463 2408 3479 2448 :
3522 2391 3600 2448 illi
3627 2395 3806 2466 magis

2211 2469 2494 2528 credentes
2518 2471 2588 2528 ad
2616 2487 2752 2544 quos
2778 2473 3037 2534 Dominus
3061 2481 3413 2550 corporaliter
3440 2497 3548 2538 non
3575 2494 3807 2542 venerat

2209 2563 2676 2634 commonendos;
2723 2566 2864 2624 sicut
2891 2567 3007 2639 ipse
3032 2569 3204 2627 dixit:
3250 2564 3488 2643 Populus
3523 2591 3675 2645 quem
3699 2593 3807 2634 non

2211 2655 2423 2726 cognovi
2459 2657 2660 2713 servivit
2705 2659 2864 2714 mihi:
2909 2659 3156 2718 obauditu
3185 2664 3328 2720 auris
3366 2665 3632 2721 obaudiin't
3675 2669 3805 2724 ιιιὶἠὶ

2209 2743 2383 2818 (Psal.
2413 2761 2550 2818 xvii,
2581 2749 2698 2820 45).
2735 2749 2926 2808 Merito
2950 2765 3080 2824 ergo
3116 2752 3287 2812 Judai
3314 2759 3440 2827 {acti
3472 2767 3593 2813 sunt
3619 2759 3804 2815 uicinis

2209 2839 2574 2912 OpprObrittm,
2607 2842 2701 2914 qui
2727 2844 2781 2900 in
2810 2843 3100 2903 Dominum
3123 2846 3310 2918 gloria
3335 2849 3561 2907 credere
3606 2851 3804 2909 nolue-

2207 2942 2354 2991 runt.

2253 3026 2433 3084 .Vers.
2477 3028 2570 3086 42.
2624 3029 2886 3090 Eataltasti
2934 3035 3198 3090 dexteram
3247 3036 3573 3092 inimicorum
3623 3039 3745 3109 ejus
3779 3053 3802 3093 :

2207 3120 2488 3191 ltetiﬁcasti
2511 3123 2676 3197 30EI
2704 3142 2880 3183 omnes
2915 3128 3154 3184 inimicos
3179 3132 3311 3200 eius.
3353 3129 3458 3187 Ista
3487 3130 3607 3190 sine
3630 3131 3803 3189 dubio

2205 3215 2566 3284 contigerunt,
2599 3217 2816 3288 quando
2855 3219 3028 3276 Judzei
3058 3219 3304 3279 hostibus
3331 3221 3444 3278 suis
3475 3221 3686 3290 traditi,
3715 3221 3802 3279 di-

513 3307 615 3364 sub
642 3308 947 3366 durissimis
993 3311 1294 3383 opprobriis
1339 3314 1664 3372 sustinebat.
1706 3315 1965 3373 Distulisti
1994 3336 2103 3378 non
2132 3319 2179 3384 c
2209 3307 2480 3376 repliones
2526 3317 2581 3364 et
2632 3307 2810 3366 caedes
2860 3310 3196 3367 utilissimas
3239 3311 3598 3382 pertulerunt.
3643 3312 3802 3370 Tune

513 3398 582 3456 ad
606 3399 818 3456 veniam
848 3401 1099 3472 pertinet,
1139 3405 1227 3460 sui
1270 3405 1450 3461 statim
1485 3407 1746 3478 propheta
1774 3411 2092 3481 respondit:

515 3492 586 3550 Et
609 3493 859 3551 Dominus
883 3496 1091 3552 abstulit
1119 3508 1380 3569 peccatum
1397 3511 1539 3555 tuum
1561 3499 1648 3570 (11
1672 3503 1804 3576 Reg.
1828 3521 1925 3573 xu,
1959 3507 2053 3577 15)
2083 3528 2094 3562 :

514 3588 610 3646 led
643 3588 842 3645 dilatus
883 3598 967 3648 est
1014 3590 1071 3648 in
1102 3592 1531 3652 tribulationibus
1586 3597 1719 3666 suis,
1749 3599 1981 3670 quandiu
2009 3617 2099 3660 re-

515 3697 678 3756 gnum
707 3693 983 3756 repararet
1030 3687 1294 3744 invasum.
1343 3687 1606 3745 Christum
1634 3701 1804 3762 tuum,
1838 3695 2102 3766 significat

516 3782 731 3832 tinctum
754 3793 768 3841 ;
793 3777 1044 3846 quoniam
1067 3777 1158 3835 illo
1185 3787 1426 3852 tempore
1448 3781 1718 3853 principes
1740 3784 2093 3846 Hebraeorum

512 3866 846 3938 angebantur
874 3869 928 3925 in
957 3885 1162 3942 regem.

580 3959 738 4019 νει-ε.
764 3960 853 4019 59.
893 3964 1135 4020 Avertisti
1182 3973 1540 4024 testamentum
1586 3970 1714 4026 serui
1762 3973 1877 4039 tui;
1923 3975 2097 4044 profa-

510 4056 648 4112 uasti
670 4057 724 4112 in
754 4065 894 4113 terra
937 4060 1260 4114 sanctitatem
1288 4063 1419 4132 ejus.
1459 4062 1574 4118 Hoc
1616 4063 1728 4133 jam
1775 4065 1843 4121 ad
1885 4075 2101 4136 gentem

511 4149 749 4221 pertinet
789 4149 1124 4217 Judazorum,
1171 4152 1314 4223 quod
1341 4168 1509 4224 usque
1537 4153 1605 4209 ad
1632 4155 1792 4211 linem
1816 4155 2104 4214 divisionis

510 4243 840 4313 exsequitur.
880 4232 1233 4299 Humanitatis
1271 4248 1416 4301 enim
1460 4261 1612 4303 more
1634 4246 1872 4304 dicitur:
1905 4248 2104 4304 Averti-

510 4337 599 4403 sti,
647 4335 698 4391 id
721 4344 807 4392 est
839 4336 893 4391 in
919 4337 1080 4392 aliam
1109 4347 1317 4408 partem
1347 4338 1708 4406 transtulisti;
1754 4348 1813 4396 ut
1841 4340 1986 4410 quod
2007 4339 2102 4396 Ju-

510 4426 642 4484 (ἱεὶς
672 4428 842 4484 fuerat
871 4429 1215 4499 promissum,
1250 4431 1319 4486 ad
1341 4431 1630 4488 utilitatem
1654 4434 1894 4502 gentium
1916 4433 2102 4503 utique

509 4521 834 4592 perveniret.
880 4521 1001 4577 Non
1041 4523 1185 4578 enim
1241 4522 1322 4579 eis
1373 4524 1633 4580 remansit
1671 4524 1945 4591 sacerdos,
1993 4539 2102 4581 non

510 4614 767 4684 templum
794 4615 936 4686 quod
953 4623 1164 4671 constat
1184 4630 1304 4671 esse
1327 4615 1676 4683 subversum;
1699 4617 1793 4673 sed
1811 4617 2100 4674 Christiani

2203 3399 2350 3456 enim
2374 3399 2534 3458 laitus
2557 3400 2792 3458 efficitur
2831 3402 3104 3472 inimicus,
3156 3404 3371 3478 quando
3400 3404 3521 3476 ejus
3550 3405 3801 3464 volunta-

2207 3494 2348 3551 tibus
2375 3495 2689 3553 humiliatur
2714 3496 3079 3554 adversarius.

2225 3627 2230 3632 .
2278 3585 2432 3642 Vers.
2470 3588 2562 3644 45.
2610 3589 2853 3643 Avertisti
2891 3589 3210 3662 adjutorium
3253 3589 3415 3662 gladii
3441 3591 3576 3662 ejus,
3617 3601 3802 3648 etnon

2204 3695 2257 3734 es
2285 3681 2563 3736 auxiliatus
2589 3682 2638 3737 ei
2675 3682 2733 3737 in
2765 3684 2918 3738 bello.
2958 3682 3148 3740 Merito
3196 3683 3246 3740 ei
3273 3683 3483 3754 gladius
3531 3685 3625 3741 ille
3646 3686 3802 3758 adju-

2206 3771 2402 3828 torium
2454 3787 2560 3828 non
2612 3773 2884 3844 praebuit,
2941 3774 3031 3846 qui
3079 3774 3452 3832 fortitudinem
3496 3775 3800 3835 Divinitatis

2203 3863 2404 3919 amisit.
2448 3863 2580 3919 Nam
2607 3864 2738 3922 licet
2777 3866 2981 3921 ferrum
3004 3865 3238 3922 humana
3267 3866 3511 3923 videatur
3539 3882 3657 3924 esse
3701 3869 3796 3925 de-

2203 3954 2398 4023 fensio,
2443 3963 2620 4012 tamen
2662 3957 2796 4013 nihil
2826 3958 3104 4028 praevalet,
3155 3958 3260 4015 nisi
3282 3974 3405 4014 eum
3436 3959 3650 4016 dextera
3691 3975 3792 4016 su-

2203 4058 2370 4114 perna
2396 4045 2750 4113 corroboret;
2785 4047 2926 4103 sicut
2973 4048 3028 4104 in
3054 4047 3162 4105 alio
3191 4050 3399 4120 psalmo
3439 4050 3554 4121 jam
3592 4049 3799 4108 dictum

2205 4144 2324 4191 est:
2357 4133 2482 4192 Non
2527 4141 2660 4191 enim
2689 4138 2743 4193 in
2776 4154 2904 4193 arcu
2929 4153 3041 4193 meo
3069 4141 3305 4210 sperabo,
3337 4149 3385 4196 et
3412 4142 3618 4212 gladius
3653 4159 3800 4198 meus

2203 4243 2308 4284 non
2329 4228 2544 4284 salvabit
2573 4244 2652 4284 me
2677 4228 2850 4300 (Psal.
2883 4245 3033 4298 thtt,
3061 4231 3140 4302 7).
3171 4231 3264 4288 Sic
3291 4245 3422 4302 ergo
3453 4233 3688 4302 populus
3710 4233 3802 4289 ille

2202 4328 2466 4389 armatus,
2494 4319 2717 4376 inermis
2740 4320 2968 4377 effectus
2996 4331 3117 4388 est;
3171 4329 3231 4376 ut
3268 4336 3391 4377 cum
3419 4324 3576 4393 pauci
3623 4323 3802 4394 plures

2203 4416 2466 4485 vicerant,
2490 4431 2592 4472 nec
2623 4416 2805 4486 plures
2832 4417 3019 4486 paucis
3048 4425 3305 4474 resistere
3333 4416 3656 4473 valuissent.

2231 4567 2234 4570 .
2278 4509 2435 4567 Vers.
2466 4509 2558 4564 44.
2600 4507 2899 4564 Dissolvisti
2925 4524 3041 4563 eum
3066 4508 3129 4562 ab
3150 4508 3538 4576 emundatione,
3571 4517 3620 4564 et
3634 4509 3804 4564 sedem

2205 4605 2321 4676 ejus
2351 4603 2405 4658 in
2431 4609 2619 4657 terrent
2647 4601 2906 4658 collisisti.
2948 4600 3284 4672 Frequenter
3311 4599 3574 4656 emundat
3602 4600 3804 4657 Divini-

509 4707 689 4765 omnia
721 4717 846 4763 sunt
870 4708 1181 4778 plenissime
1203 4709 1501 4765 consecuti.
1529 4709 1870 4780 Meritoergo
1899 4709 2102 4764 dictum

2212 4704 2291 4752 tas
2320 4710 2454 4766 quos
2479 4694 2734 4766 flagellat,
2765 4705 2824 4750 ut
2851 4703 3135 4767 purgatum
3167 4692 3394 4764 recipiat
3420 4709 3583 4763 quem
3613 4707 3804 4765 pecca-

508 4811 644 4862 est:
688 4802 950 4869 Aeertisti,
1001 4801 1214 4872 quando
1261 4802 1483 4872 perfidis
1533 4801 1800 4870 ablatum,
1849 4800 2104 4858 ﬁdelibus

509 4894 764 4968 probatur
799 4909 922 4951 esse
951 4908 1288 4968 concessum.
1331 4894 1734 4960 Testamentum,
1771 4892 1928 4957 dixit,
1973 4893 2105 4948 servi

509 4988 604 5056 tui,
634 5001 743 5044 non
767 4987 888 5058 quia
921 4987 1092 5043 David
1123 4995 1348 5044 testatus
1373 4993 1497 5052 est;
1544 4985 1637 5042 sed
1665 4984 1755 5042 cui
1807 4985 1983 5042 fuerat
2008 4998 2106 5055 per

509 5089 894 5140 testamentum
921 5081 1213 5138 nativitatis
1244 5079 1454 5137 Domini
1481 5079 1715 5150 dignitas
1742 5079 2100 5150 compromis-

509 5189 591 5231 sa.
641 5173 927 5245 Sequitur,
979 5175 1270 5248 profanasti
1314 5175 1369 5230 in
1411 5184 1550 5230 terra
1587 5174 1916 5229 sanctitatem
1967 5174 2102 5242 ejus.

510 5265 806 5324 Profanum
837 5267 1040 5323 dictum
1069 5277 1154 5325 est
1179 5267 1564 5340 irreligiosum.
1595 5266 1735 5338 quod
1771 5280 1932 5336 porro
1961 5279 1992 5318 a
2021 5266 2102 5320 fa-

513 5375 603 5428 no,
642 5360 693 5416 id
720 5367 852 5417 esta
877 5359 1062 5430 templi
1090 5359 1390 5416 reverentia
1425 5359 1750 5430 pellebatur.
1803 5358 2103 5414 lmmolatio

510 5455 774 5523 siquidem
819 5454 1082 5524 pecudum
1124 5461 1178 5508 et
1206 5454 1550 5510 observantia
1588 5454 1955 5521 sabbatorum,
1986 5467 2106 5521 qua:

513 5546 660 5614 prius
677 5546 970 5616 ﬁguraliter
983 5544 1303 5614 agebantur,
1332 5546 1584 5602 veniente
1603 5546 1829 5602 veritate
1854 5543 2104 5600 submota

513 5648 658 5694 sunt.
699 5637 765 5692 In
797 5646 929 5691 terra
956 5638 1098 5694 enim
1135 5639 1275 5708 quod
1308 5639 1462 5707 dixit,
1505 5639 1803 5708 intelligere
1845 5636 2104 5692 debemus

515 5731 572 5788 in
627 5726 738 5788 toto
786 5731 915 5788 orbe
965 5739 1250 5804 terrarum,
1300 5734 1388 5790 ubi
1428 5743 1513 5789 est
1559 5731 1794 5788 Ecclesia
1841 5728 2105 5785 catholica

515 5828 828 5885 constituta.

589 5915 748 5978 Vere.
778 5919 869 5981 40.
910 5918 1230 5982 Destruxisti
1253 5937 1428 5978 omnes
1456 5921 1707 5978 macerias
1749 5920 1860 5988 ejus
1886 5935 1902 5974 :
1927 5914 2107 5985 posui-

2211 4792 2276 4848 tis
2305 4789 2585 4846 sordidum
2632 4790 2919 4860 reapuebat
2947 4806 2962 4845 :
2993 4803 3129 4860 quos
3167 4803 3300 4845 vero
3328 4789 3392 4842 ab
3435 4790 3805 4844 emundations

2207 4883 2460 4956 dissolvit,
2490 4881 2544 4937 id
2570 4890 2656 4936 est
2689 4880 2935 4946 removit,
2979 4880 3079 4936 hos
3103 4879 3214 4950 jam
3243 4887 3299 4936 et
3329 4879 3591 4937 damnare
3617 4879 3806 4938 decre-

2211 4977 2309 5032 vit.
2351 4976 2692 5047 Quapmptcr
2721 4975 2843 5030 illos
2890 4975 2978 5031 hic
3007 4975 3274 5046 significat
3303 4973 3540 5044 Judieos,
3586 4976 3674 5046 qui
3705 4977 3805 5032 ob-

2211 5069 2504 5126 stinatione
2563 5069 2761 5125 mentis
2819 5066 3093 5124 Christum
3156 5081 3418 5137 spernere
3469 5067 3804 5125 maluerunt.

2208 5161 2371 5219 Sedes
2413 5177 2628 5235 quoque
2668 5178 2846 5218 eorum
2884 5163 2940 5216 in
2970 5171 3104 5216 terra
3133 5162 3312 5217 collisa
3339 5168 3438 5228 est,
3482 5161 3702 5232 quando
3723 5175 3806 5218 re-

2212 5267 2469 5330 spuentes
2497 5259 2696 5329 Regem
2739 5256 3022 5313 Dominum
3046 5256 3409 5322 Salvatorem,
3461 5269 3806 5327 nequaquam

2208 5348 2277 5405 de
2304 5360 2463 5421 gente
2492 5363 2587 5405 sua
2619 5348 2917 5420 principem
2967 5347 3193 5404 ulterius
3221 5347 3423 5404 habere
3464 5355 3805 5402 meruerunt.

2212 5441 2374 5499 Sedes
2403 5441 2543 5498 enim
2578 5457 2675 5510 pro
2704 5456 2870 5512 regno
2895 5441 3067 5514 posita
3108 5449 3212 5506 est,
3242 5454 3362 5512 qua:
3387 5440 3585 5496 merito
3610 5439 3808 5496 dicitur

2210 5535 2260 5587 in
2289 5545 2422 5589 terra
2447 5536 2648 5600 collisa,
2694 5534 2908 5604 quando
2956 5533 3160 5589 divisus
3205 5532 3439 5602 populus
3482 5540 3650 5588 atoue
3676 5546 3808 5587 eon-

2211 5631 2408 5686 lractus
2437 5630 2797 5700 particulatim
2829 5636 2940 5684 toto
2965 5628 3098 5682 orbe
3123 5626 3401 5693 dispersus
3429 5633 3535 5680 est.

2286 5722 2440 5780 \‘ers.
2470 5725 2560 5779 45.
2603 5723 2877 5778 Minorasti
2902 5721 3011 5776 dies
3043 5730 3324 5790 temporum
3361 5719 3496 5790 ejus,
3529 5717 3809 5790 perfudisti

2214 5834 2328 5873 eum
2353 5819 2671 5889 confusione.
2713 5817 2894 5874 Status
2940 5815 3033 5871 ille
3071 5829 3231 5885 quem
3263 5812 3496 5869 diximus
3526 5815 3680 5884 regni
3711 5813 3808 5869 Ju-

2216 5911 2379 5981 daici,
2404 5912 2491 5972 cui
2521 5913 2784 5981 promissa
2813 5911 2992 5970 fuerat
3021 5909 3089 5981 (si
3120 5908 3351 5968 Domino
3372 5907 3627 5980 serviret)
3649 5915 3806 5982 δεῖν
