4062 6344
272 436 378 501 6M

1142 433 1505 500 EXPOSITIO
1541 433 1611 493 I-N
1655 431 2117 496 PSAL'I'ERIUM.
2154 432 2350 492 PSAL.
2390 430 2728 492 LXXXVIII.

3452 437 3562 498 042

274 558 443 625 nites,
491 560 781 611 mmoratus
827 549 903 610 est
951 551 1137 626 utique
1185 554 1376 611 diebus
1412 553 1693 626 angustis;
1745 553 2131 625 quiaAeesse
2160 557 2243 604 est
2271 557 2332 605 ut
2362 549 2465 620 ipsi
2493 550 2701 606 animas
2748 560 2875 606 suas
2921 547 2991 607 de
3031 547 3231 607 inferni
3286 559 3555 622 potestate

274 649 727 723 pollicitationem
783 646 1016 704 Abrahae
1076 646 1399 719 promissam
1456 648 1702 704 obtinere
1757 660 1869 703 non

274 744 498 800 meruit.
544 742 613 799 Et
652 740 849 797 merito
889 740 943 796 in
992 739 1307 797 brevitatem
1351 739 1602 797 redactus
1641 746 1743 810 est,
1777 739 1868 810 qui

271 836 379 891 sibi
414 835 566 891 irrite
592 835 809 906 longam
840 832 1038 889 seriem
1070 832 1415 903 promittebat
1443 846 1729 888 annorum.
1761 830 1870 885 Ad-

277 928 415 984 didit
446 929 633 994 etiam,
681 925 955 997 perfudisti
992 941 1106 981 eum
1133 924 1455 995 confusione,
1506 923 1631 993 quia
1681 922 1868 979 sordes

274 1022 401 1077 illas
447 1020 841 1078 incredulitatis
869 1034 981 1076 sua:
1019 1020 1074 1075 in
1121 1018 1256 1076 facie
1296 1018 1548 1087 sustinet,
1601 1016 1867 1088 hodieque

274 1114 406 1169 dum
437 1114 578 1170 inter
609 1121 800 1184 gentes
822 1126 1011 1169 omnes
1032 1111 1382 1168 abominabili
1426 1110 1655 1167 horrore
1681 1110 1869 1166 confu-

274 1220 396 1274 sus,
448 1204 502 1260 in
544 1205 692 1261 vultu
723 1219 822 1261 suo
852 1212 1027 1275 gestat
1074 1203 1443 1275 opprobrium.
1485 1202 1611 1258 Haec
1648 1202 1866 1273 quidem

277 1297 454 1353 Ethau
480 1297 570 1354 ille
598 1296 1007 1354 robustissimus
1050 1297 1281 1353 mirabili
1308 1297 1565 1353 varietate
1592 1296 1863 1362 narravit;

272 1393 372 1450 sed
421 1392 476 1449 in
523 1391 609 1450 his
657 1392 909 1449 omnibus
950 1406 1061 1448 non
1100 1392 1323 1463 agnovit
1363 1391 1649 1448 Dominum
1699 1389 1867 1446 fuisse

272 1468 583 1545 mentitum.
621 1486 719 1543 Ille
756 1487 900 1543 enim
946 1486 1092 1559 quod
1135 1486 1386 1558 promisit
1413 1485 1604 1553 David,
1658 1485 1710 1540 id
1753 1494 1861 1556 est,

267 1578 497 1637 Christo
519 1593 637 1646 suo,
668 1579 915 1636 omnibus
941 1579 1262 1637 Christianis
1297 1576 1563 1635 exhibuit.
1620 1577 1732 1633 Nec
1757 1578 1862 1632 ha-

271 1672 415 1731 bent
441 1672 614 1731 Judaii
638 1688 754 1744 quae
775 1673 920 1745 justo
948 1680 1308 1743 murmurent,
1338 1673 1430 1744 qui
1473 1687 1532 1730 se
1555 1673 1867 1731 maluerunt

267 1771 301 1825 a
330 1767 692 1840 promissione
733 1768 1017 1828 verissima
1070 1768 1206 1843 [ms.
1240 1768 1329 1837 A.,
1354 1765 1637 1824 veritatis‘
1681 1781 1864 1838 segre-

267 1874 420 1933 gare.

1972 656 2081 721 ιιῳ
2109 640 2374 711 auferant,
2406 642 2511 698 nisi
2542 657 2639 712 per
2665 640 2815 698 illum
2846 642 2937 714 qui
2968 656 3067 699 nos
3096 643 3165 700 de
3182 643 3555 701 dominatione

1974 732 2177 788 diaboli
2202 732 2421 803 eripuit,
2447 743 2502 790 et
2526 742 2752 791 mortem
2784 735 3068 790 moriendo
3096 739 3409 806 prostravit.

2042 829 2197 885 Vers.
2230 830 2323 886 49.
2375 829 2473 884 Ubi
2512 840 2633 885 sunt
2661 832 3020 887 misericordiae
3045 840 3143 897 tua:
3170 835 3416 902 antiquae,
3444 834 3559 890 Do-

1969 928 2127 996 mine,
2159 928 2289 982 sicut
2323 928 2522 1000 jurain
2570 927 2740 982 David
2782 929 2837 982 in
2884 930 3093 983 veritate
3122 930 3443 986 tua?Venit
3489 930 3559 985 ad

1969 1032 2177 1080 sextam
2210 1032 2437 1093 partem,
2471 1022 2561 1078 ubi
2592 1021 2876 1077 Dominum
2925 1022 3264 1094 deprecatur,
3312 1032 3372 1077 ut
3411 1023 3561 1093 genti

1969 1115 2182 1172 afﬂictae
2209 1124 2264 1172 et
2287 1116 2516 1172 humana
2548 1116 2853 1172 conditione
2886 1116 3023 1188 [ms.
3052 1116 3144 1185 A.,
3176 1114 3275 1186 F.,
3309 1116 3560 1172 humanas

1968 1208 2257 1264 conditioni
2284 1208 2302 1279 J
2336 1208 2695 1281 fragilissimte
2717 1209 2907 1265 debeat
2929 1210 3237 1281 subvenire,
3264 1219 3317 1265 et
3338 1210 3561 1279 impleat

1969 1301 2356 1372 promissiones
2416 1317 2550 1373 quas
2592 1317 2651 1358 se
2697 1303 2865 1359 David
2915 1303 3107 1359 fecisse
3148 1304 3423 1360 noscebat.
3460 1303 3559 1359 Ubi

1968 1407 2111 1466 sunt,
2144 1411 2250 1453 non
2279 1397 2379 1455 sub
2407 1397 2593 1452 dolore
2620 1398 2837 1467 dicitur,
2871 1398 2968 1453 sed
3010 1400 3160 1469 quasi
3192 1398 3409 1454 tardans
3452 1399 3557 1454 Do-

1973 1486 2151 1543 minus
2179 1487 2501 1557 postulatur.
2543 1486 2679 1542 Nam
2705 1487 3153 1558 quemadmodum
3182 1488 3251 1545 de
3277 1489 3375 1544 illo
3399 1489 3554 1544 dubi-

1965 1586 2124 1647 taret,
2153 1579 2239 1636 cui
2261 1579 2478 1647 dicitur,
2507 1580 2562 1633 in
2589 1579 2801 1633 veritate
2824 1588 2911 1634 tua
2935 1596 2955 1645 ;
2986 1578 3193 1635 scilicet
3218 1587 3277 1633 ut
3295 1581 3406 1634 cito
3431 1593 3556 1650 pra:-

1964 1679 2071 1727 stet
2096 1671 2240 1742 quod
2272 1685 2393 1727 eum
2423 1681 2646 1728 noverat
2667 1685 2787 1727 esse
2815 1671 3095 1726 facturum.
3131 1671 3380 1739 Antiquas
3410 1673 3555 1729 enim

1965 1764 2348 1820 misericordias
2394 1765 2514 1821 illas
2566 1764 2726 1833 dicit,
2775 1779 2907 1836 quas
2955 1765 3187 1821 Abrahae
3231 1764 3553 1835 patriarcha:

1963 1862 2157 1920 fecisse
2184 1862 2494 1931 retinebat;
2542 1863 2781 1931 antiquas
2828 1861 2972 1917 enim
3023 1876 3130 1917 non
3176 1846 3403 1928 diceret,
3449 1860 3554 1917 nisi

341 1954 501 2012 Vers.
550 1954 643 2012 ιθ.
687 1954 983 2028 Usquequo,
1028 1951 1267 2021 Domine,
1315 1954 1499 2009 avertis
1546 1953 1604 2009 in
1661 1953 1815 2023 ﬁnem
1836 1966 1857 2007 :
1885 1950 1937 2013 B
1961 1967 2090 2015 ante
2118 1957 2368 2014 Davidica
2400 1966 2641 2028 tempora
2670 1957 2837 2012 factas
2863 1971 2985 2013 esse
3014 1963 3386 2027 cognosceret.

268 2048 564 2105 κατάθεσθε
585 2050 719 2106 sicut
735 2050 870 2122 ignis
894 2050 974 2105 ira
993 2055 1083 2103 tua
1105 2050 1130 2103 ?
1155 2046 1331 2103 Ethan
1356 2048 1503 2105 venit
1522 2047 1590 2104 ad
1615 2047 1856 2119 quintam

266 2150 498 2215 partem,
549 2144 639 2201 ubi
688 2144 974 2201 Dominum
1024 2140 1263 2199 breviter
1310 2141 1484 2215 rogat,
1535 2151 1595 2197 ut
1633 2140 1858 2198 Iudaico

265 2235 467 2307 populo
517 2235 806 2292 miseratus
856 2234 1173 2305 indulgeat;
1240 2233 1364 2305 quia
1419 2232 1598 2288 nullus
1638 2240 1722 2288 est
1766 2234 1857 2303 qui

264 2326 504 2383 animam
549 2329 721 2399 possit
770 2327 840 2384 ab
881 2326 1093 2384 inferno
1140 2326 1391 2383 liberare.
1432 2326 1504 2381 In
1546 2326 1699 2395 ﬁnem
1742 2325 1853 2397 hic,

264 2420 453 2475 saeculi
484 2420 775 2477 terminum
806 2420 1064 2476 debemus
1096 2419 1404 2486 advertere,
1444 2419 1660 2491 quando
1692 2419 1858 2490 (sicut

261 2520 410 2581 saepe
455 2510 659 2567 dictum
703 2511 809 2581 est)
859 2518 1204 2578 exspectatur
1244 2511 1528 2565 innumera
1573 2510 1857 2565 conversio

259 2601 598 2672 Judreorum,
631 2611 850 2674 propter
894 2601 1024 2657 illud
1053 2599 1196 2671 quod
1242 2600 1317 2655 ait
1346 2600 1677 2670 Apostolus:
1720 2601 1856 2667 Quia

260 2694 473 2750 accitas
501 2711 564 2750 ea:
591 2704 731 2765 parte
757 2694 930 2750 Israel
970 2694 1206 2765 contigit,
1256 2692 1416 2747 donec
1444 2691 1710 2761 plenitudo
1735 2708 1855 2762 gen-

259 2787 393 2841 tium
421 2786 657 2853 intraret,
706 2795 753 2841 et
792 2786 865 2841 sic
909 2785 1074 2840 omnis
1100 2783 1269 2838 Israel
1298 2783 1467 2837 salvus
1504 2783 1646 2852 ﬁeret
1675 2782 1853 2854 (Rom.

258 2892 334 2948 xi,
369 2877 485 2949 25).
531 2877 706 2950 Rogat
741 2892 892 2949 ergo,
932 2891 1002 2933 ne
1052 2876 1106 2931 in
1133 2876 1288 2946 ﬁnem
1317 2884 1593 2941 avertatur,
1635 2874 1856 2946 quando

259 2976 611 3039 exspectatur
638 2969 815 3026 ﬁdelis
837 2969 1039 3041 agnitio
1059 2967 1392 3024 Iudaeorum.
1433 2967 1671 3034 Addidit,
1703 2984 1854 3023 exar-

256 3059 429 3115 descet
475 3061 605 3116 sicut
656 3061 791 3135 ignis
832 3062 913 3116 ira
969 3069 1078 3117 tua.
1140 3059 1428 3115 Irascimur
1477 3059 1845 3128 mediocriter,

258 3150 479 3223 quando
515 3153 745 3224 aliquem
795 3167 1043 3209 sermone
1068 3151 1425 3222 corripimus:
1472 3152 1852 3206 exardescimus

257 3251 444 3300 autem
471 3245 575 3313 ira,
601 3261 724 3302 cum
745 3246 1017 3302 vindicare
1038 3244 1391 3315 disponimus.
1426 3242 1638 3314 Adjecit
1660 3244 1845 3313 etiam,

257 3340 409 3399 Sicut
437 3341 591 3413 ignis,
623 3340 712 3413 qui
744 3340 954 3411 objecta
981 3339 1268 3396 consumit.

331 3435 489 3492 Vers.
522 3435 613 3490 47.
654 3434 966 3499 Memorare,
997 3433 1237 3503 Domine,
1270 3448 1385 3504 qua:
1418 3447 1532 3486 mea
1558 3431 1851 3487 substantia

256 3527 398 3601 [ed.,
430 3526 659 3601 iustitia]
686 3546 699 3583 :
731 3545 834 3585 non
859 3529 993 3584 enim
1025 3543 1152 3584 vane
1182 3527 1492 3582 constituisti
1522 3527 1660 3596 ﬁlios
1689 3528 1852 3581 homi-

255 3640 407 3679 num.
457 3625 551 3681 llle
595 3624 770 3679 Ethan
812 3623 1012 3680 mentis
1057 3621 1311 3678 ﬁrmitate
1358 3621 1644 3677 roboratus
1694 3631 1850 3693 rogat

255 3720 572 3789 Dominum,
621 3727 683 3775 ut
711 3720 869 3775 istam
913 3731 1130 3773 carnem
1161 3715 1399 3787 peccatis
1439 3714 1726 3770 obnoxiam
1755 3714 1851 3769 ad-

254 3823 453 3869 ventus
472 3814 551 3869 sui
574 3812 744 3884 gloria
774 3810 1006 3866 liberare
1034 3808 1321 3879 dignetur;
1365 3807 1488 3877 quia
1517 3821 1622 3861 non
1670 3816 1753 3863 est
1780 3804 1847 3861 ad

255 3908 364 3963 hoc
393 3916 594 3972 creata,
621 3912 681 3961 ut
700 3900 839 3960 ‘eam
870 3901 1209 3974 permitteret
1235 3898 1390 3970 quasi
1415 3913 1609 3953 vanum
1641 3898 1845 3969 aliquid

253 4001 503 4057 interire.
543 3999 675 4055 Nam
724 4013 843 4054 cum
886 4010 1092 4051 memor
1136 3994 1237 4049 fuit
1276 3993 1845 4069 substantiainostrte,

255 4103 317 4149 et
346 4107 378 4146 a
407 4100 578 4148 morte
606 4090 746 4146 filios
768 4087 1046 4145 hominum
1087 4084 1305 4156 eripuit,
1336 4090 1392 4139 et
1424 4082 1479 4138 in
1510 4097 1608 4153 spe
1638 4097 1848 4153 magna:

254 4182 609 4243 beatitudinis
634 4182 938 4240 collocavit.

332 4274 488 4331 Vers.
520 4274 610 4331 48.
654 4274 778 4342 Quis
818 4281 891 4328 est
932 4270 1082 4325 homo
1132 4270 1219 4340 qui
1248 4267 1385 4333 vivit,
1438 4273 1486 4321 et
1523 4281 1626 4320 non
1655 4264 1846 4319 videbit

254 4378 472 4425 mortem
494 4371 519 4424 ?
540 4360 627 4423 aut
654 4368 768 4439 quis
794 4375 936 4421 eruet
967 4366 985 4436 ί
1008 4364 1120 4442 εει),
1149 4361 1321 4434 eruit]
1351 4359 1578 4415 animam
1611 4374 1761 4414 suam
1784 4360 1848 4414 de

253 4478 415 4517 manu
444 4461 639 4530 inferi?
671 4457 799 4527 Quis
837 4467 911 4513 est
932 4458 958 4512 ?
1001 4453 1384 4527 interrogative
1425 4451 1708 4523 legendum
1740 4459 1846 4509 est.

254 4553 389 4621 Qua:
417 4552 581 4623 ﬁgura
607 4552 803 4606 dicitur
833 4557 1097 4616 erotema,
1141 4548 1195 4602 id
1217 4556 1301 4603 est
1329 4546 1680 4617 interrogatio
1706 4561 1720 4600 :
1757 4543 1849 4600 ubi

254 4644 687 4701 subaudiendum
737 4650 850 4707 est,
901 4640 1099 4697 nullus.
1160 4639 1360 4694 Omnes
1410 4637 1553 4693 enim
1600 4637 1848 4694 homines

2032 2051 2189 2109 Vers.
2217 2052 2307 2109 50.
2350 2050 2547 2107 Memor
2577 2059 2682 2107 esto
2726 2051 2988 2123 approbrii
3030 2068 3288 2107 servorum
3320 2060 3548 2118 tuorum,

1959 2145 2097 2217 quod
2125 2145 2349 2200 continui
2376 2145 2428 2200 in
2451 2145 2566 2200 sinit
2609 2161 2743 2212 meo,
2785 2144 3070 2200 multarunt
3115 2145 3364 2216 gentium.
3403 2142 3551 2201 Ordo

1960 2237 2247 2293 verborum
2280 2236 2401 2292 talis
2428 2246 2531 2302 est,
2560 2235 2764 2291 Memor
2801 2243 2920 2291 esto
2960 2234 3237 2305 opprobrii
3264 2249 3547 2292 servorum

1962 2337 2199 2398 tuorum,
2231 2330 2284 2386 id
2314 2339 2397 2387 est
2422 2330 2713 2387 multarum
2743 2331 3004 2401 gentium,
3050 2328 3191 2400 quod
3221 2329 3461 2386 continui
3495 2329 3551 2387 in

1959 2424 2082 2479 sinu
2113 2439 2256 2480 meo.
2298 2422 2378 2479 Illi
2407 2423 2639 2480 dicitur:
2675 2422 2875 2478 Memor
2896 2432 3023 2491 esto,
3052 2423 3137 2479 cui
3161 2432 3431 2479 transacta
3461 2422 3549 2479 vel

1960 2515 2138 2571 futura
2184 2517 2470 2587 praesentiri
2515 2523 2661 2571 sunt.
2702 2514 2809 2571 Sed
2852 2529 3003 2571 more
3047 2515 3396 2572 humanitatis
3441 2513 3547 2570 hoc

1960 2606 2177 2675 dicitur,
2206 2609 2328 2679 quia
2350 2609 2635 2677 Dominus,
2678 2608 2804 2664 dum
2836 2618 3093 2679 praestare
3118 2608 3315 2677 differt,
3350 2607 3551 2665 oblitus

1959 2700 2125 2758 fuisse
2176 2703 2470 2773 iudicatur.
2534 2704 2885 2774 Opprobrium
2936 2718 3065 2760 vero
3107 2703 3331 2774 contigit
3380 2703 3552 2759 servis

1960 2793 2077 2860 Dei,
2108 2796 2324 2865 quando
2354 2796 2600 2866 gentibus
2630 2796 2894 2851 idolorum
2918 2810 3101 2849 amore
3123 2795 3371 2866 raptatis,
3398 2800 3552 2851 erant

1958 2902 2058 2959 pro
2084 2888 2311 2943 crimine
2342 2887 2663 2956 Christiani,
2697 2898 2752 2945 et
2780 2890 3114 2945 insccutione
3139 2888 3332 2959 dignos
3353 2887 3552 2958 judica-

1957 2982 2108 3050 bant,
2138 2998 2271 3052 quos
2296 2998 2447 3038 novae
2478 2984 2701 3037 culturae
2724 2982 2994 3038 studiosos
3016 2997 3138 3037 esse
3167 2989 3549 3051 cognoverant.

1957 3075 2070 3133 lloc
2112 3088 2226 3133 erat
2273 3080 2325 3131 in
2371 3079 2486 3132 sinu
2527 3076 2979 3145 Christianorum,
3024 3076 3077 3132 id
3118 3083 3202 3133 est
3243 3076 3297 3130 in
3322 3083 3538 3131 secreto

1957 3172 2152 3223 mentis
2199 3168 2435 3237 affectu,
2485 3171 2610 3239 quia
2660 3169 2836 3240 palam
2881 3168 3143 3224 timebant
3189 3167 3357 3240 loqui,
3401 3167 3546 3226 unde

1957 3257 2323 3329 probabantur
2345 3260 2637 3329 exstingui.

1872 3350 1920 3413 ο
2023 3347 2178 3404 Vers.
2202 3350 2289 3404 51.
2320 3349 2470 3416 Quod
2493 3351 2927 3422 exprobrauerunt
2947 3352 3144 3408 inimici
3166 3354 3263 3421 tui,
3289 3353 3507 3409 Domine
3526 3368 3549 3409 :

1955 3440 2093 3510 quod
2116 3441 2551 3510 exprobrauerunt
2584 3445 3031 3500 commutationem
3058 3446 3248 3501 Christi
3294 3447 3389 3501 tui.
3438 3446 3548 3502 Ex-

1954 3532 2108 3602 ponit
2156 3533 2299 3603 quod
2346 3536 2593 3605 superius
2642 3536 2776 3592 dixit
2820 3554 2835 3591 :
2886 3540 3221 3610 opprobrium
3269 3539 3548 3594 multarum

1954 3624 2202 3696 gentium.
2230 3624 2684 3697 Exprobrarerunt
2705 3629 2847 3684 enim
2870 3631 2971 3685 sub
2997 3631 3347 3701 imputationc
3371 3632 3548 3704 legen-

1952 3717 2079 3772 dum
2111 3726 2212 3786 est,
2267 3718 2318 3772 id
2366 3728 2450 3775 est
2480 3721 2905 3791 imputaverunt,
2935 3723 3079 3793 quod
3110 3724 3282 3793 magis
3325 3723 3548 3781 credere

1954 3823 2018 3864 ac
2044 3808 2345 3880 praedicare
2371 3811 2703 3870 debuissent.
2742 3813 2849 3871 Sed
2879 3829 2948 3870 ne
2975 3815 3203 3873 haberes
3229 3816 3543 3886 ambiguum

1950 3913 1982 3954 a
2009 3900 2202 3969 quibus
2233 3901 2331 3955 ista
2356 3901 2684 3971 dicerentur,
2710 3904 2937 3970 addidit,
2956 3906 3151 3959 inimici
3178 3908 3276 3968 tui,
3308 3907 3541 3974 Domine,

1951 3990 2005 4046 id
2044 4001 2128 4046 est
2174 3992 2441 4075 idolorum
2486 3996 2743 4063 cultores,
2786 3997 2877 4066 qui
2908 3999 3386 4067 praedicationibus
3416 4015 3543 4057 san-

1952 4084 2053 4139 ctis
2088 4084 2375 4141 adversum
2406 4086 2485 4143 ire
2516 4090 2689 4144 modis
2736 4090 2985 4147 omnibus
3028 4092 3383 4151 festinabant.
3430 4095 3543 4152 Re-

1949 4179 2086 4249 petit
2105 4193 2335 4250 quoque,
2362 4182 2500 4246 quod
2520 4181 2966 4253 exprobrauerunt,
2991 4183 3057 4238 ad
3079 4186 3543 4255 exaggerationem

1950 4270 2173 4327 sceleris
2212 4273 2373 4345 305
2406 4287 2629 4341 eorum;
2674 4283 2734 4330 ut
2778 4278 3224 4332 commutationem
3253 4275 3456 4335 Christi
3486 4278 3544 4335 ﬁ-

1951 4364 2160 4420 delibus
2187 4366 2531 4435 imputarent,
2562 4381 2723 4438 quam
2747 4381 2957 4425 summa
2989 4370 3169 4427 colere
3191 4372 3542 4430 veneratione

1952 4455 2286 4513 debuissent.
2326 4456 2669 4514 Commutatio
2715 4475 2844 4517 vero
2871 4461 3062 4517 Christi
3089 4472 3191 4530 est,
3235 4464 3361 4535 quia
3391 4471 3542 4521 vete-

1955 4563 2071 4604 rem
2096 4547 2370 4606 hominem
2397 4551 2450 4606 in
2479 4567 2679 4608 novam
2706 4554 2930 4624 gratiam
2964 4556 3384 4625 regenerationis
3416 4571 3541 4611 evo-

1954 4639 2115 4707 cavit,
2158 4648 2216 4696 et
2261 4640 2330 4697 de
2382 4643 2619 4699 tenebris
2667 4655 3004 4715 peccatorum
3034 4646 3101 4701 ad
3130 4660 3272 4701 vera:
3303 4644 3427 4701 ﬁdei
3456 4645 3539 4702 lu-

257 4736 375 4792 sive
413 4733 566 4805 justi,
611 4735 725 4790 sive
771 4740 1103 4804 peccatores,
1129 4739 1359 4785 mortem
1404 4729 1681 4797 videbunt,
1730 4744 1849 4799 qua:
1877 4748 1930 4812 ι)
1953 4746 2076 4787 men
2106 4747 2279 4803 usque
2309 4733 2595 4803 perduxit:
2627 4736 2750 4805 quia
2782 4738 2993 4791 mortali
3039 4736 3243 4792 homini
3289 4739 3541 4806 perennis

258 4831 436 4905 primo
468 4828 670 4884 homini
702 4827 902 4915 iqﬁicta
923 4834 1007 4882 est
1036 4825 1154 4895 lege
1182 4822 1388 4894 peccati
1415 4839 1429 4888 ;
1460 4823 1599 4877 sicut
1620 4821 1847 4915 Aposto-

255 4923 345 4980 lus
369 4922 497 4977 dicit
522 4939 536 4977 :
571 4914 860 4993 Propterea
886 4919 1016 4971 sicut
1046 4932 1137 4988 per
1155 4932 1315 4970 unum
1345 4914 1604 4970 hominem
1634 4915 1691 4969 in
1710 4914 1861 4986 hunc

254 5015 504 5070 mundum
532 5022 796 5086 peccatum
825 5010 1055 5077 intravit,
1083 5018 1131 5064 et
1155 5025 1244 5080 per
1275 5019 1537 5080 peccatum
1567 5024 1724 5079 mors,
1770 5010 1845 5065 ita

252 5109 310 5163 in
336 5123 509 5162 omnes
532 5106 759 5161 homines
789 5120 924 5159 mors
954 5102 1271 5175 pertransiit,
1303 5101 1359 5156 in
1386 5117 1489 5172 quo
1516 5116 1691 5155 omnes
1724 5117 1844 5171 pec-

254 5208 497 5255 caverunt
529 5199 708 5269 (Rom.
738 5214 794 5263 v,
834 5195 945 5268 η).
967 5195 1098 5263 Qua:
1123 5208 1266 5250 nunc
1290 5192 1413 5249 ideo
1434 5204 1840 5265 commemorat,
1916 5238 1919 5239 ν

253 5301 314 5345 ut
342 5290 733 5346 calamitatibus
758 5289 872 5344 suis
901 5285 1326 5344 misericordiam
1344 5284 1615 5341 Creatoris
1633 5301 1843 5343 merea-

254 5396 344 5438 iur
375 5383 608 5439 humana
637 5381 894 5438 conditio.
940 5379 1093 5437 Unde
1128 5377 1219 5448 qui
1250 5378 1518 5447 originale
1563 5388 1843 5447 peccatum

254 5477 396 5532 mala
443 5476 862 5548 praesumptione
890 5474 1120 5531 credere
1153 5470 1363 5535 nolunt,
1394 5477 1596 5539 quanto
1623 5485 1685 5526 se
1714 5471 1848 5528 libe-

254 5583 346 5626 ros
367 5569 437 5624 ab
477 5568 577 5623 hac
600 5566 908 5625 conditione
943 5565 1151 5631 dicunt,
1185 5570 1335 5618 tanto
1363 5562 1593 5631 amplius
1624 5561 1847 5618 misera-

253 5660 351 5717 bili
389 5668 538 5717 sorte
580 5660 1035 5731 constringuntur.
1122 5654 1392 5726 Sequitur,
1423 5660 1513 5706 aut
1550 5653 1663 5723 quis
1706 5661 1848 5708 eruet

252 5753 485 5809 animam
511 5768 656 5807 suam
677 5751 740 5806 de
771 5766 928 5805 manu
957 5748 1155 5819 inferi?
1183 5746 1250 5802 Et
1291 5744 1379 5799 hic
1406 5757 1615 5815 quoque
1650 5743 1848 5800 subau-

252 5845 515 5903 diendum
543 5853 649 5913 est,
700 5843 900 5912 nullus.
943 5842 1021 5897 De
1049 5856 1227 5905 manu,
1277 5837 1330 5893 id
1360 5845 1444 5894 est
1473 5836 1546 5892 de
1583 5844 1848 5907 potestate

256 5937 436 5999 interi.
468 5936 600 5994 Nam
621 5950 746 5994 cum
768 5949 957 5993 omnes
988 5932 1236 5990 homines
1258 5929 1393 5987 mori
1420 5927 1717 6001 contingat,
1747 5942 1846 5987 nec
1880 5963 1883 5967 -

1955 4822 2077 4876 vita:
2100 4822 2292 4892 gaudia
2322 4823 2679 4895 praeparavit;
2705 4834 2760 4882 et
2792 4825 2871 4882 his
2894 4824 3108 4892 similia,
3135 4842 3253 4897 qum
3281 4827 3541 4885 Dominus

1956 4922 2140 4970 noster
2180 4913 2427 4971 Christus
2476 4918 2852 4986 peccatoribus
2902 4918 3107 4973 donare
3135 4917 3387 4988 dignatus
3429 4920 3535 4979 est.

1952 5004 2072 5077 Ipsa
2090 5015 2174 5083 est
2202 5010 2529 5063 commutatio
2555 5008 2770 5077 Christi,
2799 5025 2917 5080 quae
2943 5010 3241 5067 obstinatos
3269 5010 3537 5083 deseruit,

1951 5076 2007 5153 et
2032 5076 2216 5153 ﬁdeles
2252 5098 2395 5155 dono
2422 5115 2534 5156 suae
2563 5076 2775 5171 pietatis
2801 5076 3006 5157 ascivit.

2030 5189 2185 5247 Vers.
2209 5190 2301 5247 52.
2343 5191 2652 5248 Benedictus
2697 5193 2953 5248 Dominus
2992 5193 3049 5248 in
3088 5202 3333 5251 retentum
3358 5212 3379 5252 :
3419 5198 3536 5268 ﬁat,

1956 5282 2071 5351 ﬁat.
2112 5281 2240 5337 Post
2266 5282 2411 5338 illam
2430 5283 2793 5340 felicissimam
2832 5283 2966 5357 [ηις.
2994 5285 3087 5355 0.,
3129 5288 3538 5366 ﬁdelissimam]

1952 5375 2454 5448 sanctissimamquc
2503 5378 3023 5445 commutationem,
3065 5379 3283 5452 dignum
3334 5384 3433 5440 fuit
3480 5395 3540 5441 ut

1955 5467 2073 5522 laus
2105 5468 2315 5522 Domini
2348 5468 2689 5537 subderetur,
2712 5473 2801 5540 qui
2829 5487 2950 5529 eam
2979 5473 3265 5532 immeritis
3292 5480 3538 5547 agnosci-

1954 5568 2041 5615 tur
2100 5561 2395 5617 contulisse
2458 5563 2791 5620 mortalibus.
2842 5565 3075 5623 Pulchre
3121 5578 3299 5625 autem
3347 5580 3537 5628 contra

1951 5652 2356 5710 maledictiones
2405 5656 2684 5726 gentilium
2749 5660 3078 5731 temporales
3130 5662 3361 5732 positum
3423 5672 3531 5731 est,

1949 5743 2252 5801 Benedictus
2291 5745 2548 5805 Dominus
2579 5751 2633 5805 in
2661 5760 2909 5808 internum
2935 5769 2955 5808 :
2991 5754 3245 5823 quoniam
3288 5770 3407 5824 quas
3450 5754 3533 5810 di-

1948 5845 2077 5893 cunt
2116 5837 2193 5892 illi
2231 5838 2432 5897 caduca
2475 5853 2641 5910 sunt;
2689 5844 2806 5899 laus
2836 5845 2979 5900 enim
3009 5845 3224 5902 Domini
3253 5854 3530 5915 permanet

1948 5928 2004 5988 in
2035 5936 2316 6007 aeternum,
2347 5934 2473 6009 quia
2500 5936 2627 5994 talia
2657 5937 2857 5997 donare
2884 5937 3056 6009 novit,
3094 5953 3213 6009 quae
3241 5936 3388 5994 nullo
3423 5938 3530 6007 ﬁne
