4062 6344
575 321 679 388 645

1795 323 1864 382 Μ.
1909 321 2186 383 Αυκειιι
2223 321 2624 382 CASSIODORI

3744 331 3864 389 θα

577 444 913 503 dauduntur.
951 441 1222 516 Sequitur,
1259 441 1371 512 ﬁat,
1399 439 1515 511 ﬁat,
1544 445 1606 495 ut
1638 437 1710 496 de
1733 439 1893 495 tantis
1921 441 2160 511 promis-
2185 460 2238 521 Α
2264 439 2430 497 fuisse
2459 440 2790 498 Testamenti
2841 435 3066 509 Veteris,
3115 447 3172 498 et
3209 439 3529 514 prophetam
3563 443 3720 502 Non.
3751 445 3866 506 De

578 537 816 595 tionibus
866 551 1023 593 nemo
1066 535 1368 601 dubitaret,
1431 533 1525 590 ubi
1579 533 1920 590 confirmatio
1964 533 2157 589 iterata

575 633 914 698 succederet,
963 643 1016 686 et
1064 639 1316 700 tanquam
1359 628 1686 700 subscriptio
1728 627 1853 684 boni
1897 627 2158 716 printjiis

577 727 747 783 sacris
774 725 1111 797 jussionibus
1137 724 1447 780 adderetur.
1475 723 1584 781 Sed
1612 722 1716 778 hoc
1737 722 1907 794 magis
1930 721 1996 776 ad
2026 720 2158 790 psal-

575 833 784 874 morum
831 819 1039 874 laudem
1071 819 1330 874 debemus
1358 819 1625 891 accipere,
1681 835 1790 874 non
1835 817 2000 889 (sicut
2039 814 2159 886 qui-

575 913 798 970 busdam
823 913 998 972 visum
1027 914 1133 986 est)
1164 917 1229 971 ad
1258 915 1411 971 liberi
1437 901 1668 986 aliquam
1697 915 2014 971 sectionem.

1107 1029 1380 1087 Conclusio
1411 1031 1618 1102 psalmi.

640 1146 686 1202 0
709 1162 833 1202 vere
859 1145 1136 1204 robustum
1165 1145 1314 1202 illum
1362 1145 1536 1200 Ethan
1567 1160 1672 1201 non
1702 1143 1940 1216 corporis
1971 1142 2159 1197 valitu-

569 1239 715 1306 dine,
745 1239 838 1296 sed
871 1240 1063 1294 animae
1088 1237 1234 1313 [ed.,
1285 1234 1490 1310 animi]
1523 1238 1773 1292 firmitate
1798 1243 2154 1302 constantem,

569 1332 663 1404 qui
689 1344 1011 1404 prmccptum
1037 1332 1191 1390 nobis
1221 1333 1342 1387 vita:
1367 1332 1726 1402 subscriptum
1756 1330 1822 1386 de
1852 1329 1957 1384 illis
1988 1325 2156 1384 sacris

569 1424 824 1482 altaiibus
877 1435 1126 1496 tauquam
1169 1425 1519 1480 fidelissimus
1549 1423 1762 1478 humani
1794 1421 2005 1494 generis
2039 1435 2156 1490 pro-

568 1525 785 1571 Curator
828 1516 1104 1588 explicuit.
1162 1516 1312 1570 Nunc
1359 1531 1572 1570 oremus
1621 1523 1698 1584 ut,
1742 1514 1882 1585 quod
1931 1513 2153 1570 auribus

567 1608 913 1678 percipimus,
945 1616 1126 1664 mente
1150 1607 1461 1663 condamus.
1503 1607 1593 1663 Sic
1623 1608 1766 1662 enim
1796 1605 2022 1661 victoria
2053 1619 2153 1660 no-

566 1711 680 1760 stra
739 1704 1026 1776 peragitur,
1083 1705 1126 1759 si
1185 1712 1306 1775 post
1363 1702 1488 1758 talia
1539 1717 1692 1758 sacra
1729 1717 1834 1756 non
1865 1700 2151 1756 adversum

567 1803 873 1860 extraneos,
903 1795 997 1850 sed
1028 1803 1213 1851 contra
1243 1803 1423 1850 nostra
1472 1793 1602 1848 vitia
1642 1792 1913 1864 litigemus
1939 1809 1952 1859 ;
1983 1801 2040 1848 et
2067 1801 2154 1847 re-

566 1899 822 1958 spuentcs
860 1905 979 1961 qua:
1030 1897 1157 1944 sunt
1206 1897 1441 1954 terrena,
1501 1900 1803 1958 quaeramus
1833 1885 1949 1940 sine
1977 1883 2152 1956 aliqua

564 1978 906 2035 cunctatione
941 1979 1202 2035 cmlestia.
1241 1977 1615 2048 lnterpretatio
1659 1977 1800 2033 enim
1851 1974 2006 2030 istius
2051 1990 2152 2030 no-

563 2071 728 2148 minis
761 2073 946 2128 fideles
970 2081 1025 2128 et
1053 2073 1324 2143 patientes
1353 2079 1660 2126 commonet
1700 2066 2060 2134 Christianos,
2093 2074 2153 2123 ut

561 2168 716 2226 nulla
762 2169 1084 2226 adversitate
1131 2167 1478 2238 frangantur,
1527 2166 1662 2220 sicut
1716 2161 2008 2234 Apostolus
2055 2163 2148 2230 ait,

559 2259 723 2334 hujus
745 2262 1036 2318 maximum
1057 2261 1268 2317 virtutis
1292 2259 1593 2330 exemplum
1615 2275 1631 2325 ;
1656 2257 1723 2314 de
1745 2272 1803 2314 se
1828 2257 1971 2313 enim
1988 2254 2149 2311 dicit:

559 2354 630 2414 In
659 2355 921 2412 laboribus
949 2354 1208 2426 plurimis,
1257 2355 1308 2409 in
1347 2354 1633 2408 carceribus
1683 2350 2049 2415 abundantius,
2098 2347 2151 2403 in

559 2450 726 2524 plagis
750 2466 909 2521 supra
948 2449 1181 2516 modum,
1222 2448 1277 2503 in
1321 2447 1566 2502 mortibus
1613 2445 1948 2516 frequentius.
1982 2444 2026 2498 Α
2049 2441 2151 2498 Ju-

559 2542 685 2600 dm's
727 2543 994 2614 quinquies
1039 2542 1391 2614 quadragenas
1437 2555 1540 2594 una
1585 2539 1756 2592 minus
1804 2537 1998 2609 accepi.
2052 2535 2151 2592 Ter

557 2635 714 2708 uirgis
741 2652 904 2692 casus
930 2652 1062 2702 sum,
1089 2636 1244 2690 semel
1267 2635 1528 2705 lapidatus
1559 2648 1694 2699 sum,
1726 2640 1800 2685 ter
1820 2630 2148 2701 naufragium

556 2728 678 2800 feci,
709 2740 856 2784 nocte
899 2738 948 2784 et
987 2727 1070 2783 die
1099 2728 1152 2782 in
1189 2711 1446 2798 profundo
1474 2726 1634 2780 maris
1668 2725 1746 2796 fui
1797 2721 1881 2795 (11
1913 2720 2034 2778 Cor.
2069 2737 2146 2791 ιι,

555 2822 648 2893 25,
686 2823 803 2893 24).
847 2822 1155 2894 Sequuntur
1202 2821 1365 2876 etiam
1410 2829 1624 2876 creterte
1663 2817 1981 2890 passiones,
2027 2831 2146 2886 quae

551 2917 716 2974 istum
747 2914 920 2971 Ethan
961 2930 1124 2986 opere
1176 2913 1344 2985 magis
1393 2927 1551 2984 quam
1588 2912 1806 2968 nomine
1835 2909 2145 2980 compleve-

551 3016 699 3067 runt.
747 3008 849 3072 En,
903 3007 1059 3064 beate
1099 3006 1364 3078 apostolo,
1417 3004 1638 3059 honoris
1689 3003 1782 3059 tibi
1827 2997 2144 3058 vicissitudo

554 3098 752 3156 tributa
799 3108 924 3164 est;
977 3106 1034 3154 ut
1082 3098 1220 3153 sicut
1247 3105 1490 3154 sanctam
1521 3096 1956 3166 prmdicationem
2001 3103 2145 3150 tuam

553 3191 884 3263 psalmorum
926 3192 1269 3247 attestatione
1323 3189 1577 3258 ﬁrmasti,
1617 3190 1690 3245 ita
1746 3199 1799 3246 et
1848 3189 2038 3261 psalmi
2079 3188 2146 3243 de

519 3339 522 3344 .
551 3284 660 3347 tuis
690 3285 944 3358 Operibus
973 3294 1337 3357 exponuntur.

773 3400 1140 3459 EXPOSITIO
1171 3400 1236 3457 IN
1266 3399 1596 3458 PSALMUM
1634 3397 1925 3456 LXXXIX.

951 3514 1132 3570 Oratio
1166 3513 1335 3586 Moysi
1360 3514 1580 3570 hominis
1602 3513 1718 3568 Dei.

627 3608 743 3666 Non
770 3617 856 3664 est
877 3607 1100 3664 dubium
1127 3608 1287 3678 (sicut
1307 3622 1454 3678 saepe
1476 3605 1740 3676 diximus)
1765 3606 1890 3661 talia
1920 3621 2136 3662 nomina

548 3703 724 3760 titulis
752 3701 1015 3769 adhiberi,
1063 3715 1186 3772 qua:
1223 3708 1426 3755 textum
1457 3700 1784 3771 psalmorum
1824 3698 2139 3768 interpreta-

547 3794 697 3852 tione
725 3809 820 3851 sua
852 3793 1134 3850 videantur
1157 3792 1388 3863 aperire.
1431 3791 1487 3847 In
1516 3792 1706 3863 primis
1745 3791 1908 3848 oratio
1953 3791 2127 3862 posita

541 3893 648 3954 est,
684 3902 778 3958 per
805 3899 964 3957 quam
991 3885 1067 3940 ira
1103 3879 1316 3940 Domini
1346 3883 1713 3954 suspenditur,
1746 3884 1904 3939 venia
1932 3897 2130 3954 procu-

541 3988 716 4047 ratur,
751 3993 906 4050 paena
939 3977 1218 4048 refugitur,
1260 3985 1316 4032 et
1344 3980 1691 4046 praemiorum
1718 3975 1936 4047 largitas
1964 3975 2136 4045 impe-

542 4082 734 4139 tratur,
767 4088 888 4130 cum
917 4071 1151 4128 Domino
1177 4071 1436 4142 loquitur,
1463 4086 1586 4127 cum
1616 4069 1808 4126 iudice
1837 4068 2132 4135 fabulatur,

541 4175 863 4238 praesentem
891 4165 993 4220 sibi
1038 4164 1166 4220 facit
1197 4178 1358 4235 quem
1390 4162 1575 4220 videre
1604 4179 1712 4218 non
1763 4162 2040 4232 praevalet,
2079 4169 2136 4217 et

539 4258 685 4314 illum
711 4271 806 4328 per
829 4272 948 4314 eam
978 4257 1177 4326 placat,
1208 4272 1368 4328 quem
1413 4256 1525 4313 suis
1546 4257 1754 4312 actibus
1779 4255 2133 4311 vehementer

539 4360 827 4421 exaggerat
857 4349 984 4422 [ed.,
1013 4348 1343 4420 exacerbat].
1386 4349 1513 4404 Haec
1543 4348 1750 4404 Domini
1778 4347 2132 4417 quodammo-

544 4445 616 4503 do
647 4455 864 4517 praestat
893 4452 1180 4513 secretum,
1214 4444 1418 4514 praebet
1461 4443 1893 4515 suggestionibus
1925 4445 2126 4514 locum,

536 4547 602 4604 ad
633 4545 926 4618 penetralia
953 4543 1157 4600 Judicls
1189 4553 1440 4616 peccator
1467 4545 1804 4611 admittitur;
1851 4553 1907 4599 et
1950 4546 2128 4601 nullus

2260 538 2379 608 ipso
2405 537 2552 593 enim
2579 537 2634 594 in
2663 534 2949 608 Evangelia
2969 534 3207 592 dicit:Si
3225 538 3498 593 crederetis
3525 537 3716 611 Moysi,
3737 556 3868 596 cre-

2257 631 2446 685 deretis
2471 639 2518 684 et
2547 628 2692 692 mihi,
2715 628 2779 682 de
2805 645 2884 682 me
2908 627 3042 684 enim
3090 629 3182 684 ille
3201 630 3404 701 scripsit
3432 627 3614 700 (Jouu.
3643 648 3700 699 ν,
3725 633 3864 705 ιδ).

2257 723 2330 780 Et
2351 724 2475 796 quia
2505 734 2730 795 utraque
2776 723 3018 795 psalmus
3045 724 3148 781 iste
3191 727 3495 798 conjunxit,
3539 731 3742 788 merito
3774 731 3864 787 illi

2245 820 2365 876 tale
2393 833 2588 874 nomen
2617 820 2920 889 appositum
2943 826 3048 886 est,
3094 819 3240 890 quod
3269 819 3376 876 duo
3400 833 3744 880 sacramenta
3795 826 3852 881 vi

2259 910 2346 968 sui
2370 909 2602 966 nominis
2641 909 2924 966 iudicaret.
2975 908 3179 982 Moyses
3221 912 3421 982 quippe
3461 914 3865 985 interpretatur

2257 1011 2586 1073 assumptus,
2615 1018 2682 1059 eo
2706 1003 2850 1074 quod
2889 1004 2953 1058 de
2978 1005 3134 1075 aquis
3157 1018 3185 1058 a
3219 1003 3330 1059 filia
3361 1005 3657 1064 Pharaonis
3687 1009 3862 1066 fuerit

2259 1098 2536 1163 elevatus;
2566 1096 2709 1167 quod
2738 1107 2956 1168 propter
2985 1112 3133 1154 mare
3166 1097 3404 1154 Rubrum
3450 1099 3728 1158 lsraelitas
3775 1102 3860 1158 si-

2257 1189 2505 1259 gniﬁcat:
2549 1199 2772 1261 propter
2815 1189 3043 1260 gratiam
3077 1205 3204 1246 vero
3250 1189 3584 1262 baptismatis
3613 1196 3856 1266 pertinet

2258 1283 2324 1340 ad
2354 1284 2612 1355 populum
2641 1283 3031 1341 Christianum.
3073 1284 3327 1340 Additum
3355 1296 3439 1342 est
3465 1288 3654 1354 etiam,
3685 1293 3856 1346 homi-

2258 1378 2339 1432 nis
2367 1376 2486 1444 Dei,
2517 1392 2586 1432 ne
2605 1376 2834 1433 alterum
2877 1375 3108 1434 fortasse
3136 1379 3436 1449 cogitares,
3479 1380 3581 1436 nisi
3609 1397 3738 1438 eum
3761 1385 3855 1454 qui

2256 1469 2453 1526 divinis
2473 1470 2756 1542 colloquiis
2785 1471 3102 1538 honoratus,
3139 1474 3336 1528 meruit
3358 1489 3479 1532 esse
3514 1475 3850 1549 primarius;

2258 1573 2319 1620 ut
2341 1562 2452 1632 jam
2473 1577 2582 1618 non
2599 1578 2808 1631 servus,
2840 1565 2936 1620 sed
2975 1565 3132 1620 beato
3161 1565 3330 1636 ipsius
3377 1582 3499 1626 esse
3537 1568 3845 1629 diceretur.

2237 1657 2374 1714 ~lloc
2410 1658 2556 1713 enim
2583 1673 2692 1715 non
2721 1658 2789 1715 de
2813 1660 3051 1730 famulis,
3100 1661 3198 1718 sed
3226 1661 3294 1718 de
3321 1661 3506 1720 liberis
3533 1664 3771 1724 dicimus
3799 1675 3854 1728 et

2257 1749 2468 1817 amicis,
2513 1750 2656 1808 sicut
2693 1752 2748 1806 in
2792 1752 2979 1809 Exodo
3029 1753 3264 1826 legitur:
3311 1754 3642 1828 Loquebatur
3679 1770 3854 1817 autem

2188 1861 2234 1922 Β
2263 1843 2515 1899 Dominus
2544 1846 2612 1899 ad
2643 1843 2856 1917 Moysen
2883 1847 3020 1917 facie
3042 1848 3110 1901 ad
3140 1849 3350 1921 faciem,
3382 1850 3514 1905 sicut
3543 1851 3689 1924 loqui
3716 1854 3850 1912 solet

2257 1939 2408 1994 homo
2432 1939 2501 1994 ad
2529 1941 2754 1994 anticum
2780 1957 2930 1995 suum
2957 1941 3153 2010 (Exod.
3187 1959 3382 2015 xxxtu,
3412 1943 3523 2018 11).

2827 2053 3022 2111 Diuisio
3048 2058 3257 2127 psalmi.

2335 2167 2543 2242 Moyses
2592 2169 2676 2225 vir
2715 2170 3112 2236 sanctissimus,
3161 2179 3215 2227 et
3259 2171 3514 2242 operibus
3561 2174 3852 2244 mirabilis,

2252 2272 2309 2319 et
2355 2263 2626 2333 colloquio
2669 2263 2852 2318 divino
2894 2264 3254 2333 reverendus,
3297 2266 3350 2320 in
3398 2267 3569 2337 prima
3601 2271 3848 2328 sectione

2253 2355 2471 2412 inchoat
2505 2369 2536 2410 a
2560 2355 2720 2412 laude
2743 2355 2969 2423 iudicis,
3023 2356 3283 2414 beneficia
3332 2360 3450 2430 ejus
3476 2361 3722 2420 breviter
3747 2381 3845 2437 po-

2253 2456 2612 2518 testatemque
2661 2464 3113 2506 commemorans.
3145 2451 3358 2509 .Deinde
3400 2454 3700 2512 infirmitati
3745 2473 3846 2516 ne-

2251 2550 2397 2607 strte,
2446 2557 2604 2614 quam
2643 2550 2698 2598 et
2741 2543 2857 2613 ipse
2887 2543 3071 2600 multis
3107 2545 3282 2600 modis
3313 2549 3576 2614 ostendit,
3605 2551 3844 2618 postulat

2250 2635 2547 2692 subveniri.
2591 2633 2776 2692 Tertio
2803 2644 2992 2692 exorat
3030 2637 3318 2692 adventum
3361 2639 3572 2696 Domini
3598 2643 3843 2699 Salvato-

2250 2727 2328 2782 ris
2351 2725 2578 2783 celerius
2601 2726 2958 2797 innotescere,
2990 2743 3148 2800 quem
3171 2729 3376 2786 sciebat
3401 2730 3640 2792 humano
3659 2740 3842 2807 generi

2251 2817 2530 2892 profutura
2558 2825 2840 2890 prtestare.

2792 2930 3059 3004 Expositio
3098 2934 3302 3005 psalmi.

2326 3049 2482 3104 Vere.
2514 3049 2568 3104 l.
2609 3047 2850 3115 Domine,
2911 3051 3175 3122 refugium
3205 3054 3373 3123 factus
3405 3071 3462 3110 es
3486 3055 3660 3126 nobis,
3691 3074 3726 3111 a
3756 3075 3836 3131 ge-

2249 3144 2514 3199 neratione
2535 3151 2583 3198 et
2610 3143 2870 3215 progenie.
2913 3143 3124 3216 Moyses
3153 3146 3247 3203 ille
3274 3150 3600 3207 venerabilis
3626 3152 3684 3208 in
3711 3161 3836 3225 typo

2173 3254 2218 3318 ρ
2249 3248 2450 3294 sanctae
2482 3237 2761 3304 Ecclesiae,
2794 3252 2955 3308 quam
2985 3239 3416 3311 prmfiguratione
3439 3242 3712 3313 gestabat,
3744 3244 3836 3301 Do-

2249 3334 2397 3386 mino
2426 3330 2542 3386 fusa
2572 3331 2815 3387 oratione
2859 3331 3061 3402 gratias
3082 3331 3212 3403 agit,
3259 3333 3402 3404 quod
3433 3334 3488 3389 in
3522 3334 3628 3393 hoc
3655 3337 3835 3394 auelli

2244 3426 2360 3482 salo
2385 3427 2552 3496 factus
2578 3425 2730 3496 fuerit
2755 3424 2874 3494 ejus
2896 3423 3104 3496 insigne
3121 3426 3400 3500 refugium.
3431 3427 3674 3484 Primum
3697 3429 3835 3501 quod

2245 3519 2387 3574 inter
2413 3517 2764 3576 Hebraorum
2795 3518 2934 3574 filios
2961 3527 3074 3586 est,
3106 3526 3163 3574 ut
3196 3527 3522 3587 moreretur,
3552 3505 3833 3592 abiectus;

2241 3611 2441 3668 deinde
2497 3611 2641 3684 quod
2693 3611 2840 3682 regis
2896 3610 3273 3684 Egyptiorum
3327 3614 3552 3684 pertulit
3605 3614 3834 3673 nefanda

2241 3705 2582 3771 certamina;
2629 3704 2790 3760 tertio
2826 3707 2996 3762 maris
3024 3704 3192 3762 Rubri
3239 3705 3481 3762 inaudita
3528 3707 3832 3776 miracula;

2243 3805 2578 3867 postremum
2610 3799 2994 3854 murmurantis
3022 3797 3206 3869 populi
3229 3801 3624 3855 contumaciam
3661 3801 3836 3858 formi-

2241 3888 2469 3946 dandam
2496 3906 2510 3944 :
2537 3889 2632 3947 sed
2661 3889 2717 3946 in
2748 3891 2832 3946 bis
2851 3890 3104 3946 omnibus
3133 3891 3302 3962 factus
3330 3901 3402 3946 est
3434 3891 3514 3948 illi
3545 3893 3830 3962 refugium,

2239 3997 2362 4040 cum
2388 3982 2460 4038 ab
2482 3983 2755 4041 universis
2782 3983 3184 4040 discriminibus
3209 3985 3452 4041 noscitur
3482 3999 3598 4040 esse
3625 3985 3837 4041 libera-

2238 4084 2346 4133 tus.
2389 4077 2580 4134 Merito
2624 4092 2754 4148 ergo
2799 4078 3165 4148 periculorum
3213 4094 3436 4136 suorum
3484 4078 3826 4147 recordatus,

2238 4172 2348 4228 tale
2392 4172 2736 4242 cognoscitur
2787 4172 2980 4229 fecisse
3023 4173 3366 4244 principium.
3409 4175 3612 4232 Verum
3640 4185 3705 4232 ut
3733 4178 3832 4232 hoc

2236 4280 2344 4322 non
2375 4273 2582 4320 tantum
2611 4265 2680 4322 de
2705 4280 2810 4321 uno
2834 4264 3001 4337 306
3027 4265 3264 4334 homine,
3295 4266 3392 4323 sed
3438 4269 3508 4324 de
3533 4268 3828 4325 universali

2237 4360 2478 4416 Ecclesia
2525 4359 2900 4416 debuissemus
2931 4358 3234 4427 advertere,
3281 4360 3424 4432 nobis
3473 4362 3678 4431 posuit,
3725 4375 3830 4416 non

2235 4454 2366 4508 mihi
2395 4474 2408 4506 :
2436 4453 2686 4523 quoniam
2717 4460 2924 4508 cunctae
2964 4451 3244 4520 Ecclesia},
3278 4468 3396 4524 qua
3423 4453 3481 4510 in
3510 4452 3615 4510 hac
3642 4453 3833 4512 surculi

2233 4553 2554 4614 tempestate
2603 4554 2880 4608 versatur,
2931 4543 3262 4600 tutissimum
3309 4544 3570 4617 refugium
3613 4560 3834 4616 semper

535 4638 661 4696 inde
720 4637 1010 4710 respuitur,
1068 4635 1172 4691 nisi
1229 4637 1317 4708 qui
1365 4637 1418 4692 in
1473 4651 1535 4692 ea
1573 4637 1785 4708 tepidus
1824 4638 2118 4695 invenitur.
2150 4651 2204 4714 ι)
2231 4648 2315 4697 est
2341 4640 2613 4694 Dominus.
2654 4637 2786 4694 Nam
2819 4637 2939 4694 vide
2967 4637 3094 4708 quid
3130 4639 3395 4709 sequitur,
3425 4640 3471 4692 Δ
3494 4642 3834 4709 generatione

534 4732 688 4802 Quod
720 4732 919 4788 mavult
961 4730 1116 4802 petit,
1159 4745 1320 4800 supra
1371 4739 1528 4801 uuam
1576 4727 1816 4786 meretdr
1853 4733 2117 4801 acquirit;

533 4826 701 4883 tristis
723 4824 788 4880 ad
821 4840 940 4881 eam
968 4823 1138 4888 venit,
1163 4822 1256 4878 sed
1284 4822 1435 4880 laetus
1465 4823 1726 4879 abscedit.
1757 4822 1940 4878 Oratio
1966 4825 2123 4895 quip-

532 4933 600 4989 pe
627 4925 812 4973 sancta
844 4917 922 4972 sic
949 4913 1176 4972 devotos
1205 4914 1394 4981 salvat,
1443 4923 1500 4970 ut
1532 4915 1718 4970 beatos
1743 4915 1952 4981 reddat,
1990 4916 2117 4971 dum

531 5010 848 5066 criminosus
892 5009 1139 5078 accipiat.
1180 5006 1466 5063 lnuumera
1495 5017 1620 5064 sunt
1662 5008 1823 5080 hujus
1868 5009 2123 5096 bonitatis

531 5103 820 5172 exempla;
863 5104 957 5159 sed
1004 5103 1134 5158 illud
1163 5102 1412 5168 sufficiat,
1444 5102 1584 5174 quod
1616 5103 1732 5172 ipse
1773 5117 1986 5174 quoque
2016 5102 2124 5157 Do-

531 5203 729 5268 minus,
759 5201 1001 5272 exempla
1033 5201 1187 5259 nobis
1227 5201 1415 5256 vitalia
1443 5201 1706 5267 tribuens,
1732 5213 1889 5255 orare
1920 5200 2112 5271 digna-

527 5307 612 5352 tus
636 5305 738 5351 est.
786 5294 938 5352 Unde
967 5296 1158 5351 merito
1187 5295 1282 5352 tali
1307 5311 1370 5352 ac
1398 5304 1548 5351 tanto
1581 5295 1698 5349 viro
1727 5293 2002 5364 praemissa
2029 5304 2113 5348 est

525 5391 712 5458 oratio,
737 5389 827 5460 qui
851 5389 1155 5462 frequenter
1181 5391 1542 5461 indignantem
1573 5388 1858 5445 Dominum
1886 5387 2119 5444 mirabili

523 5483 934 5558 supplicationis
967 5483 1189 5554 placavit
1231 5485 1494 5552 exemplo.
1539 5483 1693 5538 Hunc
1738 5490 1917 5536 autem
1965 5481 2106 5550 psal-

521 5592 669 5637 mum
717 5577 929 5633 tertium
974 5576 1280 5630 noverimus
1309 5591 1429 5632 esse
1461 5589 1647 5632 eorum
1695 5574 1787 5644 qui
1820 5573 2106 5626 orationem

518 5673 576 5732 in
619 5672 775 5730 titulo
819 5685 917 5726 suo
962 5671 1242 5724 continere
1283 5679 1669 5724 monstrantur.
1719 5667 1934 5737 Moysen
1964 5665 2105 5720 enim

487 5833 490 5836 ,
518 5769 668 5828 illum
692 5764 1107 5823 celeberrimum
1139 5763 1310 5818 virum
1340 5777 1614 5834 per.quem
1647 5760 1906 5816 Dominus
1933 5759 2107 5828 legem
2146 5831 2151 5840 '

515 5859 808 5923 Israelitico
831 5860 1034 5927 populo
1061 5856 1228 5920 dedit,
1279 5856 1620 5914 manifestum
1669 5865 1751 5912 est
1799 5854 2105 5911 ministrum

2229 4742 2278 4788 et
2301 4731 2564 4803 progenie.
2595 4731 2638 4786 Δ
2669 4730 3014 4804 generatione,
3050 4730 3316 4801 significat
3344 4746 3410 4786 ex
3456 4746 3565 4802 quo
3594 4747 3832 4802 genera-

2229 4826 2276 4882 ri
2305 4833 2540 4896 coeptum
2570 4834 2652 4882 est
2678 4839 2846 4896 genus
2865 4823 3181 4882 humanum.
3213 4821 3518 4896 Progeniem
3541 4839 3673 4882 vero
3693 4824 3832 4880 dixit

2231 4935 2402 4991 usque
2431 4920 2496 4975 ad
2530 4921 2688 4974 finem
2730 4917 2942 4984 saeculi,
2972 4932 3094 4974 cum
3136 4897 3422 4989 progenies
3465 4917 3571 4972 sibi
3603 4917 3830 4973 humani

2230 5013 2445 5086 generis
2473 5027 2571 5083 per
2589 5020 2777 5068 tentes
2806 5010 3046 5082 singulas
3075 5017 3324 5080 reparata
3351 5009 3634 5070 succedit;
3685 5025 3750 5066 ac
3773 5010 3824 5065 si

2229 5109 2457 5173 diceret,
2483 5121 2718 5176 semper.

2301 5201 2454 5258 Vers.
2487 5201 2543 5256 Ξ.
2586 5199 2899 5270 Priusquam
2939 5198 3118 5268 ﬁerent
3159 5205 3376 5265 montes,
3424 5205 3472 5252 et
3507 5196 3830 5267 [ornaretur

2187 5317 2194 5324 ν
2225 5297 2362 5352 orbis
2391 5305 2560 5365 terrae,
2614 5311 2647 5348 α
2670 5293 2862 5349 mulo
2888 5299 2938 5347 et
2968 5307 3127 5363 usque
3149 5291 3210 5346 in
3233 5288 3484 5346 malum
3501 5299 3558 5344 tu
3580 5306 3658 5344 es.
3685 5288 3826 5356 Quia

2222 5389 2278 5446 in
2326 5389 2500 5460 primo
2545 5401 2707 5443 versu
2754 5386 3016 5442 dixerat:
3065 5383 3347 5456 Βερενίκη
3375 5383 3545 5454 fw“
3573 5382 3823 5448 anu“

2181 5499 2281 5540 'ne
2327 5483 2682 5554 temporalem
2727 5481 3044 5537 adverteres
3073 5494 3198 5538 esse
3219 5479 3512 5546 Deitatem,
3559 5491 3704 5532 nunc
3751 5474 3828 5531 de

2177 5593 2180 5596 '
2209 5577 2328 5646 ejus
2354 5577 2657 5632 :eternitate
2686 5573 2968 5629 disseruit.
3007 5572 3116 5628 Sed
3149 5580 3208 5628 ut
3250 5571 3389 5628 hanc
3417 5571 3820 5641 perennitatem

2179 5697 2182 5700 ~
2209 5667 2556 5740 apertissime
2583 5667 2860 5738 possimus
2887 5669 3196 5734 advertere,
3227 5677 3420 5722 montes
3457 5665 3546 5723 hic
3573 5681 3690 5722 non
3717 5663 3824 5720 ali-

2175 5762 2338 5833 quid
2383 5771 2692 5828 terrenum,
2746 5761 2842 5817 sed
2888 5763 3154 5818 ctelorum
3201 5769 3497 5832 potestates
3555 5761 3820 5827 eximias,

2171 5861 2174 5866 '
2213 5855 2463 5922 quoniam
2495 5853 2561 5910 de
2590 5854 2839 5910 universa
2887 5862 3034 5911 terra
3079 5852 3466 5923 subsequitur;
3519 5859 3581 5908 ut
3622 5863 3825 5910 revera
