4062 6344
321 356 429 445 eis

1203 382 1562 444 EXPOSITIO
1601 381 1668 440 IN
1706 376 2167 441 PSALTERIUM.
2206 381 2402 440 PSAL.
2442 380 2735 443 LXXXIX.

3501 378 3606 441 646

323 508 535 561 dicatur
562 500 792 559 Domino
821 505 1204 572 congruenter,
1239 510 1296 555 tu
1324 518 1397 566 es,
1431 510 1716 571 antequam
1748 498 1912 554 coele-
1945 498 1999 560 Α
2020 507 2429 569 comparantur.
2470 500 2715 556 Custodia
2759 496 2901 555 enim
2941 504 3221 566 nocturna,
3271 512 3392 570 qua
3419 498 3607 558 huma-

321 596 426 653 stia
455 605 780 666 terrenaque
811 594 1090 649 formares.
1124 593 1270 649 lstud
1296 594 1437 651 enim
1462 595 1606 668 prius
1626 610 1733 650 non
1754 594 1914 650 habet

322 690 674 762 principium,
702 687 797 743 sed
821 688 1142 742 immensum
1171 696 1332 758 atque
1365 687 1914 759 incomprehensibile

320 800 445 841 esse
491 783 820 847 declaratur,
871 780 1087 850 quando
1129 779 1196 836 ab
1224 781 1355 850 ipsis
1389 794 1605 851 quoque
1635 781 1915 852 principiis

321 878 475 949 prius
501 890 621 930 esse
651 873 1009 944 dignoscitur.
1059 873 1335 941 Sequitur,
1372 890 1403 928 a
1439 873 1629 928 swculo
1673 882 1720 927 et
1761 890 1918 944 usque

322 972 378 1026 in
399 970 645 1025 saeuiunt
676 977 730 1022 tu
759 970 853 1034 es;
901 966 1053 1038 quasi
1086 976 1178 1023 aut
1204 976 1328 1023 ante
1357 968 1640 1035 sasculum,
1676 976 1766 1022 aut
1788 975 1915 1045 post

323 1063 585 1120 sacculum
617 1076 722 1117 non
774 1069 855 1116 est
894 1061 1056 1116 Deus.
1096 1060 1202 1118 Sed
1234 1060 1339 1130 hic,
1392 1078 1424 1117 a
1452 1062 1640 1117 seculo
1682 1070 1729 1115 et
1760 1077 1917 1131 usque

323 1156 382 1211 in
409 1156 685 1218 siccatum,
737 1153 1088 1210 :eternitatem
1119 1152 1377 1209 debemus
1424 1152 1726 1209 advertere.
1768 1150 1916 1208 Grie-

326 1249 378 1305 ci
424 1248 564 1304 enim
615 1246 830 1302 codices
876 1246 1227 1300 aeternitatem
1284 1243 1517 1310 habent,
1553 1243 1692 1313 quod
1738 1250 1916 1313 patres

326 1339 500 1397 nostri
525 1355 558 1393 a
594 1337 785 1393 stacqu
826 1345 874 1391 et
911 1350 1067 1405 usque
1115 1336 1168 1389 in
1214 1333 1459 1390 saeculum
1503 1333 1911 1389 transtulerunt.

323 1432 409 1492 Tu
435 1450 488 1487 es
514 1438 882 1500 competenter
908 1428 1103 1484 dicitur
1126 1427 1257 1497 Deo,
1289 1426 1412 1498 quia
1438 1441 1542 1483 non
1583 1426 1744 1482 habet
1775 1441 1915 1496 prm-

324 1525 549 1583 teritum
581 1538 681 1580 nec
707 1522 944 1578 futurum
970 1537 985 1587 ;
1016 1521 1094 1577 sic
1122 1521 1267 1577 enim
1310 1528 1365 1576 et
1387 1520 1486 1591 ipsi
1515 1518 1682 1591 Moysi
1709 1500 1914 1575 dictum

329 1633 453 1679 eSt:
490 1619 635 1675 Dices
658 1620 777 1688 ﬁliis
801 1616 971 1673 Israel
997 1633 1016 1672 :
1038 1616 1153 1690 Ego
1181 1633 1294 1673 sum
1325 1617 1414 1687 qui
1433 1632 1546 1672 sum
1568 1630 1588 1669 :
1618 1623 1666 1669 et
1708 1615 1795 1686 qui
1820 1622 1916 1681 est,

326 1714 472 1769 misit
521 1729 601 1786 me
643 1712 710 1766 ad
751 1728 836 1766 vos
882 1709 1077 1784 (Exod.
1125 1726 1206 1777 ιιι,
1256 1710 1369 1782 14).
1414 1709 1569 1767 Unde
1596 1710 1789 1765 merito
1834 1711 1918 1765 vir

300 1806 548 1862 sanctus
579 1804 776 1874 posuit,
802 1812 856 1858 tu
882 1819 956 1871 es,
985 1803 1126 1874 quod
1156 1803 1224 1859 ab
1252 1802 1370 1873 ipso
1401 1817 1460 1859 se
1480 1802 1697 1859 audisse
1726 1802 1887 1858 memi

2020 605 2117 685 nas
2146 592 2345 646 assolet
2371 606 2627 648 exercere
2657 591 2889 662 vigilias,
2913 590 3084 647 ternis
3112 590 3260 646 horis
3287 590 3608 649 excubanti-

2018 683 2119 741 bus
2146 684 2451 755 deputatur,
2486 685 2574 741 ubi
2620 684 2723 742 sibi
2765 684 3177 742 succedentibus
3226 684 3431 739 turmis
3464 683 3600 741 nihil

2018 777 2369 850 longinquum
2421 778 2597 851 agitur
2652 794 2752 835 nec
2794 795 3088 834 morosum.
3143 779 3370 835 Pulchre
3422 789 3599 835 autent

2020 868 2307 925 humanam
2342 870 2504 926 vitam
2536 872 2810 926 nocturnis
2837 874 3168 941 comparavit
3209 860 3471 939 excubiis,
3515 874 3604 930 ubi

2019 970 2188 1017 totum
2218 962 2316 1016 sub
2333 963 2657 1019 obscuritate
2680 972 2732 1019 et
2753 964 3109 1034 trepidatione
3132 967 3356 1037 geritur,
3381 967 3597 1037 quando

2017 1068 2171 1110 mens
2199 1054 2471 1110 hominum
2498 1055 2635 1111 vitiis
2654 1055 2957 1112 carnalibus
2986 1058 3312 1113 circumdata
3341 1058 3601 1129 pulsatur.

2027 1147 2161 1203 lluic
2189 1156 2367 1204 autem
2420 1151 2597 1206 versui
2643 1150 3116 1208 subdistinctiones
3165 1154 3428 1224 ponendae
3453 1163 3600 1223 sunt,

2021 1238 2274 1309 quoniam
2302 1239 2652 1311 subsequitur
2679 1242 2953 1310 plenitudo
2977 1245 3280 1300 sententiae.

2093 1331 2254 1388 Vers.
2279 1333 2331 1387 5.
2361 1333 2488 1399 Qua:
2508 1350 2601 1405 pro
2622 1334 2781 1390 nihilo
2803 1335 3073 1404 habentur,
3092 1340 3215 1392 anni
3235 1346 3381 1393 erunt
3402 1354 3607 1405 eorum:

2018 1441 2168 1480 mane
2212 1426 2346 1480 sicut
2391 1427 2545 1482 herba
2599 1437 2842 1483 transeat.
2893 1430 3004 1487 Hoc
3041 1440 3160 1489 erat
3186 1434 3327 1504 quod
3353 1434 3422 1489 de
3448 1448 3606 1491 versu

2019 1517 2284 1588 superiori
2313 1519 2581 1589 pendebat
2609 1537 2621 1573 :
2654 1524 2904 1592 quoniam
2935 1524 3072 1579 sicut
3097 1526 3203 1581 duo
3244 1526 3333 1582 illa
3365 1542 3484 1598 qua:
3513 1543 3607 1585 su-

2020 1612 2204 1683 perius
2224 1610 2377 1677 dixit,
2426 1612 2526 1668 hoc
2554 1621 2654 1680 est,
2700 1614 2835 1669 diem
2860 1616 3198 1688 praeteritum,
3247 1624 3296 1670 et
3322 1619 3606 1673 custodiam

2000 1713 2344 1776 nocturnam,
2386 1719 2501 1775 qua:
2541 1722 2634 1777 pro
2678 1706 2843 1762 nihilo
2886 1706 3156 1776 habentur,
3198 1707 3420 1763 intulit:
3469 1710 3608 1765 Anni

2023 1806 2170 1853 erunt
2196 1813 2391 1853 eorum.
2436 1798 2504 1854 Et
2551 1798 2675 1856 ideo
2702 1800 2842 1856 sicut
2868 1801 3026 1871 paulo
3071 1810 3196 1857 ante
3222 1801 3359 1858 dixit
3401 1803 3611 1874 suppli-

325 1905 505 1953 nerat.
549 1894 655 1953 Sed
685 1895 790 1951 hoc
829 1894 895 1951 ad
942 1894 1180 1961 Patrem,
1232 1895 1333 1950 hoc
1376 1896 1440 1949 ad
1474 1894 1687 1962 Filium,
1723 1893 1825 1950 hoc
1850 1892 1919 1950 ad
1948 1887 1997 1950 B
2020 1891 2251 1948 caudum
2281 1900 2383 1961 est,
2415 1891 2500 1948 Ne
2523 1903 2719 1948 avertas
2745 1894 2998 1948 hominem
3029 1895 3083 1949 in
3112 1893 3474 1964 humilitatem,
3516 1895 3610 1951 ad-

325 1989 587 2062 Spiritum
610 2002 852 2045 sanctum
883 1988 1151 2059 pertinere
1195 2004 1302 2043 non
1332 1987 1549 2044 dubium
1577 1995 1679 2043 est.
1721 1988 1917 2044 Essen-

326 2083 408 2139 tia
452 2083 593 2138 enim
625 2081 920 2137 individua:
946 2080 1243 2147 Trinitatis,
1276 2095 1395 2151 qua:
1435 2082 1502 2136 ab
1542 2095 1607 2137 eo
1642 2080 1783 2152 quod
1813 2091 1916 2148 est,

329 2190 456 2234 esse
497 2174 763 2232 veraciter
791 2183 847 2231 et
885 2175 1099 2247 proprie
1127 2174 1350 2243 dicitur,
1396 2174 1677 2246 praesentia
1707 2190 1919 2245 semper

331 2266 517 2337 habet,
563 2283 684 2340 qua:
732 2268 871 2324 inter
900 2282 997 2324 nos
1023 2276 1114 2323 aut
1142 2267 1411 2338 praeterita
1447 2266 1674 2322 dicimus
1703 2276 1795 2323 aut
1836 2267 1920 2323 fu-

328 2369 473 2421 tura.

410 2453 560 2510 Vers.
583 2452 640 2509 5.
682 2451 767 2508 Ne
785 2460 981 2508 avertas
1001 2453 1256 2508 hominem
1276 2453 1330 2507 in
1354 2451 1690 2507 humilitatem
1714 2469 1731 2517 ;
1760 2461 1807 2507 et
1835 2453 1918 2507 di-

324 2545 455 2603 :cisti
478 2562 498 2603 :
526 2547 907 2614 Convertimini,
930 2547 1028 2617 ﬁlii
1052 2547 1334 2602 hominum.
1363 2546 1519 2602 Venit
1541 2547 1605 2601 ad
1630 2545 1919 2601 secundam

324 2649 567 2710 partem,
599 2639 652 2694 in
681 2653 780 2709 qua
812 2638 901 2695 ille
943 2640 1023 2693 vir
1052 2648 1271 2695 sanctus
1321 2654 1351 2694 a
1385 2638 1613 2694 Domino
1643 2639 1774 2708 petit
1802 2653 1921 2706 qua:

325 2730 488 2789 illum
536 2732 852 2801 praecepisse
890 2732 1158 2803 cognovit.
1206 2730 1341 2787 Dicit
1378 2731 1567 2787 enim:
1600 2729 1683 2785 Ne
1722 2738 1921 2784 arertas

325 2824 592 2880 hominem
636 2824 688 2877 in
734 2824 1097 2891 humilitatem,
1132 2824 1183 2879 id
1214 2832 1318 2893 est,
1369 2838 1437 2879 ne
1468 2823 1521 2878 in
1554 2821 1740 2877 mundi
1769 2821 1922 2876 istius

326 2919 823 2991 concupiscentiam
875 2918 1327 2989 ambitionemque
1379 2916 1650 2988 projieias.
1697 2916 1920 2971 Humili-

328 3018 489 3066 tatem
516 3011 711 3082 quippe
741 3011 825 3066 hic
854 3019 1120 3065 terrenam
1152 3007 1640 3079 concupiscentiam
1663 3006 1922 3065 debemus

333 3102 639 3174 advertere,
664 3117 785 3174 quac
812 3101 954 3173 apud
983 3102 1151 3158 Deum
1181 3101 1390 3172 abjecta
1417 3110 1576 3172 atque
1602 3100 1923 3171 contempti-

327 3196 457 3255 bilis
500 3207 603 3266 e5t,
652 3212 757 3253 non
806 3196 952 3251 illam
997 3196 1292 3268 gloriosam
1337 3211 1439 3267 qua
1488 3205 1708 3267 peccata
1737 3204 1919 3254 nostra

2019 1985 2176 2054 didit,
2208 2001 2359 2041 mane
2385 1987 2517 2041 sicut
2550 1984 2708 2041 herba
2755 1994 3002 2043 transeat.
3055 1986 3243 2043 Adhuc
3272 1987 3361 2042 illa
3389 1986 3609 2058 fugitiva

2019 2088 2076 2137 et
2099 2080 2407 2137 transitoria
2438 2080 2559 2136 vita:
2588 2080 2863 2136 hominum
2897 2088 3296 2152 comparantur.
3334 2081 3610 2152 Frequen-

2022 2184 2106 2232 ter
2142 2175 2285 2232 enim
2336 2175 2504 2234 herba
2547 2176 2686 2233 intra
2716 2184 3047 2234 momentum
3078 2166 3175 2234 aut
3216 2185 3371 2250 pastu
3416 2176 3611 2233 anima-

2021 2267 2175 2335 lium,
2224 2279 2315 2323 aut
2342 2270 2518 2341 aliqua
2563 2269 2751 2325 tritura
2799 2271 3174 2327 consumitur:
3223 2273 3303 2328 sic
3330 2278 3457 2329 sunt
3482 2271 3611 2329 anni

2022 2359 2413 2434 hominum'qui
2445 2378 2543 2434 pro
2574 2363 2740 2421 nihilo
2765 2365 3051 2421 habentur.
3102 2364 3276 2434 Mane,
3327 2366 3381 2422 id
3421 2376 3505 2422 est
3551 2366 3605 2422 in

2021 2454 2135 2526 ipsa
2167 2457 2273 2511 vita
2306 2471 2409 2526 qua
2442 2456 2711 2526 fruuntur,
2742 2464 3025 2513 transeunt
3054 2467 3213 2530 atque
3239 2467 3606 2529 peraguntur;

2022 2564 2122 2605 nec
2149 2549 2216 2605 de
2240 2550 2628 2620 longinquitate
2656 2565 2842 2607 eorum
2876 2559 3054 2622 potest
3083 2565 3204 2608 esse
3227 2551 3466 2621 satietas,
3513 2550 3606 2608 ubi

2022 2642 2280 2698 terminus
2312 2640 2500 2697 festina
2526 2642 2802 2698 celeritate
2833 2644 3138 2715 suscipitur.

2095 2733 2247 2788 Vers.
2272 2731 2323 2787 6.
2369 2731 2528 2786 Mane
2565 2734 2747 2802 ﬂoreat
2796 2742 2847 2788 et
2874 2744 3183 2805 prwtereat;
3233 2749 3438 2803 vespere
3465 2749 3609 2790 aect-

2023 2823 2130 2889 dat,
2182 2823 2386 2877 induret
2409 2833 2455 2877 et
2480 2836 2697 2879 arescat.
2739 2824 2882 2880 Bene
2913 2826 3090 2881 carnis
3120 2826 3403 2881 infirmitas
3432 2825 3611 2897 fugiti-

2020 2913 2103 2970 vis
2150 2912 2437 2969 herbarum
2468 2914 2715 2970 :etatibus
2756 2926 3117 2985 comparatur.
3160 2916 3318 2971 Mane
3346 2918 3610 2988 signiﬁcat

2022 3014 2189 3061 totam
2237 3004 2469 3061 hominis
2516 3006 2702 3073 vitam,
2756 3008 2807 3061 in
2855 3022 2957 3078 qua
2988 3016 3041 3064 et
3071 3009 3256 3079 ﬂorere
3282 3019 3328 3064 et
3354 3012 3610 3081 praeterire

2023 3102 2373 3176 dignoscitur.
2429 3102 2642 3175 Vespere
2673 3114 2850 3161 autem
2881 3106 3024 3176 quod
3069 3106 3269 3163 indicat
3298 3107 3431 3165 lucis
3455 3123 3611 3166 occa-

2022 3212 2166 3267 sum,
2198 3208 2409 3269 tempus
2435 3197 2563 3255 dicit
2591 3186 2697 3270 quo
2725 3200 2918 3255 transit
2943 3198 3103 3255 homo
3129 3199 3197 3255 de
3214 3200 3452 3269 saeculo;
3481 3216 3610 3257 mox

326 3286 559 3346 Domino
581 3271 1076 3345 confitemurflloc
1106 3304 1233 3360 ergo
1280 3290 1364 3344 vir
1409 3297 1630 3347 sanctus
1658 3290 1919 3362 depreca-
1945 3288 1994 3353 ο
2024 3295 2167 3351 enim
2198 3303 2258 3351 ut
2286 3295 2338 3349 in
2370 3301 2596 3349 mortem
2626 3292 2908 3363 deciderit,
2942 3302 3064 3365 post
3092 3293 3334 3351 durescit
3368 3294 3423 3350 in
3451 3295 3610 3351 cada-

328 3391 419 3439 tur
442 3383 583 3454 quod
617 3382 878 3439 Diviniias
916 3382 1108 3455 jubet,
1158 3399 1227 3439 ne
1266 3384 1513 3441 voluntas
1568 3385 1845 3442 hominum
1890 3402 1920 3443 a

327 3475 538 3531 caelesti
566 3475 894 3531 sublimitate
936 3476 1165 3547 dejecta,
1218 3490 1401 3533 amare
1428 3476 1614 3534 mundi
1644 3480 1923 3549 permitta-

328 3575 422 3625 tur
444 3568 759 3638 humillima,
792 3568 1009 3625 humilia
1044 3570 1228 3639 utique
1251 3586 1371 3641 qua:
1412 3585 1506 3626 sua
1549 3571 1751 3628 vilitate
1789 3571 1920 3645 [ed.,

333 3659 655 3734 humilitate]
696 3662 1029 3719 sordescunt.
1072 3663 1344 3735 Sequitur,
1376 3674 1426 3719 et
1452 3664 1671 3724 dixisti:
1700 3665 1925 3722 Conuer-

332 3753 523 3823 timini,
548 3753 645 3824 ﬁlii
675 3754 957 3809 hominum.
984 3754 1080 3811 Hic
1118 3765 1166 3811 et
1208 3772 1305 3828 pro
1327 3758 1449 3829 quia
1473 3758 1703 3829 positum
1734 3768 1835 3827 est,
1865 3770 1922 3817 ut

329 3861 499 3905 unum
530 3847 684 3903 nobis
712 3862 928 3904 sensum
954 3849 1161 3919 aperiat
1189 3849 1418 3905 adunata
1441 3850 1724 3907 sententia.
1757 3851 1921 3909 Vides

328 3955 495 4012 quam
525 3938 595 3995 sit
632 3941 922 4009 probabilis
953 3942 1198 4012 superior
1237 3941 1326 3997 illa
1351 3943 1576 4013 petitio:
1622 3944 1746 4015 quia
1794 3960 1917 4001 cum

329 4032 598 4090 Dominus
642 4035 958 4106 praeceperit
1008 4035 1146 4106 ﬁlios
1197 4037 1457 4091 hominum
1503 4038 1748 4106 converti,
1805 4039 1921 4109 ipso

333 4124 571 4181 debeant
592 4126 881 4183 miserante
910 4128 1129 4184 salvari.
1161 4129 1291 4197 Quis
1335 4129 1477 4183 enim
1526 4129 1663 4184 alter
1685 4138 1863 4201 potest
1888 4145 1919 4186 a

312 4219 743 4275 'niundi‘ambitu
776 4221 1031 4287 liberare,
1060 4222 1163 4277 nisi
1194 4221 1239 4277 is
1267 4221 1354 4292 qui
1381 4222 1564 4278 docuit
1593 4208 1779 4279 ﬁdeles
1808 4238 1921 4304 cop-

329 4311 508 4367 lorum
539 4329 701 4384 regna
732 4314 1087 4385 perquirere?
1134 4315 1322 4371 Merito
1352 4328 1479 4386 ergo
1512 4315 1645 4387 petit
1673 4332 1740 4372 ne
1766 4317 1919 4373 dese-

329 4416 522 4462 rantur
568 4395 810 4463 homines
859 4408 912 4462 iu
943 4407 1165 4464 lubricis
1192 4407 1450 4479 lapsibus,
1494 4408 1687 4479 quibus
1715 4409 1915 4466 dictum

326 4508 415 4554 est
441 4517 453 4552 :
489 4498 869 4556 Conrertimini.

304 4648 331 4669 ⁸
409 4592 562 4649 Vers.
593 4593 644 4649 4.
692 4593 948 4660 Quoniam
974 4595 1113 4649 mille
1139 4595 1261 4649 anni
1290 4601 1408 4651 ante
1432 4595 1607 4650 oculos
1630 4603 1765 4663 tuos,
1799 4605 1916 4651 tan-

2025 3398 2140 3451 ver,
2187 3398 2250 3440 ac
2287 3382 2481 3440 deinde
2526 3385 2721 3440 arescit
2773 3381 2904 3458 [ed.,
2958 3382 3173 3455 crescit]
3229 3384 3282 3441 in
3316 3384 3607 3455 pulverem,

2025 3477 2170 3549 quod
2211 3488 2262 3534 et
2295 3476 2473 3533 herbis
2498 3485 2555 3532 et
2581 3475 2904 3547 corporibus
2932 3475 3183 3533 humanis
3213 3478 3455 3533 noscitur
3489 3491 3611 3534 esse

2024 3583 2331 3626 commune.
2373 3567 2477 3625 Sed
2508 3568 2593 3623 hic
2622 3584 2771 3624 mane
2797 3578 2850 3626 et
2878 3585 3086 3641 vespere
3113 3570 3195 3639 (ut
3223 3569 3352 3625 mihi
3373 3570 3607 3642 videtur)

2025 3676 2134 3718 non
2172 3676 2336 3717 unum
2382 3659 2524 3718 diem
2579 3661 2835 3718 debemus
2876 3661 3198 3729 advertere;
3241 3669 3420 3733 partes
3466 3662 3611 3719 enim

2026 3754 2145 3811 ista:
2171 3768 2277 3809 non
2309 3764 2431 3809 sunt
2464 3753 2776 3825 j‘ungendae,
2806 3755 2931 3828 quia
2958 3754 3185 3826 singula:
3213 3770 3309 3826 pro
3333 3754 3611 3811 brevitatis

2024 3848 2298 3907 intellectu
2324 3855 2451 3903 sunt
2475 3846 2687 3917 positae.
2728 3847 2854 3902 Haec
2903 3855 3084 3903 autem
3126 3846 3248 3903 ideo
3298 3846 3612 3918 diligentius

2026 3938 2361 4003 excoluntur,
2394 3951 2465 3993 ne
2490 3936 2614 4008 quis
2637 3936 2742 3993 sibi
2772 3936 3048 3993 hominum
3078 3936 3146 3994 de
3166 3937 3269 3993 vita
3299 3937 3609 4009 longissima

2024 4031 2346 4089 blandiatur.

2097 4122 2253 4178 Vers.
2297 4123 2349 4177 7,
2395 4121 2649 4189 Quoniam
2697 4120 2979 4192 defecimus
3025 4121 3080 4177 in
3108 4122 3189 4176 ira
3218 4130 3328 4191 tua,
3360 4130 3413 4177 et
3439 4122 3493 4177 in
3522 4123 3607 4194 [u-

2022 4234 2138 4275 rere
2164 4227 2252 4272 tuo
2278 4216 2568 4272 conturbati
2590 4232 2785 4271 sumus.
2812 4215 2905 4272 Vir
2926 4225 3144 4273 sanctus
3165 4232 3374 4275 memor
3392 4227 3609 4277 actuum

1994 4313 2261 4384 priorum
2292 4310 2437 4367 illum
2469 4309 2701 4367 furorem
2733 4310 2824 4366 Dei
2851 4310 3186 4381 recordatur,
3216 4320 3373 4384 quem
3398 4328 3493 4386 pro
3514 4313 3610 4370 Ju-

2022 4405 2173 4462 daica
2219 4404 2640 4461 murmuratione
2687 4403 2960 4475 sustinuit,
3006 4405 3220 4477 quando
3268 4407 3320 4464 ei
3350 4407 3610 4465 Dominus

2021 4500 2157 4556 dixit
2197 4516 2209 4553 :
2262 4497 2428 4553 Cerno
2454 4498 2593 4570 quod
2626 4497 2847 4570 populus
2887 4499 2984 4553 iste
3010 4498 3140 4553 dura
3171 4502 3364 4555 cervice
3392 4500 3495 4554 sit:
3525 4499 3612 4575 eti.

2000 4596 2165 4649 amitte
2190 4609 2270 4649 me
2291 4603 2346 4649 ut
2368 4593 2621 4647 irascatur
2641 4592 2788 4662 furor
2812 4607 2952 4647 meus
2980 4602 3155 4647 contra
3178 4609 3310 4658 eum,
3336 4601 3384 4647 et
3411 4592 3610 4648 deleam

328 4701 483 4756 quam
512 4687 618 4742 dies
648 4687 902 4754 hesterna,
937 4703 1051 4756 quw
1082 4688 1339 4756 pra-teriit,
1375 4697 1424 4742 et
1452 4688 1583 4742 sicut
1611 4689 1840 4743 custodia
1862 4688 1915 4743 in
1945 4689 2000 4750 D
2019 4702 2125 4755 eos,
2156 4686 2444 4757 faciamque
2469 4695 2514 4738 te
2551 4685 2601 4738 in
2628 4692 2829 4753 gentem
2864 4699 3100 4754 magnam
3130 4681 3328 4756 (Exod.
3352 4699 3523 4755 χχχιι,
3551 4684 3607 4753 9,

327 4790 496 4835 nocte.
536 4781 708 4837 Causa
748 4781 987 4853 redditur
1028 4798 1194 4853 quare
1232 4783 1413 4838 szeculi
1462 4783 1680 4839 ambitio
1724 4784 1917 4842 debeat

329 4871 588 4929 declinari
616 4892 627 4927 :
658 4852 913 4939 Qito'niam
944 4872 1085 4929 mille
1110 4876 1235 4929 anni
1276 4891 1381 4931 non
1410 4876 1582 4932 solum
1613 4880 1766 4949 pauci
1807 4879 1916 4935 sint

327 4974 449 5019 ante
482 4965 656 5020 oculos
702 4965 818 5034 Dei,
862 4965 957 5021 sed
996 4975 1239 5036 tanquam
1270 4968 1504 5023 hesterna
1535 4970 1643 5027 dies
1677 4970 1912 5027 habean-

329 5070 419 5117 tur
444 5063 665 5118 omnino
697 5061 973 5132 praeteriti.
1019 5063 1147 5131 Quae
1176 5061 1343 5135 ﬁgura
1387 5064 1584 5120 dicitur
1632 5064 1910 5135 tapinosis,

328 5153 495 5211 idem
524 5154 846 5224 humiliatio,
898 5155 1112 5225 quando
1141 5154 1432 5225 cujuslibet
1482 5156 1560 5211 rei
1606 5157 1917 5228 magnitudo

329 5246 589 5303 minuitur
614 5248 668 5303 in
694 5248 941 5320 exiguam
972 5248 1312 5319 parvitatem.
1364 5246 1481 5303 Non
1510 5247 1657 5305 enim
1691 5249 1775 5305 vel
1811 5249 1915 5321 ipsi

327 5341 425 5399 uni
452 5341 559 5398 diei
582 5342 852 5413 praesenti,
877 5342 971 5398 sed
998 5343 1273 5413 praeterito
1293 5350 1639 5412 comparatur
1663 5349 1769 5397 tam
1792 5342 1917 5397 lon-

327 5439 582 5513 gi’ssimus
622 5437 755 5494 ordo
802 5437 1143 5494 saeculorum.
1186 5434 1333 5491 Mille
1379 5436 1521 5492 enim
1569 5435 1777 5492 finitum
1818 5451 1917 5507 pro

327 5530 540 5589 inﬁnito
581 5532 777 5601 posuit,
824 5539 1038 5586 atatem
1066 5536 1310 5586 veterum
1336 5526 1566 5585 fortasse
1602 5528 1909 5600 designans,

327 5627 421 5700 qui
445 5641 635 5700 magna
659 5625 996 5698 longacvitate
1021 5623 1212 5695 repleti
1235 5629 1377 5679 sunt.
1412 5623 1685 5693 Sequitur,
1711 5631 1759 5677 et
1781 5622 1912 5677 sicut

329 5719 566 5776 custodia
592 5720 646 5773 in
669 5727 834 5774 nocte.
857 5717 928 5775 Ut
951 5719 1071 5775 illos
1104 5717 1254 5774 mille
1281 5731 1450 5772 annos
1481 5715 1638 5788 (quos
1668 5713 1912 5787 superius

328 5812 488 5883 dixit)
520 5811 800 5868 annulatos
826 5825 946 5867 esse
967 5823 1344 5882 cognosceres,
1395 5822 1497 5861 non
1527 5806 1638 5877 jam
1683 5807 1774 5862 uni
1805 5805 1913 5862 diei

329 5906 630 5976 praeterito,
676 5904 768 5963 sed
810 5905 971 5962 etiam
1012 5913 1272 5961 nocturno
1320 5901 1546 5973 tempori
1590 5900 1911 5958 brevissimo

2025 4782 2138 4853 l0).
2190 4782 2528 4851 Quapropter
2569 4778 2895 4836 formidabili
2944 4776 3320 4834 recordatione
3364 4777 3609 4836 turbatus

2021 4880 2126 4938 est,
2150 4873 2241 4943 qui
2276 4888 2373 4943 pro
2397 4872 2484 4928 tali
2517 4872 2714 4944 pepulo
2748 4869 3101 4942 supplicabat.
3144 4867 3435 4939 Defecintus
3461 4870 3605 4926 enim

2020 4967 2219 5023 dictum
2246 4976 2351 5033 est,
2401 4967 2633 5021 humana
2659 4963 2968 5020 infirmitate
2996 4960 3199 5030 fatigati
3243 4976 3260 5016 :
3308 4959 3608 5018 Conturbats'

2019 5078 2195 5118 sumus
2243 5061 2432 5119 mortis
2474 5061 2705 5133 cogitata
2748 5056 3055 5125 formidine,
3097 5071 3256 5130 quam
3297 5057 3610 5115 metuebant

2023 5164 2244 5227 propter
2264 5153 2471 5211 debitas
2501 5152 2745 5209 ultiones.

2092 5248 2245 5305 νει-ε.
2276 5248 2329 5305 8.
2373 5246 2603 5302 Posuisti
2646 5247 2941 5319 iniquitates
2987 5255 3189 5303 nostras
3233 5246 3292 5303 in
3334 5255 3608 5319 conspectu

2016 5348 2146 5410 tuo;
2176 5341 2424 5397 saeculum
2464 5347 2695 5395 nostrum
2722 5340 2778 5395 in
2806 5339 3183 5396 illuminatione
3212 5340 3381 5396 uultus
3406 5340 3501 5397 tui.
3532 5339 3609 5397 De

2018 5436 2218 5493 saeculo
2263 5435 2515 5492 transaeti
2571 5436 2831 5507 temporis
2876 5433 3037 5503 dicit,
3085 5433 3299 5506 quando
3347 5433 3607 5491 Judaicus

2018 5531 2248 5603 populus
2294 5540 2349 5586 et
2399 5530 2670 5587 miraculis
2715 5530 3035 5587 visitabatur
3077 5538 3133 5586 et
3184 5529 3347 5602 307
3403 5528 3599 5600 poenis.

2018 5622 2138 5681 Non
2185 5622 2456 5679 credendo
2501 5623 2643 5678 enim
2692 5639 2810 5694 quae
2855 5623 3131 5689 videbant,
3179 5623 3371 5679 ultoris
3400 5619 3607 5679 Judicis

2018 5717 2359 5791 patiebantur
2386 5723 2682 5786 aspectum.
2725 5716 2858 5772 Nam
2885 5717 2937 5773 in
2963 5717 3065 5772 alio
3093 5716 3211 5772 loco
3244 5714 3407 5772 dicit:
3452 5713 3603 5767 Beati

2017 5824 2233 5880 quorum
2253 5808 2477 5864 remissa:
2500 5817 2616 5862 sunt
2637 5807 2950 5879 iniquitates,
3013 5817 3059 5861 et
3080 5821 3298 5878 quorum
3330 5812 3460 5859 tecta
3486 5810 3604 5857 sunt

2019 5913 2227 5977 peccata
2253 5900 2426 5977 (Psal.
2456 5917 2600 5970 xxxi,
2635 5902 2710 5972 Ι).
2740 5900 2829 5955 Illa
2852 5898 2994 5956 enim
3024 5898 3364 5970 tegebantur,
3394 5908 3516 5968 qua:
3536 5893 3601 5951 ad
