4062 6344
419 425 424 432 ’
505 455 606 516 an

1701 454 1773 514 Μ.
1813 453 2095 516 AURELII
2131 454 2538 515 CASSIODORI

3690 457 3818 517 648

507 575 716 633 veniam
768 572 1192 647 perveniebant:
1233 570 1350 628 haec
1396 576 1575 629 autem
1621 570 2090 640 illuminabantur,
2119 574 2174 634 Α
2197 569 2406 643 dicens,
2434 587 2546 628 non
2583 571 2782 630 debere
2825 569 2961 645 legis
2988 579 3257 645 praecepta
3285 572 3596 632 transcendi
3619 589 3638 630 :
3665 573 3816 645 quia

401 665 414 678 '
504 685 624 744 qua:
646 670 930 725 vindictam
961 669 1199 740 protinus
1229 666 1584 723 sustinebant.

577 763 729 820 Vers.
762 763 816 817 9.
851 761 1103 828 Quoniam
1138 776 1310 816 omnes
1355 761 1462 815 dies
1496 759 1658 815 nostri
1687 759 1979 832 defecerunt
2001 773 2021 814 :
2050 765 2099 812 et

503 856 559 914 in
586 857 664 911 ira
696 865 781 910 tua
800 854 1076 924 defecimus
1104 869 1124 909 :
1151 855 1274 908 anni
1301 852 1462 908 nostri
1501 853 1632 907 sicut
1652 866 1841 906 aranea
1879 850 2097 906 medita-

501 952 709 1010 bantur.
742 949 1067 1007 Brevitatem
1091 948 1218 1004 vitae
1246 947 1492 1002 humanm
1518 945 1650 1001 dicit
1678 960 1773 1016 per
1813 945 1945 1001 iram
1986 943 2095 998 Do-

502 1043 632 1100 mini
680 1044 1032 1114 provenisse:
1062 1039 1318 1112 quoniam
1372 1037 1626 1110 longioris
1668 1038 1792 1093 vitae
1836 1051 2096 1108 praesum-

501 1135 686 1204 ptione
729 1132 1041 1204 peccabant.
1072 1131 1156 1188 Ad
1196 1145 1355 1202 quam
1385 1130 1530 1186 enim
1559 1129 1874 1186 brevitatem
1905 1142 2096 1199 perve-

504 1226 682 1281 nerint
723 1234 842 1296 post
870 1225 1015 1280 illam
1045 1225 1484 1280 numerositatem
1513 1223 1705 1294 prioris
1744 1221 1928 1277 saeculi
1957 1221 2092 1276 infra

501 1317 741 1374 dicturus
789 1328 892 1374 est.
947 1316 1080 1374 Nam
1127 1315 1271 1388 quod
1319 1315 1496 1372 dicit:
1534 1315 1720 1370 Omnes
1780 1315 1885 1369 dies
1936 1317 2097 1370 nostri

503 1412 824 1480 defecerunt,
851 1411 917 1467 ad
947 1424 1118 1468 annos
1165 1408 1396 1480 pertinet
1424 1408 1753 1465 imminutos.
1787 1406 1939 1476 Quod
1967 1421 2096 1464 vero

501 1507 780 1577 sequitur,
809 1513 856 1560 et
898 1505 952 1559 in
992 1505 1074 1558 ira
1114 1510 1216 1558 tua
1262 1502 1568 1574 defecimus,
1611 1501 1678 1557 ad
1724 1499 2096 1558 tribulationes

504 1614 880 1670 aerumnasque
921 1599 1170 1669 respicit,
1203 1611 1335 1668 quas
1363 1597 1421 1654 in
1465 1598 1579 1669 ipsa
1623 1597 1734 1653 vita
1779 1596 2096 1667 parvissima

503 1693 834 1748 sustinemus
859 1709 874 1748 :
898 1691 1147 1762 quoniam
1172 1691 1458 1746 insolentia
1481 1698 1666 1746 nostra
1687 1689 1845 1746 aliter
1863 1704 1970 1746 non
2002 1704 2096 1760 po-

501 1792 642 1841 terat
687 1784 910 1855 corrigi,
950 1783 1058 1838 nisi
1103 1797 1199 1854 per
1229 1783 1435 1855 ﬂagella
1482 1783 1694 1840 Domini
1745 1785 2098 1855 probaremur

501 1875 682 1946 afﬂigi.
715 1876 971 1947 Sequitur
997 1875 1158 1931 nimis
1203 1882 1326 1947 apta
1354 1875 1724 1946 comparatio:
1751 1876 1892 1931 Anni
1931 1877 2095 1932 nostri

2201 669 2584 739 superveniens
2605 667 2762 726 Jesus
2790 666 3058 735 Christus,
3083 667 3173 739 qui
3197 676 3282 724 est
3305 669 3640 725 mansuetudo
3669 682 3786 738 per

2197 760 2356 829 fecta,
2392 775 2491 817 nos
2519 761 2740 832 corripit
2783 768 2840 818 et
2884 757 3167 828 emendat,
3203 760 3252 816 si
3291 759 3630 818 Testamenta
3659 761 3806 832 ejus

2201 855 2594 912 contumaciter
2617 855 2968 927 negligamus.
2995 853 3064 909 Et
3083 853 3332 924 quoniam
3363 854 3517 922 dixit,
3541 854 3820 925 corripie-

2199 965 2334 1015 mur,
2367 948 2626 1019 prtemisit
2655 946 3156 1014 mansuetudinem,
3190 953 3247 1001 ut
3273 945 3636 1018 intelligamus
3677 962 3822 1002 om-

2200 1057 2296 1098 nes
2317 1041 2720 1099 emendationes
2743 1041 2958 1098 Domini
2981 1038 3232 1096 ﬁdelibus
3253 1039 3464 1110 pietatis
3491 1039 3819 1097 intentione

2199 1133 2500 1207 provenire.
2531 1134 2806 1206 Sequitur,
2838 1133 2966 1202 Quis
3012 1133 3150 1188 novit
3178 1141 3476 1204 potestatem
3513 1133 3611 1187 ira:
3652 1141 3816 1200 tua,

2199 1237 2290 1283 aut
2337 1243 2445 1300 prce
2485 1229 2665 1284 timore
2716 1229 2849 1283 iram
2889 1237 3030 1283 tuam
3079 1227 3439 1282 dinumerare?
3466 1225 3659 1282 Merito
3710 1225 3816 1284 ille

2197 1317 2431 1390 Moyses,
2454 1317 2548 1388 qui
2567 1327 2819 1389 expertus
2840 1316 3015 1373 fuerat
3038 1323 3236 1388 quanta
3262 1314 3518 1371 Dominus
3539 1314 3812 1386 peccanti

2203 1411 2402 1482 populo
2425 1409 2773 1477 reddidisset,
2799 1409 2925 1464 dum
2955 1423 3080 1465 eum
3101 1407 3306 1465 crebris
3349 1407 3815 1464 mut-morationi-

2183 1503 2298 1560 'bus
2331 1503 2636 1572 incitasset,
2667 1501 2940 1560 exclamat
2969 1501 3169 1558 nullius
3207 1501 3699 1558 considerationem
3732 1500 3814 1557 ad

2197 1597 2450 1654 vindictae
2478 1597 2599 1669 ejus
2645 1596 2935 1668 pervenire
2956 1609 3288 1666 mensuram,
3318 1609 3417 1651 nec
3457 1591 3812 1650 dinumerari

2197 1705 2358 1762 posse
2401 1700 2600 1762 quanta
2630 1689 2723 1750 ille
2772 1689 3035 1760 praevalet
3077 1687 3248 1744 iratus
3285 1687 3522 1744 efﬁcere.
3563 1688 3637 1743 Et
3664 1696 3810 1744 nota

2197 1782 2341 1854 quod
2373 1783 2423 1837 in
2455 1791 2684 1854 utraque
2732 1790 2884 1852 parte
2909 1779 3230 1852 prmdicatur
3271 1779 3482 1836 virtutis
3509 1778 3808 1835 immensi-

2199 1887 2300 1934 tas.
2325 1877 2457 1933 Nam
2509 1879 2648 1934 sicut
2673 1879 2893 1949 prmmia
2926 1879 3134 1936 Domini
3183 1877 3494 1950 plenissime
3516 1884 3808 1948 nequeunt

503 1969 635 2024 sicut
663 1985 852 2024 aranea
873 1968 1271 2024 meditabantur.
1317 1967 1699 2039 Malignitatem
1729 1969 1856 2025 vita:
1896 1977 2094 2026 nostra:
2125 1966 2174 2029 B
2198 1971 2444 2045 intelligi,
2479 1971 2548 2028 ita
2586 1987 2684 2028 nec
2715 1973 2964 2029 vindicta:
3009 1985 3261 2028 mensura
3315 1971 3572 2042 praevalet
3598 1986 3808 2041 apprec

503 2061 675 2133 posita
718 2060 1010 2116 similitudo
1056 2059 1312 2116 declarat.
1346 2060 1552 2114 Aranea
1578 2060 1720 2116 enim
1766 2068 1850 2118 est
1895 2061 2095 2118 animal

501 2154 680 2212 debile
718 2169 782 2210 ac
827 2155 1238 2222 tenuissimum,
1269 2153 1411 2226 quod
1461 2155 1857 2212 transeuntibus
1897 2155 2094 2212 muscis

499 2247 568 2304 ad
620 2262 798 2306 escam
844 2246 948 2302 sibi
994 2245 1384 2319 procurandam
1431 2245 1676 2318 quaedam
1728 2249 1860 2304 retia
1907 2247 2094 2304 dolose

500 2342 776 2398 contexit:
809 2340 887 2396 sic
912 2339 1040 2396 anni
1067 2355 1252 2399 eorum
1293 2339 1381 2410 qui
1409 2339 1684 2396 sceleratis
1717 2339 1973 2410 operibus
1999 2340 2092 2397 de-

500 2433 597 2490 diti
625 2442 768 2499 sunt,
802 2432 1053 2490 inanibus
1075 2443 1130 2488 et
1158 2430 1398 2488 subdolis
1431 2429 1912 2487 machinationibus
1934 2445 2093 2488 occu-

500 2533 717 2598 pantur.
745 2525 950 2580 Aranea
976 2524 1120 2580 enim
1151 2523 1293 2579 dicta
1323 2531 1426 2591 est,
1459 2523 1600 2593 quod
1630 2523 1699 2578 sit
1734 2523 1883 2578 arida
1907 2523 2094 2580 nimis-

501 2632 606 2690 que
632 2617 864 2673 subtilis.
890 2617 958 2672 Et
977 2615 1098 2672 vide
1125 2614 1574 2686 quemadmodum
1599 2623 1750 2670 actus
1793 2615 1939 2684 ipsos
1961 2613 2090 2686 [ed.,

500 2705 692 2780 ipsius]
723 2708 954 2780 positum
978 2707 1197 2763 verbum
1221 2705 1478 2762 declaret.
1507 2705 1910 2773 Meditabantur,
1933 2705 2087 2778 dixit,

499 2816 607 2860 non
650 2801 1049 2873 operabantur;
1083 2808 1140 2856 ut
1168 2799 1479 2857 ostenderet
1504 2813 1599 2856 eos
1627 2801 1745 2858 sine
1788 2801 1966 2872 aliqua
1991 2801 2094 2857 uti-

501 2896 651 2954 litate
680 2895 978 2964 transiisse,
1011 2893 1104 2966 qui
1147 2893 1247 2950 sub
1277 2893 1424 2949 nullo
1452 2893 1632 2951 fructu
1675 2893 1962 2964 bonorum,
1995 2891 2091 2950 sed

502 2989 608 3046 sub
631 2988 850 3060 ancipiti
879 2986 1230 3045 meditatione
1259 2987 1527 3044 vixerunt.

575 3079 732 3136 Vers.
763 3081 850 3136 lO.
881 3079 1002 3134 Dies
1028 3095 1278 3135 annorum
1309 3088 1600 3134 nostrorum
1637 3081 1691 3135 in
1730 3080 1856 3153 ipsis
1881 3088 2088 3150 septua-

503 3177 648 3251 ginta
677 3177 839 3242 anni;
867 3177 915 3232 si
942 3185 1114 3232 autem
1138 3177 1193 3231 in
1222 3176 1560 3248 potentatibus
1585 3175 1840 3248 octoginta
1864 3175 2008 3244 anni,
2045 3183 2090 3230 et

502 3269 781 3344 plurimum
815 3285 988 3325 eorum
1012 3269 1160 3326 labor
1181 3278 1227 3324 et
1253 3270 1422 3325 dolor.
1454 3269 1512 3327 Si
1557 3283 1725 3326 annos
1755 3268 1880 3325 illos
1907 3267 1976 3324 ad
2005 3268 2092 3324 lit-

2199 2062 2382 2121 hendi.
2413 2064 2557 2120 Bone
2573 2072 2750 2120 autem
2774 2063 3012 2132 addidit,
3043 2065 3354 2134 praetimere
3372 2105 3388 2133 ,
3421 2063 3555 2118 sicut
3577 2072 3636 2119 et
3653 2063 3808 2118 alius

2199 2155 2455 2228 propheta
2487 2155 2615 2214 dicit
2645 2172 2660 2211 :
2693 2154 3023 2213 Consideran
3050 2171 3203 2226 Opera
3227 2163 3342 2222 tua,
3372 2164 3420 2210 et
3441 2157 3624 2226 exponi
3655 2154 3805 2226 (ila-

2197 2247 2310 2303 bac.
2347 2264 2426 2320 ιιι,
2459 2248 2540 2318 2).

2269 2339 2420 2396 Vers.
2463 2341 2548 2395 12.
2579 2340 2857 2396 Dexteram
2895 2350 3067 2410 tuam,
3094 2339 3346 2407 Domine,
3383 2349 3555 2395 notam
3579 2339 3670 2410 {ac
3693 2358 3802 2396 no-

2196 2431 2292 2502 bis,
2319 2444 2365 2490 et
2386 2437 2612 2493 eruditos
2632 2437 2786 2491 corde
2801 2438 2852 2490 in
2884 2435 3152 2508 sapientia.
3180 2435 3271 2491 Vir
3295 2435 3387 2491 ille
3416 2434 3802 2491 sanctissimus

2198 2537 2254 2584 et
2279 2529 2557 2601 utriusque
2587 2513 2921 2586 Testamenti
2952 2529 3254 2586 intellector
3278 2528 3524 2599 egregius
3549 2528 3698 2584 venit
3723 2527 3801 2582 ad

2200 2620 2408 2676 tertiam
2441 2630 2667 2690 partem,
2696 2621 2748 2676 in
2776 2635 2880 2692 qua
2912 2619 3232 2690 deprecatur
3270 2619 3505 2685 Patrem,
3541 2630 3600 2675 ut
3632 2619 3799 2677 Iesus

2193 2713 2442 2769 Christus
2463 2713 2690 2770 Judaico
2711 2713 2908 2784 populo
2929 2722 2982 2769 et
3009 2713 3259 2783 gentibus
3284 2712 3593 2768 salutariter
3621 2726 3798 2782 appa-

2193 2814 2360 2860 reret.
2409 2803 2541 2860 Nam
2586 2811 2646 2860 ut
2696 2813 2984 2876 utrumque
3029 2804 3282 2875 populum
3312 2804 3795 2875 complecteretur,

2194 2897 2382 2967 plurali
2413 2911 2640 2954 numero
2673 2897 2870 2967 posuit,
2899 2897 3066 2965 nobis,
3096 2896 3236 2954 sicut
3264 2904 3320 2952 et
3339 2897 3394 2952 in
3423 2898 3598 2968 primo
3624 2912 3797 2956 versu

2193 2992 2383 3063 psalmi
2423 2993 2534 3064 jam
2582 2991 2780 3049 factum
2810 3000 2910 3049 est.
2951 2991 3226 3047 Deateram
3253 2991 3396 3047 enim
3427 2990 3555 3045 dicit
3601 2992 3794 3061 ipsu

2194 3082 2482 3139 Dominum
2529 3084 2893 3151 Salvatorem,
2925 3084 2993 3140 de
3039 3099 3146 3156 quo
3193 3082 3321 3138 alibi
3368 3081 3629 3151 scripturn
3662 3090 3787 3137 est:

2193 3173 2417 3230 Dextera
2434 3191 2614 3230 manus
2637 3186 2758 3243 tuw,
2779 3175 3021 3242 Domine,
3044 3175 3292 3246 confregit
3321 3175 3555 3229 inimicos
3581 3173 3786 3246 (Ea-od.

2193 3279 2284 3331 xv,
2315 3266 2404 3335 6);
2430 3273 2617 3337 petens
2642 3275 2701 3323 ut
2727 3266 2842 3335 ipse
2866 3266 2974 3321 illis
3001 3275 3160 3321 notus
3183 3265 3468 3333 efﬁciatur,
3496 3281 3596 3335 per
3625 3282 3787 3336 quem

503 3369 674 3418 teram
703 3361 932 3419 velimus
960 3362 1262 3430 advertere,
1292 3362 1490 3418 multos
1520 3362 1795 3418 hominum
1835 3370 1889 3418 et
1915 3375 2087 3417 nona-
2117 3359 2166 3429 C
2196 3358 2375 3414 omnia
2410 3357 2687 3428 profutura
2718 3358 3016 3416 discuntur.
3055 3357 3116 3413 Et
3145 3359 3375 3413 eruditos
3421 3359 3581 3412 corde
3617 3359 3674 3412 in
3701 3375 3786 3413 ως

503 3454 752 3527 genarios
792 3454 931 3512 bene
959 3455 1201 3527 vigentes
1231 3455 1507 3524 invenies,
1543 3465 1598 3514 et
1641 3457 1836 3513 iterum
1861 3454 2089 3512 necdum

501 3552 940 3622 septuagenarios
969 3551 1247 3610 debilitate
1275 3552 1580 3621 confectos;
1612 3561 1671 3610 ut
1709 3553 1852 3626 quod
1889 3552 1980 3610 hic
2003 3553 2088 3610 di-

501 3641 663 3711 citur,
689 3651 934 3702 constare
959 3644 1180 3700 minime
1199 3659 1357 3716 posse
1384 3644 1643 3702 videatur.
1678 3645 1785 3702 Sed
1806 3660 2088 3703 numerum

501 3737 961 3808 septuagenarium
1003 3736 1107 3809 legi
1149 3736 1322 3809 potius
1360 3737 1612 3795 decenter
1659 3747 1938 3810 aptamtts,
1969 3756 2088 3812 quae

500 3827 779 3884 sabbatum
813 3828 954 3885 diem
983 3829 1272 3902 septimum
1313 3830 1702 3888 observandum
1735 3846 1855 3888 esse
1881 3847 2087 3905 prtece-

501 3919 601 3991 pit.
632 3921 1044 3992 Octogenarium
1077 3936 1207 3978 vero
1249 3923 1447 3995 populo
1475 3921 1780 3980 Christiano
1813 3924 2088 3996 aptissime

501 4011 838 4083 deputamus,
869 4014 961 4085 qui
988 4021 1235 4072 octavum
1272 4015 1414 4072 diem
1457 4015 1886 4074 Resurrectionis
1912 4017 2088 4074 domi-

500 4103 636 4162 nicae
657 4115 838 4163 sancta
867 4106 1157 4166 festivitate
1186 4116 1473 4166 veneratur
1498 4131 1513 4167 :
1537 4120 1594 4166 ut
1615 4110 1721 4168 duo
1744 4109 2088 4170 Testamenta

499 4196 665 4268 (sicut
686 4199 738 4253 in
770 4200 1166 4269 septuagesimo
1195 4200 1526 4271 psalmoiam
1557 4201 1811 4269 diximus,
1842 4202 1930 4258 ubi
1951 4217 2086 4274 opus

503 4284 646 4343 istud
673 4287 972 4361 divisimus)
1005 4305 1098 4362 per
1143 4291 1286 4346 hunc
1332 4307 1612 4350 numerum
1643 4293 1978 4365 signiﬁcasse
2007 4295 2086 4351 vi-

498 4380 710 4439 deatur.
737 4382 858 4453 Ipsa
901 4393 1026 4440 sunt
1073 4384 1215 4440 enim
1249 4395 1551 4458 .prmcepta,
1583 4386 1637 4442 in
1666 4389 1858 4460 quibus
1898 4389 2084 4446 ﬁdeles

497 4472 691 4528 animae
747 4472 1103 4530 saluberrima
1167 4477 1362 4533 mentis
1424 4479 1732 4536 valetudine
1803 4490 2082 4552 reguntur.

497 4564 851 4637 Octogenario
896 4581 1026 4623 vero
1075 4583 1299 4624 numero
1350 4569 1555 4626 addidit
1603 4573 1656 4626 in
1709 4573 2082 4644 potentatibus,

496 4658 618 4729 quia
645 4667 775 4714 tunc
795 4673 987 4716 revera
1016 4662 1279 4731 cmpimus
1310 4659 1507 4718 habere
1536 4663 1848 4733 potentiam,
1871 4666 2084 4737 quando

2197 3451 2418 3522 pientia:
2457 3450 2734 3508 Desiderio
2762 3451 2929 3522 ipsius
2977 3466 3084 3508 non
3114 3451 3310 3507 sufﬁcit
3336 3450 3629 3506 adventum
3677 3450 3786 3507 Do-

2194 3543 2324 3599 mini
2357 3542 2650 3614 postulare,
2688 3544 2810 3613 quia
2863 3543 3013 3600 multi
3055 3558 3178 3599 eum
3219 3542 3572 3613 corporaliter
3600 3542 3787 3600 vidcn~

2193 3645 2317 3706 tes,
2349 3637 2516 3694 Deum
2565 3637 2786 3693 minime
2841 3637 3221 3702 crediderunt,
3267 3636 3496 3706 ideoque
3547 3636 3782 3704 addidit,

2191 3731 2442 3787 Eruditos
2472 3731 2622 3784 corde
2644 3731 2698 3785 in
2727 3731 3018 3800 sapientia;
3039 3730 3090 3784 id
3115 3736 3198 3786 est
3217 3728 3551 3785 intellectum
3581 3728 3784 3784 haben-

2192 3831 2273 3879 tes
2314 3823 2370 3878 in
2422 3823 2709 3879 Dominum
2753 3822 3046 3878 Christum.
3097 3820 3353 3877 Eruditus
3399 3822 3542 3877 enim
3587 3821 3783 3880 dicitur

2190 3915 2344 3987 quasi
2384 3930 2451 3971 ex
2481 3915 2628 3972 omni
2652 3915 2784 3972 rude
2812 3915 3039 3972 elicitus.
3085 3916 3202 3986 Ipse
3227 3925 3311 3972 est
3349 3916 3494 3971 enim
3526 3916 3692 3970 virtus
3718 3923 3779 3972 et

2189 4005 2449 4078 sapientia
2487 4006 2684 4074 Patris,
2722 4023 2881 4079 quem
2934 4006 3018 4062 hic
3071 4007 3305 4078 postulat
3356 4022 3464 4062 non
3504 4008 3782 4077 corporeis

2190 4098 2386 4166 oculis,
2417 4097 2513 4155 sed
2539 4097 2753 4155 erudito
2779 4098 2942 4154 corde
2979 4112 3307 4170 cognoscere
3333 4115 3346 4152 :
3382 4099 3504 4169 quia
3530 4098 3634 4154 hoc
3658 4113 3783 4168 pro-

2193 4191 2294 4248 fuit
2321 4205 2509 4248 revera
2541 4191 2690 4248 illum
2717 4191 2923 4263 videre,
2966 4191 3058 4263 qui
3085 4207 3207 4249 eum
3237 4201 3554 4250 meruerunt
3581 4192 3782 4250 illumi-

2188 4295 2314 4344 nata
2335 4295 2517 4346 mente
2538 4289 2870 4360 conspicere.

2259 4379 2417 4436 \‘ers.
2467 4379 2559 4436 15.
2602 4377 2932 4448 Convertere,
2980 4379 3230 4451 Domine,
3279 4381 3692 4453 aliquantumut,
3732 4391 3782 4438 et

2187 4473 2520 4545 deprecabilis
2563 4482 2666 4529 esto
2711 4491 2866 4546 super
2909 4490 3078 4530 servos
3136 4483 3269 4531 tuos.
3320 4475 3782 4532 Consuetudinem

2186 4581 2337 4624 suam
2364 4567 2446 4623 vir
2468 4576 2685 4624 sanctus
2711 4578 2984 4639 operatur,
3016 4571 3105 4642 qui
3147 4569 3278 4626 dicit
3302 4571 3354 4626 in
3396 4571 3618 4627 Exodo:
3651 4569 3784 4628 Esto

2188 4657 2452 4729 placabilis
2495 4676 2648 4729 super
2677 4661 2955 4732 nequitiam
3001 4662 3178 4732 populi
3215 4663 3290 4717 tui
3329 4661 3547 4734 (Exod.
3597 4678 3780 4731 xxxtt,

494 4751 647 4807 nobis
670 4751 929 4809 Dominus
969 4752 1215 4810 Salvator
1239 4756 1510 4826 apparuit.
1549 4756 1641 4812 isti
1666 4765 1795 4812 sunt
1818 4773 1946 4830 ergo
1975 4759 2082 4815 dies
2110 4749 2304 4820 D19)-
2339 4749 2458 4820 Ιρεο
2509 4750 2729 4817 θσϐθιυ,
2760 4751 2872 4822 ipsa
2927 4753 3103 4822 gratia
3150 4761 3302 4824 rogat
3352 4751 3642 4808 Dominum
3667 4796 3684 4820 ,
3724 4761 3782 4809 ut

494 4863 743 4902 annorum
770 4859 1084 4918 nostrorum,
1117 4849 1204 4920 qui
1233 4849 1387 4905 nobis
1429 4850 1719 4920 probabilis
1746 4853 1869 4908 vitae
1897 4851 2083 4910 confe-

495 4947 618 4994 runt
657 4939 989 5008 claritatem;
1024 4950 1081 4996 ut
1110 4939 1300 4996 merito
1347 4941 1456 4995 dies
1505 4941 1773 5012 dicantur,
1820 4956 1918 5013 per
1947 4959 2081 5013 quos

494 5029 777 5086 Dominum
807 5030 861 5086 in
889 5033 1066 5088 verbis
1093 5031 1206 5088 suis
1249 5031 1546 5088 illuminata
1588 5042 1769 5090 mente
1815 5036 2083 5106 conspici-

493 5133 631 5174 mus.
666 5119 734 5176 Et
777 5120 993 5178 intende
1022 5122 1148 5193 quid
1193 5121 1470 5193 sequitur:
1497 5120 1564 5178 Et
1591 5125 1868 5194 plurimum
1907 5141 2083 5181 eorum

493 5211 638 5265 labor
668 5220 716 5266 et
736 5210 921 5278 dolor;
952 5214 1007 5270 id
1032 5223 1133 5280 est,
1160 5216 1249 5286 qui
1277 5214 1394 5271 hmo
1420 5215 1528 5272 duo
1546 5215 1886 5274 Testamenta
1909 5226 2085 5275 trans-

491 5304 756 5372 cenderit,
799 5305 1073 5365 laboribus
1101 5309 1350 5366 maximis
1373 5319 1430 5367 et
1457 5309 1729 5368 doloribus
1757 5311 2078 5384 implicatur.

491 5397 605 5451 Non
633 5397 776 5454 enim
803 5399 909 5456 illic
931 5408 1014 5458 est
1043 5401 1243 5472 aliquid
1265 5403 1425 5475 (sicut
1450 5403 1687 5462 hmrctici
1713 5404 1938 5477 faciunt)
1963 5406 2081 5478 plus

492 5486 735 5544 minusve
780 5489 1008 5559 sentire,
1040 5490 1130 5548 ubi
1173 5492 1449 5551 caelestem
1478 5494 1712 5566 regulam
1757 5502 1936 5552 servat
1964 5510 2081 5554 mo-

491 5576 673 5634 derata
702 5579 1001 5640 distinctio.

569 5669 716 5728 Vers.
749 5673 834 5730 Η.
864 5674 1122 5742 Quoniam
1159 5680 1478 5757 superveniet
1523 5696 1678 5752 super
1707 5698 1798 5737 nos
1836 5697 2074 5738 mansue-

491 5762 650 5832 tudo,
679 5774 726 5820 et
755 5766 1112 5838 corripiemur.
1145 5769 1276 5838 Quis
1315 5774 1452 5827 nouit
1491 5782 1786 5842 potestatem
1824 5776 1916 5831 ira:
1941 5786 2074 5845 tute,

479 5853 580 5908 aut
610 5872 716 5924 pra:
745 5859 922 5914 timore
944 5861 1072 5916 iram
1100 5871 1243 5918 tuam
1267 5863 1638 5922 dinumerare?
1667 5867 1799 5935 Quia
1829 5867 2073 5925 dixerat:

494 5942 784 6008 Plurimum
808 5969 984 6012 eorum
1010 5955 1156 6013 labor
1203 5967 1249 6014 et
1290 5954 1460 6030 dolor,
1492 5972 1630 6015 nunc
1662 5960 1834 6034 ipsum
1881 5961 2079 6025 excolit

2186 4843 2448 4914 juStitiam
2493 4858 2644 4900 suam
2675 4845 2853 4915 aliqua
2883 4845 3103 4902 lenitate
3133 4854 3489 4916 retemperet;
3512 4855 3782 4918 quatenus

2186 4935 2401 4992 exorari
2433 4935 2600 5006 possit
2632 4951 2662 4990 a
2690 4938 3080 5007 peccatoribus,
3122 4938 3316 5010 quibus
3339 4938 3484 5010 juste
3512 4939 3782 4997 nosceba-

2187 5039 2272 5084 tur
2302 5030 2488 5085 iratus.
2532 5029 2851 5087 Intuendum
2875 5040 2962 5088 est
3007 5044 3186 5090 autem
3236 5033 3378 5105 quod
3406 5049 3513 5090 non
3541 5034 3686 5091 dixit
3713 5051 3781 5094 ex

2185 5132 2653 5191 toto‘conrertere,
2700 5125 2797 5182 sed
2845 5126 3424 5200 aliquantulum:quia
3456 5128 3559 5184 hoc
3607 5129 3782 5200 magis

2187 5214 2338 5270 nobis
2375 5214 2626 5285 expedit,
2655 5218 2868 5287 quando
2905 5232 3004 5275 nos
3043 5219 3238 5290 aliquis
3265 5219 3517 5278 stimulus
3549 5221 3782 5277 tribula-

2185 5302 2345 5359 tionis
2369 5303 2594 5376 affligit;
2637 5317 2694 5361 ut
2718 5323 2861 5379 saepe
2889 5311 3204 5366 commoniti
3244 5310 3599 5368 saluberrima
3646 5326 3781 5370 con-

2187 5397 2440 5454 versione
2465 5399 2740 5456 valeamus
2771 5411 3109 5472 peccatorum
3133 5404 3342 5461 veniam
3375 5407 3704 5477 promereri.

2255 5493 2412 5550 Vers.
2465 5495 2553 5551 14.
2609 5495 2810 5568 Repleti
2841 5514 3016 5554 sumus
3063 5515 3213 5555 mane
3251 5501 3606 5557 misericordia
3651 5513 3778 5569 tua;

2179 5586 2540 5643 exsultavimus
2574 5599 2620 5644 et
2646 5589 2882 5646 delectati
2909 5609 3086 5648 sumus
3114 5595 3169 5650 in
3197 5594 3426 5650 omnibus
3467 5597 3647 5652 diebus
3674 5613 3779 5652 no-

2179 5683 2317 5738 stris.
2349 5683 2757 5740 Miscricordiam
2787 5685 2892 5742 dici
2914 5687 3198 5745 Dominum
3228 5690 3561 5748 Saivatorem
3593 5693 3778 5752 nullus

2180 5770 2409 5844 ignorat,
2431 5777 2518 5846 qui
2552 5777 2761 5833 miseris
2787 5779 2943 5835 datus
2972 5789 3076 5850 est,
3102 5789 3158 5837 ut
3181 5797 3278 5853 per
3297 5782 3472 5854 ipsum
3500 5785 3772 5858 viverent,

2180 5869 2270 5939 qui
2323 5885 2414 5939 per
2466 5885 2525 5927 se
2582 5874 3044 5943 cognoscebantur
3097 5877 3420 5935 omnimodis
3476 5877 3772 5937 interiisse.

2181 5960 2449 6040 Repletum
2477 5978 2534 6026 se
2563 5979 2692 6043 ergo
2721 5966 2848 6029 dicit
2881 5966 2980 6028 hac
3015 5969 3368 6032 misericordia
3405 5987 3581 6044 mane,
3611 5971 3664 6031 id
3683 5976 3774 6058 est
