4092 6344
297 455 401 514 649

1225 439 1584 512 EXPOSITIO
1618 451 1686 510 IN
1723 442 2173 512 PSAL’I‘EBtUM.
2212 451 2402 511 PSAL.
2445 453 2556 510 xc.

3448 454 3554 514 65.)

299 565 474 624 lucida
517 561 986 635 contemplatione,
1035 561 1288 632 quoniam
1315 562 1397 618 vir
1423 572 1640 619 sanctus
1667 563 1864 619 Christi
1891 565 1946 625 Α
1968 562 2201 629 hensus;
2228 563 2370 636 quod
2400 577 2584 619 euntes
2615 562 2779 618 libros
2806 561 3015 620 divinos
3046 578 3302 620 numerus
3326 580 3557 625 arcanus

303 657 509 714 Domini
555 655 882 727 praevidebat
926 653 1240 710 adventum.
1290 654 1358 710 Et
1403 669 1625 711 necesse
1675 654 1769 709 t'uit
1815 662 1878 709 ut
1974 658 2230 723 includit;
2265 658 2402 728 quod
2451 666 2505 714 et
2529 657 2632 713 alia
2662 657 2794 729 legis
2821 657 3014 713 divinae
3039 660 3291 729 mysteria
3319 659 3558 714 multifa-

301 753 462 822 308
507 749 621 820 ejus
667 764 761 805 cor
802 749 1080 804 exsultant
1129 749 1182 804 in
1234 748 1409 816 laude,
1451 748 1786 805 delectaretur
1820 749 1874 804 in
1976 751 2059 806 rio
2087 751 2293 806 calculo
2337 751 2699 806 continentur.
2745 753 2976 806 Arenarn
3024 751 3222 817 maris,
3253 753 3554 822 pluviarum

301 841 744 912 contemplatione
787 841 1016 895 omnibus
1065 840 1241 896 diebus
1270 840 1392 896 vita:
1420 856 1553 908 sure,
1584 843 1736 912 cujus
1761 841 1878 895 ani-
1977 850 2170 912 guttas,
2204 841 2476 898 hominum
2500 843 2721 914 capillos
2762 843 2987 913 legimus
3012 857 3131 899 esse
3159 843 3258 898 sub
3307 859 3555 902 numero.

301 949 386 989 ma
441 932 530 987 tali
581 945 807 988 munere
835 932 1062 1001 repleta,
1101 931 1309 988 ctelesti
1359 930 1709 987 exsultatione
1749 945 1880 1000 gau-

305 1027 482 1082 debat.
513 1025 643 1091 Quae
684 1024 849 1096 ﬁgura
894 1024 1088 1080 dicitur
1127 1024 1277 1092 idea,
1309 1038 1430 1079 cum
1480 1039 1595 1080 rem
1645 1023 1878 1078 futuram

304 1121 451 1177 velut
475 1119 643 1175 oculis
670 1117 985 1185 oll‘erentes,
1016 1124 1220 1173 motum
1254 1116 1421 1172 animi
1462 1113 1720 1171 vivaeiter
1749 1115 1882 1171 inei-

307 1224 500 1272 tamus.

385 1305 534 1360 Vers.
569 1304 655 1358 15.
684 1303 927 1359 Delectati
947 1319 1121 1358 sumus
1150 1319 1242 1370 pro
1268 1301 1443 1356 diebus
1468 1301 1647 1369 quibus
1671 1316 1762 1356 nos
1791 1301 1883 1354 hu-

307 1397 519 1453 miliasti
537 1436 554 1462 ,
581 1396 730 1450 annis
758 1397 810 1449 in
831 1394 1010 1466 quibus
1050 1394 1266 1448 vidimus
1303 1393 1459 1447 mala.
1486 1390 1884 1446 Tribulationes

307 1502 440 1558 quas
467 1486 770 1542 hominibus
805 1485 1136 1555 providentia
1187 1483 1368 1540 divina
1415 1483 1682 1547 concedit,
1725 1495 1884 1551 quam

309 1580 489 1637 veraci
512 1579 867 1636 aestimatione
897 1578 1273 1650 perpenderat,
1306 1585 1366 1632 ut
1401 1576 1721 1632 delectatum
1745 1588 1805 1629 se
1830 1574 1885 1629 in

310 1675 392 1730 eis
420 1672 662 1740 diceret,
693 1687 787 1742 per
811 1685 944 1742 quas
985 1669 1375 1726 humiliandum
1407 1667 1660 1738 pepulum
1685 1666 1885 1720 saluta-

312 1762 444 1819 riter
491 1761 772 1817 sentiebat.
803 1760 1020 1817 Sciebat
1047 1759 1191 1816 euim
1228 1757 1469 1813 ﬁdelibus
1499 1756 1627 1811 viris
1673 1754 1887 1810 noxiam

312 1869 434 1912 esse
475 1854 818 1923 superbiam;
849 1863 903 1909 et
947 1853 1070 1909 inde
1107 1853 1332 1908 Domino
1360 1851 1556 1922 gratias
1585 1851 1714 1922 agit,
1745 1849 1889 1903 unde

1982 933 2046 988 Et
2075 942 2132 989 ut
2161 932 2309 988 brevi
2334 933 2656 1003 compendio
2681 933 2978 1002 disciplina:
3009 934 3176 1003 ipsius
3204 933 3414 989 laudem
3443 935 3557 990 vir-

1982 1031 2258 1094 tutemque
2289 1039 2593 1091 noscamus,
2627 1024 2881 1082 Salomon
2913 1026 3022 1080 ait:
3059 1025 3242 1080 Omnia
3271 1028 3324 1082 in
3353 1043 3561 1082 mensu-

1981 1132 2065 1182 ra,
2087 1124 2134 1168 et
2162 1131 2393 1182 numero,
2423 1124 2468 1170 et
2506 1115 2726 1184 pondere
2747 1114 2914 1168 Deum
2935 1115 3110 1185 fecisse
3139 1117 3294 1184 (Sap.
3317 1133 3392 1184 ιι,
3423 1117 3515 1188 21)
3543 1134 3559 1183 ;

1987 1217 2045 1264 ut
2070 1209 2278 1263 cunctis
2308 1207 2674 1264 indubitanter
2699 1216 2954 1276 appareat
2990 1208 3377 1264 arithmeticam
3401 1210 3563 1265 disci-

1983 1298 2181 1369 plinam
2216 1301 2410 1370 ubique
2440 1316 2558 1357 esse
2582 1300 2850 1356 diﬂusam.
2882 1301 3027 1356 I-lanc
3050 1312 3296 1359 auctores
3332 1304 3561 1359 szecula-

1985 1389 2122 1444 rium
2156 1391 2452 1446 litterarum
2504 1392 2808 1461 diligentius
2852 1403 3245 1463 perscrutantes
3286 1396 3338 1450 in
3383 1397 3563 1452 multis

1989 1479 2226 1551 partibus
2281 1483 2615 1549 diviserunt,
2661 1484 2712 1537 id
2760 1492 2842 1538 est
2882 1485 2933 1538 in
2990 1485 3104 1554 pari
3151 1495 3205 1540 et
3253 1487 3476 1558 impari,
3507 1489 3563 1543 in

1987 1569 2224 1640 perfecto
2250 1571 2679 1646 etimperfecto,
2711 1572 2766 1627 in
2795 1573 3066 1642 superﬂuo
3095 1579 3150 1629 et
3182 1575 3485 1643 imminuto,
3509 1586 3566 1633 et

1989 1665 2196 1720 caeteris
2225 1681 2343 1735 qua:
2370 1665 2426 1720 in
2478 1659 2607 1736 ipsis
2634 1666 2937 1722 auctoribus
2963 1667 3360 1724 evidentissime
3395 1671 3567 1724 conti-

1992 1763 2213 1821 nentur;
2243 1770 2374 1825 quas
2397 1757 2648 1813 studiosis
2675 1757 2850 1828 legere
2875 1766 2929 1812 et
2954 1772 3083 1812 sana
3129 1769 3310 1814 mente
3338 1768 3569 1816 tractare

1993 1849 2158 1902 nostri
2205 1864 2417 1919 quoque
2447 1850 2738 1920 permisere
2781 1851 3030 1922 majores.
3083 1853 3250 1910 Deum
3291 1861 3465 1910 tamen
3513 1854 3574 1914 in

312 1947 594 2003 credentes
643 1944 936 2017 profecisse
978 1947 1246 2014 cognovit.
1298 1945 1632 2013 Quapropter
1681 1943 1736 1996 in
1783 1941 1888 1997 illis
1917 1948 1967 2010 Β
1993 1939 2238 1996 omnibus
2272 1956 2520 2011 rogemus
2551 1950 2610 1998 ut
2651 1957 2842 2000 sensus
2887 1954 3102 2001 nostros
3147 1947 3370 2016 aperiat,
3401 1956 3457 2003 et
3500 1948 3572 2004 ad

313 2038 464 2092 anuis
495 2051 553 2092 se
578 2037 883 2091 delectatum
907 2049 1028 2091 esse
1054 2035 1358 2100 conlitetur,
1383 2034 1437 2086 in
1479 2032 1656 2103 quibus
1695 2032 1888 2086 viderat

314 2126 489 2194 mala,-
511 2125 652 2181 mala
682 2127 886 2182 scilicet
928 2139 1047 2194 qua:
1079 2125 1263 2194 gravia
1315 2123 1551 2194 putabat,
1584 2122 1709 2177 dum
1737 2129 1889 2192 pate-

317 2228 463 2275 retur
501 2219 822 2276 humanitas.
868 2217 1001 2273 Nam
1052 2217 1168 2273 viro
1215 2225 1400 2272 saneto
1430 2223 1482 2272 et
1511 2213 1891 2282 contemplanti

317 2311 596 2366 veritatem
630 2326 735 2366 non
782 2311 954 2365 solum
982 2309 1168 2378 gravia
1215 2322 1321 2363 non
1353 2307 1588 2374 luerunt,
1616 2307 1712 2362 sed
1732 2305 1890 2361 etiam

317 2400 499 2458 suavia
527 2401 630 2457 sibi
661 2401 928 2456 exstitisse
960 2397 1235 2470 professus
1263 2406 1367 2454 est.

393 2495 542 2548 Vers.
576 2493 662 2548 l6.
694 2493 908 2563 Respice
928 2493 980 2546 in
1003 2503 1169 2546 seruos
1193 2499 1303 2546 tuos
1325 2499 1371 2546 et
1398 2492 1453 2546 in
1480 2507 1633 2562 apere
1650 2503 1758 2557 tua,
1784 2490 1894 2545 Do-

318 2585 484 2649 mine;
512 2594 558 2639 et
589 2586 748 2656 dirige
775 2586 912 2655 ﬁlios
957 2600 1150 2639 eorum.
1183 2584 1378 2640 Sancta
1415 2583 1744 2640 conscientia
1789 2597 1892 2637 non

319 2675 521 2731 desinit
543 2675 716 2730 facere
745 2677 798 2729 in
825 2689 987 2744 opere
1010 2675 1184 2730 alieno
1211 2674 1351 2743 quod
1391 2676 1678 2752 exercebat
1699 2675 1753 2728 in
1776 2689 1897 2743 pro-

318 2769 461 2838 prio.
501 2767 705 2834 Quibus
733 2767 876 2823 enim
907 2767 1244 2822 orationibus
1286 2781 1383 2837 pro
1413 2767 1667 2822 lsraelitis
1695 2768 1898 2838 suppli-

317 2859 527 2914 caverit
555 2858 802 2924 Domino,
835 2858 1055 2914 omnino
1097 2857 1435 2915 notissimum
1463 2868 1564 2914 est.
1616 2858 1765 2913 Nunc
1810 2872 1900 2913 ea-

320 2949 446 3005 dem
497 2950 660 3006 simili
706 2949 811 3006 ﬁne
863 2949 1166 3017 concludit,
1215 2959 1272 3006 ut
1311 2950 1652 3020 peccantibus
1701 2949 1901 3007 Judaeis

324 3050 529 3112 parcat,
555 3052 609 3099 et
641 3041 778 3099 ﬁlios
805 3057 991 3099 eorum
1021 3052 1206 3100 sancta
1235 3043 1552 3100 credulitate
1577 3045 1897 3115 recorrigat;

323 3145 586 3206 quatenus
608 3137 653 3192 si
679 3136 758 3192 illi
779 3137 1086 3207 (iniquitate
1110 3151 1205 3194 sua
1229 3137 1480 3207 faciente)
1502 3138 1730 3206 dispersi
1753 3146 1898 3205 sunt,

325 3231 512 3286 saltem
538 3244 721 3285 eorum
748 3229 960 3285 soboles
985 3229 1036 3284 in
1061 3229 1166 3286 ﬁne
1193 3229 1375 3285 saeculi
1417 3243 1697 3298 conversa,
1721 3230 1786 3283 ad
1811 3243 1902 3284 ve-

1991 2045 2176 2085 veram
2228 2032 2542 2101 sapientiam
2588 2048 2682 2088 sua
2720 2048 2820 2090 nos
2863 2034 3247 2093 illuminatione
3291 2038 3568 2107 perducat.

1992 2119 2257 2190 Quidquid
2305 2123 2446 2177 enim
2478 2123 2706 2193 legeris,
2750 2126 3003 2195 quidquid
3045 2127 3463 2198 excogitaveris,
3495 2129 3573 2185 ita

1992 2214 2303 2274 dulcescere
2352 2218 2547 2288 poterit
2587 2218 2716 2288 tibi,
2759 2219 2808 2276 si
2853 2235 3046 2292 sapore
3085 2225 3301 2294 superni
3330 2224 3573 2282 muneris

1992 2309 2280 2368 condiaris.

2292 2443 2647 2503 EXPOSITIO
2685 2447 2748 2502 IN
2787 2447 3117 2505 PSALMUM
3156 2449 3262 2507 XC.

2500 2561 2633 2617 Laus
2661 2563 2846 2618 cantici
2877 2561 3066 2620 David.

2067 2670 2291 2738 Quando
2321 2676 2433 2729 laus
2456 2676 2638 2729 cantici
2665 2677 2857 2731 dicitur
2878 2719 2892 2740 ,
2921 2693 3028 2732 non
3069 2692 3349 2734 commune
3377 2678 3578 2748 aliquid

1998 2763 2278 2819 sentiatur.
2311 2763 2453 2819 Laus
2490 2767 2711 2836 intelligi
2744 2777 2916 2833 potest
2943 2776 2999 2823 et
3040 2769 3270 2825 humana
3320 2769 3578 2838 praedica-

2001 2853 2112 2920 tio;
2158 2855 2252 2910 sed
2303 2855 2418 2911 laus
2462 2859 2648 2911 cantici
2687 2859 3039 2915 animadverti
3085 2875 3192 2916 non
3249 2869 3426 2930 potest
3471 2861 3576 2918 nisi

2001 2944 2179 3000 divina
2209 2946 2460 3004 laudatio.
2492 2947 2660 3002 David
2707 2959 2885 3005 autem
2916 2951 3024 3018 hic,
3057 2952 3230 3021 ipsum
3261 2954 3580 3025 prophetam

2001 3036 2258 3094 debemus
2277 3039 2577 3107 advertere,
2608 3041 2697 3111 qui
2715 3043 2939 3112 primam
2964 3054 3173 3114 partem
3199 3044 3357 3114 hujus
3387 3047 3580 3115 psalmi

2001 3127 2153 3184 suavi
2198 3129 2456 3186 relatione
2485 3131 2724 3188 dicturus
2771 3143 2872 3189 est.
2905 3135 3164 3192 Amoenus
3207 3138 3491 3195 admodun
3524 3147 3584 3198 et

2007 3217 2240 3287 ipsarum
2270 3223 2684 3292 promissionum
2721 3227 2977 3283 varietate
3023 3229 3360 3286 dulcissimus
3384 3248 3397 3284 :
3424 3232 3581 3302 cujus

326 3320 469 3376 niam
519 3321 801 3390 pervenire
850 3330 1138 3376 mereatur,
1172 3320 1323 3387 Quod
1371 3319 1669 3390 prophetiae
1713 3319 1901 3391 spiritu
1931 3339 1978 3404 c
2006 3311 2345 3368 undecimum
2392 3324 2445 3370 et
2485 3315 2860 3372 duodecimum
2916 3334 3130 3374 versum
3184 3321 3428 3379 diabolus
3481 3324 3586 3393 ipsi

331 3411 504 3481 (sicut
550 3426 692 3481 saepe
723 3410 992 3483 diximus)
1028 3420 1248 3468 noverat
1296 3426 1416 3467 esse
1465 3411 1786 3468 faciendum.
1837 3411 1904 3466 Et

329 3501 605 3557 considera
634 3501 826 3573 quibus
852 3503 1030 3558 verbis
1062 3504 1316 3573 pietatem
1355 3502 1483 3559 boni
1535 3501 1739 3558 luditis
1767 3503 1905 3559 invi-

331 3594 488 3657 tavit,
518 3601 577 3648 ut
621 3593 792 3662 primo
821 3592 1057 3660 diceret,
1085 3595 1136 3647 in
1177 3609 1347 3648 servos
1386 3603 1531 3658 tuos;
1574 3593 1802 3660 deinde,
1851 3595 1905 3648 in

330 3701 484 3756 Opera
510 3693 632 3753 tua;
659 3695 923 3757 quatenus
951 3685 1055 3742 etsi
1097 3685 1252 3742 factis
1288 3686 1400 3742 suis
1427 3685 1637 3740 veniam
1662 3701 1766 3740 non
1796 3699 1906 3740 me-

331 3786 576 3833 rerentur
599 3778 844 3846 accipere
866 3819 881 3844 ,
907 3791 1027 3833 eam
1053 3775 1326 3832 Creatoris
1355 3791 1518 3846 opera
1546 3775 1698 3832 valde
1725 3776 1908 3832 lauda-

330 3869 453 3925 bilis
499 3869 831 3939 impetraret.
861 3867 1013 3935 Quod
1065 3876 1437 3940 argumentum
1467 3866 1609 3938 apud
1661 3867 1906 3924 rhetores

333 3963 527 4018 dicitur
555 3979 584 4018 a
615 3963 768 4018 laude
794 3961 1012 4034 judicis.

405 4055 559 4112 Vers.
596 4058 678 4112 17.
715 4055 780 4110 Et
819 4056 882 4110 sit
920 4054 1159 4124 splendor
1189 4050 1401 4108 Domini
1431 4051 1529 4107 Dei
1569 4052 1729 4106 nostri
1757 4066 1908 4120 super

337 4162 467 4212 nos;
498 4156 543 4200 et
587 4163 739 4216 Opera
790 4160 1034 4200 manuum
1074 4155 1362 4198 nostrarum
1407 4143 1570 4214 dirige
1614 4157 1766 4210 super
1793 4155 1907 4197 nos.

335 4240 594 4311 Splendor
619 4239 828 4295 Domini
857 4254 1010 4308 super
1035 4254 1127 4293 nos
1177 4246 1280 4304 est,
1313 4235 1526 4304 quando
1573 4234 1748 4291 erucis
1795 4233 1911 4303 ejus

333 4333 689 4403 impressione
717 4334 1057 4399 decoramur,
1085 4337 1139 4386 et
1169 4328 1422 4384 vexillum
1456 4327 1712 4397 triumphi
1742 4325 1911 4396 ipsius

334 4426 390 4480 in
442 4423 616 4481 fronte
667 4434 978 4495 portamus;
1033 4423 1170 4478 sicut
1225 4421 1517 4492 Apostolus
1551 4419 1681 4476 dicit
1724 4437 1738 4474 :
1780 4418 1913 4473 Mihi

332 4527 502 4570 autem
533 4517 660 4571 absit
690 4516 920 4588 gloriari,
957 4515 1056 4568 nisi
1084 4515 1137 4568 in
1176 4529 1326 4567 cruce
1371 4512 1575 4566 Domini
1603 4511 1764 4566 nostri
1789 4509 1916 4566 Jesu

333 4606 556 4674 Christi,
596 4623 684 4676 per
713 4622 857 4676 quem
899 4605 1023 4660 mihi
1050 4610 1268 4658 mundus
1311 4603 1586 4673 cruciﬁxus
1627 4611 1722 4671 est,
1747 4613 1793 4658 et
1821 4615 1916 4674 ego

2009 3401 2238 3460 Domino
2272 3403 2555 3471 Salvatori,
2586 3422 2707 3463 cum
2735 3423 2855 3464 eum
2879 3418 3157 3480 tentasset,
3186 3413 3401 3482 objecit.
3431 3414 3586 3470 Hunc

2007 3492 2264 3564 hymnum
2293 3494 2624 3552 daemonibus
2657 3498 2743 3568 pia
2773 3500 3095 3556 conﬁdentia
3117 3516 3329 3571 semper
3355 3505 3583 3574 opponi-

2008 3601 2156 3656 mus,
2189 3596 2247 3642 ut
2274 3603 2304 3642 a
2332 3589 2487 3645 nobis
2515 3591 2688 3659 potius
2716 3591 2838 3647 inde
2878 3593 3179 3662 vincantur,
3227 3595 3368 3651 unde
3395 3605 3584 3653 contra

2008 3678 2312 3736 Creatorem
2343 3697 2496 3738 suum
2525 3681 2712 3738 dolose
2741 3684 2916 3752 aliqua
2939 3685 3120 3742 dicere
3150 3695 3505 3744 teutaverunt.

2579 3793 2771 3849 Divisio
2811 3797 3013 3865 psalmi.

2079 3898 2138 3962 in
2186 3901 2353 3970 prima
2395 3912 2545 3972 parte
2572 3903 2852 3960 Psalmista
2884 3906 3163 3977 proﬁtetur
3202 3923 3413 3965 omnem
3451 3911 3589 3983 ﬁde:

2009 3989 2269 4046 lissimum
2297 3993 2474 4047 divina
2502 3994 2835 4062 protectione
2865 3998 3069 4052 vallari.
3099 3999 3343 4056 Secunda
3374 4002 3591 4062 laudem

2013 4079 2260 4137 decantat
2288 4082 2519 4138 Domino
2538 4083 2829 4142 Salvatori.
2861 4087 3039 4142 Tertia
3068 4090 3227 4144 verba
3258 4101 3381 4146 sunt
3417 4093 3591 4150 Patris

2012 4171 2080 4226 ad
2103 4186 2315 4228 omnem
2353 4174 2565 4229 ﬁdelem
2585 4214 2600 4239 ,
2628 4189 2785 4245 quem
2816 4177 2868 4232 in
2899 4191 2958 4234 se
2983 4178 3332 4238 devotissime
3371 4198 3592 4253 sperare

2013 4265 2311 4334 cognoscit,
2357 4273 2413 4320 et
2439 4264 2492 4319 in
2520 4266 2718 4321 mundo
2760 4267 2863 4323 isto
2889 4268 3284 4340 defensionem,
3320 4282 3374 4330 et
3417 4273 3473 4330 in
3501 4274 3590 4330 fu-

2017 4368 2136 4417 turo
2160 4360 2235 4417 illi
2263 4361 2393 4434 [ed.,
2425 4360 2536 4434 ille]
2572 4363 2788 4434 pramia
2817 4367 3280 4436 eompromittens.

2550 4477 2815 4551 Expositio
2863 4482 3066 4553 psalmi.

2093 4593 2239 4649 Vers.
2275 4593 2326 4648 1.
2361 4592 2462 4661 Qui
2487 4593 2680 4647 habitat
2709 4595 2760 4649 in
2795 4596 3056 4665 adjutorio
3092 4597 3368 4663 Altissimi,
3402 4599 3453 4652 in
3475 4615 3594 4669 pro-

334 4702 530 4752 mundo
563 4696 755 4769 (σαιαε,
781 4713 854 4763 Vl,
885 4697 997 4766 η),
1025 4696 1158 4752 Hinc
1181 4707 1232 4751 ει
1253 4696 1305 4751 in
1338 4695 1442 4752 alio
1469 4695 1676 4766 psalmo
1707 4695 1910 4751 dictum
1939 4709 1994 4771 D
2019 4686 2232 4740 lectione
2253 4683 2346 4739 Dei
2373 4687 2483 4740 caeli
2507 4687 2924 4740 commorabitur.
2952 4688 3049 4743 llic
3071 4687 3246 4742 denuo
3266 4691 3596 4758 categoricus

333 4801 452 4847 cst:
487 4790 760 4862 Signatum
785 4799 856 4844 est
879 4805 1030 4860 super
1059 4806 1149 4844 nos
1181 4787 1352 4843 lumen
1377 4790 1548 4843 uultus
1573 4789 1670 4853 tui,
1697 4787 1914 4842 Domine

335 4882 510 4956 (I’sal.
537 4896 609 4949 tv,
640 4883 719 4952 7).
749 4880 1034 4952 Sequitur,
1086 4890 1132 4935 et
1164 4896 1320 4952 opera
1361 4897 1602 4936 manuum
1628 4888 1918 4934 nostrarum

334 4977 501 5045 dirige
544 4990 696 5044 super
743 4990 855 5028 nos.
899 4973 1076 5043 Opera
1123 4982 1307 5029 nostra
1353 4972 1533 5043 dirigit
1578 4988 1740 5044 super
1781 4985 1919 5040 nos,

334 5067 550 5136 quando
580 5065 733 5122 nobis
757 5063 1035 5121 donaverit
1063 5064 1272 5120 veniam
1305 5075 1645 5136 peccatorum
1671 5105 1687 5132 ,
1717 5073 1776 5120 ut
1797 5078 1921 5119 cum

334 5159 600 5215 fuerimus
647 5157 934 5231 perversi,
963 5157 1264 5215 efﬁciamur
1304 5155 1424 5228 ejus
1470 5157 1809 5214 correctione
1838 5169 1926 5212 re-

335 5251 591 5310 etissimi.

873 5387 1145 5445 Conclusio
1183 5385 1391 5460 psalmi.

415 5529 846 5596 Consideremus,
870 5527 971 5584 viri
1007 5525 1429 5598 prudentissimi,
1452 5539 1611 5596 quam
1636 5523 1799 5580 multa
1821 5538 1922 5580 no-

338 5624 430 5682 bis
457 5625 588 5696 legis
614 5624 809 5680 divinae
833 5620 1086 5694 mysteria
1114 5635 1208 5691 per
1236 5619 1474 5674 diversos
1499 5633 1753 5673 numeros
1788 5617 1926 5673 indi-

340 5728 574 5785 centur,
602 5715 742 5787 quod
785 5713 874 5769 hic
924 5712 1062 5768 vitas
1112 5711 1386 5766 hominum
1439 5709 1828 5778 septuagenarii
1872 5715 1926 5763 et

341 5812 675 5883 octogenarii
727 5809 934 5866 numeri
986 5807 1361 5877 supputatione
1416 5803 1738 5874 recolligat;
1785 5801 1926 5872 quod

339 5917 571 5974 cunctus
593 5903 724 5960 ordo
752 5901 1082 5958 Psalmorum
1105 5899 1331 5969 mystico
1354 5899 1422 5955 sit
1453 5895 1653 5957 calculo
1680 5909 1928 5982 compres
1952 5974 1984 5985 __

785 5997 1065 6085 Paeon.
1106 5991 1307 6058 LXX.

2020 4779 2361 4848 syllogismus
2417 4779 2490 4832 ita
2536 4780 2780 4834 sublevat
2819 4788 2978 4848 caput
3012 4795 3025 4832 :
3063 4779 3242 4835 Justus
3295 4780 3498 4836 habitat
3546 4783 3599 4840 in

2024 4867 2289 4936 adjutorio
2339 4866 2614 4923 Altissimi.
2660 4869 2846 4923 Omnis
2889 4869 2980 4938 qui
3011 4868 3213 4924 habitat
3250 4871 3302 4923 in
3334 4870 3600 4939 adjutorio

2025 4957 2322 5024 Altissimi,
2373 4958 2427 5011 in
2477 4959 2804 5027 protectione
2850 4959 2944 5013 Dei
2999 4958 3120 5014 caeli
3168 4962 3601 5016 commorabitur.

2026 5047 2212 5104 Justus
2237 5047 2395 5118 igitur
2423 5049 2476 5105 in
2515 5050 2846 5118 protectione
2873 5049 2969 5104 Dei
3012 5050 3135 5104 coeli
3165 5052 3602 5108 commorabitur.

2025 5140 2176 5198 Nunc
2205 5143 2366 5198 verba
2388 5142 2580 5212 psalmi
2608 5150 2918 5197 tractemus.
2942 5141 3120 5196 Posito
3145 5151 3330 5197 sancto
3360 5143 3524 5199 David
3550 5146 3606 5202 in

2026 5233 2476 5304 contemplatione
2500 5233 2728 5299 cmlesti,
2753 5233 2874 5287 talis
2897 5232 3073 5287 subito
3090 5247 3316 5301 persona
3337 5245 3606 5291 monstra-

2029 5335 2084 5383 ta
2109 5335 2214 5396 est,
2255 5341 2377 5397 quae
2409 5333 2519 5381 tota
2546 5327 2742 5380 mentis
2790 5326 3020 5395 puritate
3047 5325 3236 5382 devota
3266 5343 3496 5398 superna
3520 5330 3632 5399 ju-'

2029 5420 2166 5492 giter
2193 5419 2523 5488 protectione
2551 5418 2804 5488 gauderet
2833 5435 2845 5472 :
2875 5419 2961 5474 cui
2991 5418 3154 5474 multa
3187 5419 3444 5476 beneﬁcia
3471 5423 3608 5478 divi-

2027 5513 2174 5572 nitus
2222 5511 2415 5566 asserit
2443 5525 2566 5565 esse
2596 5509 2808 5577 collata,
2836 5520 2892 5564 ut
2921 5510 2988 5564 ad
3017 5510 3352 5567 devotionem
3398 5513 3609 5569 Domini

2030 5621 2182 5662 mens
2230 5614 2413 5661 nostra
2457 5603 2734 5659 ardentius
2786 5604 3060 5672 incitetur,
3106 5606 3319 5675 quando
3364 5607 3611 5664 ﬁdelibus

2029 5711 2153 5767 spes
2180 5711 2368 5767 magna
2409 5695 2751 5764 promittitur.
2781 5695 2910 5762 Qua:
2952 5695 3117 5766 ﬁgura
3147 5696 3342 5752 dicitur
3368 5697 3612 5768 diatypo--

2030 5793 2126 5858 sis,
2159 5791 2212 5848 id
2257 5800 2341 5848 est
2365 5790 2640 5860 expressio
2679 5789 2913 5856 habitus,
2945 5791 3036 5845 ubi
3090 5793 3252 5848 rebus
3302 5791 3612 5857 personisve

2031 5887 2288 5964 subjectis
2316 5895 2370 5945 et
2400 5886 2600 5945 formas
2629 5885 2773 5958 ipsas
2795 5894 2848 5944 et
2873 5885 3085 5942 habitus
3112 5882 3482 5952 exprimimus.
3509 5881 3608 5948 Qui

3095 5974 3168 6043 21
