4062 6344
511 437 602 496 iiii

1720 431 1788 488 bi.
1834 429 2120 490 AURELII
2151 427 2554 490 CASSIODORI

3656 437 3778 493 65?.

513 565 718 631 lmtn'tat,
760 557 1125 644 conﬁrmative
1150 550 1601 626 pronuntiandum
1631 549 1714 608 est
1732 591 1749 607 .
1779 551 1832 606 id
1861 561 1944 608 est
1986 551 2074 621 qui
2103 549 2160 612 Δ
2183 551 2456 623 indagare,
2481 551 2523 608 si
2551 557 2727 608 tamen
2756 548 2946 623 (ipsius
2973 547 3146 623 gratia
3167 549 3518 624 suﬁ‘ragantel
3541 553 3774 628 dignum

513 659 701 728 Ingiter
726 661 1110 711 commoratur.
1142 646 1387 702 Habitare
1426 644 1568 702 enim
1591 645 1954 715 permanentis
1974 649 2076 713 est,

511 765 615 805 non
634 747 796 820 309
815 741 1172 807 discedentia;
1196 738 1290 796 sed
1316 739 1404 809 qui
1428 745 1592 793 totam
1619 751 1771 807 spem
1797 751 1948 792 suam
1973 750 2078 790 non

511 849 563 898 tn
595 839 822 910 propriis
865 834 1062 890 viribus
1101 831 1274 903 ponit,
1303 831 1398 888 sed
1427 830 1482 887 in
1523 829 1780 887 Altissimi
1807 830 2081 886 voluntate

511 931 813 996 constituit,
851 928 1090 999 sequitur
1109 925 1352 983 absoluta
1397 923 1700 995 promissio,
1729 922 1978 994 quoniam
2003 931 2084 977 ta-

510 1030 579 1086 lis
607 1029 688 1084 vir
713 1025 886 1082 modis
913 1023 1160 1080 omnibus
1186 1028 1488 1091 protegatur
1508 1033 1540 1072 a
1561 1017 1808 1074 Domino.
1838 1018 1900 1072 Et
1921 1015 2087 1087 inspi-

513 1123 759 1180 ciendum
783 1128 865 1176 est
892 1117 1032 1189 quod
1063 1113 1210 1180 dicit,
1241 1113 1295 1167 in
1329 1113 1613 1183 adjutorio,
1645 1119 1703 1166 ut
1729 1111 1971 1181 designet
1997 1108 2082 1164 in-

513 1216 805 1276 tentionem
865 1208 1130 1268 verissimi
1184 1205 1475 1264 Christiani
1529 1204 1795 1260 laboriosa
1861 1203 2086 1258 Domino

514 1308 861 1366 contentione
902 1303 1128 1361 servire.
1156 1300 1225 1357 Et
1266 1301 1473 1355 intuere
1501 1294 1946 1369 quemadmodum
1975 1292 2088 1349 sin-

513 1403 655 1476 gulis
674 1399 853 1457 verbis
882 1409 972 1453 res
996 1409 1200 1465 magnae
1227 1392 1511 1462 resignatas
1548 1396 1690 1444 sunt.
1726 1387 1862 1442 Dicit
1903 1385 2044 1441 enim
2071 1401 2084 1439 :

517 1498 618 1565 Qui
645 1496 732 1550 bic
756 1490 975 1555 ltabitat,
993 1487 1102 1543 illic
1128 1485 1556 1549 commorabitur;
1581 1480 1636 1537 id
1657 1487 1758 1547 est,
1782 1479 1872 1549 qui
1903 1480 1954 1534 in
1985 1478 2091 1534 isto

512 1586 714 1647 sa-culo
740 1584 808 1640 ab
834 1583 952 1652 ipso
980 1594 1087 1634 non
1113 1575 1370 1643 discedit,
1399 1576 1453 1630 in
1483 1573 1573 1630 illa
1603 1585 1816 1644 semper
1841 1568 2092 1642 perenni-

513 1688 626 1736 tate
647 1686 933 1734 mansurus
962 1675 1064 1727 θεῖ.

593 1769 746 1826 Vers.
777 1766 834 1820 2.
864 1761 1011 1818 Dicet
1038 1758 1259 1814 Domino
1281 1773 1300 1814 :
1323 1758 1604 1829 Susceptor
1635 1772 1776 1812 meus
1812 1772 1894 1822 es,
1925 1764 1973 1809 et
2010 1769 2092 1808 re-

2181 646 2454 717 possimus
2481 645 2679 716 aliquid
2702 645 2960 702 invenire.
2988 644 3230 717 Scapula
3256 643 3467 704 Domini
3494 657 3618 705 sunt
3637 663 3784 722 ope-

2185 737 2426 792 rationes
2457 737 2805 804 mirabilium,
2852 751 2946 808 per
2974 751 3106 810 quas
3133 738 3279 796 velut
3318 739 3638 812 quibusdam
3671 741 3784 797 bu-

2185 823 2351 885 meris
2379 829 2568 883 virtus-
2600 825 2776 882 divina
2807 835 3153 885 monstratur.
3186 825 3379 884 Pennar
3402 838 3526 886 sunt
3560 831 3786 887 monita

2187 921 2596 994 prophetarum,
2625 935 2744 990 quas
2770 922 2812 977 si
2841 935 2973 992 pura
3002 929 3181 978 mente
3201 921 3546 995 recipiantur,
3577 923 3786 982 ﬁdeles

2187 1015 2396 1070 animas
2425 1014 2490 1069 ad
2521 1013 2692 1071 cmlos
2719 1027 2888 1084 usque
2923 1013 3238 1084 perducunt.
3286 1013 3503 1083 Quaeres
3535 1015 3788 1072 forsitan

2187 1108 2316 1178 quid
2359 1108 2457 1163 ista
2497 1107 2771 1180 praestabit
2801 1107 3155 1176 obumbratio,
3180 1115 3240 1164 ut
3269 1124 3364 1178 per
3392 1107 3530 1166 diem
3553 1109 3645 1165 sol
3675 1123 3790 1165 non

2187 1209 2311 1254 urat
2341 1208 2422 1266 te',
2472 1214 2646 1271 neque
2688 1199 2813 1254 luna
2857 1215 2952 1271 per
2985 1210 3196 1257 noctem
3217 1202 3239 1255 ?
3260 1201 3390 1258 Item
3426 1203 3548 1274 quid
3581 1217 3794 1272 penna

2189 1291 2486 1348 Deminicae
2518 1290 2848 1346 conferant?
2879 1291 3069 1362 Utique
3109 1294 3492 1363 protectionem
3525 1291 3790 1362 Domini,

2191 1399 2353 1456 quam
2383 1383 2530 1440 velut
2552 1393 2851 1439 maternam
2879 1383 3130 1454 pietatem
3157 1383 3297 1440 inter
3326 1385 3504 1440 mundi
3533 1387 3792 1455 pericula

2193 1487 2248 1534 te
2299 1478 2500 1534 habere
2530 1492 2854 1549 cognoscas,
2898 1478 3037 1533 sicut
3080 1483 3132 1534 et
3179 1477 3303 1534 alibi
3350 1479 3605 1550 scriptum
3651 1487 3747 1536 est
3776 1497 3794 1534 :

2192 1571 2515 1637 Jerusalem,
2543 1570 2850 1636 Jerusalem,
2881 1572 3076 1643 quoties
3113 1571 3254 1627 uolui
3291 1587 3600 1646 congregare
3643 1573 3796 1643 filios

2199 1673 2310 1719 tuos
2335 1665 2468 1720 sicut
2511 1664 2703 1736 gallina
2729 1665 2898 1736 pullos
2922 1680 3043 1719 suos
3071 1665 3163 1719 sub
3191 1663 3290 1718 alis
3318 1666 3448 1734 suis,
3480 1674 3528 1720 et
3563 1666 3797 1721 noluisti

2196 1757 2413 1832 (Matth.
2449 1772 2600 1827 xxtn,
2633 1756 2765 1827 δην
2797 1755 2956 1813 Scuto
2985 1757 3326 1813 circumdabit
3348 1766 3394 1814 te
3419 1759 3606 1814 ueritas
3649 1775 3796 1830 ejus.

511 1863 719 1936 fugiam
764 1872 931 1914 meum
973 1851 1112 1908 Deus
1157 1867 1321 1919 meus,
1368 1860 1418 1906 et
1465 1848 1677 1922 sperabo
1707 1850 1757 1904 in
1795 1863 1929 1902 eum.
1977 1845 2091 1904 Hoc
2120 1934 2151 1936 Α
2197 1850 2418 1908 Scutum
2448 1850 2590 1906 istud
2619 1851 2907 1905 humanum
2933 1849 3079 1905 illam
3111 1859 3314 1920 partem
3346 1858 3549 1906 tantum
3580 1865 3650 1906 ex
3679 1867 3796 1922 qua

515 1934 647 2011 dicit
669 1951 757 2007 ille
783 1948 874 2021 qui
894 1946 963 2002 de
990 1945 1168 2002 animo
1191 1957 1289 2000 suo
1317 1943 1505 1998 noxias
1535 1940 1978 2012 praesumptiones
1998 1937 2092 1994 ab-
2119 1934 2170 1998 B
2196 1946 2504 2017 opponitur,
2541 1944 2672 2017 tegit
2697 1962 2709 1998 :
2741 1943 2963 2016 clypeos
2990 1957 3120 1999 vero
3161 1941 3372 1998 divinus
3417 1941 3655 2014 undique
3686 1958 3796 1999 nos

515 2048 730 2121 jiciens,
751 2043 928 2100 solum
951 2041 1056 2097 sibi
1084 2038 1256 2096 credit
1294 2037 1448 2104 utile,
1481 2035 1621 2106 quod
1651 2033 1897 2106 dignatur
1923 2031 2092 2102 pietas

517 2153 749 2212 superna
769 2145 1046 2210 praestare.
1074 2135 1205 2191 Nam
1233 2134 1322 2204 qui
1351 2131 1514 2188 dicit:
1546 2129 1823 2200 Susceptor
1845 2142 1986 2181 meus
2015 2141 2088 2194 es,

515 2233 693 2292 totum
721 2246 782 2290 se
803 2231 1084 2288 conﬁrmat
1103 2229 1157 2284 in
1183 2226 1299 2296 ejus
1321 2223 1577 2281 beneﬁcia
1600 2221 1910 2293 projecisse,
1941 2225 1999 2274 ut
2025 2217 2092 2273 de

517 2328 664 2384 felici
693 2324 921 2398 quadam
951 2320 1306 2378 familiaritate
1325 2318 1604 2389 glorietur.
1636 2315 1768 2371 item
1800 2314 1888 2383 qui
1918 2311 2048 2368 dicit
2075 2329 2088 2367 :

515 2433 563 2477 et
602 2419 858 2491 refugium
877 2431 1042 2471 meum
1071 2413 1208 2468 Deus
1235 2427 1396 2476 meus,
1427 2409 1630 2466 nullum
1656 2409 1757 2466 sibi
1799 2406 1942 2462 aliud
1971 2419 2092 2462 esse

514 2495 806 2584 proﬁtetur
830 2507 1119 2564 auxilium:
1152 2503 1245 2561 sed
1291 2501 1504 2574 quando
1532 2500 1688 2571 hujus
1737 2499 1918 2556 saeculi
1948 2507 2090 2554 tem-

520 2603 813 2674 pestatibus
841 2599 1094 2672 quatitur,
1128 2597 1194 2652 ad
1221 2606 1431 2668 portum
1481 2593 1676 2650 divina:
1705 2592 2090 2650 misericordiae

516 2711 578 2754 se
604 2695 893 2767 confugere
920 2693 1057 2750 velle
1083 2699 1329 2748 testatur.
1375 2688 1440 2745 Et
1467 2703 1535 2745 ne
1556 2687 1803 2744 crederes
1833 2693 1952 2758 post
1973 2701 2093 2744 sus-

513 2791 813 2862 ceptionem
850 2787 1062 2843 beatam
1117 2791 1172 2841 et
1216 2781 1478 2855 refugium
1534 2781 1768 2837 salutare
1811 2792 2091 2836 non'esse

511 2887 618 2960 iam
645 2883 841 2955 aliquid
863 2878 1244 2952 expetendum,
1274 2876 1534 2947 sequitur,
1559 2881 1606 2929 et
1627 2873 1841 2946 sperabo
1864 2872 1916 2926 in
1937 2888 2052 2927 eum
2070 2886 2090 2926 :

512 2997 583 3037 ne
611 2979 728 3050 quis
772 2979 824 3032 in
848 2989 908 3032 se
937 2970 1281 3044 fragilissimo
1328 2969 1520 3026 debeat
1565 2964 1852 3037 aliquando
1884 2979 2086 3035 praesu-

515 3087 698 3138 mere,
725 3068 817 3125 sed
857 3066 910 3122 in
939 3064 1036 3122 illo
1063 3077 1275 3134 semper
1308 3061 1397 3133 qui
1440 3060 1694 3132 probatur
1737 3059 1915 3114 omnia
1965 3061 2094 3114 eon-

512 3163 708 3219 iinere.
737 3160 850 3216 Hoc
871 3159 914 3213 si
937 3156 1110 3213 Adam
1139 3153 1327 3210 fuisset
1349 3161 1587 3220 secutus,
1611 3165 1709 3208 nec
1737 3151 1836 3206 sibi
1867 3151 2091 3220 conqui-

511 3256 694 3314 siisset
759 3258 1005 3321 reatum,
1064 3261 1164 3305 nec
1228 3244 1342 3302 suis
1407 3245 1636 3318 posteris
1700 3243 2090 3300 transmisisset

511 3345 800 3404 interitum.

582 3439 739 3495 Vera.
771 3438 825 3494 5.
854 3433 1105 3502 Quoniam
1125 3431 1234 3503 ipse
1259 3431 1484 3488 liberauit
1504 3445 1584 3486 me
1604 3431 1666 3486 de
1695 3431 1871 3500 laqueo
1893 3439 2087 3486 venan-

511 3535 662 3597 tium,
692 3541 740 3588 et
758 3547 790 3586 a
818 3527 965 3584 uerbo
991 3542 1192 3598 aspero.
1227 3525 1451 3581 Causam
1479 3523 1608 3581 dicit
1633 3521 1796 3579 divini
1825 3525 2082 3589 muneris,

512 3623 638 3694 quia
687 3622 801 3694 ipse
829 3635 930 3677 nos
963 3619 1030 3676 ab
1069 3617 1408 3674 inimicorum
1437 3618 1550 3673 sive
1574 3615 1926 3687 spiritualium
1971 3616 2087 3670 sive

511 3717 800 3774 carnalium
847 3721 1024 3786 potest
1067 3711 1295 3769 liberare
1346 3711 1631 3781 versutiis,
1686 3708 2087 3778 comparatione

512 3812 650 3866 facta
680 3808 1010 3874 venantium,
1056 3805 1143 3876 qui
1171 3804 1237 3860 ad
1265 3801 1553 3874 capiendas
1600 3802 1741 3858 feras
1785 3801 1976 3856 retium
2007 3801 2086 3855 la-

509 3917 676 3974 queos
704 3909 941 3973 ponunt,
973 3906 1028 3956 ut
1058 3898 1364 3970 ignorantes
1395 3895 1598 3966 possint
1625 3893 1830 3950 dolosis
1877 3892 2086 3948 insidiis

505 3994 744 4054 irretire.
775 3990 1022 4063 Sequitur
1043 4032 1061 4058 ,
1088 3997 1138 4046 et
1173 4005 1208 4044 a
1232 3987 1379 4045 uerbo
1415 3989 1617 4057 aspero.
1662 3984 1894 4041 Verbum
1925 3996 2083 4053 aspe-

509 4100 630 4141 rum
657 4092 742 4140 est
780 4097 939 4138 omne
975 4079 1175 4137 dictum
1203 4078 1346 4150 quod
1375 4085 1562 4134 contra
1613 4075 1824 4147 regulas
1872 4074 2084 4130 divinas

508 4185 762 4246 tanquam
812 4171 1114 4230 letbiferum
1149 4170 1397 4240 poculum
1427 4168 1760 4239 propinatur.
1808 4164 1940 4222 Nam
1983 4169 2085 4222 etsi

509 4283 608 4338 per
636 4264 855 4335 injurias
882 4272 972 4320 aut
1002 4263 1276 4319 irrisiones
1301 4275 1332 4316 a
1363 4261 1503 4316 bono
1533 4259 1811 4331 preposito
1855 4259 2087 4316 diverta-

511 4372 653 4422 mur,
682 4353 883 4424 uerbum
907 4361 990 4408 est
1037 4353 1218 4424 utique
1261 4367 1522 4421 asperum,
1549 4365 1754 4421 suaque
1797 4351 2086 4420 acerbitate

508 4445 874 4502 durissimum.
931 4442 997 4498 Et
1038 4443 1227 4498 iterum
1257 4440 1304 4497 si
1347 4441 1592 4498 audiatur
1639 4455 1820 4498 sermo
1863 4441 2086 4498 blandus

506 4540 676 4596 fellito
707 4538 864 4594 melle
891 4536 1158 4605 conditus,
1188 4536 1382 4592 acerbe
1427 4535 1560 4590 illud
1607 4534 1863 4593 debemus
1910 4534 2084 4592 susci-

504 4633 655 4704 pere,
686 4629 811 4702 quia
838 4629 1028 4686 divinis
1053 4628 1304 4698 probatur
1329 4623 1659 4699 jussionibus
1680 4627 1917 4684 obviare.
1949 4626 2082 4683 Nam

2195 2037 2349 2110 quasi
2397 2035 2592 2094 murali
2641 2035 2940 2092 munitione
2984 2033 3279 2091 circumdat
3323 2043 3482 2106 atque
3517 2033 3794 2089 defendit.

2203 2129 2408 2186 Veritas
2428 2139 2604 2186 autem
2639 2126 2936 2184 incarnatio
2961 2125 3159 2183 Christi
3201 2125 3411 2182 Domini
3452 2125 3797 2183 adverteuda

2198 2233 2316 2294 est,
2346 2225 2484 2279 sicut
2527 2220 2762 2292 legitur:
2803 2218 3001 2275 Veritas
3049 2219 3112 2274 de
3159 2229 3295 2274 terra
3333 2229 3446 2275 orta
3491 2229 3564 2275 est
3599 2215 3794 2294 (Psal.

2199 2329 2427 2381 Lxxxtv,
2456 2313 2576 2382 ‘12);
2609 2325 2728 2383 qua:
2770 2325 2868 2367 nos
2895 2320 2949 2367 et
2996 2311 3218 2383 scapulis
3265 2310 3562 2376 obumbrat,
3596 2319 3648 2364 et
3695 2311 3798 2365 sub

2199 2409 2379 2480 pennis
2431 2406 2537 2463 suis
2578 2420 2784 2477 sperare
2829 2403 2985 2474 iacit,
3030 2412 3084 2460 et
3129 2405 3264 2460 scuti
3312 2405 3651 2474 protectione
3693 2419 3798 2460 ρας

2197 2495 2380 2556 stodit.

2275 2589 2428 2644 Vers.
2455 2588 2506 2644 5.
2544 2584 2668 2642 Non
2691 2585 2887 2642 timebis
2918 2603 2949 2640 a
2977 2587 3157 2641 timore
3184 2595 3450 2642 nocturno.

2271 2681 2426 2736 Vers.
2457 2678 2510 2735 ϐ.
2543 2679 2587 2734 Α
2629 2682 2813 2750 sagitta
2844 2679 3040 2734 volante
3069 2696 3159 2748 per
3185 2679 3349 2745 diem,
3379 2695 3411 2730 a
3436 2679 3641 2750 negotio
3669 2695 3797 2750 per~

2198 2773 2495 2828 ambulante
2518 2772 2572 2827 in
2607 2771 2844 2836 tenebris,
2875 2788 2906 2824 a
2934 2773 3083 2825 ruina
3115 2779 3162 2824 et
3186 2770 3436 2824 dwmonio
3473 2769 3791 2826 meridiano.

2196 2865 2346 2922 Sicut
2371 2863 2504 2937 dixit
2527 2863 2771 2934 superius
2792 2877 2987 2934 genera
3033 2861 3424 2927 defensionum,
3456 2861 3528 2918 ita
3555 2877 3700 2919 nunc
3725 2863 3792 2919 in

2199 2956 2284 3012 his
2313 2957 2521 3012 duobus
2565 2954 2808 3011 versibus
2840 2954 3116 3011 denuntiat
3159 2954 3510 3026 periculorqu
3540 2953 3738 3010 modos
3772 2971 3791 3009 :

2197 3049 2320 3119 quia
2350 3047 2520 3103 multo
2541 3046 2746 3119 gratior
2774 3045 2916 3101 salus
2957 3043 3036 3111 lit,
3063 3061 3182 3101 cum
3209 3047 3408 3102 evitata
3437 3044 3799 3116 cognoscitur

2199 3142 2564 3199 discriminum
2605 3141 2911 3198 multitudo.
2956 3141 3134 3197 Timor
3163 3143 3340 3214 itaque
3378 3153 3659 3199 nocturnus
3699 3154 3795 3202 est

2195 3231 2568 3291 haereticorum
2618 3235 2903 3292 tenebrosa
2952 3235 3151 3292 suasio.
3211 3234 3417 3308 Sagitta
3462 3236 3646 3292 uolans
3691 3253 3788 3309 per

2123 3325 2171 3388 C
2200 3331 2333 3384 diem
2361 3328 2643 3386 manifesta
2673 3328 2973 3400 persecutio
3012 3337 3377 3401 tyrannorum.
3410 3327 3690 3399 Negotium
3725 3325 3789 3383 in

2198 3420 2435 3486 tenebris,
2465 3435 2585 3475 cum
2627 3433 2792 3489 pravo
2837 3417 3015 3474 studio
3059 3417 3408 3489 perquiritur,
3451 3417 3595 3476 unde
3643 3416 3788 3476 bene

2196 3491 2527 3569 credeniium
2550 3510 2731 3568 cordis
2759 3511 2943 3566 oculus
2975 3510 3293 3567 obcaecatur.
3331 3508 3655 3566 Dtemonium
3678 3531 3788 3569 nte-

2195 3607 2453 3661 ridianum
2476 3612 2560 3662 est
2581 3603 2816 3660 immane
2846 3603 3138 3674 periculum
3162 3602 3368 3660 fervore
3388 3605 3786 3674 persecutionis

2194 3713 2516 3754 accensum:
2550 3697 2638 3753 ubi
2686 3697 2838 3752 ruina
2887 3697 3199 3767 plerumque
3243 3697 3533 3765 metuitur,
3566 3698 3784 3770 quando

2193 3789 2479 3845 infirmitas
2509 3787 2740 3844 humana
2768 3795 3070 3859 superatur.
3099 3787 3274 3843 Ruina
3310 3787 3458 3844 enim
3484 3789 3628 3845 dicta
3658 3801 3743 3846 est
3765 3830 3783 3856 ,

2194 3881 2345 3952 quasi
2394 3887 2647 3951 repetens
2692 3879 2817 3935 ima.
2850 3877 2955 3936 Sed
2985 3894 3080 3951 per
3123 3879 3220 3935 has
3249 3895 3440 3937 omnes
3482 3880 3786 3938 allusiones

2193 3973 2641 4042 definitionesque
2693 3989 2872 4030 rerum
2929 3973 3059 4029 illud
3109 3973 3387 4032 evidenter
3433 3976 3775 4047 ostenditur,

2193 4069 2314 4139 quia
2345 4065 2476 4123 nihil
2504 4071 2695 4122 horum
2725 4074 2968 4122 metuere
3014 4080 3319 4137 possumus,
3351 4067 3566 4131 quando
3589 4067 3780 4125 Domi-

2193 4177 2264 4219 no
2287 4169 2594 4234 protegente
2619 4161 2907 4217 salvamur.

2265 4253 2418 4312 Vers.
2453 4256 2506 4310 7.
2535 4252 2729 4310 Cadent
2752 4271 2784 4308 a
2813 4255 2970 4311 latere
2989 4263 3078 4310 tuo
3106 4255 3247 4310 mille
3274 4263 3323 4310 et
3353 4266 3525 4313 decem
3552 4257 3720 4312 millia
3747 4275 3780 4313 a

2192 4349 2386 4406 dextris
2413 4351 2513 4403 tuis
2535 4364 2554 4403 :
2584 4349 2652 4402 ad
2677 4357 2724 4402 te
2745 4357 2915 4404 autem
2939 4363 3040 4403 non
3070 4349 3524 4421 appmpinqualn't.
3554 4347 3690 4406 Cum
3713 4351 3780 4407 de

2190 4443 2309 4498 viro
2338 4440 2652 4505 fidelissimo
2680 4439 2735 4496 in
2766 4441 2934 4512 prima
2960 4449 3112 4511 parte
3137 4442 3469 4513 loqueretur,
3520 4445 3775 4515 quoniam

2191 4531 2435 4590 membra
2478 4533 2638 4604 capiti
2677 4548 2777 4590 suo
2807 4548 3045 4590 connexa
3075 4542 3221 4603 sunt,
3254 4531 3308 4590 in
3337 4535 3574 4591 secunda
3623 4545 3778 4606 parte

2190 4627 2338 4684 venit
2365 4625 2432 4684 ad
2462 4627 2745 4684 Dominum
2774 4626 3066 4696 Christum,
3087 4638 3149 4684 ut
3174 4629 3294 4685 illos
3317 4643 3452 4698 quos
3476 4628 3571 4685 Dei
3604 4627 3780 4684 fantu-

503 4719 808 4795 frequenter
835 4719 924 4778 illa
970 4718 1090 4791 plus
1125 4717 1399 4790 decipiunt
1428 4733 1545 4790 qua“:
1592 4717 1922 4774 mollissimis
1967 4731 2082 4774 ser-
2103 4723 2160 4786 D
2188 4723 2254 4780 lis
2284 4721 2562 4779 insidiatos
2585 4736 2708 4778 esse
2735 4721 2970 4790 dixerat,
3003 4731 3347 4792 peccatorum
3375 4735 3598 4778 suorum
3621 4721 3778 4778 retri-

503 4815 752 4872 monlbus
785 4812 1114 4869 intimantur.
1157 4810 1238 4866 Ab
1269 4813 1368 4866 hac
1395 4825 1523 4881 ergo
1549 4811 1838 4881 asperitate
1876 4813 2082 4882 gravis-

501 4909 636 4964 sima
701 4914 758 4963 et
809 4919 986 4960 amara
1043 4903 1326 4964 dulcedine
1379 4901 1568 4960 liberat
1623 4901 1882 4959 Dominus
1949 4920 2080 4972 nos,

505 4995 717 5072 quando
743 4999 798 5054 in
827 4997 909 5054 via
931 4995 1099 5070 ipsius
1138 4995 1428 5068 gradimur,
1462 5009 1562 5051 nec
1591 4993 1811 5051 dextera
1841 4995 2081 5067 laevaque

501 5091 844 5157 divertimus,
874 5090 964 5146 ubi
1005 5104 1036 5145 a
1065 5089 1281 5169 diabolo
1313 5087 1518 5160 positos
1559 5089 1780 5158 laqueos
1825 5103 1944 5145 esse
1986 5103 2077 5144 co-

499 5181 827 5256 gnoscimus.
861 5181 917 5238 ln
947 5181 1030 5237 via
1069 5181 1234 5248 enim,
1262 5181 1315 5236 id
1346 5187 1428 5236 cst
1455 5179 1507 5236 in
1534 5179 1650 5251 ipso
1674 5179 1887 5235 Christo
1915 5195 2076 5236 ausus

503 5292 610 5333 non
636 5285 718 5334 est
748 5287 978 5344 ponere,
1004 5273 1094 5330 ubi
1150 5273 1335 5330 ﬁdeles
1383 5288 1489 5328 non
1527 5272 1783 5344 praevalet
1811 5271 2075 5329 sauciare.

566 5366 725 5423 Vers.
746 5363 802 5422 ι.
827 5362 1070 5434 Scapulis
1091 5363 1196 5418 suis
1217 5363 1534 5418 obumbrabit
1564 5361 1676 5431 tibi,
1703 5369 1752 5419 et
1778 5362 1869 5416 sub
1897 5361 2077 5432 pennis

494 5463 608 5534 ejus
645 5457 907 5529 sperabis;
946 5465 1089 5511 scuto
1116 5457 1448 5512 circumdabit
1476 5467 1522 5512 te
1549 5457 1730 5511 ueritas
1779 5459 1911 5528 ejus.
1972 5453 2076 5511 Per

492 5543 640 5608 hunc
667 5563 877 5606 versum
905 5554 960 5604 et
1003 5545 1138 5604 duos
1184 5547 1318 5604 alios
1364 5547 1452 5619 qui
1482 5554 1799 5618 sequuntur,
1831 5560 2073 5616 personae

491 5641 570 5703 Illi
599 5641 949 5700 sanctissima:
993 5655 1150 5712 quam
1200 5643 1454 5712 propheta
1483 5641 1726 5710 superius
1757 5637 2069 5707 introduxit,

494 5751 652 5810 quam
707 5733 1080 5808 pulcherrimis
1128 5734 1479 5795 allusionibus
1536 5733 1742 5789 Domini
1811 5732 2070 5815 beneficia

493 5827 906 5900 sompromittitl
941 5833 997 5883 ut
1019 5825 1169 5896 cujus
1199 5826 1351 5896 prius
1390 5838 1568 5878 mores
1592 5824 1929 5894 probaverat,
1954 5821 2072 5893 ejus

489 5918 710 5992 praemia
734 5915 890 5988 digna
921 5923 1159 5972 narraret
1187 5929 1202 5981 ;
1233 5926 1352 5982 qua
1394 5920 1576 5966 nostra
1596 5911 1756 5969 debet
1781 5912 2068 5970 curiositas

2190 4815 2465 4872 butionem
2496 4814 2767 4871 subituros
2793 4829 2916 4871 esse
2945 4823 3286 4872 monstraret.
3333 4815 3440 4872 Sed
3470 4815 3614 4871 hunc
3647 4815 3778 4871 ‘ver-

2189 4924 2308 4965 sum
2330 4909 2490 4981 paulo
2525 4907 2804 4964 sollicitius
2844 4909 3196 4978 inquiramus.
3229 4910 3342 4965 Non
3371 4909 3517 4964 enim
3551 4919 3777 4981 possunt

2185 5017 2218 5056 a
2240 4999 2401 5056 latere
2428 4999 2658 5066 Domini,
2693 5000 2775 5056 vel
2801 5019 2834 5056 (ι
2871 5001 3068 5057 dextris
3095 5001 3213 5072 ejus
3235 5002 3438 5070 cadere,
3466 5002 3555 5072 qui
3580 5001 3698 5073 jam
3721 5004 3772 5058 in

2185 5089 2471 5148 beatorum
2515 5105 2741 5147 numero
2765 5091 3126 5162 prtedestinati
3159 5108 3280 5150 esse
3313 5103 3613 5150 noscuntur
3637 5111 3654 5148 :
3678 5093 3774 5150 sed

2186 5181 2289 5238 hoc
2330 5182 2396 5239 de
2445 5183 2926 5254 praesumptoribus
2969 5184 3105 5240 bene
3156 5181 3382 5251 dicitur,
3411 5185 3504 5256 qui
3533 5184 3670 5242 illud
3713 5198 3774 5242 se

2186 5273 2441 5344 consequi
2469 5274 2717 5341 credunt,
2739 5274 2880 5345 quod
2904 5274 3120 5330 minime
3147 5285 3545 5345 promerentur.
3574 5275 3774 5334 Cadent

2183 5365 2353 5431 dixit,
2381 5366 2532 5436 quasi
2575 5367 2642 5422 de
2667 5366 2776 5421 alta
2804 5364 3132 5424 beatitudine
3160 5377 3434 5436 corruent,
3465 5383 3628 5440 quam
3669 5370 3772 5426 sibi

2185 5460 2468 5514 temeraria
2489 5498 2504 5525 ,
2534 5475 2640 5515 non
2671 5458 2840 5514 ﬁdelis
2869 5459 3046 5518 anima
3079 5462 3444 5532 promittebat.
3487 5461 3652 5520 Latus
3678 5479 3773 5519 au-

2185 5558 2293 5607 tem
2317 5560 2402 5608 est
2425 5549 2632 5606 Domini
2655 5551 2947 5608 Salvatoris
2969 5567 3162 5609 corona
3189 5553 3472 5626 iustorum,
3499 5570 3625 5626 quas
3645 5570 3771 5611 cum

2177 5641 2296 5713 ipso
2326 5644 2488 5715 (sicut
2534 5643 2778 5714 promisit
2806 5645 3091 5718 apostolis)
3123 5647 3173 5699 in
3199 5647 3600 5703 resurrectione
3625 5646 3772 5717 judi-

2175 5733 2340 5789 cabit.
2375 5733 2504 5789 Nam
2540 5733 2804 5805 hodieque
2830 5736 3043 5807 quando
3062 5736 3271 5808 judices
3301 5739 3535 5809 petimus
3559 5738 3629 5795 ab
3668 5737 3771 5795 im-

2173 5833 2420 5895 peratore
2448 5825 2527 5882 vel
2574 5842 2716 5896 rege,
2751 5826 2832 5883 sic
2879 5827 2957 5883 eis
3001 5828 3266 5885 dicimus:
3293 5827 3488 5885 Mittite
3528 5843 3561 5884 a
3601 5831 3772 5888 latere

2172 5922 2372 5982 vestro,
2403 5915 2452 5971 id
2484 5923 2568 5972 est
2617 5917 2707 5987 qui
2749 5918 3020 5976 vobiscum
3054 5919 3215 5977 habet
3241 5917 3559 5976 ﬁdelissima
3596 5917 3769 5977 devo-
