4062 6344
338 398 442 463 .553

1300 396 1659 463 EXPOSI’HO
1695 398 1763 459 IN
1802 394 2259 459 PSALTERIUM.
2300 388 2491 456 PSAL.
2533 394 2645 455 XC.

3496 392 3602 455 65d

328 520 479 576 tione
505 508 812 575 consilium.
848 507 1008 573 Latus
1029 512 1171 575 enim
1197 518 1398 575 dictum
1424 527 1529 585 est,
1552 531 1618 574 eo
1645 515 1787 587 quod
1811 513 1910 571 sub
1938 513 1993 575 Δ
2016 524 2103 566 me
2132 508 2329 566 dicitur
2350 524 2458 567 non
2487 508 2722 578 venisse,
2749 506 2840 580 qui
2862 521 2923 565 se
2944 510 3201 579 probatus
3220 517 3310 567 est
3335 509 3599 568 immacu-

334 610 557 667 orachio
580 610 767 666 lateat.
817 606 887 664 Et
913 610 1037 680 quia
1063 623 1187 680 spes
1219 609 1495 665 hominum
1541 608 1772 663 inaniter
1811 605 1945 689 sibi.

333 703 604 775 promittit
632 701 864 766 excelsa,
894 716 963 758 ex
991 700 1081 756 illa
1122 701 1290 772 gloria
1314 716 1409 758 eos
1450 700 1580 757 dicit
1607 714 1728 757 esse
1752 714 1913 756 casu-

335 808 449 862 ros,
479 794 570 864 qui
596 793 699 849 sibi
727 806 891 864 supra
937 793 1127 849 merita
1174 808 1270 849 sua
1310 794 1436 850 talia
1480 792 1820 864 pollicentur.
1849 791 1919 846 Et

334 887 589 957 quoniam
613 884 702 941 isti
730 886 836 941 rari
866 898 991 941 sunt
1014 885 1104 955 qui
1130 893 1333 941 tantam
1361 900 1425 942 ac
1452 885 1612 941 talem
1642 900 1791 954 spem
1822 884 1918 939 ha-

335 979 463 1035 bere
494 986 805 1044 noscuntur,
841 977 980 1033 mille
1009 994 1041 1031 a
1067 978 1225 1033 latere
1252 978 1373 1048 ejus
1410 978 1603 1034 asserit
1627 991 1746 1033 esse
1770 993 1919 1032 casu-

335 1085 443 1136 ros,
469 1069 537 1124 ab
567 1069 659 1124 illa
696 1068 908 1124 scilicet
933 1070 1243 1125 summitate
1261 1069 1628 1141 judicationis.
1661 1070 1707 1123 Α
1726 1068 1919 1125 dextris

338 1170 542 1227 autem,
565 1160 688 1230 quia
703 1161 854 1216 multi
882 1169 1067 1229 putant
1086 1176 1148 1219 se
1168 1161 1233 1216 ad
1254 1161 1533 1218 dexteram
1555 1160 1917 1228 collocandos,

340 1254 515 1308 decem
540 1252 708 1306 millia
741 1258 969 1308 testatur
1012 1252 1135 1309 inde
1179 1252 1434 1319 ruituros,
1464 1252 1715 1323 quoniam
1740 1258 1796 1308 et
1819 1251 1921 1322 ipsi

342 1342 475 1399 falsa
501 1344 759 1413 opinione
802 1351 1193 1412 conceperant,
1222 1343 1366 1414 quod
1395 1343 1449 1399 in
1478 1343 1592 1398 suis
1622 1343 1784 1414 310
1810 1357 1923 1399 me-

338 1434 461 1491 ritis
499 1450 605 1490 non
642 1434 929 1490 habebant.
968 1434 1092 1490 Haec
1132 1443 1309 1491 autem
1351 1435 1618 1492 sententia
1666 1435 1785 1491 illos
1804 1450 1923 1504 spe-

340 1525 555 1582 cialiter
584 1525 830 1581 verberat
858 1526 947 1594 qui
969 1527 1150 1597 aliquo
1171 1526 1313 1584 bene
1343 1528 1709 1597 prosperitatis
1736 1527 1925 1582 inﬂan-

344 1622 461 1682 tur,
482 1624 539 1671 et
566 1624 773 1672 sanctos
803 1630 864 1671 se
893 1626 1081 1685 putant
1132 1631 1281 1681 esse,
1311 1630 1434 1673 cum
1482 1631 1585 1672 non
1618 1618 1746 1673 sint.
1779 1618 1926 1673 Mille

347 1714 530 1763 autem
550 1716 601 1762 et
625 1708 791 1762 decem
822 1707 986 1762 millia
1015 1709 1221 1764 finitum
1252 1723 1349 1779 pro
1395 1710 1601 1765 inﬁnito
1642 1726 1924 1767 numerum

342 1800 517 1870 ponit.
543 1799 818 1869 Sequitur,
845 1801 926 1854 Ad
948 1808 996 1855 te
1019 1811 1190 1855 autem
1208 1817 1310 1856 non
1332 1802 1800 1872 appropinquabit;
1824 1804 1926 1859 hoc

2016 604 2123 661 lata
2145 602 2557 660 conversatione
2596 610 2850 658 tractare.
2880 601 2977 658 llic
3016 601 3161 657 enim
3201 600 3469 673 ﬂagellum
3508 619 3605 675 po-

2016 699 2178 753 situm
2201 706 2308 762 est,
2333 696 2477 769 quod
2498 696 2695 753 delicta
2714 696 2966 766 castigat,
2992 695 3133 766 quod
3159 696 3431 767 improbos
3450 704 3604 755 actus

2019 789 2327 857 ulciscitur;
2357 799 2413 847 et
2439 789 2558 846 ideo
2584 797 2833 860 negatum
2859 799 2944 846 est
2974 803 3068 858 per
3089 788 3353 860 ﬂagellum
3383 789 3603 855 Christo

2023 881 2250 945 Domino
2273 881 2604 952 proximassc
2628 888 2925 951 peccatum.
2950 879 3102 947 Quod
3119 895 3291 951 genus
3313 880 3603 951 locutionis

2021 973 2238 1031 schema
2283 973 2478 1029 dicitur
2520 971 2829 1044 hypallage,
2870 987 2988 1041 qua:
3031 980 3087 1027 et
3134 972 3190 1026 in
3240 971 3593 1030 saecularibus

2021 1064 2327 1135 frequenter
2363 1064 2633 1120 invenitur
2659 1063 3021 1119 voluminibus
3050 1071 3104 1117 et
3131 1062 3345 1119 divinis.

2096 1132 2248 1213 Vers.
2277 1158 2362 1213 11.
2398 1158 2654 1226 Quoniam
2682 1156 2877 1226 angelis
2904 1155 3011 1209 suis
3042 1154 3298 1209 mandavit
3326 1154 3388 1209 de
3423 1162 3504 1222 te,
3544 1132 3603 1211 ut

2024 1252 2307 1305 custodiant
2328 1250 2455 1307 tein
2481 1249 2713 1304 omnibus
2733 1249 2826 1302 uiis
2858 1248 2979 1303 tuis.

2096 1342 2248 1397 Vers.
2278 1340 2362 1397 12.
2395 1339 2461 1394 In
2497 1341 2732 1394 manibus
2756 1340 3027 1411 portabunt
3070 1346 3138 1408 te,
3170 1355 3233 1395 ne
3262 1355 3489 1408 unquam
3516 1340 3600 1411 of-

2026 1431 2204 1503 fendas
2224 1430 2291 1484 ad
2315 1429 2538 1500 lapidem
2558 1430 2736 1500 pedem
2758 1438 2922 1483 tuum.
2942 1428 3000 1483 In
3033 1428 3114 1482 his
3132 1414 3340 1483 duobus
3362 1430 3607 1487 versibus

2026 1524 2189 1581 verba
2238 1529 2364 1578 sunt
2408 1537 2527 1591 quae
2568 1520 2797 1575 Domino
2827 1518 3042 1573 Christo
3070 1518 3337 1585 diabolus,
3383 1519 3451 1576 de
3489 1520 3609 1591 ejus

2027 1612 2308 1670 divinitate
2334 1612 2601 1677 dubitans,
2627 1628 2749 1666 cum
2768 1626 2891 1667 eum
2916 1618 3125 1666 tentare
3148 1613 3601 1681 praesumpsisset.

2027 1707 2245 1777 objecit.
2271 1705 2375 1762 Sed
2403 1706 2491 1762 ubi
2515 1701 2604 1760 ille
2628 1704 2843 1772 cecidit,
2874 1718 2972 1759 nos
2999 1703 3232 1759 sollicite
3256 1704 3565 1774 gradiamur
3590 1724 3605 1760 :

2030 1800 2282 1870 quoniam
2340 1797 2546 1853 cautela
2597 1797 2875 1866 sequentis
2922 1804 3009 1853 est
3064 1797 3374 1866 praecedens
3430 1798 3610 1869 lapsus

340 1901 427 1948 est
446 1892 670 1963 quilibet
718 1908 783 1948 ex
811 1892 942 1962 ipsis
989 1894 1080 1962 qui
1123 1893 1226 1950 sibi
1270 1908 1494 1964 regnum
1538 1894 1632 1949 Dei
1664 1893 1928 1952 fallaciter
1956 1892 2260 1959 Balienus.
2313 1890 2469 1959 Saepe
2511 1890 2744 1945 diximus
2782 1890 2836 1943 in
2871 1889 3097 1945 Domino
3148 1889 3427 1945 Salvatore
3474 1892 3609 1947 duas

340 1985 704 2056 pollicentur:
728 1985 819 2055 qui
858 1988 1055 2041 revera‘
1070 1985 1231 2057 longe
1254 1994 1417 2043 erunt
1444 2000 1475 2042 a
1505 1985 1761 2053 Domino,
1795 2001 1927 2057 quo-

344 2077 491 2132 niam
517 2078 641 2132 dum
682 2092 832 2147 spem
865 2077 1061 2133 habent
1105 2077 1161 2133 in
1206 2078 1414 2135 meritis
1440 2078 1550 2135 suis
1571 2120 1587 2147 ,
1616 2078 1682 2137 ad
1707 2076 1926 2135 satisfa-

344 2168 543 2225 ctionis
573 2169 812 2224 remedia
843 2184 950 2225 non
979 2177 1286 2225 recurrunt.

414 2260 573 2318 Vers.
615 2262 669 2317 8.
723 2262 1087 2317 Verumtamen
1137 2261 1298 2318 oculis
1330 2263 1430 2317 tuis
1477 2262 1843 2332 considerabis,
1881 2272 1929 2318 et

349 2353 727 2409 retributionem
780 2363 1105 2424 peccatorum
1149 2356 1359 2411 uidebis.
1410 2355 1588 2411 Oculis
1624 2356 1754 2424 tuis,
1796 2356 1931 2412 dixit

345 2441 588 2499 divinum
637 2445 786 2500 illum
844 2446 1076 2502 lucidum
1128 2444 1643 2518 perspicabilemque
1695 2461 1925 2518 conspe-

346 2543 517 2604 ctum,
545 2552 651 2609 quo
678 2536 951 2595 hominum
978 2540 1167 2596 merita
1188 2540 1513 2611 judicantur.
1546 2539 1757 2597 Justitia
1785 2544 1926 2598 enim

350 2625 531 2682 divina
561 2629 966 2686 considerantur
995 2631 1261 2699 homines,
1296 2632 1386 2703 qui
1409 2642 1533 2688 sunt
1560 2633 1627 2688 ad
1651 2634 1929 2691 sinistram

349 2718 437 2773 vel
458 2717 523 2773 ad
546 2717 811 2775 dexteram
836 2722 1153 2778 collocandi.
1168 2720 1442 2792 Sequitur,
1463 2720 1530 2776 Et
1548 2724 1930 2780 retributionem

350 2819 679 2880 peccatorum
728 2814 1087 2881 videbis;hoc
1136 2824 1221 2871 est
1265 2817 1407 2887 quod
1455 2818 1704 2887 superius
1748 2818 1926 2875 dixit:

350 2904 533 2960 Oculis
561 2907 659 2962 tuis
688 2908 1046 2963 considerabis.
1099 2907 1190 2963 Illa
1241 2909 1385 2965 enim
1431 2910 1791 2966 consideratio
1829 2913 1931 2969 erit

342 2999 611 3055 retributio
651 3003 983 3058 meritorum.
1024 3002 1257 3069 Videbis,
1289 3002 1341 3057 id
1383 3011 1496 3070 est,
1526 3003 1692 3060 videri
1722 3004 1925 3072 facies;

348 3093 492 3148 sicut
518 3102 599 3147 est
625 3093 752 3148 illud
778 3109 792 3146 :
821 3093 1065 3149 Dominus
1092 3095 1154 3149 de
1183 3094 1307 3149 coelo
1326 3096 1587 3165 prospexit
1616 3113 1770 3168 super
1794 3098 1929 3166 ﬁlios

352 3184 646 3255 hominum,
677 3194 733 3244 ut
774 3188 939 3244 rideat
982 3190 1030 3247 si
1074 3196 1145 3247 est
1198 3187 1489 3265 intelligens
1534 3197 1620 3248 aut
1666 3191 1927 3265 requiram

349 3278 522 3335 Deum
552 3282 727 3352 (Psal.
752 3298 843 3349 LII,
876 3285 954 3353 5).

430 3372 579 3428 Vers.
607 3374 661 3429 9.
683 3374 935 3441 Quoniam
964 3384 1020 3430 tu
1052 3391 1125 3443 es,
1160 3375 1399 3446 Domine,
1423 3393 1541 3448 spes
1567 3394 1710 3447 mea;
1736 3381 1927 3436 altissi-

349 3481 487 3520 mum
524 3468 737 3535 posuisti
765 3469 1020 3539 refugium
1044 3478 1207 3524 tuum.
1239 3468 1373 3526 Cum
1397 3486 1558 3542 supra
1585 3473 1652 3529 de
1679 3484 1928 3544 peccato-

348 3570 470 3612 rum
501 3559 852 3614 retributione
880 3560 1208 3630 loqueretur,
1231 3561 1411 3618 suhito
1432 3563 1645 3632 intulit,
1674 3565 1928 3632 Quoniam

347 3655 410 3705 tu
442 3666 524 3717 es,
556 3650 800 3719 Domine,
832 3668 945 3723 spes
973 3669 1117 3719 mea,
1158 3654 1301 3725 quod
1329 3669 1522 3711 sensus
1546 3658 1793 3725 superior
1819 3675 1923 3714 non

348 3741 602 3799 habebat.
633 3744 764 3812 Quae
792 3743 958 3815 ﬁgura
990 3744 1185 3801 dicitur
1214 3747 1542 3816 paradoxon,
1574 3750 1788 3819 quando
1812 3752 1928 3808 exi-

350 3841 442 3891 tus
472 3837 778 3908 inopinatus
810 3838 893 3893 vel
932 3854 1037 3895 non
1069 3850 1411 3909 exspectatus
1437 3844 1719 3913 ingeritur.
1742 3845 1925 3901 Inten-

355 3928 550 3984 damus
579 3938 757 3986 autem
780 3931 1060 3988 sollicitius
1081 3932 1206 4004 quid
1227 3934 1297 3990 sit
1318 3935 1460 4004 quod
1487 3936 1617 3991 dicit
1645 3938 1923 4009 propheta,

352 4020 611 4087 Quoniam
656 4032 712 4078 tu
748 4039 821 4090 es,
865 4021 1102 4093 Domine,
1134 4041 1248 4097 spes
1287 4041 1399 4081 mea
1420 4043 1440 4082 :
1468 4031 1589 4099 quia
1618 4039 1926 4100 resurgente

349 4113 580 4171 Domino
604 4130 750 4188 spem
780 4118 1195 4175 resurrectionis
1225 4120 1465 4175 membra
1509 4121 1712 4193 reliqua
1741 4137 1924 4193 perce-

350 4215 567 4280 perunt,
592 4224 710 4281 quae
732 4218 886 4267 erant
912 4212 1084 4280 posita
1111 4211 1163 4266 in
1194 4221 1368 4268 morte
1389 4214 1614 4283 peccati.
1645 4213 1928 4273 Praecessit

343 4299 493 4356 enim
521 4297 576 4354 in
604 4298 810 4370 Capite,
852 4301 991 4371 quod
1018 4317 1214 4373 corpus
1244 4304 1507 4374 reliquum
1535 4305 1589 4360 in
1616 4319 1676 4362 se
1705 4320 1925 4376 sperare

344 4391 639 4449 debuisset.
672 4392 868 4450 Verum
895 4396 995 4451 ista
1016 4412 1130 4468 spes
1152 4396 1563 4453 resurrectionis
1592 4407 1780 4455 sancto
1805 4400 1924 4456 viro

342 4482 471 4540 ideo
493 4484 629 4541 facta
665 4493 769 4556 est,
798 4487 922 4557 quia
949 4495 1004 4542 et
1035 4488 1150 4558 ipse
1185 4488 1439 4544 Dominus
1472 4489 1721 4546 Salvator
1744 4506 1841 4561 per
1868 4492 1922 4548 id

342 4578 491 4650 quod
516 4587 756 4635 mortuus
776 4588 877 4646 est,
907 4580 1159 4651 refugium
1188 4594 1341 4636 suum
1370 4582 1610 4637 noscitur
1629 4583 1683 4637 in
1709 4583 1920 4640 Altissi-

2029 1992 2276 2049 naturas,
2304 1981 2357 2038 id
2383 1992 2466 2039 est
2487 1982 2582 2038 Dci
2607 1990 2663 2037 et
2689 1981 2920 2037 hominis
2948 1984 3131 2039 unitas
3158 1992 3317 2054 atque
3347 1983 3610 2054 perfectas

2027 2076 2088 2132 in
2134 2090 2239 2131 una
2287 2075 2582 2143 eademque
2627 2088 2942 2144 permanere
2986 2090 3238 2145 persona,
3272 2077 3344 2131 ita
3388 2085 3445 2134 ut
3473 2093 3610 2143 unus

2028 2182 2151 2225 esse
2181 2167 2277 2224 Dei
2302 2167 2470 2224 Filius
2491 2176 2546 2222 et
2568 2168 2886 2237 praedicetur
2906 2170 2972 2223 ab
2994 2170 3242 2227 omnibus
3266 2179 3321 2226 et
3336 2172 3609 2241 credatur,

2028 2261 2171 2318 sicut
2200 2268 2253 2316 et
2294 2260 2480 2317 Patres
2525 2260 2695 2316 nostri
2742 2261 2985 2316 veritatis
3021 2262 3187 2331 ipsius
3216 2262 3611 2323 illuminatione

2028 2354 2327 2413 docuerunt
2346 2396 2362 2421 ,
2393 2353 2635 2409 dicentes
2660 2372 2672 2406 :
2705 2353 2865 2409 Solus
2892 2369 2956 2412 ex
2989 2354 3254 2412 Trinitate
3284 2356 3450 2414 Filius
3499 2358 3611 2416 for-

2028 2461 2171 2502 mam
2201 2446 2342 2501 servi
2371 2447 2600 2515 accepit,
2624 2462 2744 2517 qua:
2788 2434 2957 2503 forma
2997 2448 3073 2504 illi
3101 2448 3166 2504 ad
3198 2450 3454 2506 unitatem
3484 2466 3609 2523 per-

1980 2594 1997 2607 ,
2027 2553 2178 2596 sonae
2223 2548 2467 2610 cooptata
2513 2548 2622 2607 est;
2672 2541 2722 2595 id
2773 2548 2878 2608 est,
2906 2550 2964 2597 ut
3012 2542 3180 2599 Filius
3213 2543 3308 2601 Dei
3356 2553 3410 2601 et
3440 2543 3611 2604 Filius

2029 2632 2261 2688 hominis
2291 2647 2425 2687 unus
2450 2634 2519 2686 sit
2541 2634 2879 2701 omnipotens
2899 2632 3058 2690 Jesus
3079 2632 3330 2691 Christus
3358 2653 3372 2690 :
3402 2653 3471 2693 ne
3499 2653 3609 2694 non

2031 2724 2285 2793 Trinitas,
2328 2724 2422 2779 sed
2464 2725 2623 2794 (quod
2666 2726 2828 2796 absit)
2873 2729 3210 2796 quaternitas
3261 2728 3605 2797 praedicetur.

2029 2816 2166 2872 Hinc
2191 2824 2275 2871 est
2301 2815 2440 2885 quod
2468 2816 2678 2885 quando
2709 2818 2926 2872 humilia
2961 2817 3027 2873 de
3052 2820 3169 2888 ipso
3192 2819 3466 2890 dicuntur,
3504 2822 3608 2877 hu-

2030 2909 2272 2967 manitati
2297 2918 2424 2966 sunt
2448 2910 2566 2967 sine
2595 2909 2761 2966 dubio
2782 2910 3092 2980 deputanda
3119 2930 3134 2969 :
3165 2914 3386 2984 quando
3411 2915 3611 2988 aliquid

2030 3007 2303 3075 potentius
2329 3012 2498 3071 tonat,
2520 3004 2717 3061 divinis
2740 3006 3028 3063 virtutibus
3051 3008 3302 3065 convenit
3323 3011 3610 3083 applicari;

2030 3099 2172 3170 quod
2218 3099 2308 3155 hic
2344 3107 2400 3155 et
2429 3098 2654 3156 inferius
2708 3108 2994 3171 utrumque
3020 3110 3289 3158 servatum
3335 3112 3435 3159 est.
3480 3103 3611 3164 Nam

2029 3190 2175 3260 quod
2222 3189 2453 3261 legitur,
2482 3190 2679 3262 angelis
2733 3193 3062 3258 mandatum,
3112 3201 3170 3248 ut
3212 3207 3335 3248 eum
3380 3193 3612 3254 debeant

1955 3269 2005 3339 C
2033 3284 2307 3355 custodire,
2331 3283 2655 3343 inﬁrmitatis
2678 3283 2923 3344 humanae
2942 3294 3047 3356 cst,
3091 3286 3229 3347 sicut
3262 3286 3609 3361 Evangelium

2029 3396 2241 3452 quoque
2272 3388 2496 3436 testatur
2521 3399 2532 3433 :
2562 3382 2813 3452 Apparuit
2838 3391 3010 3437 autem
3037 3382 3116 3436 illi
3144 3382 3360 3456 angelus
3390 3384 3455 3438 de
3482 3385 3609 3441 calo

2027 3473 2321 3550 confortans
2361 3488 2475 3528 eum
2503 3473 2658 3542 (Luc.
2688 3489 2821 3541 XXII,
2851 3474 2965 3545 45).
2994 3474 3060 3531 Et
3087 3483 3148 3531 ut
3176 3474 3346 3546 ipsam
3378 3476 3613 3532 hominis

2030 3570 2274 3618 naturam
2302 3562 2697 3634 perfectissime
2740 3564 3059 3634 declararet,
3094 3566 3330 3637 adjecit,
3356 3585 3420 3626 ne
3446 3568 3613 3637 o/fen-

2026 3655 2122 3711 das
2145 3657 2214 3712 ad
2244 3656 2467 3726 lapidem
2489 3655 2670 3727 pedem
2698 3665 2876 3723 tuum;
2901 3656 2955 3712 id
2981 3666 3089 3725 est,
3117 3672 3185 3715 ne
3213 3658 3266 3714 in
3295 3658 3467 3730 legem
3491 3675 3612 3729 quas

2025 3746 2081 3803 in
2108 3747 2333 3816 lapideis
2358 3747 2555 3804 tabulis
2582 3747 2781 3818 scripta
2803 3746 3085 3804 videbatur
3107 3749 3425 3820 incurreret,
3448 3767 3611 3822 quam

2034 3848 2260 3896 venerat
2287 3848 2477 3909 gentes
2504 3839 2755 3907 educere,
2788 3838 3014 3912 ejusque
3055 3842 3438 3912 plenitudinem
3467 3844 3611 3901 salu-

2027 3931 2129 3985 tari
2154 3930 2461 3999 integritate
2489 3928 2723 3985 firmare.

2098 4020 2253 4076 Vers.
2288 4020 2377 4077 15.
2410 4020 2583 4089 Super
2611 4019 2844 4091 aspidem
2871 4030 2917 4075 et
2966 4021 3258 4078 basiliscum
3286 4024 3608 4096 ambulabis,

2026 4120 2075 4167 et
2109 4109 2427 4165 conculcabis
2466 4110 2659 4166 leonem
2686 4119 2737 4164 et
2783 4112 3074 4168 draconem.
3116 4114 3213 4170 Hic
3255 4114 3366 4184 jam
3416 4115 3608 4175 divina

2026 4203 2198 4259 virtus
2225 4202 2562 4273 exprimitur,
2588 4218 2710 4273 quae
2740 4205 2903 4260 tantis
2940 4206 3104 4261 rebus
3131 4207 3476 4267 saevientibus
3506 4210 3611 4267 im-

2025 4296 2251 4367 peravit.
2279 4294 2413 4351 Nam
2443 4294 2621 4350 omnia
2654 4296 2753 4351 ista
2799 4298 3014 4354 nomina
3050 4297 3271 4367 diabolo
3301 4315 3609 4374 congruen-

2027 4396 2109 4444 ter
2131 4396 2382 4460 aptantur
2408 4405 2420 4441 :
2451 4388 2594 4460 aspis
2620 4397 2723 4461 est,
2754 4389 2881 4445 dum
2906 4391 3114 4448 occulte
3144 4396 3371 4464 percutit
3396 4412 3412 4463 ;
3438 4397 3612 4452 basili-

2024 4498 2161 4551 scus,
2204 4496 2324 4537 cum
2357 4483 2531 4553 palam
2575 4499 2779 4540 venena
2813 4484 3162 4553 disseminat;
3200 4488 3299 4556 leo,
3332 4489 3461 4545 dum
3484 4506 3611 4561 per-

2025 4577 2265 4649 sequitur
2287 4576 2644 4645 innocentes;
2686 4579 2864 4646 draco,
2896 4593 3018 4635 cum
3068 4579 3401 4651 negligentes
3444 4582 3609 4654 impia

338 4685 437 4731 suo
484 4674 752 4743 posuisse,
783 4674 920 4729 sicut
957 4675 1010 4730 in
1038 4675 1313 4747 trigesimo
1350 4677 1554 4746 psalmo
1579 4678 1689 4749 jam
1721 4680 1921 4739 dictum
1947 4664 2002 4726 D
2030 4669 2322 4726 voracitate
2363 4670 2608 4740 deglutit.
2635 4672 2831 4728 Verum
2882 4671 3001 4729 haec
3021 4674 3200 4729 omnia
3252 4673 3490 4746 glorioso
3518 4678 3611 4733 ad—

339 4773 429 4821 est
456 4782 469 4817 :
501 4763 627 4820 Esto
666 4767 791 4820 mihi
828 4768 883 4820 in
908 4767 1076 4822 Deum
1118 4778 1450 4837 protectorem
1474 4813 1488 4837 ,
1522 4779 1572 4826 et
1613 4772 1667 4826 in
1717 4776 1924 4830 domum

336 4854 551 4925 refugii,
583 4861 639 4908 ut
658 4855 853 4910 salvum
871 4871 951 4909 me
981 4856 1142 4926 facias
1164 4855 1332 4929 (Psal.
1365 4875 1489 4926 xxx,
1520 4860 1598 4930 5).
1634 4859 1784 4919 Unde
1812 4880 1924 4921 me-

339 4948 451 5001 rito
481 4948 725 5019 sequitur
751 4948 891 5005 illius
928 4950 1253 5019 exemplum,
1292 4965 1386 5021 per
1413 4966 1570 5022 quem
1596 4968 1655 5011 se
1682 4954 1735 5011 in
1765 4964 1923 5014 aeter-

340 5053 469 5094 num
501 5047 723 5096 noverat
746 5054 868 5096 esse
898 5042 1183 5107 victurum,

419 5131 567 5187 Vers.
616 5132 713 5211 10.
745 5130 867 5187 Non
907 5134 1150 5188 accedent
1189 5134 1257 5187 ad
1299 5145 1346 5189 te
1372 5136 1531 5203 mala,
1573 5145 1623 5192 et
1652 5138 1918 5211 ﬂagellum

335 5239 440 5277 non
479 5210 907 5295 appropinquabit
958 5227 1283 5281 tabernaculo
1334 5234 1444 5283 tuo.
1497 5228 1598 5285 Hic
1646 5210 1920 5288 beatitudo

332 5324 628 5386 assumptzn
652 5316 1000 5375 humanitatis
1021 5325 1269 5388 potenter
1293 5319 1616 5389 exponitur:
1640 5322 1764 5392 quia
1791 5322 1919 5379 dum

330 5406 388 5460 iu
419 5407 521 5461 huc
557 5405 758 5461 mundo
786 5420 815 5461 a
844 5406 1047 5463 Judaeis
1076 5415 1132 5463 et
1167 5406 1407 5463 convicia
1444 5409 1729 5477 pertulerit
1752 5420 1807 5467 et
1827 5412 1922 5469 ﬂa-

326 5500 496 5569 gella,
524 5499 679 5568 dicit,
722 5499 1047 5555 tabernaculo
1072 5499 1213 5568 ejus,
1240 5498 1294 5554 id
1336 5507 1451 5567 est,
1479 5508 1666 5556 sancto
1705 5504 1919 5573 corpori

333 5592 470 5647 nihil
508 5593 635 5647 mali
673 5593 1085 5663 appropinquare
1112 5590 1373 5661 potuisse.
1414 5589 1626 5659 Merito,
1661 5593 1783 5662 quia
1815 5592 1916 5662 ﬂa-

330 5685 525 5757 gellum
550 5694 637 5742 est
663 5685 795 5741 ultio
831 5684 1032 5752 divina,
1063 5682 1203 5754 quod
1246 5682 1387 5739 solet
1413 5683 1647 5737 humana
1690 5683 1917 5740 crimina

328 5789 616 5843 resecare;
638 5777 778 5832 sicut
802 5774 930 5832 alibi
972 5775 1164 5846 legitur
1197 5792 1210 5828 :
1246 5774 1417 5829 Multa
1442 5773 1651 5845 ﬂagella
1677 5784 1913 5847 peccato-

318 5866 447 5957 rum
479 5864 649 5925 tPsat.
678 5882 828 5945 xx_xr,
852 5865 967 5931 ιο).
997 5868 1113 5928 Hoc
1152 5883 1281 5941 ergo
1308 5882 1469 5939 supra
1508 5867 1661 5925 illum
1693 5870 1916 5927 verissi-

2028 4770 2192 4817 ventu
2235 4760 2444 4817 Domini
2490 4762 2716 4833 pedibus
2770 4762 2939 4833 ipsius
2984 4774 3251 4835 prostrata
3298 4752 3607 4837 jacuerunt.

2027 4853 2184 4910 Solus
2232 4855 2374 4910 enim
2421 4864 2529 4910 tam
2572 4855 2774 4911 ferocia
2820 4857 2989 4912 valuit
3016 4856 3271 4927 subdere,
3322 4858 3414 4929 qui
3460 4858 3611 4917 Patri

2027 4954 2324 5002 coaeternus
2358 4955 2413 5002 et
2438 4947 2904 5003 consubstantialis
2944 4949 3243 5006 secundum
3266 4948 3604 5009 divinitatem

2028 5038 2281 5107 probatur
2311 5038 2564 5095 existere.
2597 5039 2722 5095 Haec
2768 5042 2813 5094 si
2845 5041 3127 5112 diligenter
3164 5054 3472 5102 sanctorum
3504 5039 3608 5103 Pa-

2023 5139 2164 5185 trum
2194 5130 2575 5199 praedicatione
2602 5139 2917 5199 tractemus,
2948 5147 3047 5188 nec
3068 5133 3245 5206 aliqua
3275 5136 3605 5194 dementium

2026 5220 2277 5277 haeretica
2332 5224 2593 5291 pravitate
2645 5222 2945 5290 turbemur,
2998 5226 3181 5281 omnia
3231 5228 3410 5300 nobis,
3466 5214 3610 5285 sicut

2026 5311 2167 5369 dicta
2194 5321 2341 5383 sunt,
2373 5311 2617 5369 absoluta
2648 5313 2875 5369 veritate
2903 5315 3247 5373 constabunt.

2099 5404 2252 5460 Vers.
2287 5404 2376 5459 14.
2412 5403 2668 5471 Quoniam
2710 5403 2764 5459 in
2795 5421 2873 5460 me
2901 5409 3144 5476 speravit,
3191 5408 3419 5466 liberabo
3461 5430 3610 5487 eum;

2026 5508 2290 5572 protegam
2321 5514 2456 5566 eum,
2487 5498 2733 5569 quoniam
2761 5501 2996 5573 cognovit
3024 5519 3206 5557 nomen
3230 5520 3420 5559 meum.
3455 5506 3613 5561 Venit

2019 5592 2085 5647 ad
2116 5591 2328 5647 tertiam
2354 5598 2584 5662 partem,
2610 5592 2701 5647 ubi
2732 5592 2994 5649 Dominus
3023 5593 3182 5650 Pater
3199 5594 3502 5665 justissimo
3530 5599 3607 5652 illi

2017 5686 2134 5743 viro
2160 5686 2249 5757 qui
2279 5687 2332 5741 in
2378 5685 2552 5756 prima
2599 5694 2750 5756 parte
2801 5687 3040 5744 noscitur
3087 5688 3450 5755 introductus,
3497 5690 3609 5745 cle-

2016 5778 2187 5836 menti
2229 5776 2540 5849 dignatione
2583 5779 2887 5847 respondit,
2931 5787 2989 5835 ut
3024 5780 3188 5835 corda
3219 5780 3463 5836 ﬁdelium
3509 5779 3603 5835 tali

2018 5870 2378 5941 promissione
2403 5868 2705 5926 roboraret.
2749 5870 2897 5927 Hunc
2925 5885 3053 5941 ergo
3079 5872 3330 5950 beatum,
3370 5877 3465 5952 qui
3500 5872 3599 5928 ba-
