4092 6344
547 362 649 426 655'

1744 368 1813 427 Μ.
1854 366 2135 430 Αυιιειιιι
2169 368 2562 430 CASSIODORI

3703 370 3800 429 056

545 485 667 539 bitat
715 482 770 537 in
805 482 1065 554 adjutorio
1114 482 1389 554 Altissimi,
1418 483 1765 540 liberaturum
1804 499 1864 538 se
1899 498 1930 538 a
1962 486 2117 542 malis
2146 489 2199 551 Α
2222 484 2463 540 Psatmus
2492 496 2636 539 enim
2664 480 2830 552 (sicut
2855 493 3001 551 saepe
3021 479 3224 537 dictum
3251 486 3356 553 est,
3382 478 3650 552 signiﬁcat
3673 495 3799 552 ope-

543 575 729 632 saaculi
771 574 923 631 istius
951 576 1359 646 compromittit,
1396 576 1645 647 quoniam
1671 589 1821 647 spem
1862 589 2013 630 suam
2064 576 2120 632 in

543 668 715 737 ipsius
741 667 937 723 virtute
964 670 1223 738 reposuit.
1256 668 1509 739 Sequitur
1528 709 1543 734 ,
1565 678 1826 739 protegam
1853 684 1967 723 eum
1994 685 2123 739 quo-

544 761 686 816 niam
715 762 947 833 cognovit
973 778 1157 817 nomen
1206 778 1395 818 meum.
1435 762 1671 832 Exponit
1708 762 1980 832 quomodo
2008 779 2123 821 eum

546 853 862 909 liberandum
908 870 1016 910 esse
1041 854 1381 925 promiserit;
1414 854 1620 911 scilicet
1658 862 1716 909 ut
1746 863 2021 924 protectus
2055 856 2124 911 ab

543 946 794 1003 omnibus
840 945 1049 1001 insidiis
1076 944 1274 1001 diaboli
1327 946 1583 1001 reddatur
1630 947 1860 1001 alienus.
1891 945 2123 1002 Causam

544 1027 759 1109 quoque
788 1036 888 1107 piae
933 1036 1268 1093 liberationis
1314 1036 1592 1107 adjunxit,
1619 1038 1862 1106 quoniam
1891 1037 2125 1107 cognovit

543 1144 726 1184 nomen
764 1144 952 1183 meum.
999 1125 1284 1198 Cognoscit
1314 1143 1510 1183 nomen
1558 1126 1750 1194 Patris,
1786 1127 1880 1199 qui
1926 1127 2123 1184 Filium

542 1235 653 1278 non
679 1229 832 1292 putat
850 1236 971 1278 esse
992 1221 1276 1288 minorem,
1307 1236 1409 1278 nec
1450 1228 1753 1278 creaturam
1785 1222 2019 1278 aestimat
2040 1223 2125 1294 (ut

543 1314 759 1385 quidam
785 1313 1174 1380 dementissimi
1200 1314 1435 1385 volunt),
1469 1313 1567 1370 sed
1596 1312 1908 1369 Creatorem
1948 1315 2125 1379 potius

543 1409 738 1464 mentis
766 1408 1070 1477 integritate
1103 1407 1406 1477 proﬁtetur.

615 1502 768 1557 Vers.
802 1500 888 1555 15.
922 1498 1189 1553 Invocabit
1213 1515 1314 1570 me,
1341 1509 1389 1555 et
1408 1517 1501 1572 ego
1530 1502 1801 1558 exaudiam
1831 1518 1982 1567 cum;
2008 1519 2126 1557 cum

542 1596 653 1665 ipso
692 1608 809 1648 sum
845 1593 898 1647 in
942 1591 1288 1659 tribulatione,
1331 1593 1543 1662 eripiam
1587 1611 1700 1650 eum
1738 1603 1787 1648 et
1824 1594 2125 1665 glariﬁcabo

542 1700 675 1739 eum.
697 1686 859 1740 Beato
881 1684 968 1739 isti
997 1684 1085 1754 qui
1117 1684 1171 1738 in
1194 1683 1358 1753 ipsius
1381 1688 1720 1755 protectione
1745 1685 1987 1753 conﬁdit,
2020 1687 2126 1743 sin-

542 1776 725 1846 gulare
750 1777 1030 1845 praemium
1058 1774 1317 1831 Dominus
1357 1776 1766 1846 compromittit,
1798 1784 1858 1830 ut
1885 1792 2000 1830 eum
2039 1778 2123 1831 ln-

2224 591 2313 633 ras
2344 575 2676 646 spirituales,
2717 589 2838 645 quae
2875 588 3087 630 sursum
3130 573 3357 631 tendunt
3399 573 3470 629 ad
3515 572 3799 632 Dominum

2221 668 2514 724 Christum.
2560 668 2619 723 ln
2656 667 2743 724 his
2783 666 2927 724 enim
2965 675 3182 723 cantare
3217 667 3478 724 debemus
3513 675 3572 724 et
3608 667 3803 738 gratiis

2223 775 2436 831 semper
2466 776 2644 830 agere,
2673 760 2888 831 quando
2910 760 3026 830 ejus
3048 759 3309 816 beneﬁcio
3332 759 3609 817 reddimur
3630 760 3806 831 liberi,

2222 851 2313 922 qui
2342 866 2438 922 per
2464 866 2562 907 nos
2592 867 2777 908 sumus
2808 862 3148 921 peccatorum
3170 850 3399 906 nexibus
3423 850 3664 921 obligati.
3686 851 3807 920 Ipso

2223 943 2370 997 enim
2414 951 2595 997 cantat
2637 942 2693 998 in
2739 943 2968 1011 psalmo,
2998 943 3089 1013 qui
3118 956 3332 997 omnem
3364 943 3528 998 vitam
3566 956 3718 998 suam
3749 943 3807 999 in

2224 1034 2512 1106 gratiarum
2551 1035 2761 1091 actione
2805 1034 3100 1092 constituit.
3132 1034 3257 1090 Dies
3285 1031 3463 1091 aute'm
3489 1034 3687 1090 sabbati
3714 1050 3804 1092 re-

2224 1125 2375 1196 quies
2400 1125 2801 1196 interpretatur,
2833 1141 2929 1197 per
2957 1140 3116 1197 quam
3139 1139 3545 1182 commonemur
3565 1126 3635 1182 ab
3657 1127 3807 1183 omni

2223 1231 2393 1286 prava
2442 1218 2651 1274 actione
2696 1232 2931 1286 cessare,
2974 1226 3028 1275 et
3075 1215 3297 1274 feriatos
3344 1218 3552 1273 animos
3586 1232 3618 1270 a
3661 1217 3809 1273 vitiis

2224 1311 2452 1369 reddere
2476 1327 2698 1383 Operum
2720 1313 3017 1369 cmlestium
3039 1312 3342 1368 sanctitate.
3371 1310 3520 1368 Hanc
3540 1319 3690 1367 recte
3713 1311 3808 1367 Ju-

2224 1404 2327 1460 daei
2357 1419 2466 1460 non
2495 1405 2695 1474 colunt,
2723 1419 2846 1461 cum
2888 1404 3281 1461 observantiam
3321 1403 3439 1475 ejus
3483 1403 3551 1458 ad
3595 1403 3809 1460 intelleo

2226 1506 2369 1554 ctum
2402 1497 2595 1555 litterae
2623 1497 3026 1555 transtulerunt.
3050 1496 3157 1554 Sed
3183 1496 3291 1553 illis
3310 1505 3393 1553 est
3420 1496 3476 1551 in
3500 1496 3586 1551 die
3611 1496 3809 1552 sabbati

2226 1588 2461 1660 requies,
2497 1589 2589 1660 qui
2635 1598 2901 1661 precepts
2948 1588 3164 1646 Domini
3206 1587 3276 1645 ad
3314 1588 3447 1645 Novi
3474 1587 3809 1646 Testamenti

2228 1681 2635 1753 signiﬁcantium
2681 1682 2902 1749 ducunt,
2932 1690 2988 1739 et
3017 1682 3284 1739 veraciter
3325 1680 3630 1753 intelligunt
3668 1682 3810 1753 quod

2229 1778 2284 1833 in
2320 1776 2748 1848 praeﬁguratione
2787 1777 2989 1833 dictum
3035 1790 3157 1833 esse
3200 1783 3555 1849 cognoscunt.
3589 1774 3660 1831 Et
3687 1775 3810 1833 ideo

541 1875 744 1920 vocatus
794 1866 1056 1932 exaudiat,
1088 1872 1144 1919 et
1171 1864 1368 1934 duplici
1413 1865 1575 1921 modo
1605 1864 1883 1936 prolutura
1929 1880 2124 1922 conce-
2151 1865 2201 1927 B
2225 1868 2388 1926 verba
2417 1868 2671 1925 Ecclesia:
2696 1869 2750 1925 in
2772 1868 2874 1925 hoc
2894 1869 3099 1939 psalmo
3118 1868 3375 1926 debemus
3395 1867 3665 1938 accipere,
3690 1882 3810 1939 qua

540 1957 653 2013 dat.
687 1958 824 2012 Dicit
850 1957 1028 2023 enim,
1058 1972 1175 2011 cum
1220 1958 1333 2027 ipso
1357 1973 1472 2012 sum
1518 1959 1572 2011 in
1597 1955 1946 2027 tribulatione,
1978 1959 2122 2029 quod

539 2050 607 2106 ad
639 2052 798 2105 istum
828 2048 1052 2120 respicit
1080 2047 1363 2117 mundum,
1394 2048 1555 2120 3n
1586 2048 1677 2104 ubi
1709 2047 2005 2105 ferventius
2029 2065 2125 2105 an-

539 2141 730 2213 gustiis
759 2154 909 2196 mens
946 2141 1139 2196 devota
1183 2140 1499 2206 tribulatur;
1531 2140 1609 2195 sic
1636 2149 1691 2195 et
1716 2140 1833 2211 ipse
1856 2141 1912 2196 in
1942 2142 2124 2197 Evan-

541 2234 683 2304 gelio
732 2233 1036 2303 promittit:
1068 2232 1202 2287 Ecce
1248 2248 1341 2303 ego
1389 2233 1645 2287 vobiscum
1694 2249 1809 2287 sum
1855 2250 2015 2302 usque
2054 2235 2125 2291 ad

539 2327 1029 2381 consummationem
1057 2325 1233 2382 διεσαιί
1273 2325 1495 2398 (Matth.
1544 2341 1729 2393 xxvnt,
1759 2327 1875 2399 20).
1909 2328 1975 2384 Et
2000 2330 2123 2385 vide

539 2418 671 2488 quid
702 2418 976 2487 sequitur,
1009 2419 1224 2489 eripiam
1251 2433 1366 2472 eum
1398 2418 1451 2472 ‘et
1492 2417 1791 2492 gloriﬁcabo
1820 2435 1954 2476 eum.
1998 2420 2123 2478 Ere~

539 2518 667 2579 plus
707 2512 892 2579 utique
917 2526 984 2565 ex
1023 2510 1126 2565 hoc
1155 2512 1354 2564 mundo
1391 2510 1775 2579 gloriﬁcandus
1802 2520 1887 2567 est
1908 2511 2129 2582 justus,

541 2604 755 2674 quando
779 2604 831 2659 in
862 2604 952 2660 illa
982 2604 1314 2660 beatitudine
1342 2604 1660 2673 collocatur,
1690 2606 1780 2663 ubi
1802 2605 1914 2677 jam
1945 2607 2123 2666 locum

540 2697 820 2752 tribulatio
854 2712 963 2766 non
990 2697 1226 2753 habebit.

606 2790 762 2846 Vers.
816 2789 904 2846 16.
950 2788 1295 2862 Longitndine
1340 2791 1543 2846 dierum
1582 2793 1873 2863 adimplebo
1908 2809 2043 2864 eum,
2075 2801 2124 2850 et
2160 2828 2170 2842 .

536 2882 796 2936 ostendam
831 2879 906 2936 illi
934 2879 1163 2935 salutare
1190 2897 1376 2937 meum.
1412 2881 1601 2940 Adhuc
1636 2886 1946 2957 exsequitur
1982 2900 2122 2956 prte-

536 2974 642 3028 mia
671 2988 791 3044 qua:
817 2974 1077 3042 promittit
1104 2973 1282 3029 beato.
1310 2973 1605 3047 Longitudo
1625 2977 1769 3033 enim
1793 2978 1990 3034 dierum
2015 2979 2125 3037 vita

536 3073 735 3121 aeterna
784 3074 886 3134 est,
915 3082 1075 3136 quam
1120 3068 1297 3123 nullus
1345 3070 1600 3125 terminat
1645 3070 1799 3137 ﬁnis;
1827 3071 1921 3128 sed
1952 3071 2008 3127 in
2036 3070 2127 3127 ﬁr-

536 3166 811 3213 mamento
859 3171 956 3213 suo
1005 3158 1180 3213 stabili
1238 3160 1433 3215 robore
1487 3170 1816 3231 perseverat.
1873 3162 2125 3233 Sequitur

2229 1963 2382 2018 nobis
2412 1977 2507 2032 per
2534 1962 2669 2018 diem
2692 1961 2889 2017 sabbati
2916 1960 3146 2019 futuram
3185 1962 3427 2034 requiem
3467 1961 3811 2032 cognoscitur

2226 2056 2492 2113 intimare.

2792 2173 2986 2230 Divisio
3027 2174 3232 2245 psalmi.

2299 2285 2478 2343 Primo
2503 2288 2744 2358 ingressu
2767 2287 3004 2345 Ecclesia
3028 2288 3281 2361 loquitur,
3304 2288 3501 2346 bonum
3522 2303 3646 2347 esse
3663 2303 3810 2348 com-

2224 2393 2529 2434 memorans
2569 2379 2753 2435 laudes
2799 2380 3029 2436 Domino
3059 2381 3260 2451 dicere,
3293 2382 3433 2451 quod
3464 2382 3811 2454 insipientem

2224 2476 2277 2526 et
2309 2470 2662 2542 irreligiosum
2703 2473 2983 2541 profitetur
3025 2472 3198 2528 modis
3245 2473 3495 2531 omnibus
3531 2475 3809 2546 ignorare.

2224 2560 2471 2617 Secundo
2502 2571 2811 2632 peccatores
2833 2562 2971 2619 sicut
2992 2563 3169 2620 fenum
3192 2565 3446 2622 velociter
3465 2566 3666 2622 asserit
3690 2581 3811 2623 esse

2225 2654 2514 2724 perituros.
2546 2654 2729 2711 Tertio
2758 2654 2887 2711 dicit
2906 2655 3080 2726 justus
3110 2656 3303 2713 ﬁorerc
3327 2667 3387 2713 ut
3416 2658 3670 2729 palmam,
3697 2674 3810 2716 cre-

2223 2762 2379 2804 scere
2424 2756 2603 2803 autem
2645 2749 2785 2803 sicut
2828 2748 3018 2804 cedros
3060 2748 3246 2806 Libani
3292 2766 3305 2802 :
3339 2759 3481 2807 utet
3510 2752 3813 2822 pertinaces

2226 2847 2404 2896 metus
2433 2840 2687 2912 corrigat,
2718 2850 2772 2898 et
2798 2840 2979 2899 devoti
3005 2841 3146 2899 felici
3173 2843 3557 2914 pollicitatione
3581 2860 3810 2917 congau-

2225 2930 2408 2988 deant.

2758 3043 3031 3118 Expositio
3068 3048 3274 3119 psalmi.

2300 3154 2453 3212 Vers.
2500 3156 2552 3212 1.
2602 3157 2808 3213 Bonum
2850 3169 2927 3216 est
2970 3162 3205 3232 conﬁteri
3241 3161 3464 3219 Domino
3513 3175 3563 3221 et
3592 3166 3815 3235 psallere

537 3250 704 3305 totius
730 3250 932 3320 praemii
962 3249 1102 3317 ﬁnis,
1133 3251 1223 3321 qni
1253 3265 1360 3308 non
1391 3251 1552 3309 habet
1578 3255 1762 3322 ﬁnem,
1789 3264 1836 3311 et
1865 3257 2117 3312 ostendam

2230 3248 2422 3302 nomini
2466 3256 2574 3317 tuo,
2614 3250 2892 3307 Altissime.
2937 3252 3131 3310 Sancta
3179 3264 3353 3312 mater
3395 3256 3635 3313 Ecclesia
3687 3260 3813 3316 dicit

535 3342 616 3395 illi
659 3341 887 3396 salutare
928 3357 1113 3396 meum.
1158 3342 1271 3399 Hoc
1300 3354 1384 3399 est
1425 3346 1568 3401 enim
1600 3347 1739 3418 quod
1787 3346 2032 3403 ﬁdelibus
2070 3347 2124 3405 in

534 3447 742 3489 summa
786 3433 1217 3491 remuneratione
1268 3437 1611 3505 promittitur,
1652 3438 1779 3510 quia
1796 3440 2123 3511 galutarem

533 3527 806 3583 Christum
838 3525 1119 3583 Dominum
1161 3536 1501 3585 contuentur.
1552 3532 1831 3602 Apparcns
1859 3548 2001 3589 enim
2032 3534 2124 3592 ille

531 3628 588 3674 et
619 3618 794 3673 cordis
834 3617 1221 3676 illuminatione
1263 3631 1605 3691 conspectus,
1639 3631 1801 3679 totam
1848 3639 1998 3695 spem
2036 3626 2123 3696 ju-

532 3719 738 3767 storum
782 3709 1212 3781 desideriumque
1255 3712 1563 3782 complebit.
1608 3713 1699 3770 Sic
1742 3729 1801 3771 se
1840 3724 1893 3771 et
1922 3716 2036 3786 ipse
2065 3716 2122 3774 in

533 3804 819 3875 Evangelia
849 3805 989 3859 bene
1005 3802 1349 3860 credentibus
1371 3805 1652 3875 pollicetur
1675 3824 1689 3862 :
1717 3807 1996 3862 Ostendam
2015 3824 2121 3863 mc-

529 3903 698 3973 ipsum
726 3900 830 3955 illis
859 3898 1039 3969 (Joan.
1070 3914 1180 3970 xxv,
1210 3898 1330 3969 21).
1362 3900 1475 3956 Hoc
1504 3901 1645 3957 enim
1678 3902 1761 3971 (ut
1782 3903 1995 3973 quidam
2024 3918 2121 3960 vo-

528 3994 667 4064 lunt)
709 3993 807 4065 ipsi
838 3993 1051 4049 Christo
1092 4009 1199 4049 non
1246 4003 1453 4065 poterat
1478 3995 1604 4063 dici,
1651 3998 1737 4066 qui
1777 4004 1832 4052 et
1870 3998 2119 4055 salutaris

530 4096 612 4143 est
656 4086 947 4153 Dominus,
996 4096 1051 4143 et
1096 4102 1220 4158 spes
1265 4086 1565 4144 desiderata
1606 4089 1937 4146 credentium
1974 4109 1986 4144 :
2019 4092 2116 4149 sed

529 4180 723 4233 melius
752 4180 831 4250 (ut
862 4179 1168 4251 frequenter
1204 4179 1407 4237 dictum
1439 4181 1545 4252 εει)
1586 4182 1908 4254 intelligatur
1938 4186 2116 4255 potius

527 4284 555 4325 a
590 4280 737 4341 parte
764 4272 1146 4329 membrorum.

1058 4383 1329 4443 Conclusio
1374 4388 1577 4461 psalmi.

592 4497 847 4554 Mirabilis
879 4498 1046 4553 virtus
1077 4499 1265 4568 psalmi
1297 4501 1476 4570 hujus,
1508 4516 1628 4571 quae
1660 4501 1966 4561 immundos
1994 4507 2110 4576 spi-

2229 3337 2415 3404 bqnum
2438 3355 2546 3394 esse
2565 3338 2783 3396 Domino
2809 3344 3059 3413 conﬁteri,
3083 3351 3142 3399 nt
3162 3343 3215 3400 in
3239 3346 3357 3417 ipso
3375 3348 3553 3418 capite
3577 3347 3815 3405 breviter

2223 3434 2500 3505 profutura
2539 3447 2809 3495 censeret.
2860 3436 3174 3509 Conﬁtentur
3226 3451 3405 3497 autem
3456 3442 3622 3513 (sicut
3664 3458 3815 3513 saepe

2223 3526 2424 3584 dictum
2464 3529 2567 3601 est)
2609 3528 2818 3586 duobus
2849 3529 3025 3587 modis
3058 3549 3070 3585 :
3102 3533 3318 3602 quando
3360 3543 3583 3605 peccata
3627 3547 3812 3591 nostra

2222 3620 2560 3691 damnantes,
2592 3622 3019 3679 misericordiam
3061 3622 3273 3681 Domini
3312 3625 3515 3698 iugiter
3563 3630 3812 3698 posmis-

2221 3728 2372 3778 mus;
2412 3712 2712 3782 conﬁtemur
2750 3715 2933 3783 etiam,
2965 3729 3085 3771 cum
3123 3716 3381 3774 beneﬁcia
3417 3733 3540 3789 qua:
3580 3722 3811 3790 suscipi-

2220 3819 2341 3860 mus
2361 3803 2479 3874 ejus
2507 3819 2720 3876 semper
2747 3806 3057 3863 muneribus
3084 3808 3433 3878 applicamns,
3459 3825 3560 3866 nec
3587 3812 3812 3868 merito-

2219 3909 2338 3951 rum
2368 3901 2670 3951 nostrorum
2701 3910 2824 3953 esse
2844 3897 3068 3954 dicimus
3097 3899 3241 3969 quod
3270 3899 3436 3969 ipsius
3461 3902 3812 3958 miseratione

2221 3994 2531 4057 praestatur.
2561 3986 2922 4058 Quapropter,
2950 3988 3209 4060 quidquid
3246 3990 3436 4047 horum
3475 3992 3590 4059 ﬁat,
3616 3992 3812 4047 bonum

2218 4089 2290 4134 est
2321 4078 2542 4134 Domino
2571 4080 2819 4149 conﬁteri.
2852 4080 3056 4137 Deinde
3081 4096 3338 4139 conversa
3369 4082 3503 4139 dicit
3528 4084 3598 4140 ad
3624 4083 3811 4141 Domi-

2219 4187 2369 4239 num,
2402 4181 2453 4226 et
2493 4172 2709 4243 psallere
2748 4173 2942 4227 nomini
2981 4184 3089 4241 tuo,
3128 4174 3406 4230 Altissime.
3449 4178 3490 4230 A
3530 4178 3812 4232 communi

2218 4264 2624 4334 intelligendum
2653 4266 2842 4320 bonum
2861 4273 2956 4321 est.
2983 4263 3215 4322 Psallere
3234 4266 3378 4322 enim
3405 4266 3681 4337 signiﬁcat
3710 4270 3811 4339 piis

2215 4354 2468 4424 operibus
2501 4356 2709 4411 Domini
2739 4355 2987 4412 mandata
3028 4371 3304 4429 peragere,
3343 4366 3403 4414 nt
3429 4357 3571 4414 sicut
3599 4361 3812 4429 psalte-

2214 4447 2352 4502 rium
2384 4447 2451 4503 de
2479 4447 2846 4517 superioribus
2894 4456 3069 4515 sonat,
3111 4449 3181 4503 ita
3224 4450 3465 4520 operatio
3509 4459 3697 4507 nostra
3742 4450 3811 4506 ad

2214 4551 2372 4593 aures
2400 4536 2706 4595 Divinitatis
2735 4538 3014 4595 ascendat.
3046 4538 3380 4610 Quapropter
3403 4555 3514 4596 uno
3533 4541 3814 4599 versiculo

520 4589 654 4694 ritus
684 4590 845 4661 fugat.
877 4589 1009 4646 Nam
1036 4592 1177 4648 unde
1200 4601 1406 4650 tentare
1430 4593 1675 4652 diabolus
1703 4598 1894 4667 voluit,
1925 4600 2050 4655 inde
2076 4616 2106 4656 a
2134 4631 2188 4693 Β

517 4682 675 4739 nobis
716 4691 998 4781 supera-tus
1042 4685 1305 4742 abscedit.
1356 4687 1560 4744 Memor
1596 4700 1677 4746 est
1718 4695 1858 4747 enim
1889 4695 2103 4764 iniquus
2134 4682 2181 4693 ’
2209 4682 2740 4781 έιυάξτέίξᾶίξιςθξ

515 4774 951 4845 praesumptionis
978 4791 1112 4843 suae,
1142 4793 1349 4835 memor
1367 4790 1450 4835 est
1477 4780 1676 4838 divinae
1702 4785 1956 4841 victoriae.
1982 4786 2101 4856 Ipse

517 4867 714 4936 quippe
756 4874 813 4922 et
853 4868 908 4923 in
954 4869 1107 4925 nobis
1145 4870 1328 4938 vincit,
1364 4874 1453 4942 qui
1478 4888 1602 4931 eum
1632 4884 1687 4931 et
1715 4876 1767 4931 in
1797 4893 1856 4933 se
1886 4879 2097 4949 propria

516 4957 715 5013 virtute
754 4962 1041 5029 superavit.
1094 4962 1309 5018 Dicatur
1342 4979 1470 5036 ergo
1499 4980 1530 5021 a
1558 4968 1711 5023 nobis
1750 4980 1871 5039 post
1908 4986 2096 5028 omnes

516 5053 670 5099 actus
700 5045 805 5100 diei
834 5051 1007 5104 noctis
1034 5048 1298 5117 adventu;
1326 5065 1614 5122 cognoscat
1640 5070 1737 5111 nos
1764 5056 1932 5126 ipsius
1958 5075 2099 5129 esse,

516 5135 601 5190 cui
628 5150 687 5192 se
717 5138 902 5192 recolit
946 5150 1069 5196 ante
1110 5142 1356 5198 cessisse.
1389 5145 1498 5199 Nec
1538 5146 1733 5203 frustra
1764 5156 1962 5204 tantam
1989 5152 2102 5222 glo-

514 5224 651 5280 riam
681 5227 869 5296 psalmi
898 5228 1053 5298 hujus
1083 5232 1134 5286 in
1166 5233 1258 5288 tali
1288 5250 1510 5291 numero
1531 5238 1738 5293 aestimo
1762 5239 2097 5310 collocatam,

515 5332 634 5387 quae
668 5326 749 5373 ter
776 5318 911 5374 trina
944 5321 1276 5378 revolutione
1319 5325 1522 5381 denarii
1568 5327 1633 5381 ad
1675 5330 2097 5398 omnipotentem

514 5416 675 5478 atque
696 5408 1074 5466 indivisibilem
1104 5415 1445 5482 cegnoscitur
1468 5416 1689 5474 tendere
1717 5418 2052 5476 Trinitatem.

798 5522 1160 5581 EXPOSITIO
1198 5525 1265 5581 ΙΝ
1303 5526 1633 5587 PSALMUM
1671 5530 1806 5591 XCI.

855 5614 1098 5672 Psalmus
1122 5619 1305 5674 cantici
1334 5622 1388 5676 in
1417 5622 1499 5677 die
1525 5622 1743 5680 sabbati.

591 5733 823 5789 Psalmus
870 5733 1053 5788 cantici
1098 5746 1402 5793 commonet
1456 5752 1555 5794 nos
1608 5745 1668 5794 ut
1712 5738 1766 5793 in
1823 5738 2089 5797 universis

512 5827 718 5884 actibus
760 5826 958 5883 nostris
1001 5827 1267 5886 Divinitati
1298 5829 1497 5902 gratias
1533 5829 1739 5890 referre
1776 5831 2085 5893 debeamus.

2279 4815 2433 4871 Vers.
2482 4816 2536 4870 2.
2593 4817 2674 4871 Ad
2723 4818 3132 4873 annnntiandum
3186 4820 3336 4874 mane
3385 4819 3807 4875 misericordiam

2206 4915 2366 4975 tuam,
2399 4918 2449 4963 et
2492 4909 2751 4964 veritatem
2778 4920 2919 4965 tuam
2959 4927 3050 4981 per
3096 4920 3312 4966 noctem.
3343 4910 3664 4968 Mirabiliter
3691 4914 3811 4969 vita

2208 5008 2392 5057 nostra
2421 5000 2629 5057 duobus
2654 5011 2738 5059 est
2766 5003 3105 5060 sermonibus
3132 5003 3407 5060 conclusa.
3438 5002 3603 5060 Hane
3626 5006 3811 5077 signi-

2204 5095 2331 5151 ﬁcat
2374 5096 2648 5166 gaudium,
2682 5114 2786 5151 nox
2829 5109 3007 5154 autem
3050 5098 3389 5168 cognoscitur
3425 5096 3669 5154 indicare
3704 5098 3812 5155 tri-

2202 5187 2424 5243 stillam.
2457 5188 2522 5243 Et
2547 5188 2668 5245 ideo
2688 5190 2903 5259 quando
2926 5190 2981 5246 in
3008 5189 3283 5246 beneﬁciis
3303 5176 3422 5259 εῑῑιε
3447 5187 3560 5245 laeti
3581 5203 3808 5259 sumus,

2203 5279 2605 5335 misericordiam
2633 5281 2801 5351 ipsius
2833 5283 3142 5339 annuntiare
3169 5282 3427 5340 debemus
3455 5299 3471 5337 :
3499 5283 3626 5353 quia
3653 5300 3811 5356 pra-

2200 5380 2306 5428 stat
2335 5374 2567 5445 indignis
2593 5383 2650 5431 et
2678 5376 2863 5444 malis,
2894 5377 3066 5434 bonus
3105 5386 3210 5433 est.
3250 5375 3353 5431 Per
3390 5386 3596 5433 noctem
3623 5392 3807 5448 vero,

2195 5463 2249 5519 id
2289 5473 2369 5520 est
2428 5480 2526 5535 per
2575 5466 3005 5537 tribulationem,
3055 5466 3268 5539 quando
3316 5482 3417 5524 nos
3467 5469 3811 5540 asperitates

2194 5555 2390 5626 aliquae
2412 5557 2679 5627 castigare
2703 5568 3012 5626 noscuntur,
3042 5561 3302 5617 veritatem
3340 5558 3511 5630 ipsius
3539 5561 3811 5620 similiter

2193 5649 2498 5703 annuntiare
2540 5649 2797 5710 debemus
2828 5668 2841 5704 :
2874 5652 2999 5721 quia
3030 5652 3224 5709 merito
3256 5652 3492 5724 patimur
3517 5651 3661 5725 quod
3698 5652 3809 5713 de-

2193 5737 2337 5794 lictis
2362 5742 2709 5809 gravantibus
2737 5741 3086 5800 sustinemus.
3114 5742 3193 5800 lta
3222 5743 3281 5799 ﬁt
3300 5751 3364 5800 ut
3388 5750 3619 5815 utroque
3640 5751 3808 5805 tem-

2191 5848 2324 5909 pore
2347 5834 2642 5907 iustissime
2669 5836 2961 5899 debeamus
2979 5838 3169 5901 laudes
3190 5836 3404 5903 Domini
3431 5836 3723 5900 conﬁteri.

3824 5913 3848 5948 κ

3826 5952 3858 5989 ς
