4092 6344
1918 384 1971 392 με.

1277 483 1636 545 EXPOSlTlO
1672 485 1738 544 IN
1773 483 2235 546 PSALTERIUM.
2274 486 2467 546 PSAL.
2507 485 2640 545 XCI.

328 492 429 552 557

3492 489 3600 548 658

396 606 555 663 Vere.
601 606 658 663 5.
700 601 769 659 In
810 601 1128 659 decachordo
1171 603 1463 681 psalterio;
1494 621 1609 659 cum
1642 604 1836 659 cantico
1863 610 1910 658 et
1937 604 1992 665 Α
2016 604 2308 676 profundae,
2353 603 2615 675 signiﬁcat
2659 608 2808 659 tanto
2856 601 2973 674 plus
3013 601 3150 659 hanc
3186 602 3597 662 aestimationem

326 702 545 758 cithara.
587 697 976 753 Decachordum
1001 699 1300 768 psalterium
1323 698 1509 755 decem
1537 707 1801 770 praecepta
1832 700 1909 756 le-

325 794 409 867 gis
431 790 736 862 signiﬁcare
757 790 1094 846 manifestum
1119 798 1223 859 est,
1248 790 1373 861 quia
1389 791 1503 861 ipsa
1523 792 1742 848 chorda:
1762 800 1907 860 sunt;

326 900 461 957 quas
486 883 533 940 si
554 883 817 939 bonorum
840 892 1053 938 actuum
1073 883 1329 954 qualitate
1350 891 1650 953 tangamus,
1674 884 1911 941 salutare

326 979 500 1035 melos
526 976 763 1033 efﬁciunt
783 982 837 1031 et
859 974 926 1030 ad
945 974 1207 1032 cmlorum
1228 989 1394 1046 regna
1416 974 1734 1045 perducunt.
1758 976 1911 1032 Scire

271 1116 275 1120 .
327 1080 506 1125 autem
553 1067 811 1125 debemus
854 1080 952 1122 cur
989 1066 1090 1121 iste
1134 1081 1391 1122 numerus
1428 1074 1590 1122 tanta:
1616 1068 1695 1122 rei
1727 1066 1911 1122 videa-

328 1170 417 1218 tur
443 1159 746 1230 adjunctus.
778 1158 899 1229 Ipse
928 1165 1013 1215 est
1038 1173 1199 1230 quem
1227 1157 1567 1231 Pythagorici
1592 1158 1911 1235 τιτραδαξά·

327 1277 419 1316 την
448 1261 665 1322 vocant,
700 1253 755 1308 id
784 1262 867 1309 est
895 1253 1307 1324 quaternitatem
1343 1252 1578 1310 divinam
1617 1271 1628 1305 :
1660 1253 1911 1324 quoniam

330 1344 562 1403 breviter
611 1342 1023 1413 comprehendit
1065 1342 1210 1414 quod
1250 1356 1345 1414 per
1393 1342 1629 1399 inﬁnitas
1676 1357 1915 1400 summas

329 1438 573 1494 noscitur
627 1450 784 1507 posse
831 1436 1063 1491 dilatari.
1107 1435 1260 1493 Unus
1312 1434 1477 1503 enim,
1523 1434 1653 1502 duo,
1701 1442 1812 1492 tres
1859 1442 1918 1493 et

330 1537 557 1599 quatuor
581 1526 784 1583 faciunt
811 1526 1019 1594 decem,
1051 1527 1142 1598 qui
1187 1541 1404 1598 semper
1435 1527 1713 1583 revolutus
1755 1535 1916 1598 atque

331 1621 613 1690 repetitus,
636 1619 690 1673 in
711 1627 963 1675 extensos
989 1626 1042 1675 et
1072 1618 1309 1675 inﬁnitas
1340 1619 1745 1690 supputationes
1766 1634 1920 1691 egre-

331 1712 495 1768 ditur.
527 1711 712 1782 Neque
738 1711 882 1768 enim
910 1712 965 1767 in
994 1712 1324 1783 quibuslibet
1350 1713 1578 1769 summis
1597 1713 1737 1769 ultra
1757 1714 1918 1770 istum

332 1801 577 1858 ordinem
603 1802 727 1858 novi
756 1800 957 1873 aliquid
985 1802 1273 1873 reperitur,
1306 1802 1399 1859 sed
1426 1802 1497 1858 ita
1520 1804 1777 1874 probatur
1797 1818 1919 1860 esse

334 1895 688 1964 compositus,
731 1902 790 1949 ut
835 1893 951 1963 ipse
998 1895 1089 1949 ﬁat
1131 1908 1350 1965 semper
1397 1895 1765 1963 numerabilis,
1794 1909 1918 1951 cum

2014 696 2297 762 altescere,
2332 704 2533 765 quanto
2563 694 2630 750 de
2656 694 2772 765 ipsa
2813 694 3044 766 potuerit
3072 695 3266 765 aliquis
3291 695 3477 752 sedule
3501 709 3601 753 ve-

2011 788 2427 860 hementiusque
2448 796 2697 845 tractare.
2724 789 3061 860 Quapropter
3085 788 3212 845 illud
3239 788 3326 845 hic
3346 789 3599 860 perfectas

2011 883 2252 939 scientia:
2295 897 2465 954 genus
2494 891 2596 949 est,
2626 896 2786 939 nosse
2824 883 2992 939 Deum
3022 882 3148 938 talia
3184 891 3433 953 tantaque
3458 898 3600 954 pra:-

2013 982 2181 1046 stare,
2219 989 2339 1045 qua:
2386 974 2651 1030 humanus
2696 987 2889 1029 sensus
2930 988 3038 1029 non
3094 974 3265 1043 possit
3311 973 3598 1045 attingere,

2012 1064 2152 1121 sicut
2180 1065 2236 1120 in
2266 1064 2515 1121 Habacuc
2538 1062 2800 1136 propheta
2828 1063 3021 1134 legitur
3052 1080 3066 1117 :
3100 1061 3431 1119 Considerari
3444 1078 3601 1135 apera

2014 1164 2126 1223 tua,
2150 1166 2197 1213 et
2216 1157 2395 1225 capaci
2418 1156 2645 1228 (Habac.
2668 1173 2747 1224 ιιι,
2776 1154 2851 1227 1).

2086 1248 2252 1306 Vers.
2277 1249 2331 1306 6.
2370 1248 2466 1304 Vir
2490 1251 2735 1322 insipiens
2764 1265 2868 1305 non
2895 1254 3180 1319 cognoscet,
3209 1256 3260 1303 et
3286 1248 3471 1305 stultus
3495 1264 3600 1304 non

2014 1343 2263 1414 intelliget
2300 1359 2382 1399 ea.
2434 1343 2676 1399 Diversis
2719 1343 2896 1400 causis
2942 1350 3066 1413 apta
3108 1342 3424 1399 redduntur.
3464 1341 3601 1398 Nam

2017 1436 2158 1491 sicut
2183 1436 2251 1492 de
2275 1450 2335 1493 se
2364 1436 2501 1493 dixit
2529 1454 2543 1489 :
2572 1435 2710 1504 Quia
2737 1436 3000 1491 delectasti
3026 1453 3126 1505 me,
3161 1434 3402 1503 Domine,
3429 1437 3484 1492 in
3512 1436 3600 1507 {a-

2019 1537 2165 1582 ctura
2186 1536 2295 1595 tua,
2321 1535 2369 1583 et
2395 1530 2451 1583 in
2472 1526 2708 1597 operibus
2734 1542 2984 1582 manuum
3010 1536 3216 1581 tuarum
3236 1528 3523 1595 multabo,
3546 1536 3601 1585 et

2020 1618 2227 1688 reliqua
2270 1634 2286 1673 :
2327 1620 2398 1674 ita
2449 1618 2753 1676 incredulos
2789 1617 3074 1689 proﬁtetur
3100 1617 3358 1674 beneﬁcia
3386 1619 3602 1677 Domini

2020 1724 2129 1766 non
2151 1722 2312 1780 posse
2330 1724 2677 1781 cognoscere.
2707 1709 2839 1779 Quae
2868 1710 3035 1780 ﬁgura
3065 1708 3260 1765 dicitur
3287 1709 3522 1779 parison,
3548 1711 3605 1767 id

2020 1811 2106 1859 eat
2134 1802 2364 1872 aequatio
2391 1802 2691 1867 sententiae,
2720 1815 2839 1872 quae
2859 1815 3005 1872 saepe
3024 1801 3263 1872 paribus,
3288 1801 3604 1872 plerumque

2023 1898 2235 1947 constat
2263 1891 2577 1962 imparibus.
2611 1891 2871 1962 [nsipiens
2891 1899 2975 1948 est
2996 1890 3087 1962 qui
3113 1891 3314 1949 celesti
3343 1891 3604 1962 sapientia

334 1985 495 2043 nullis
521 1986 845 2041 novitatibus
888 1987 1225 2043 immutetur.
1268 1987 1457 2044 Merito
1494 2002 1623 2059 ergo
1652 1987 1775 2044 talis
1800 1988 1915 2045 cal-
1943 1984 1994 2047 Β
2021 1993 2300 2052 vacuatus,
2344 1985 2592 2043 humanis
2628 1984 2880 2043 versuliis
2915 1985 3174 2056 probatur
3200 1999 3321 2042 esse
3359 1984 3604 2056 plenissi-

334 2078 486 2135 culus
515 2077 677 2134 totius
703 2078 864 2150 312
896 2078 1286 2149 redemptionis
1312 2090 1510 2136 nostra:
1535 2064 1774 2138 continet
1807 2081 1918 2138 for-

335 2186 500 2238 mam,
530 2172 621 2241 qui
652 2186 748 2241 per
777 2171 1021 2243 obliquas
1051 2173 1222 2231 lineas
1250 2174 1561 2231 charactere
1589 2188 1688 2231 suo
1716 2185 1919 2233 sancta:

334 2265 513 2319 crucis
551 2263 789 2318 imitatur
826 2264 1072 2333 ﬁguram,
1110 2275 1165 2321 et
1206 2265 1263 2319 in
1302 2264 1488 2337 digitis
1515 2266 1698 2323 decori
1729 2268 1919 2325 circuli

336 2355 668 2413 rotunditate
702 2355 1070 2412 concluditur.
1112 2356 1354 2424 Addidit,
1383 2374 1502 2413 cum
1541 2359 1740 2414 cantico
1774 2367 1822 2415 et
1849 2361 1923 2415 ci-

338 2447 510 2503 thara.
539 2446 808 2502 Canticum
843 2455 892 2501 et
937 2447 1133 2502 cithara
1162 2456 1246 2504 est
1275 2448 1526 2520 gaudium
1569 2450 1695 2506 boni
1720 2452 1918 2522 operis,

340 2538 393 2593 id
439 2548 521 2595 est
568 2539 1029 2611 clecmosynarum
1080 2540 1310 2610 jucunda
1356 2542 1619 2612 przebitio,
1663 2544 1801 2600 sicut
1848 2546 1924 2600 ait

336 2630 629 2701 Apostolus
655 2647 671 2687 :
704 2630 940 2687 Hilarem
966 2632 1198 2687 datorem
1226 2634 1393 2707 diligit
1415 2635 1550 2691 Deus
1580 2634 1663 2707 (II
1692 2636 1811 2692 Cor.
1844 2653 1951 2707 tx,.

337 2720 419 2791 7).
466 2720 677 2775 Cithara
704 2736 834 2777 vero
866 2736 954 2779 res
995 2722 1193 2779 indicat
1224 2725 1480 2793 actuales,
1506 2741 1623 2797 quae
1650 2727 1775 2792 licet
1801 2743 1924 2785 cum

335 2810 528 2867 labore
573 2818 628 2866 et
673 2810 919 2868 tensioue
960 2812 1114 2879 ﬁant,
1164 2822 1341 2870 tamen
1381 2814 1654 2873 habebunt
1692 2817 1921 2875 fructum

337 2900 659 2969 maximum,
695 2901 741 2958 si
775 2901 963 2971 juncto
991 2903 1185 2974 gaudio
1227 2905 1614 2977 compleantur.
1642 2907 1760 2980 ipse
1781 2911 1925 2967 enim

340 2997 523 3045 cantat
571 3004 694 3046 curn
740 2990 965 3061 cithara,
998 2994 1090 3064 qui
1120 3008 1313 3065 operas
1356 2996 1526 3054 bonas
1566 3001 1775 3069 perﬁcit
1808 3004 1926 3059 sine

341 3081 632 3151 asperitate
658 3083 911 3140 tristitiae.

418 3173 568 3230 Vers.
593 3173 648 3229 4.
682 3175 817 3243 Quia
844 3176 1107 3233 delectasti
1127 3195 1227 3246 me,
1249 3179 1489 3251 Domine,
1515 3185 1569 3239 in
1592 3188 1790 3256 factura
1814 3195 1922 3253 tua,

342 3272 393 3317 et
419 3262 472 3316 in
499 3264 733 3332 operibus
760 3282 1001 3321 manuum
1023 3276 1226 3325 tuarum
1244 3272 1527 3328 multabo.
1552 3274 1763 3332 Intuere
1788 3277 1926 3333 hanc

2024 2091 2164 2134 mus.
2196 2076 2303 2134 Iste
2338 2081 2520 2149 utique
2559 2094 2666 2133 non
2707 2085 2973 2150 cognoscet
3009 2091 3174 2148 opera
3204 2077 3321 2145 Dei,
3358 2077 3480 2147 quia
3509 2091 3604 2134 ca-

2020 2169 2172 2227 suale
2198 2169 2367 2227 credit
2406 2183 2527 2228 esse
2568 2171 2712 2242 quod
2758 2170 2982 2241 geritur,
3012 2170 3152 2227 sicut
3185 2170 3399 2237 quidam
3431 2170 3604 2241 philo-

2022 2261 2178 2330 sophi
2206 2261 2480 2320 dixerunt.
2526 2262 2759 2334 Adjecit,
2803 2273 2852 2319 et
2888 2265 3075 2320 stultus
3114 2280 3215 2321 non
3251 2264 3498 2336 intelliget
3521 2281 3605 2320 ea.

2024 2356 2229 2414 Stultus
2253 2358 2434 2429 utique
2460 2367 2543 2415 est
2567 2358 2660 2429 qui
2687 2372 2789 2415 nec
2815 2358 2995 2416 divina
3019 2360 3315 2431 cognoscit,
3341 2374 3440 2416 nec
3460 2360 3608 2429 ipsos

2023 2450 2208 2506 saeculi
2236 2460 2389 2507 actus
2417 2450 2684 2522 intelligit,
2726 2465 2860 2522 quos
2904 2451 3067 2522 vulgo
3105 2449 3292 2507 brutos
3329 2465 3603 2507 vocamus.
3662 2498 3669 2505 .

2022 2541 2215 2600 Merito
2236 2557 2366 2614 ergo
2391 2543 2481 2599 isti
2503 2557 2610 2599 non
2640 2534 2946 2615 intelligunt
2970 2557 3034 2599 ea
3053 2556 3173 2614 qua:
3196 2544 3441 2613 superius
3466 2544 3607 2599 dicta

2025 2641 2173 2702 sunt,
2216 2635 2341 2705 quia
2388 2650 2636 2706 superum
2682 2633 3156 2706 contemplationis
3204 2634 3350 2692 nulla
3398 2636 3610 2692 ratione

2025 2726 2386 2783 flammantur.
2924 2719 2931 2731 ’

2101 2820 2252 2877 Vers.
2293 2822 2344 2875 7.
2377 2819 2504 2875 Cum
2535 2821 2829 2876 exorientur
2856 2830 3146 2893 peccatores
3174 2821 3303 2876 sicut
3338 2824 3531 2891 fenum,
3561 2825 3611 2875 et

2025 2913 2357 2985 apparuerint
2387 2927 2560 2968 omnes
2585 2913 2675 2983 qui
2701 2923 2974 2983 operantur
3002 2913 3342 2984 iniquitatem,
3373 2920 3431 2966 ut
3454 2913 3610 2966 inter-

2025 3014 2141 3060 eant
2186 3006 2240 3060 in
2285 3005 2527 3060 saculum
2571 3005 2768 3060 necati.
2800 3004 2958 3061 Venit
2986 3006 3053 3060 ad
3080 3004 3380 3074 ingressum
3410 3016 3609 3058 secun-

2027 3096 2177 3162 dum,
2225 3097 2278 3151 in
2323 3111 2431 3167 quo
2478 3104 2788 3166 peccatores
2816 3096 2869 3151 in
2910 3096 3013 3151 isto
3042 3094 3256 3166 quidem
3284 3094 3483 3149 saeculo
3510 3094 3609 3149 sub

2026 3184 2287 3241 brevitate
2333 3187 2587 3257 temporis
2619 3186 2752 3241 sicut
2781 3191 2958 3256 fenum
2985 3186 3116 3241 dicit
3156 3184 3378 3251 ﬁorere;
3418 3184 3514 3240 sed
3554 3185 3610 3243 in

2029 3274 2118 3330 illa
2144 3275 2490 3346 judicatione,
2515 3276 2604 3331 ubi
2630 3275 2782 3332 factis
2807 3276 2964 3348 digna
2991 3276 3273 3347 recipiunt,
3297 3289 3391 3331 eos
3416 3276 3611 3333 asserit

344 3357 579 3428 regulam
610 3359 849 3416 veritatis
874 3360 1071 3431 ubique
1099 3365 1323 3429 servari,
1351 3380 1419 3421 ne
1450 3368 1695 3425 humanis
1724 3370 1925 3427 virtus
1954 3368 1999 3433 C
2029 3369 2279 3426 celeriter
2302 3371 2540 3437 interire,
2569 3370 2707 3427 sicut
2731 3369 2992 3425 Jeremias
3018 3368 3278 3440 propheta
3300 3368 3465 3424 dicit:
3493 3367 3609 3422 0m-

344 3446 643 3517 applicetur
661 3450 801 3520 quod
828 3450 988 3507 fuerit
1006 3453 1183 3510 divina
1207 3455 1455 3528 largitate
1473 3461 1747 3516 collatum.
1776 3462 1925 3520 Tunc

344 3539 487 3594 enim
517 3540 681 3596 elatio
719 3541 880 3597 noxia
924 3546 1193 3613 provenit;
1228 3555 1354 3602 tunc
1391 3550 1644 3620 superbia
1686 3551 1798 3607 Deo
1826 3553 1927 3609 ini-

345 3630 486 3687 mica
514 3634 788 3703 turgescit,
814 3634 1029 3704 quando
1052 3637 1253 3707 aliquid
1282 3637 1567 3697 inﬁrmitas
1597 3643 1832 3699 humana
1857 3647 1926 3702 de

341 3734 443 3778 sua
484 3724 835 3791 possibilitate
873 3728 1290 3797 praesumpserit.
1331 3729 1594 3797 Quocirca
1622 3733 1927 3789 delectatam

341 3826 406 3871 se
432 3814 562 3871 dicit
590 3826 759 3872 mater
801 3816 1038 3873 Ecclesia
1079 3820 1136 3873 in
1179 3820 1381 3891 factura
1418 3822 1649 3891 Domini,
1673 3826 1926 3894 quoniam

343 3906 602 3977 quidquid
631 3907 756 3962 boni
785 3919 1065 3979 acceperat
1094 3909 1195 3979 ipsi
1222 3920 1412 3967 sancto
1450 3916 1723 3984 proposito
1752 3917 1928 3974 modis

344 3997 599 4054 omnibus
623 3999 942 4071 applicabat.
965 4001 1031 4057 Et
1051 4011 1109 4056 ut
1133 4004 1401 4072 praedictae
1426 4007 1624 4077 regula:
1652 4010 1926 4080 integritas

345 4099 671 4158 servaretur,
710 4106 817 4147 non
846 4092 902 4147 in
930 4107 1025 4147 sua
1051 4092 1322 4163 felicitate,
1350 4091 1444 4151 sed
1475 4099 1530 4153 in
1558 4099 1722 4168 ipsius
1752 4102 1927 4170 operi-

344 4181 451 4239 bus
479 4197 539 4240 se
566 4185 834 4241 exsultare
879 4186 1175 4255 proﬁtetur,
1221 4188 1360 4245 sicut
1394 4198 1450 4247 et
1494 4191 1780 4261 Apostolus
1807 4195 1879 4250 ait
1908 4213 1925 4252 :

344 4274 523 4348 Ipsius
550 4278 687 4333 enim
716 4295 891 4334 sumus
917 4280 1234 4352 ﬁgmentum,
1262 4284 1417 4338 creati
1444 4285 1497 4340 in
1522 4286 1758 4355 operibus
1783 4288 1927 4343 bonis

344 4364 564 4440 (Ephes.
594 4384 653 4437 ιι,
682 4370 794 4440 i0).

425 4458 573 4515 Vers.
603 4461 658 4517 5.
684 4460 850 4527 Quam
869 4464 1195 4535 magniﬁcam
1213 4474 1332 4521 sunt
1352 4483 1506 4538 opera
1533 4480 1641 4538 tua,
1671 4470 1928 4531 Domine!

340 4548 497 4605 nimis
541 4552 811 4622 profundae
851 4557 1003 4624 facite
1045 4564 1159 4609 sunt
1200 4559 1527 4629 eugitationes
1568 4571 1685 4618 tute.
1732 4565 1927 4622 Omnia

341 4638 562 4707 quidem
609 4654 772 4711 opera
811 4641 904 4698 Dei
952 4642 1198 4701 humanis
1242 4650 1487 4707 sensibus
1526 4653 1923 4723 profunda‘no-

2029 3464 2110 3517 nis
2138 3464 2289 3519 homo
2316 3464 2508 3535 fenum,
2537 3470 2586 3518 et
2625 3464 2791 3519 omnis
2816 3462 3028 3519 claritas
3051 3462 3270 3518 hominis
3300 3470 3356 3516 ut
3382 3463 3479 3532 ﬂos
3505 3460 3616 3530 feni

2030 3552 2183 3623 (Isai.
2218 3570 2306 3619 ιι..
2332 3553 2412 3625 6).
2438 3553 2571 3609 Nam
2596 3554 2737 3625 quod
2766 3554 2894 3609 dicit
2922 3570 2940 3610 :
2972 3553 3040 3607 Et
3077 3554 3413 3624 apparuerint
3438 3565 3610 3607 omnes

2026 3647 2115 3715 qui
2162 3657 2437 3717 aperantur
2482 3648 2836 3717 iniquitatem,
2883 3647 3115 3703 futurum
3163 3646 3351 3717 judicii
3401 3655 3629 3717 tempus

2028 3738 2269 3795 ostendit.
2301 3738 2398 3794 llic
2423 3739 2566 3794 enirn
2592 3740 2693 3795 etsi
2721 3738 3086 3809 intelligantur
3113 3738 3399 3794 multorum
3430 3738 3609 3793 crimi-

2027 3845 2155 3888 num
2183 3832 2284 3896 rei,
2318 3846 2506 3888 omnes
2534 3838 2713 3889 tamen
2755 3832 2910 3889 nobis
2954 3846 3214 3901 apparere
3246 3847 3354 3887 non
3383 3838 3610 3901 possunt

2027 3926 2116 3997 qui
2160 3936 2434 3994 operantur
2474 3925 2816 3993 iniquitatem,
2867 3924 3098 3978 maxime
3140 3924 3352 3992 quando
3392 3922 3610 3993 spiritus

2031 4018 2337 4074 immundos
2364 4016 2452 4072 hic
2490 4017 2674 4073 videre
2721 4030 2826 4071 non
2867 4030 3170 4086 possumus.
3204 4016 3279 4070 lbi
3313 4015 3456 4071 enim
3486 4029 3610 4070 cum

2029 4110 2097 4165 ad
2123 4109 2382 4179 judicium
2411 4109 2675 4175 venerint,
2708 4108 2956 4163 humanis
2989 4107 3363 4177 conspectibus
3387 4121 3611 4178 appare«

1969 4243 1975 4249 .
2029 4198 2182 4255 bunt.
2214 4198 2467 4269 Sequitur
2513 4212 2676 4255 causa
2714 4213 2886 4271 quare
2929 4209 3239 4268 appareant,
3272 4212 3384 4255 non
3428 4194 3611 4270 utique

2028 4292 2096 4347 ad
2138 4291 2391 4364 gloriam,
2426 4290 2520 4348 sed
2571 4292 2639 4346 ad
2681 4291 2910 4356 ruinam,
2944 4291 2999 4346 id
3042 4298 3147 4360 est,
3182 4299 3237 4345 ut
3277 4292 3527 4349 intereant
3555 4294 3611 4347 in

2027 4383 2273 4439 saeculum
2298 4382 2494 4438 seaculi.
2543 4382 2611 4438 Et
2654 4381 2874 4453 pulchre
2898 4382 3136 4452 exposita
3162 4391 3248 4439 est
3272 4397 3431 4455 paena
3456 4383 3608 4439 dam-

2030 4483 2274 4531 natorum
2304 4492 2319 4529 :
2356 4488 2463 4529 non
2501 4473 2644 4528 enim
2683 4473 2761 4529 sic
2807 4482 3048 4543 pereunt,
3084 4482 3141 4528 ut
3178 4488 3298 4529 esse
3331 4475 3439 4543 jam
3466 4474 3610 4529 desi-

2028 4573 2193 4630 nant;
2221 4563 2315 4620 sed
2343 4564 2396 4619 in
2422 4563 2667 4619 saeculum
2692 4564 2867 4619 saeculi
2897 4573 3127 4635 pereunt,
3151 4566 3240 4635 qui
3281 4578 3550 4635 nunquam
3577 4578 3608 4620 a

2029 4658 2140 4712 suis
2170 4654 2547 4711 afflictionibus
2574 4662 2861 4710 exuuntur.

341 4742 591 4801 scuntur,
620 4741 674 4788 et
701 4733 1056 4805 quodcunque
1080 4751 1264 4794 eorum
1285 4742 1581 4811 quaesieris,
1608 4744 1924 4803 altissimum
1950 4746 2008 4811 D
2102 4749 2266 4806 Vers.
2288 4750 2340 4804 8.
2370 4748 2449 4802 Tu
2472 4759 2640 4803 autem
2669 4747 2965 4803 Altissimus
2992 4747 3048 4802 in
3067 4755 3335 4814 (sternam,
3367 4746 3606 4804 Domine.

340 4823 464 4880 sine
489 4824 823 4882 dubitatione
847 4829 1146 4898 cognoscis.
1178 4831 1282 4887 Sed
1309 4834 1501 4891 melius
1536 4845 1619 4892 est
1643 4853 1739 4907 per
1762 4841 1923 4898 verba

340 4914 513 4986 ipsius
560 4916 841 4985 praedictas
888 4920 1225 4988 operationes
1271 4938 1614 4997 cognoscere,
1647 4944 1716 4985 ne
1762 4944 1924 5000 pere-

340 5007 554 5076 grinum
581 5007 779 5080 aliquid
808 5011 862 5065 in
892 5012 1125 5068 medium
1153 5015 1428 5072 videamur
1454 5000 1737 5078 adducere.
1770 5023 1924 5080 Post-

341 5112 506 5169 quam
558 5101 766 5158 dixerat
811 5120 826 5158 :
877 5102 1034 5161 Mane
1076 5108 1477 5165 misericordiam
1499 5151 1528 5177 ,,
1571 5122 1618 5166 et
1664 5116 1925 5171 veritatem

343 5194 757 5249 annuntiandam
781 5212 887 5250 esse
907 5212 996 5265 per
1015 5207 1231 5265 noctem,
1254 5201 1307 5255 in
1330 5201 1643 5257 decachordo
1663 5209 1923 5279 psalterio,

342 5298 464 5338 cum
492 5286 688 5340 cantico
709 5293 757 5341 et
785 5286 1004 5354 cithara,
1033 5288 1147 5358 ipsa
1173 5304 1333 5359 opera
1363 5292 1595 5361 Domini,
1627 5296 1738 5365 ipsa
1762 5299 1927 5353 mira-

341 5374 466 5431 cula
492 5374 857 5445 dispositionis
885 5376 1253 5435 vehementius
1282 5381 1627 5452 obstupescit,
1649 5394 1704 5441 et
1726 5390 1930 5458 magni-

343 5467 616 5524 ﬁcentiam
643 5468 761 5540 ejus
790 5484 911 5526 cum
938 5485 1145 5527 summa
1166 5472 1519 5532 admiratione
1542 5481 1881 5549 prosequitur
1913 5502 1925 5536 :

341 5566 409 5615 ut
435 5560 526 5614 tali
566 5560 866 5618 imitatione
910 5561 1143 5629 formati,
1184 5566 1366 5621 mundi
1414 5566 1566 5624 istius
1619 5570 1927 5629 discrimina

342 5655 653 5711 salutariter
697 5657 963 5726 possimus
1010 5659 1258 5715 evadere.
1295 5661 1349 5715 In
1380 5676 1484 5732 qua
1522 5678 1582 5718 re
1625 5665 1776 5719 nimis
1809 5683 1929 5737 pro-

342 5749 524 5819 funda:
550 5759 670 5804 sunt
708 5754 858 5821 facta
886 5750 1218 5820 cogitationes
1244 5753 1356 5823 ejus
1389 5768 1409 5808 :
1434 5765 1490 5808 ut
1522 5754 1661 5809 sicut
1684 5755 1929 5815 diabolus

345 5854 447 5912 per
475 5842 781 5912 superbiam
811 5843 1032 5910 corruit,
1063 5844 1136 5900 ita
1168 5844 1459 5903 humanum
1503 5863 1671 5919 genus
1711 5849 1926 5905 humili-

347 5934 478 5993 tatis
521 5935 782 5994 beneﬁcio
820 5936 990 6010 possit
1031 5937 1253 5997 absolvi.
1288 5940 1523 6000 Dicendo
1561 5942 1725 6011 cnim,
1767 5944 1920 6001 nimis

2033 4839 2493 4905 Subaudiendum,
2524 4838 2888 4911 permanebis,
2930 4854 3061 4907 non,
3093 4849 3152 4895 ut
3172 4838 3342 4895 Judaei
3384 4848 3610 4909 putave-

2030 4940 2176 4998 runt,
2202 4941 2450 5003 tanquam
2471 4932 2739 4987 hominem
2763 4932 2938 4988 solum
2968 4934 3238 4988 communi
3268 4943 3415 4991 sorte
3436 4936 3606 4991 truci-

2031 5026 2284 5082 dandum.
2317 5032 2513 5096 Aptum
2544 5035 2627 5082 est
2653 5026 2795 5081 enim
2828 5025 2928 5081 hoc
2958 5025 3024 5083 de
3060 5026 3288 5083 Domino
3329 5028 3608 5086 Salvatore

2027 5119 2250 5185 sentire,
2282 5126 2343 5173 ut
2387 5118 2689 5174 econtrario
2718 5116 3067 5175 convincatur
3112 5119 3334 5189 perﬁdia
3376 5120 3607 5178 nefanda

2027 5208 2351 5265 Judaaorum.

2104 5301 2258 5358 Vers.
2302 5304 2356 5359 9.
2401 5304 2657 5369 Quoniam
2694 5318 2807 5357 ecce
2844 5303 3039 5360 inimici
3071 5306 3168 5373 tui,
3202 5306 3439 5376 Domine,
3472 5311 3607 5380 peri~

2032 5392 2185 5460 bunt,
2215 5404 2263 5449 et
2289 5395 2639 5465 dispergentur
2666 5409 2837 5448 omnes
2864 5396 2951 5465 qui
2973 5406 3245 5467 operantur
3264 5400 3606 5471 iniquitatem.

2030 5485 2240 5540 Inimici
2279 5486 2373 5541 Dei
2414 5492 2539 5540 sunt
2567 5483 2871 5541 daemonum
2896 5487 3152 5555 cultores,
3190 5490 3272 5546 vel
3303 5492 3607 5563 quicunque

2032 5578 2314 5647 prceceptis
2355 5577 2472 5647 ejus
2514 5576 2731 5633 obviare
2766 5586 3147 5634 monstrantur.
3179 5581 3305 5637 Hmc
3329 5583 3606 5639 inimicitia

2032 5671 2127 5727 Dei
2157 5670 2369 5741 quidem
2395 5670 2610 5734 dicitur,
2640 5670 2734 5725 sed
2762 5672 3031 5728 resistenti
3061 5674 3238 5743 potius
3266 5676 3425 5731 noxia
3458 5689 3603 5731 com-

2031 5763 2306 5833 probatur.
2334 5762 2405 5817 Se
2427 5761 2568 5817 enim
2598 5762 2953 5833 persequitur,
2972 5764 3063 5834 qui
3085 5764 3297 5820 Domini
3318 5765 3469 5835 jussu
3496 5780 3602 5821 non

2028 5853 2286 5923 sequitur.
2336 5853 2431 5909 ille
2478 5854 2623 5911 enim
2663 5856 2834 5912 nescit
2877 5856 2998 5926 pius
3032 5856 3255 5913 Creator
3288 5857 3467 5926 irasci,
3500 5857 3603 5914 nisi

2030 5944 2242 6017 quando
2290 5945 2441 6001 nobis
2496 5944 2729 6004 existere
2781 5946 3025 6005 videmur
3074 5947 3306 6004 adversi.
3363 5948 3602 6021 Denique
