4062 6344
511 432 655 553 θερί

1726 492 1794 547 Μ.
1837 490 2123 551 Αυιιιῑιιι
2153 492 2556 551 οΑδδῐουοῐὶι

3610 475 3617 481 ’
3695 500 3799 560 sco

523 608 798 681 subiungit
823 608 917 681 qui
942 609 1052 667 sint
1086 608 1178 666 isti
1209 608 1428 676 inimici,
1457 607 1512 663 id
1540 614 1647 675 est,
1690 610 1779 680 qui
1824 619 2106 679 operantur
2132 612 2185 671 Δ
2210 611 2384 666 stolus
2410 609 2572 666 dicit:
2604 597 2762 663 Nunc
2785 612 2934 667 tendo
2964 613 3034 667 ad
3059 613 3285 686 palmam
3310 630 3545 684 superna:
3571 616 3799 672 vocatio-

520 702 865 773 iniquitatem.
893 702 958 758 Hi
988 701 1363 773 dispergentur,
1389 699 1603 772 quando
1632 715 1662 757 a
1689 716 1851 772 grege
1887 701 2101 758 Domini

517 793 726 853 fuerint
761 794 1045 864 segregati,
1088 792 1303 864 quando
1344 807 1567 865 regnum
1606 792 1721 863 ejus
1749 808 1858 850 non
1888 808 2102 849 merue-

520 887 630 943 rint
657 885 879 942 introire
904 903 916 939 :
940 887 1064 955 quia
1085 885 1193 941 illic
1213 886 1527 956 congregari
1559 894 1847 956 nequeunt,
1879 887 1980 943 nisi
2005 886 2100 957 qui

523 978 748 1039 Domino
777 976 1119 1033 devotissima
1151 977 1447 1033 intentione
1478 977 1807 1047 placuerunt.

593 1068 747 1127 Vers.
777 1068 863 1125 10.
890 1068 959 1124 Et
979 1070 1286 1124 exaltabitur
1304 1069 1433 1124 sicut
1453 1069 1711 1124 unicornis
1729 1085 1887 1125 cornu
1904 1085 2097 1139 meum,

520 1172 567 1218 et
594 1172 825 1218 senectus
848 1180 959 1218 mea
987 1165 1040 1218 in
1066 1162 1413 1218 misericordia
1437 1163 1601 1220 uberi.
1632 1162 1903 1218 Unicornis
1934 1165 2101 1219 inter-

521 1256 649 1312 dum
676 1257 982 1326 superbiam
1013 1256 1231 1324 indicat,
1261 1256 1399 1312 sicut
1434 1256 1487 1311 in
1517 1256 1624 1312 alio
1651 1257 1855 1326 psalmo
1877 1256 1989 1327 jam
2012 1256 2098 1312 di-

519 1355 664 1405 ctum
699 1355 785 1404 est
814 1364 828 1402 :
858 1344 925 1402 Et
961 1364 994 1403 a
1036 1348 1274 1402 cornibus
1315 1347 1719 1402 unicornuorum
1762 1348 2101 1403 humilitatem

519 1455 685 1494 meam
715 1438 885 1511 (Psal.
919 1455 1028 1506 xxi,
1058 1439 1171 1511 22).
1206 1440 1301 1496 Hic
1328 1450 1507 1497 autem
1529 1442 1907 1498 exultationem
1934 1442 2101 1512 signi-

519 1532 645 1593 ﬁcat
673 1531 891 1588 unitatis
910 1574 923 1596 ,
954 1548 1114 1602 quam
1154 1533 1348 1589 merito
1385 1533 1515 1589 dicit
1556 1533 1795 1590 Ecclesia
1826 1533 1929 1607 [ed.
1949 1575 1965 1601 ,
1994 1549 2101 1603 qua

520 1624 715 1679 merito
759 1623 888 1679 dicit
935 1622 1256 1696 Ecclesium]
1300 1624 1355 1680 in
1395 1623 1501 1682 line
1542 1626 1724 1681 saeculi
1760 1626 2098 1682 exaltandam

520 1727 663 1781 esse,
694 1716 908 1786 quando
937 1716 1125 1773 ﬁdeles
1154 1732 1375 1774 munera
1424 1720 1718 1788 probantur
1754 1719 1908 1790 digna
1956 1720 2100 1787 reei-

522 1820 669 1877 pere.
716 1808 808 1863 llla
854 1816 1033 1864 autem
1076 1811 1255 1866 unitas
1299 1810 1554 1867 fortitudo
1598 1811 1842 1867 sublimis
1887 1820 1998 1877 est;
2044 1820 2103 1867 et

519 1902 661 1959 sicut
699 1904 752 1958 in
796 1904 896 1959 hoc
937 1905 1134 1962 saeculo
1162 1920 1359 1962 cornua
1402 1915 1597 1963 ornant
1631 1906 1893 1975 jnmenta,
1925 1908 1997 1962 ita
2026 1906 2101 1963 ibi

2206 703 2288 757 nis
2314 702 2540 777 (Philip.
2568 714 2649 772 tu,
2677 698 2788 775 14).
2817 704 2943 759 Haec
2967 718 3126 774 supra
3149 714 3346 761 terram
3379 707 3587 778 hispida
3616 716 3719 773 est,
3741 718 3800 768 st

2206 797 2527 867 quibusdam
2557 796 2854 853 tumoribus
2881 798 3188 869 inaequalis;
3220 799 3313 855 sed
3343 800 3433 856 ubi
3461 801 3528 856 ad
3558 817 3795 873 superna

2207 886 2551 958 praeesset-it,
2585 888 3017 944 duleissimorum
3049 888 3317 946 fructuum
3346 894 3615 949 suavitate
3641 908 3798 951 com-

2207 980 2405 1049 pietur,
2435 989 2489 1036 et
2513 982 2663 1050 quasi
2694 982 3012 1052 quibusdam
3041 982 3205 1038 radiis
3229 993 3416 1040 ornata
3443 986 3796 1046 distenditur.

2207 1071 2299 1128 Sic
2339 1072 2605 1141 justorum
2649 1074 2986 1129 conversatio
3028 1075 3081 1130 in
3127 1074 3229 1131 hoc
3276 1078 3478 1133 mundo
3518 1080 3672 1136 duris
3713 1089 3799 1137 est

2208 1161 2483 1218 laboribus
2521 1163 2696 1232 plena,
2739 1165 2833 1221 sed
2865 1166 2917 1220 in
2956 1167 3207 1237 supernis
3251 1170 3506 1238 probatur
3530 1185 3654 1227 esse
3682 1173 3800 1241 pul-

2204 1252 2495 1311 cherrima.
2527 1253 2780 1325 Sequitur
2827 1256 2965 1310 cedri
3017 1259 3250 1315 secunda
3291 1264 3647 1331 comparatio,
3677 1279 3798 1334 qua

2206 1343 2376 1399 multo
2405 1345 2594 1413 palmis
2616 1346 2874 1415 probatur
2893 1348 3174 1403 excelsior.
3200 1348 3423 1420 Lignum
3450 1352 3590 1408 bene
3617 1354 3797 1423 olens,

2206 1436 2273 1491 ad
2305 1436 2536 1504 pondera
2572 1438 2830 1507 portanda
2865 1438 3241 1507 fortissimum;
3273 1442 3413 1511 quod
3442 1443 3573 1499 licet
3603 1460 3797 1514 proce~

2205 1541 2324 1581 rum
2354 1526 2550 1595 ubique
2580 1537 2851 1598 nascatur,
2880 1530 2932 1585 in
2958 1528 3155 1586 Libano
3176 1538 3356 1588 tamen
3385 1545 3573 1593 monte
3600 1537 3796 1598 celsius

2205 1618 2494 1676 invenitur.
2528 1620 2603 1676 ita
2646 1622 2824 1692 justus
2868 1623 3152 1693 multiplici
3190 1626 3343 1681 laude
3383 1629 3712 1697 celebratus,
3743 1640 3799 1688 et

2204 1710 2343 1765 cedri
2376 1713 2749 1779 proceritatem
2788 1721 2843 1770 et
2889 1714 3338 1783 pulchritudinem
3378 1719 3555 1774 dictus
3586 1733 3673 1776 est
3699 1722 3798 1777 lia-

2205 1801 2334 1857 bere
2362 1803 2678 1872 palmarum.
2702 1805 2830 1872 Qum
2857 1797 3028 1877 ﬁgura
3053 1808 3250 1865 dicitur
3273 1811 3412 1878 ison,
3436 1812 3490 1867 id
3514 1823 3600 1868 est
3620 1829 3799 1884 aqua-

2206 1894 2348 1963 iitas,
2381 1897 2592 1964 quando
2630 1912 2717 1952 res
2753 1898 2946 1971 aliqua;
2990 1900 3259 1969 parilitate
3295 1902 3522 1968 similes,
3556 1906 3795 1963 adhibita

519 2004 824 2054 sanctorum
847 1999 1018 2068 gloria
1039 2000 1255 2055 decorat
1271 2000 1586 2057 Ecclesiam.
1607 2000 1933 2056 Exaltabitur
1951 2000 2097 2056 enim
2129 1984 2178 2049 Β
2205 1988 2362 2045 laude
2390 1990 2474 2045 vel
2504 1990 2858 2060 detractione.
2884 1993 3184 2063 iunguntur

520 2086 675 2155 dixit,
700 2090 825 2159 quia
854 2092 1223 2160 peccatoribus
1250 2093 1303 2147 in
1325 2100 1582 2148 tartarum
1612 2093 1923 2159 humiliatis,
1952 2093 2097 2150 illius

518 2183 821 2240 sublimitas
861 2185 1056 2241 celsior
1095 2186 1389 2256 apparebit.
1435 2187 1718 2257 Sequitur,
1767 2197 1814 2240 et
1867 2196 2097 2242 senectus

518 2291 630 2330 mea
670 2276 724 2331 in
762 2276 1113 2331 misericordia
1140 2278 1301 2331 uberi.
1348 2277 1596 2333 Senectus
1624 2277 1908 2332 candidum
1936 2283 2099 2347 caput

518 2365 701 2424 habet.
732 2366 862 2434 Qua:
890 2369 1181 2425 similitudo
1207 2370 1291 2439 (ut
1329 2370 1584 2439 arbitror)
1625 2369 1711 2425 hic
1752 2369 1897 2439 juste
1939 2369 2098 2424 datur

517 2456 792 2525 Ecclesiae,
814 2459 1066 2530 quoniam
1097 2462 1274 2517 omnia
1299 2461 1486 2517 merita
1512 2469 1816 2516 sanctorum
1844 2471 2105 2531 tanquam-

519 2550 639 2606 cani
665 2551 858 2620 capitis
898 2553 1186 2621 purissima
1221 2553 1337 2610 luce
1366 2554 1661 2623 fulgebunt.
1692 2554 1799 2610 Nec
1828 2555 2095 2610 incassum

519 2640 723 2697 addidit
764 2658 897 2708 mea,
925 2644 1052 2714 quia
1081 2653 1308 2700 senectus
1352 2646 1582 2702 humana
1613 2647 1815 2702 morbis
1842 2647 2099 2717 gravissi-

517 2731 623 2789 mis
660 2733 894 2790 sauciata
936 2736 1108 2791 tendit
1135 2737 1201 2792 ad
1240 2738 1422 2804 linem,
1455 2738 1686 2808 querelis
1715 2753 1959 2806 onerosa,
1999 2754 2097 2795 co-

517 2822 634 2881 lere
660 2824 915 2882 deformis
939 2836 1043 2885 est.
1072 2825 1270 2885 Contra
1296 2840 1522 2884 senectus
1552 2829 1808 2886 Ecclesiae
1838 2831 1905 2885 ad
1933 2832 2094 2887 vitam

517 2914 664 2999 ducit
713 2926 1054 2989 perpetuam,
1097 2921 1163 2976 ad
1209 2921 1592 2978 beatitudinem
1643 2923 1980 2989 mirabilem,
2028 2924 2098 2980 ad

516 3006 964 3073 pulchritudinem
1012 3011 1365 3080 singularem,
1406 3022 1465 3068 ut
1503 3013 1717 3069 luceant
1756 3015 1897 3070 sicut
1931 3016 2094 3087 313

518 3096 692 3165 angeli
731 3098 829 3154 Dei
867 3101 1162 3157 meruerint
1208 3103 1262 3157 in
1306 3103 1396 3158 illa
1444 3106 1860 3175 congregatione
1907 3122 2097 3162 nume-

519 3190 648 3244 rari.
691 3189 977 3261 Subiunxit
1017 3195 1198 3261 etiam,
1244 3194 1298 3247 in
1347 3196 1692 3251 misericordia
1732 3197 1894 3263 uberi,
1939 3206 1998 3252 nt
2041 3205 2098 3253 et

519 3285 683 3341 multa
712 3285 1038 3358 intelligeres
1074 3287 1214 3343 dona
1248 3295 1305 3343 et
1334 3289 1588 3344 beneﬁcia
1619 3291 1735 3345 sine
1762 3290 2096 3346 dubitatione

2277 2083 2433 2140 Vers.
2464 2085 2549 2141 i5.
2584 2084 2816 2140 Plantati
2844 2087 2899 2140 in
2924 2090 3078 2140 domo
3108 2087 3336 2158 Domini,
3365 2090 3420 2146 in
3445 2092 3595 2148 atriis
3616 2094 3797 2148 domus

2210 2175 2303 2230 Dei
2350 2177 2508 2232 nostri
2550 2177 2820 2247 ﬂorebunt.
2871 2178 3133 2246 Quoniam
3184 2179 3358 2250 justos
3411 2184 3557 2239 viros
3607 2186 3796 2242 electis

2203 2268 2486 2326 arboribus
2512 2270 2860 2339 comparavit,
2895 2285 3035 2326 nunc
3067 2274 3428 2341 amoenitatem
3459 2284 3518 2331 et
3560 2278 3796 2346 pulchri-

2206 2360 2442 2417 tudinem
2474 2362 2725 2417 Ecclesiae
2753 2361 3032 2416 catbolicae
3061 2362 3374 2420 brevissima
3402 2382 3797 2425 commemora-

2205 2454 2351 2509 tione
2393 2453 2667 2525 designat;
2700 2453 2753 2509 in
2791 2468 2921 2526 qua,
2952 2454 3077 2509 dum
3109 2455 3372 2525 plantatio
3402 2459 3623 2528 dicitur,
3657 2477 3795 2531 pra:-

2204 2546 2493 2602 destiuatio
2531 2548 2741 2602 Domini
2780 2548 3113 2619 signiﬁcatur
3145 2568 3160 2605 :
3190 2554 3311 2621 quia
3344 2554 3446 2608 nisi
3479 2556 3603 2623 quis
3652 2558 3703 2612 in
3734 2573 3793 2612 ea

2205 2638 2474 2709 plantatus
2505 2638 2682 2711 luerit,
2711 2651 3045 2698 crementum
3090 2642 3458 2699 felicissimum
3490 2660 3600 2701 non
3632 2649 3794 2705 liabe-

2203 2729 2300 2785 bit.
2326 2728 2613 2786 Considera
2641 2732 2803 2787 etiam
2832 2734 2972 2802 quod
3007 2734 3263 2802 plantatos
3289 2738 3341 2790 in
3372 2737 3528 2792 domo
3556 2735 3790 2806 Domini,

2203 2820 2258 2874 in
2298 2822 2445 2875 atriis
2483 2823 2666 2892 ﬂorere
2699 2823 3004 2878 manifestat
3039 2842 3053 2877 :
3086 2825 3291 2882 scilicet
3329 2830 3584 2897 quoniam
3614 2834 3707 2901 qui
3739 2832 3791 2887 in

2206 2915 2305 2969 ista
2347 2915 2586 2971 Ecclesia
2635 2931 2730 2987 per
2772 2919 2995 2988 gratiam
3039 2918 3251 2975 Domini
3290 2923 3572 2991 plantatur,
3614 2926 3669 2980 in
3702 2926 3793 2982 illo

2203 2998 2444 3075 ingressu
2472 3006 2764 3063 Jerusalem
2794 3010 2966 3065 modis
2988 3011 3236 3067 omnibus
3264 3013 3550 3071 ﬂorebunt.
3576 3018 3793 3071 Atrium

2202 3102 2345 3153 enim
2376 3100 2582 3155 initium
2621 3102 2815 3157 dicitur
2852 3105 3175 3171 mansionis;
3208 3107 3391 3163 domus
3434 3118 3611 3166 autem
3650 3111 3792 3168 inle-

2201 3191 2344 3248 riora
2385 3192 2623 3249 membra
2654 3194 2926 3265 designat;
2970 3204 3024 3251 et
3057 3205 3344 3268 utrumque
3388 3201 3549 3255 simul
3591 3204 3686 3257 uni
3714 3205 3789 3258 rei

2203 3299 2309 3339 non
2337 3296 2513 3357 potest
2545 3290 2849 3344 convenire.
2898 3290 2995 3346 llic
3030 3291 3172 3346 enim
3211 3292 3387 3362 justus
3425 3293 3567 3350 bene
3593 3296 3788 3353 dicitur

520 3386 796 3448 perpetua;
822 3379 962 3450 quod
984 3387 1153 3436 totum
1173 3389 1359 3436 contra
1384 3383 1564 3437 saculi
1591 3383 1744 3439 istius
1764 3391 2094 3440 senectutem
2125 3370 2171 3437 C
2201 3377 2480 3449 plantatus,
2520 3382 2610 3451 qui
2646 3381 2904 3437 radicibus
2942 3385 3197 3439 virtutum
3238 3389 3465 3442 terrenis
3487 3387 3788 3447 visceribus

520 3467 734 3535 dicitur,
763 3484 881 3539 qua:
911 3470 1068 3525 malis
1097 3470 1501 3541 ingravantibus
1531 3481 1806 3529 oneratur.

591 3557 745 3615 Vers.
778 3562 867 3616 11.
898 3559 967 3615 Et
1002 3561 1221 3631 respexit
1259 3561 1437 3617 oculus
1476 3579 1614 3618 meus
1649 3566 1880 3620 inimicos
1913 3582 2048 3621 meos
2074 3582 2094 3621 :

520 3659 571 3707 et
598 3652 914 3724 insurgentes
952 3654 1009 3708 in
1048 3669 1126 3708 me
1172 3656 1508 3726 malignantes
1547 3657 1741 3711 audivit
1779 3660 1921 3713 auris
1961 3675 2090 3715 mea.

521 3744 730 3801 Inimici
766 3747 973 3803 scilicet
1015 3746 1143 3803 sunt
1186 3747 1458 3815 Ecclesiae,
1494 3763 1628 3818 quos
1669 3750 1916 3820 superius
1958 3750 2096 3806 dixit

518 3838 729 3907 operari
760 3839 1115 3909 iniquitatem.
1159 3838 1309 3896 Tunc
1354 3849 1536 3911 aperte
1563 3841 1616 3896 in
1647 3842 1734 3897 illa
1765 3842 2095 3912 judicatione

517 3932 857 4000 videbuntur,
887 3933 1100 4004 quando
1123 3934 1216 4004 qui
1243 3935 1332 3991 hic
1350 3936 1523 3991 ‘eelati
1552 3944 1698 4002 sunt,
1728 3937 1801 3992 ibi
1828 3952 1949 3992 cum
1980 3937 2095 3992 suis

516 4031 769 4100 operibus
816 4030 1185 4101 apparebunt;
1238 4044 1374 4102 quos
1430 4041 1557 4087 tunc
1619 4033 1784 4087 iratus
1836 4031 2089 4103 respicit,

516 4122 729 4193 quando
757 4123 811 4178 in
840 4122 1109 4179 sinistram
1152 4132 1356 4193 partem
1395 4133 1703 4196 segregatos
1738 4140 1859 4181 esse
1890 4139 2093 4195 cogno-

515 4216 638 4272 scit.
671 4216 939 4287 Sequitur,
966 4226 1016 4272 et
1042 4222 1355 4289 insurgentes
1392 4219 1445 4273 in
1484 4234 1561 4272 me
1585 4218 1922 4289 malignantes
1944 4220 2094 4273 audi-

516 4309 584 4362 uit
631 4312 771 4362 auris
814 4323 945 4363 mea.
984 4308 1311 4381 Insurgentes
1356 4319 1481 4365 sunt
1525 4311 1875 4382 malignantes
1900 4312 2092 4367 divites

518 4397 678 4467 linitur
706 4399 909 4463 saeculi,
937 4399 1030 4469 qui
1079 4399 1165 4455 hic
1216 4407 1581 4470 paupertatem
1632 4402 1883 4457 Ecclesia:
1929 4402 2092 4471 impia

515 4490 746 4547 elatione
773 4489 1091 4562 despiciunt.
1125 4490 1233 4548 Hos
1262 4492 1519 4549 audibant
1557 4492 1689 4566 [ed.,
1720 4492 1965 4564 audiunt]
1994 4508 2093 4549 au-

515 4599 605 4641 res
642 4584 880 4641 omnium
927 4584 1425 4656 ﬁdelium,‘quando
1470 4588 1921 4657 increpationibus
1962 4603 2090 4658 pro-

514 4677 644 4745 priis
682 4690 775 4730 sua
805 4675 1071 4733 desideria
1112 4676 1356 4748 factaque
1395 4678 1827 4734 condemnabunt
1855 4696 1869 4733 :
1897 4679 2090 4735 dicturi

2200 3469 2423 3525 ﬁrmiter
2470 3473 2791 3529 continetur.
2841 3472 2908 3526 In
2945 3477 3089 3530 atriis
3127 3476 3267 3531 enim
3318 3479 3511 3533 merito
3550 3480 3787 3550 ﬂorebit,

2200 3564 2413 3633 quando
2455 3563 2508 3618 in
2552 3564 2643 3620 illo
2692 3567 3094 3623 resurrectionis
3144 3569 3294 3624 initio
3335 3570 3498 3626 auditi
3547 3577 3786 3631 muneris

2201 3656 2453 3713 felicitate
2493 3657 2761 3727 gaudebit,
2812 3659 2863 3714 id
2908 3670 3011 3726 est,
3064 3660 3266 3729 Venite,
3312 3642 3565 3718 benedicti
3613 3666 3785 3721 Patris

2200 3749 2319 3812 mei,
2348 3749 2589 3819 percipite
2627 3766 2842 3820 regnum
2882 3754 3020 3822 quod
3046 3746 3181 3808 rbbis
3208 3764 3445 3825 paratum
3470 3767 3548 3812 est
3580 3758 3648 3814 ab
3678 3761 3784 3814 ori-

2198 3838 2315 3908 gine
2345 3839 2524 3892 mundi
2555 3840 2768 3909 (Matth.
2803 3859 2924 3908 xxv,
2956 3844 3069 3914 5i).

2270 3928 2422 3984 Vers.
2460 3930 2547 3986 14.
2591 3933 2768 3987 Adhuc
2811 3935 3286 4005 multiplicabuntur
3310 3938 3362 3991 in
3385 3949 3587 3993 senecta
3612 3941 3773 4007 uberi,

2197 4029 2245 4075 et
2270 4019 2391 4076 bene
2414 4023 2659 4093 patientes
2686 4034 2852 4078 erunt.
2885 4025 3111 4081 Senecta
3143 4028 3416 4084 hominum
3442 4031 3589 4085 arida
3616 4042 3778 4100 atque

2197 4116 2397 4170 sterilis
2436 4124 2547 4181 est;
2593 4116 2831 4172 Ecclesia
2875 4133 3005 4173 vero
3056 4127 3179 4175 tunc
3225 4123 3392 4192 magis
3435 4124 3623 4194 incipit
3664 4140 3782 4180 esse

2196 4208 2486 4276 uberrima,
2536 4211 2748 4279 quando
2788 4212 2854 4266 ad
2902 4214 3063 4268 linem
3105 4215 3285 4269 saeculi
3328 4216 3506 4286 fuerit,
3554 4219 3782 4274 Domino

2196 4303 2506 4373 miserante,
2545 4306 2823 4375 perducta.
2865 4308 2909 4361 0
2948 4318 3193 4362 senectus
3219 4308 3421 4375 viridis,
3465 4320 3519 4365 et
3556 4310 3778 4365 ﬁoribus

2194 4409 2499 4465 comparata
2546 4401 2851 4454 maturitas!
2886 4400 3121 4470 Apparet
3150 4401 3397 4469 quoniam
3443 4402 3642 4457 domus
3685 4404 3778 4456 ista

2193 4490 2333 4545 coelo
2363 4491 2578 4562 tegitur,
2608 4492 2659 4545 in
2690 4506 2791 4562 qua
2824 4492 3066 4547 homines
3106 4492 3409 4561 plantantur
3434 4503 3492 4548 ut
3524 4495 3775 4549 ﬂoreant.

2193 4582 2251 4637 in
2284 4582 2390 4638 ﬁne
2418 4584 2677 4650 siquidem
2716 4585 2897 4639 saeculi
2927 4594 3231 4639 sanctorum
3270 4600 3527 4640 numerus
3556 4592 3775 4649 crescit,

2193 4684 2248 4729 et
2273 4676 2732 4744 persccutionibus
2768 4676 2973 4731 crebris
3017 4677 3212 4747 agitur,
3247 4685 3304 4730 ut
3343 4677 3448 4731 cito
3494 4679 3777 4745 praedesti-

512 4782 638 4828 suut
664 4772 806 4829 enim
839 4773 999 4845 (sicut
1033 4773 1281 4829 Salomon
1319 4773 1511 4845 dicit):
1544 4773 1682 4841 Quid
1709 4773 1851 4827 nobis
1891 4776 2085 4845 profuit
2122 4751 2173 4811 Ῐ)
2196 4776 2442 4822 natorum
2486 4782 2736 4821 notuerus
2784 4768 3085 4837 impleatur.
3116 4770 3204 4825 Sic
3236 4780 3289 4825 et
3316 4769 3564 4838 superius
3596 4770 3730 4824 dixit
3759 4788 3771 4823 :

511 4866 767 4935 superbia,
798 4871 886 4918 aut
914 4864 1039 4935 quid
1067 4865 1360 4919 divitiarum
1404 4866 1651 4936 iactantia
1690 4868 1902 4920 contulit
1942 4867 2088 4923 nobis

514 4955 671 5028 (Sap.
701 4972 750 5022 v,
781 4957 875 5028 8)?
911 4966 966 5014 et
1000 4966 1211 5014 caetera.
1237 4958 1311 5014 lbi
1337 4959 1479 5014 enim
1508 4958 1798 5015 audiuntur
1824 4976 1919 5016 sua
1959 4972 2084 5017 vota

510 5046 847 5115 damnantes,
877 5050 968 5121 qui
1014 5065 1074 5107 se
1111 5052 1163 5105 in
1204 5050 1303 5106 hoc
1345 5051 1543 5106 saecqu
1573 5050 1911 5110 beatissimos
1939 5056 2085 5110 resti-

511 5137 745 5193 mabant.

586 5228 737 5285 Vers.
770 5229 853 5285 12.
885 5229 1065 5287 Justus
1090 5240 1145 5287 ut
1170 5232 1342 5304 palma
1368 5235 1586 5304 ﬂorebit,
1615 5244 1669 5288 ut
1697 5237 1876 5291 cedrus
1905 5235 2087 5293 Libani

507 5321 955 5390 multiplicabitur.
997 5324 1077 5379 Ad
1114 5325 1408 5395 ingressum
1455 5328 1670 5383 tertium
1717 5338 1898 5385 sancta
1941 5331 2088 5387 venit

508 5412 773 5484 Ecclesia,
799 5414 888 5470 ubi
913 5416 990 5472 sic
1015 5431 1112 5486 per
1131 5420 1554 5489 comparationes
1576 5431 1839 5477 memorat
1866 5425 2083 5491 praemia

508 5504 806 5572 beatorum,
837 5506 979 5561 sicut
1019 5508 1267 5576 superius
1293 5508 1428 5566 dixit
1455 5511 1697 5568 damnari
1741 5528 1899 5584 posse
1945 5514 2083 5572 facta

506 5595 863 5665 peccantium.
909 5597 1058 5654 Feno
1088 5599 1229 5654 enim
1257 5604 1551 5672 comparati
1593 5613 1718 5660 sunt
1751 5614 2078 5674 peccatores,

507 5688 650 5758 quod
678 5689 977 5748 delectabili
1005 5688 1520 5762 quidem‘viriditate
1559 5697 1750 5765 oritur,
1782 5698 1873 5753 sed
1917 5698 2085 5753 celer-

504 5781 643 5839 rimo
669 5783 776 5840 ﬁne
800 5785 1063 5852 siccatur;
1090 5787 1266 5858 justus
1294 5803 1423 5844 vero
1451 5788 1765 5859 dignissime
1804 5805 2084 5860 compara-

504 5882 590 5930 tur
632 5878 839 5944 palma.
872 5877 1061 5933 Palma
1090 5879 1234 5934 enim
1263 5880 1403 5935 dicta
1435 5888 1520 5934 est
1546 5882 1697 5948 quasi
1745 5883 1888 5950 pacis
1925 5882 2083 5949 alina,

506 5982 623 6034 qua:
654 5970 928 6037 premium
956 5979 1042 6028 est
1086 5972 1139 6027 in
1184 5984 1355 6040 agone
1387 5970 1743 6039 vincentibus,
1772 5972 1914 6029 sicut
1943 5975 2086 6043 Apo-

2190 4859 2259 4915 Et
2286 4871 2512 4916 senectus
2534 4878 2644 4916 mea
2672 4861 2724 4916 in
2748 4863 3100 4917 mfsericordia
3124 4862 3280 4917 uberi.
3314 4863 3553 4931 Addidit,
3579 4873 3629 4918 et
3657 4866 3775 4918 bene

2192 4958 2437 5026 patientes
2477 4965 2646 5022 erant,
2692 4956 2815 5025 quia
2862 4956 3141 5012 beatorum
3191 4956 3467 5027 passiones
3509 4957 3772 5013 caelorum

2189 5062 2351 5116 regna
2375 5048 2715 5118 conquirunt.

2266 5139 2416 5194 Vers.
2448 5139 2533 5193 15.
2565 5139 2631 5194 Ut
2666 5142 2964 5194 annuntient
2990 5157 3010 5195 :
3041 5141 3293 5207 Quoniam
3316 5143 3491 5213 justus
3524 5142 3773 5199 Dominus

2194 5229 2329 5284 Deus
2371 5240 2560 5297 noster,
2599 5242 2643 5285 et
2686 5247 2788 5285 non
2833 5241 2909 5285 est
2952 5232 3193 5297 iniquitas
3226 5238 3281 5286 in
3311 5249 3386 5287 eo.
3427 5232 3614 5289 Sancti
3642 5249 3770 5304 quos

2189 5325 2436 5394 superius
2454 5325 2606 5393 dixit,
2626 5324 2746 5379 bene
2767 5327 3011 5394 patientes
3033 5336 3199 5392 erunt,
3216 5327 3339 5382 dum
3360 5330 3629 5400 coeperint
3651 5345 3772 5399 prte-

2188 5416 2292 5471 tuia
2330 5416 2508 5470 divina
2542 5416 2832 5486 suscipere.
2862 5417 3248 5473 Annuntiabunt
3278 5436 3297 5474 .'
3323 5421 3580 5487 Quoniam
3599 5426 3770 5495 justus

2187 5517 2257 5565 est
2287 5508 2555 5577 Dominus,
2600 5510 2650 5564 id
2698 5520 2781 5565 est
2820 5512 2911 5582 qui
2955 5512 3126 5568 servis
3169 5512 3281 5568 suis
3325 5515 3592 5585 promissa
3635 5516 3766 5570 dona

2186 5600 2490 5671 complevit.
2521 5600 2589 5655 Et
2608 5617 2710 5656 non
2734 5611 2807 5657 est
2838 5603 2891 5656 in
2915 5620 2971 5658 eo
2992 5605 3254 5675 iniquitas,
3280 5615 3338 5660 ut
3365 5605 3417 5662 in
3440 5604 3544 5661 hoc
3571 5608 3771 5663 mundo

2187 5709 2284 5765 pro
2313 5708 2372 5749 se
2403 5694 2677 5762 pertulerit
2717 5695 3026 5765 periclitari,
3054 5714 3188 5768 quos
3211 5699 3286 5756 ibi
3316 5699 3530 5756 ornabit
3572 5714 3771 5756 corona

2187 5786 2449 5857 martyrii.

2722 5881 2998 5939 Conclusio
3026 5886 3211 5956 psalmi

2262 5972 2604 6034 Commonuit
2628 5990 2727 6035 nos
2752 5986 2935 6035 sancta
2961 5987 3130 6036 mater
3158 5976 3395 6036 Ecclesia
3419 5979 3765 6050 quemadmo-
