4092 6344
340 421 463 477 661‘

1263 405 1618 467 EXPOSITIO
1658 404 1720 461 IN
1757 402 2207 461 PSALTERIUM.
2247 404 2437 462 PSAL.
2477 403 2632 462 XCII.

344 536 476 592 dum
510 541 816 605 peccatores
844 538 902 588 ut
928 535 1102 585 tenam
1134 534 1371 596 peream,
1402 532 1456 578 et
1492 520 1623 592 justi
1650 526 1709 575 ut
1735 517 1909 588 palma
1934 516 1992 579 Δ
2012 516 2106 572 sed
2130 516 2253 589 quia
2280 518 2507 579 humano
2535 515 2718 586 generi
2745 514 2854 573 Rex
2897 522 3128 574 stemus
3156 493 3589 574 manifestatione

346 628 599 685 ﬂoreant.
630 626 772 683 Dixit
798 624 957 681 etiam
991 635 1095 691 qua
1132 616 1497 675 vicissitudine
1536 612 1801 684 gaudeant
1827 609 1921 681 qui
2024 620 2222 668 sanctis
2250 612 2628 669 incarnationis
2668 610 2916 668 innotuit.
2948 609 3222 680 Sequitur,
3253 608 3484 667 decorem
3510 613 3594 665 lu-

350 723 442 778 hic
479 719 681 777 crebris
717 714 1092 772 afﬂictionibus
1135 712 1496 782 ingravantur.
1529 706 1644 775 ipsa
1685 710 1770 760 est
1813 703 1921 757 dies

349 815 550 872 sabbati
578 827 736 884 quam
766 811 947 866 titulus
978 805 1243 879 praedixit,
1285 804 1338 858 in
1378 814 1483 871 qua
1521 798 1653 869 justi
1695 796 1793 852 sub
1829 810 1928 852 ex-

355 906 643 961 sultatione
671 902 854 957 laudes
893 898 1100 955 Domini
1144 894 1507 957 celebrabant,
1538 900 1591 946 ct
1634 887 1845 945 liberati
1891 901 1923 942 a

355 996 542 1053 mundi
579 994 736 1066 huius
783 990 1239 1064 persecutionibus
1270 986 1452 1043 feriata
1481 981 1764 1040 securitate
1791 994 1924 1051 gau-

355 1088 582 1145 debunt.
630 1084 707 1142 Ne
750 1085 1116 1154 desperemus,
1152 1082 1289 1137 bona
1319 1076 1593 1149 promisit;
1632 1088 1701 1130 ne
1738 1086 1930 1144 pecce-

358 1194 504 1248 mus,
535 1178 765 1250 graviter
800 1176 1123 1233 comminata
1160 1181 1263 1229 est.
1295 1171 1385 1228 Sic
1425 1178 1596 1227 totum
1639 1181 1738 1239 pro
1777 1164 1933 1222 nobis

357 1272 558 1341 agitur,
587 1269 731 1342 quod
758 1284 854 1325 nos
882 1269 1173 1323 admonere
1197 1265 1465 1335 dignatur.

642 1378 999 1436 EXPOSITIO
1036 1378 1100 1434 IN
1140 1375 1459 1434 PSALMUM
1496 1372 1654 1429 XCII.

363 1492 509 1550 Laus
534 1491 719 1547 cantici
744 1492 846 1564 ipsi
875 1490 1059 1557 David,
1077 1490 1138 1564 in
1165 1490 1248 1564 die
1276 1497 1393 1542 ante
1422 1486 1704 1550 sabbatum,
1727 1483 1931 1553 quando

896 1570 1031 1618 terra
1058 1560 1273 1633 fundata
1301 1569 1395 1614 est.

439 1681 703 1739 Canticum
729 1678 797 1734 ad
823 1677 1032 1734 laudem
1054 1675 1358 1731 Divinitatis
1386 1686 1531 1741 saepe
1553 1670 1784 1727 diximus
1815 1682 1941 1739 per-

366 1778 564 1834 tinere.
586 1774 716 1830 Nam
736 1772 877 1844 quod
902 1770 1123 1835 addidit,
1144 1770 1242 1840 ipsi
1264 1767 1449 1833 David,
1473 1764 1689 1821 Christo
1712 1762 1943 1817 Domino

367 1871 627 1938 probatur
668 1874 929 1936 aptatum,
962 1863 1211 1931 quivere
1251 1860 1446 1915 dicitur
1483 1872 1644 1912 manu
1684 1855 1835 1911 fortis
1875 1866 1940 1910 ac

366 1959 780 2017 desiderabilis:
804 1956 1054 2027 quoniam
1075 1962 1129 2010 et
1157 1953 1304 2010 solus
1332 1958 1510 2021 potest
1533 1956 1792 2019 praestare
1820 1961 1941 2016 quae

369 2053 504 2117 vult,
524 2060 579 2107 et
601 2065 631 2104 a
653 2054 763 2104 suis
782 2047 1077 2103 cultoribus
1099 2044 1255 2101 unica
1282 2042 1565 2099 affectione
1584 2040 1940 2097 desideratur.

370 2145 642 2215 Sequitur,
671 2144 726 2197 in
767 2142 849 2196 die
880 2150 998 2195 ante
1044 2139 1326 2203 sabbatum,
1372 2135 1578 2206 quando
1616 2134 1834 2203 fundata
1872 2140 1946 2189 est

370 2247 528 2292 terra.
559 2234 626 2288 In
655 2234 736 2287 die
762 2241 876 2287 ante
911 2230 1188 2292 sabbatum,
1225 2237 1374 2284 sexta
1424 2226 1555 2282 feria
1587 2224 1941 2295 significatur,

370 2343 494 2399 quae
531 2326 809 2383 sabbatum
854 2323 972 2378 sine
998 2320 1331 2376 dubitatione
1372 2316 1647 2389 praecedit.
1684 2314 1787 2370 Sed
1820 2314 1945 2394 dum

370 2420 581 2493 legatur
609 2422 659 2475 in
688 2418 881 2477 Genesi
914 2417 1071 2473 tertio
1100 2416 1187 2472 die
1212 2414 1413 2470 aridam
1445 2411 1760 2484 apparuisse
1790 2410 1945 2482 (Gen.

371 2529 414 2581 ι,
445 2513 524 2584 9),
554 2511 922 2582 inquirendum
944 2518 1028 2564 est
1053 2524 1148 2563 cur
1169 2518 1351 2563 terram
1378 2515 1530 2562 sexto
1556 2506 1642 2562 die
1662 2504 1807 2559 dicat
1826 2517 1949 2559 esse

374 2605 670 2673 fundatam.
703 2602 808 2659 Sed
844 2602 933 2657 hic
970 2602 1238 2656 hominem
1269 2599 1527 2654 debemus
1561 2598 1827 2671 accipere,
1856 2595 1948 2665 qui

376 2712 475 2767 per
504 2705 688 2749 terram
726 2702 1080 2763 congruenter
1120 2692 1435 2759 advertitur,
1474 2690 1611 2745 sicut
1651 2696 1737 2753 est
1770 2685 1945 2741 illud:

375 2788 536 2842 Terra
564 2803 633 2853 es,
662 2796 706 2841 et
734 2787 787 2841 in
815 2795 1000 2840 terram
1038 2786 1133 2839 ibis
1175 2782 1331 2851 (Gen.
1366 2798 1444 2847 ιιι,
1479 2782 1587 2849 l9),
1617 2794 1774 2850 quem
1806 2778 1945 2834 inter

371 2879 523 2934 initia
550 2893 727 2933 rerum
748 2887 904 2933 sexto
926 2878 1010 2933 die
1030 2877 1338 2932 Creatorem
1362 2874 1587 2944 legimus
1612 2870 1941 2927 condidisse.

374 2969 443 3024 Et
462 2967 600 3022 sicut
621 2983 739 3022 eum
765 2976 912 3023 sexta
935 2966 1051 3022 luce
1076 2965 1220 3030 fecit,
1247 2967 1317 3020 ita
1340 2965 1486 3019 illum
1510 2965 1731 3018 veniens
1756 2962 1945 3017 eadem

373 3068 532 3115 aetate
556 3059 840 3129 reparavit.
865 3058 1042 3113 Prima.
1068 3058 1208 3112 enim
1232 3065 1360 3111 aetas
1388 3054 1701 3110 auctoritate
1730 3050 1948 3108 Patrum

373 3151 442 3206 ab
478 3150 643 3206 Adam
691 3165 856 3221 usque
894 3149 960 3204 ad
1008 3148 1122 3204 Noe
1174 3148 1363 3218 legitur
1404 3145 1814 3215 comprehensa.
1850 3146 1948 3201 Sc-

375 3242 545 3298 cunda
576 3258 605 3296 a
644 3243 754 3298 Noe
792 3256 961 3310 usque
1004 3242 1067 3294 ad
1117 3236 1279 3311 315
1316 3238 1606 3292 Abraham.
1650 3236 1829 3290 Tertia
1881 3235 1950 3290 ab

375 3335 642 3391 Abraham
672 3350 840 3405 usque
884 3334 950 3389 ad
992 3334 1175 3388 David.
1210 3333 1404 3399 Quarta
1434 3345 1461 3383 a
1496 3328 1657 3385 David
1688 3344 1857 3400 usque
1881 3329 1946 3385 ad

378 3427 892 3497 transmigrationem
933 3423 1259 3496 Babyloniae.
1296 3423 1489 3489 Quinta
1532 3436 1562 3474 a
1595 3421 1951 3490 transmigra-

376 3521 519 3577 tione
566 3520 870 3592 Babyloniae
916 3534 1083 3589 usque
1132 3516 1197 3571 ad
1248 3516 1677 3587 praedicationem
1706 3513 1946 3570 Joannis.

376 3612 536 3669 Sexta
567 3629 695 3669 vero
725 3620 855 3667 aetas
886 3627 915 3665 a
944 3609 1321 3681 prtedicatione
1348 3607 1568 3661 Joannis
1587 3606 1763 3676 agitur
1784 3618 1951 3686 usque

376 3703 442 3758 ad
474 3704 632 3759 ﬁnem
677 3702 855 3759 saeculi
891 3720 903 3755 :
934 3702 985 3756 in
1016 3717 1117 3772 qua
1163 3699 1443 3755 Dominum
1494 3697 1824 3753 Salvatorem
1858 3710 1953 3751 ve-

377 3794 521 3850 nisse
551 3793 885 3850 manifestum
919 3802 1021 3863 est,
1051 3793 1260 3864 quando
1302 3791 1501 3847 homini
1544 3790 1707 3845 variis
1737 3790 1952 3845 casibus

378 3885 653 3940 ﬂuctuanti
690 3885 1032 3940 fundamenta
1060 3899 1171 3938 sum
1201 3881 1325 3938 fidei
1358 3880 1672 3951 propitiatus
1711 3878 1949 3932 indulsit.

378 3976 530 4032 Tunc
553 3977 693 4031 enim
721 3976 934 4047 fundata
972 3982 1043 4029 est
1075 3983 1234 4041 terra,
1260 3972 1474 4042 quando
1504 3973 1558 4024 in
1587 3985 1706 4023 cum
1735 3968 1954 4022 humani

382 4068 589 4137 generis
628 4076 712 4124 est
757 4068 965 4124 firmata
1012 4065 1319 4121 credulitas.
1355 4063 1424 4117 Et
1463 4062 1581 4115 ideo
1613 4061 1727 4114 laus
1754 4068 1954 4115 sancte

381 4158 760 4216 incarnationis
784 4158 900 4228 ejus
925 4156 1117 4228 psalmi
1142 4156 1295 4211 iStius
1316 4153 1656 4209 contextione
1682 4158 1953 4207 cantatur.

950 4289 1146 4346 Divisio
1175 4288 1379 4360 psalmi.

452 4407 660 4463 Primus
700 4408 846 4463 locus
892 4415 975 4462 est
1017 4422 1047 4461 a
1093 4402 1487 4476 pulchritudine
1530 4404 1716 4473 ipsrus,
1759 4401 1956 4459 deinde

380 4514 409 4554 a
443 4498 772 4565 fortitudine,
803 4500 957 4554 tertio
988 4499 1056 4553 ab
1085 4498 1353 4567 cperibus,
1387 4505 1575 4566 quarto
1606 4512 1634 4552 a
1668 4505 1948 4567 potestate,

380 4591 568 4660 quinto
609 4604 637 4644 a
684 4589 925 4644 laudibus
968 4588 1353 4654 universitatis,
1382 4595 1534 4642 sexto
1562 4601 1593 4641 a
1620 4586 1844 4642 veritate
1874 4588 1956 4643 di-

2027 706 2157 772 duit,
2198 704 2249 761 id
2282 715 2363 761 est
2393 704 2835 775 pulchritudinem
2860 717 2977 760 suae
3008 701 3304 785 maiestatis
3340 698 3599 767 ostendit,

2029 799 2165 855 sicut
2193 799 2246 854 in
2276 797 2566 869 Evangelio
2596 797 2808 869 legitur,
2840 796 3050 869 quando
3082 795 3487 877 transﬁguratus
3512 794 3602 853 est

2029 892 2083 947 in
2113 900 2292 948 monte
2320 891 2535 948 Thabor
2573 905 2754 948 coram
2783 890 3057 962 discipulis
3086 889 3199 947 suis
3224 908 3237 944 :
3271 885 3341 943 Et
3368 886 3602 959 resplen-

2031 985 2143 1039 duit
2168 985 2320 1053 facies
2347 986 2454 1056 ejus
2478 992 2533 1039 ut
2560 981 2659 1052 sol,
2686 984 2980 1038 vestimenta
3007 990 3175 1037 autem
3194 979 3305 1052 ejus
3330 981 3468 1049 facta
3486 978 3611 1033 ιω

2032 1073 2152 1130 alba
2182 1081 2238 1128 ut
2275 1074 2363 1128 nia:
2393 1072 2609 1146 (Matth.
2638 1088 2769 1140 xvtt,
2810 1071 2890 1144 2),
2929 1069 3106 1142 qualia
3136 1069 3267 1126 fullo
3296 1082 3407 1125 non
3432 1072 3613 1140 potest

2033 1167 2208 1222 facere
2236 1181 2396 1235 super
2425 1177 2644 1223 terram.

2106 1257 2286 1312 Induit
2323 1256 2574 1311 Dominus
2619 1256 2994 1326 fortitudinem,
3026 1263 3074 1310 et
3108 1254 3375 1327 ργωεὶηώ
3402 1270 3477 1312 se.
3505 1253 3614 1313 lste

2038 1351 2188 1406 locus
2221 1355 2306 1405 est
2338 1347 2627 1415 secundus,
2660 1363 2816 1417 quem
2853 1346 3088 1403 diximus
3120 1361 3147 1402 a
3179 1344 3514 1403 fortitudine.
3544 1344 3627 1425 Et

2037 1441 2246 1509 respice
2276 1437 2417 1510 quod
2447 1438 2594 1508 prius
2634 1452 2843 1497 comma
2887 1440 2939 1495 in
2985 1440 3177 1496 eodem
3212 1438 3381 1497 verbo
3412 1438 3607 1511 ﬁnivit,

2040 1529 2181 1585 unde
2211 1529 2474 1599 posterius
2516 1528 2798 1585 inchoavit.
2827 1528 2956 1597 Quae
2988 1530 3157 1600 ﬁgura
3186 1529 3381 1588 dicitur
3420 1545 3617 1603 epem-

2040 1620 2203 1688 basis,
2235 1621 2443 1691 quoties
2491 1623 2556 1676 ad
2605 1620 2853 1677 decorem
2896 1620 3148 1678 dictionis
3197 1636 3375 1679 sermo
3422 1623 3617 1694 aliquis

2042 1712 2285 1778 iteratur,
2313 1712 2452 1768 sicut
2481 1720 2563 1768 est
2591 1711 2715 1767 illud
2744 1729 2759 1766 :
2786 1711 3005 1767 Psallile
3033 1711 3140 1769 Deo
3160 1721 3351 1781 nostro,
3383 1714 3624 1784 psallite;

2046 1804 2249 1872 psallite
2277 1803 2403 1874 Regi
2432 1814 2623 1872 nostro,
2659 1804 2880 1874 psallite,
2910 1810 2967 1860 et
2994 1804 3075 1861 his
3114 1803 3332 1860 similia.
3381 1804 3622 1860 Fortitu-

1967 1899 2019 1960 B
2044 1895 2215 1951 dinem
2238 1911 2367 1951 vero
2393 1896 2583 1959 induit,
2614 1897 2825 1968 quando
2852 1895 2904 1952 in
2932 1895 3183 1968 passione
3209 1912 3303 1952 sua
3332 1896 3530 1953 Iudaeis
3559 1910 3622 1955 se

2048 1998 2232 2045 tenere
2256 1988 2615 2059 quaerentibus
2642 1988 2915 2058 respondit
2944 2006 2957 2043 :
2984 1987 3095 2063 Ego
3117 2006 3229 2045 sum
3252 1988 3434 2061 (Joan.
3466 2004 3624 2060 xvut,

2047 2082 2103 2153 5,
2125 2080 2221 2155 ,6).
2270 2080 2338 2137 At
2378 2081 2450 2135 illi
2496 2080 2727 2136 abierunt
2771 2091 3157 2147 retrorsum;et
3192 2091 3400 2141 terrore
3429 2098 3627 2154 magno

2046 2173 2299 2245 perculsi,
2325 2174 2415 2243 qui
2439 2173 2506 2227 ad
2535 2173 2641 2228 vim
2672 2172 2968 2231 faciendam
3001 2184 3276 2241 venerant,
3311 2173 3413 2246 ipsi
3445 2175 3625 2245 potius

2047 2264 2385 2322 corruebant.
2414 2265 2469 2324 Si
2494 2266 2592 2321 ista
2614 2264 2718 2320 duo
2746 2267 3093 2335 spiritualiter
3119 2271 3464 2341 accipiamus,
3495 2284 3585 2326 om

2050 2356 2175 2410 nino
2219 2357 2568 2423 conveniunt;
2620 2360 2851 2413 decorem
2906 2360 3072 2413 induit
3127 2361 3209 2416 eis
3262 2362 3453 2431 quibus
3494 2359 3623 2423 fidei

2049 2446 2270 2503 veritate
2318 2447 2413 2503 Dei
2457 2448 2617 2504 Filius
2669 2450 2993 2520 apparebat;
3039 2450 3391 2519 fortitudinem
3441 2459 3619 2506 autem

2048 2541 2211 2596 induit
2254 2540 2507 2597 adversus
2539 2557 2631 2598 eos
2666 2542 2755 2614 qui
2790 2544 2839 2598 ei
2879 2544 3101 2600 credere
3144 2544 3453 2608 noluerunt,
3478 2542 3623 2614 judi-

2050 2633 2192 2689 cium
2218 2633 2587 2690 comminando
2626 2635 2922 2707 praedicens
2948 2636 3025 2692 eis
3054 2636 3263 2692 debitas
3298 2650 3484 2707 pmnas
3524 2636 3626 2691 im-

2052 2724 2166 2794 pios
2185 2739 2306 2780 esse
2329 2739 2596 2794 passuros.
2624 2726 2906 2781 Praecinxit
2929 2745 3002 2794 se,
3026 2727 3155 2783 illud
3181 2728 3318 2783 forte
3339 2726 3628 2797 signiﬁcat,

2051 2815 2261 2885 quando
2290 2815 2570 2885 praecinxit
2602 2831 2662 2873 se
2693 2816 2855 2873 linteo
2894 2824 2949 2873 et
2988 2818 3151 2887 pedes
3194 2816 3468 2886 discipulis
3497 2815 3627 2873 lavit

2052 2904 2227 2979 (Joan.
2261 2923 2374 2972 xttt,
2397 2906 2476 2975 4).
2507 2906 2601 2964 Illa
2629 2908 2770 2965 enim
2802 2910 3069 2965 humilitas
3089 2917 3142 2967 et
3166 2911 3394 2966 decorem
3421 2909 3629 2978 habuit,

2052 2998 2176 3067 quia
2226 2997 2469 3068 dignatus
2524 3006 2608 3055 est
2658 3001 2915 3057 cmlorum
2968 3001 3223 3057 Dominus
3268 3000 3628 3056 humillimum

2052 3088 2368 3158 obsequium
2389 3091 2499 3145 suis
2525 3089 2737 3146 famulis
2763 3090 3039 3148 exhibere.
3066 3090 3258 3148 Habuit
3284 3100 3337 3147 et
3362 3090 3629 3163 fortitudi-

2053 3198 2188 3249 nem,
2224 3183 2348 3253 quia
2391 3197 2488 3252 per
2526 3184 2880 3241 humilitatem
2920 3183 3117 3242 diaboli
3152 3186 3408 3242 malitiam
3444 3200 3632 3257 super-

1976 3275 2025 3343 C
2054 3274 2301 3346 biamque
2331 3277 2635 3347 prostravit.

2129 3366 2281 3422 Vers.
2306 3367 2361 3421 2.
2390 3368 2592 3423 Etenim
2620 3369 2839 3439 firmavit
2869 3376 3040 3425 orbem
3067 3379 3234 3440 teme,
3258 3372 3347 3443 qui
3373 3389 3475 3428 non
3495 3388 3634 3429 com-

2053 3464 2351 3517 movebitur.
2402 3463 2597 3519 Tertise
2641 3464 3115 3536 argumentationis
3168 3467 3315 3522 locus
3357 3467 3634 3535 oboritur,

2054 3569 2213 3623 quem
2250 3553 2498 3624 superius
2526 3554 2756 3612 diximus
2786 3556 2853 3612 ab
2882 3558 3155 3628 operibus.
3201 3555 3449 3612 Firmavit
3488 3557 3633 3613 enim

2056 3644 2225 3698 orbem
2254 3652 2419 3711 terra,
2453 3645 2503 3699 id
2534 3655 2614 3700 est
2647 3645 2961 3712 Ecclesiam,
3005 3647 3217 3717 quando
3252 3649 3304 3703 in
3345 3645 3634 3718 Evangelio

2056 3737 2188 3793 dixit
2216 3756 2229 3793 :
2256 3736 2337 3791 Tu
2372 3756 2424 3793 es
2470 3737 2673 3805 Petrus,
2701 3748 2747 3793 et
2774 3756 2926 3808 super
2962 3738 3095 3793 hanc
3143 3749 3338 3808 petram
3366 3737 3633 3808 ludificabit

2056 3827 2339 3884 Ecclesium
2368 3840 2553 3896 meatu,
2581 3838 2629 3885 et
2658 3840 2817 3900 porta:
2850 3830 3002 3900 inferi
3037 3846 3137 3885 non
3172 3831 3509 3899 prtevalebunt
3538 3831 3637 3885 ad-

2056 3938 2222 3977 versus
2248 3939 2359 3975 eam
2389 3921 2601 3991 (Matth.
2634 3936 2740 3988 tm,
2772 3920 2883 3993 i8).
2912 3920 3048 3975 Vera
3078 3920 3212 3986 laus,
3237 3919 3479 3975 mirabile
3496 3935 3634 3991 pra!-

2057 4018 2293 4081 cunium,
2323 4027 2380 4071 ut
2408 4024 2549 4071 terra
2598 4015 2690 4069 illa
2734 4029 2852 4084 qua:
2891 4013 3155 4084 signiﬁcat
3193 4014 3488 4069 Ecclesiam
3519 4023 3634 4072 toto

2058 4107 2189 4162 orbe
2230 4106 2473 4161 ditiusam
2515 4119 2619 4160 non
2648 4114 3045 4160 commoveatur
3075 4104 3361 4173 ullatenus,
3392 4106 3635 4175 quamvis

2058 4195 2161 4252 ista
2182 4196 2443 4267 frequenti
2468 4194 2818 4251 concussione
2847 4203 3083 4250 vexetur.

2130 4285 2285 4341 Vere.
2312 4286 2366 4341 5.
2401 4284 2596 4340 Parata
2624 4284 2764 4340 sedes
2793 4294 2897 4353 tua,
2923 4284 3080 4355 Deus,
3110 4301 3173 4341 ea:
3200 4294 3351 4353 tunc;
3377 4303 3409 4340 a
3446 4290 3636 4344 seculo

2060 4388 2117 4435 tu
2143 4396 2212 4435 es.
2243 4379 2362 4452 Ipse
2388 4388 2471 4435 est
2514 4390 2731 4450 quartus
2775 4378 2922 4436 locus
2966 4395 3121 4451 quem
3157 4396 3317 4453 supra
3343 4382 3574 4439 diximus
3605 4398 3637 4438 a

2050 4466 2341 4543 potestate.
2373 4470 2499 4529 Sive
2530 4470 2670 4527 illam
2699 4472 2880 4528 sedem
2917 4473 3023 4529 vult
3069 4473 3291 4545 intelligi
3335 4490 3438 4545 qua
3486 4475 3640 4530 sedet

2061 4566 2128 4621 ad
2157 4565 2429 4622 dexteram
2456 4564 2647 4635 Patris,
2679 4566 2793 4623 sive
2822 4567 2974 4623 istam
2999 4583 3157 4638 quam
3188 4568 3345 4624 habet
3378 4569 3429 4623 in
3460 4577 3641 4625 mente

380 4659 613 4747 ﬂorum,
648 4692 970 4752 postremum
996 4696 1023 4736 λ
1053 4681 1210 4736 laude
1238 4680 1427 4735 domus
1452 4680 1641 4750 ipsius,
1676 4695 1835 4751 quam
1866 4680 1960 4736 (ιθ,
1984 4662 2041 4724 D
2065 4659 2318 4737 fidelium,
2351 4661 2485 4716 sicut
2508 4660 2735 4731 legitur:
2766 4660 2934 4732 Super
2953 4676 3101 4731 quem
3120 4662 3386 4732 requiescit
3413 4660 3640 4731 Spiritus

379 4781 468 4827 cet
514 4779 711 4826 aeterna
760 4770 1111 4826 exsultatione
1158 4770 1407 4840 gaudere.
1459 4771 1549 4824 Sic
1590 4771 1707 4826 istis
1753 4780 1959 4840 septem

381 4864 599 4920 sedibus
628 4873 1057 4935 argumentorum
1086 4864 1486 4919 demonstrativi
1510 4865 1720 4935 generis
1742 4873 1823 4919 est
1851 4864 1960 4918 for-

380 4967 525 5011 mata
565 4956 817 5011 laudatio.
864 4955 969 5011 Sed
1013 4972 1108 5026 pro
1150 4957 1498 5012 divisionibus
1541 4958 1699 5026 (sicut
1739 4958 1792 5010 in
1837 4957 1955 5013 aliis

382 5048 600 5119 psalmis
641 5047 885 5118 fecimus)
930 5049 1277 5118 quantitatem
1326 5048 1531 5103 numeri
1578 5048 1775 5104 sufﬁcit
1805 5050 1952 5120 poni,

382 5138 591 5207 quundo
622 5148 675 5194 et
699 5141 813 5209 ipse
842 5139 1075 5195 calculus
1105 5148 1227 5209 apte
1255 5139 1543 5209 dispositus
1564 5156 1649 5196 res
1680 5140 1957 5196 continuas

382 5244 634 5300 separare
664 5230 1011 5303 dignoscitur.

914 5368 1182 5438 Expositio
1227 5368 1428 5439 psalmi.

454 5479 607 5537 Vere.
660 5482 709 5537 I.
762 5481 1009 5536 Dominus
1050 5482 1295 5553 regnavit,
1344 5482 1575 5535 decorem
1620 5482 1810 5536 induit.
1860 5482 1955 5539 Hic

381 5572 587 5642 primus
629 5582 713 5629 est
759 5573 907 5629 locus
950 5573 1443 5644 argumentationis,
1472 5588 1629 5643 quem
1661 5573 1892 5630 diximus
1922 5589 1953 5629 a

380 5668 800 5738 pulchritudine.
834 5667 962 5727 Nam
992 5683 1110 5738 quae
1149 5678 1364 5724 ventura
1400 5677 1553 5722 erant
1582 5669 1839 5737 propheta
1866 5683 1955 5723 rc-

377 5760 634 5829 spiciens,
672 5768 1001 5833 regnaturum
1040 5759 1316 5816 Dominum
1359 5776 1547 5830 magna
1598 5760 1953 5816 exsultatione

383 5853 751 5919 concelebrat;
792 5869 897 5909 non
944 5854 1062 5924 quia
1108 5855 1365 5911 dominari
1408 5856 1567 5924 cmpit
1597 5869 1660 5910 ex
1689 5862 1949 5924 tempore,

2064 4768 2220 4820 meus,
2270 4752 2370 4804 nisi
2410 4768 2557 4822 super
2603 4752 2863 4818 humilem,
2910 4760 2958 4807 et
2993 4752 3236 4823 quietum,
3265 4761 3311 4807 et
3350 4760 3639 4807 trementem

2061 4844 2208 4898 verba
2238 4860 2346 4897 mea
2370 4841 2522 4914 (1εαὶ.
2554 4859 2694 4911 vat,
2721 4843 2819 4913 2)?
2848 4841 3046 4898 Parata
3073 4843 3334 4913 signiﬁcat
3365 4843 3639 4912 prmdesti-

2061 4936 2353 5000 nationem,
2384 4938 2501 5006 quia
2532 4947 2696 4992 totum
2745 4937 2797 4992 in
2837 4936 2926 4992 illa
2964 4938 3189 4993 veritate
3215 4938 3456 4993 consistit
3485 4937 3639 5009 quid-

2062 5026 2188 5097 quid
2211 5027 2263 5081 in
2288 5026 2745 5085 administratione
2772 5031 2954 5085 mundi
2981 5032 3196 5085 evenire
3218 5031 3521 5101 contigerit.
3551 5028 3637 5087 Ea

2062 5128 2182 5173 tunc
2200 5120 2459 5191 significat
2480 5120 2675 5177 Christi
2699 5121 3137 5189 incarnationem,
3163 5137 3282 5194 qua:
3311 5123 3405 5179 fuit
3431 5139 3495 5179 ex
3528 5124 3638 5180 Ma-

2062 5215 2139 5269 ria
2166 5214 2403 5284 Virgine,
2425 5215 2637 5285 quando
2665 5215 2936 5285 apostolos
2966 5230 3092 5270 suos
3120 5224 3176 5271 et
3203 5227 3425 5272 caeteros
3454 5214 3637 5272 ﬁdeles

2061 5305 2392 5376 plenitudine
2433 5306 2559 5379 [ed.,
2598 5304 2999 5381 plenitudinem]
3043 5323 3153 5364 suae
3183 5308 3476 5380 maiestatis
3503 5309 3633 5365 edo-

2062 5398 2189 5454 cuit.
2242 5400 2287 5451 A
2333 5400 2517 5453 steculo
2567 5397 2815 5454 deitatem
2863 5399 3146 5471 signiﬁcat,
3195 5416 3297 5471 qua
3337 5411 3636 5457 coaeternus

2057 5502 2287 5559 regnans
2328 5503 2448 5543 cum
2497 5489 2673 5553 Patre,
2725 5490 2893 5547 nescit
2939 5507 3060 5547 esse
3102 5493 3204 5548 sub
3244 5500 3500 5565 tempore.
3534 5493 3638 5551 Per

2060 5578 2177 5635 haec
2214 5580 2357 5634 enim
2392 5581 2573 5648 verba,
2608 5596 2710 5637 una
2742 5584 2953 5652 quidem
2996 5600 3243 5653 persona,
3282 5586 3375 5641 sed
3409 5586 3529 5641 duae
3557 5586 3633 5640 si-

2058 5672 2376 5742 gnificantur
2424 5681 2625 5727 natura:
2673 5675 2882 5729 Domini
2923 5675 3146 5733 Christi.
3195 5676 3345 5733 Unde
3386 5690 3633 5731 necessa-

2059 5767 2195 5819 rium
2226 5774 2307 5819 est
2339 5768 2473 5821 hanc
2516 5769 2747 5838 regulam
2790 5785 2883 5838 per
2923 5770 3035 5825 loca
3066 5786 3297 5840 congrua
3328 5770 3488 5842 (sicut
3528 5769 3631 5823 Pa-

2062 5866 2195 5911 trum
2238 5858 2411 5912 firmat
2455 5862 2765 5932 auctoritas)
2809 5863 3003 5932 sarpius
3046 5877 3408 5918 comntonere.
3461 5865 3632 5935 Atque
