4062 6344
491 447 597 505 663

1730 440 1819 499 Mc
1855 439 2146 501 AURELII
2170 440 2575 502 CASSIODORI

3675 445 3785 503 664

486 567 699 622 utinam
729 562 811 621 sic
844 559 1175 621 dementiam
1206 556 1586 616 haereticorum
1614 557 1960 630 conquiescat
1988 560 2089 615 im-
2115 558 2171 621 Α
2193 572 2468 630 nunquam
2498 558 2745 627 deserat;
2779 558 2859 616 sic
2884 556 3180 629 componit,
3210 562 3272 616 ut
3297 556 3608 617 nullatenus
3631 560 3788 619 disab

486 657 756 731 probitas,
786 664 846 713 ut
874 656 978 713 hoc
1014 654 1189 727 magis
1229 652 1534 725 importune
1580 666 1741 725 quam
1781 650 2086 709 necessarie

488 760 741 824 repetere
764 751 1088 830 videamur.-

552 845 727 902 .Vers.
766 845 820 900 4.
858 843 1203 900 Eleuaverunt
1233 844 1472 916 ﬂumina,
1502 842 1741 909 Domine,
1772 840 2085 896 elevatterunt

492 937 715 1008 ﬂumina
738 951 885 991 uoces
911 952 1060 1004 suas,
1088 954 1121 991 a
1147 937 1350 993 vocibus
1378 949 1629 1007 aquarum
1650 932 1950 988 multarum.

563 1030 719 1087 «Vere.
753 1030 808 1085 5.
839 1028 1107 1083 Mirabiles
1145 1030 1392 1085 elationes
1419 1028 1610 1092 maris;
1636 1023 1886 1081 mirabilis
1911 1024 1967 1078 in
1995 1037 2084 1078 ex-

488 1120 640 1181 celsis
666 1118 792 1193 [ms.
824 1119 916 1190 A.,
944 1122 998 1175 in
1021 1119 1164 1193 altis]
1210 1120 1486 1178 Dominus.
1512 1121 1618 1177 Iste
1646 1121 1864 1191 quintus
1892 1124 1976 1175 est
1999 1131 2087 1172 ar-

490 1216 912 1289 gumentationis
958 1216 1107 1271 locus
1153 1228 1184 1269 a
1229 1212 1479 1269 laudibus
1534 1210 1934 1275 universitatis,
1995 1207 2087 1264 ubi

414 1384 421 1389 ﬁ
489 1308 755 1380 propheta
784 1308 978 1364 intuitu
1010 1305 1205 1362 divinae
1236 1303 1512 1361 charitatis
1540 1301 1839 1367 exsultans,
1867 1299 2089 1355 ﬂumina

491 1402 629 1459 dicit
668 1418 922 1460 emanare
952 1400 1164 1459 Domini
1193 1396 1483 1470 praeconia.
1523 1394 1654 1464 Quae
1692 1392 1863 1464 ﬁgura
1892 1391 2089 1448 dicitur

493 1497 875 1568 prosopopoeia
895 1535 913 1563 ,
956 1493 1168 1566 quoties
1215 1488 1526 1547 inanimatis
1573 1486 1735 1543 rebus
1781 1484 1945 1541 verba
1990 1482 2089 1539 tri-

489 1591 754 1649 buuntur.
786 1589 941 1660 Quod
971 1591 1187 1645 schema
1222 1586 1279 1643 in
1314 1580 1607 1654 Scripturis
1633 1577 1829 1637 divinis
1873 1578 2090 1634 creber.

489 1683 634 1740 rime
658 1682 945 1752 reperitur.
972 1679 1080 1737 Sed
1102 1679 1303 1735 bonum
1325 1682 1409 1733 est
1432 1682 1492 1731 ut
1514 1686 1816 1745 quaramus
1837 1684 1959 1741 quae
1982 1669 2091 1725 sint

489 1774 594 1831 ista
624 1774 868 1846 ﬂumina,
912 1788 1033 1842 quae
1077 1787 1220 1827 voces
1263 1785 1386 1824 suas
1433 1766 1630 1823 elevant
1673 1766 1727 1822 in
1772 1763 2087 1819 clamorem.

492 1866 743 1938 Apostoli
771 1866 998 1933 scilicet,
1032 1865 1122 1936 qui
1151 1864 1219 1920 de
1254 1861 1463 1934 Spiritu
1500 1867 1689 1918 sancto
1730 1857 1899 1930 palati
1943 1862 2087 1924 sunt,

490 1958 637 2017 sicut
662 1959 717 2014 in
749 1957 1058 2029 Evangelio,
1086 1963 1250 2027 caput
1276 1954 1557 2010 ﬂuminum
1583 1959 1638 2008 et
1657 1950 1777 2007 fons
1806 1962 2086 2020 aquarum,
2118 1948 2169 2011 B

489 2052 755 2112 Dominus
786 2054 901 2124 ipse
929 2059 1192 2108 testatur:
1228 2049 1332 2116 Qui
1369 2048 1529 2103 credit
1562 2046 1618 2100 in
1644 2060 1743 2110 me,
1777 2042 1996 2115 ﬂumina
2024 2041 2089 2097 de

490 2154 663 2202 uentre
687 2146 797 2217 ejus
826 2146 990 2215 ﬂuent
1015 2158 1163 2216 aqua:
1186 2142 1312 2197 vitate
1333 2139 1513 2213 (Joan.
1542 2152 1638 2207 vn,
1669 2136 1784 2207 38).
1817 2136 1935 2207 Ipsa
1957 2148 2088 2205 ergo

495 2240 717 2311 ﬂumina
738 2246 1093 2295 manaverunt
1121 2247 1400 2293 sermones
1441 2233 1694 2303 irriguos,
1724 2229 1840 2300 ipsa
1870 2229 1922 2284 in
1946 2242 2090 2300 prae-

378 2327 399 2350 ‘
492 2329 853 2387 dicationibus
898 2328 1010 2386 suis
1047 2340 1212 2385 voces
1257 2338 1484 2382 erexere
1529 2320 1915 2378 sanctissimas.
1955 2317 2087 2386 Quae

493 2425 693 2483 merito
722 2425 929 2482 elevatae
956 2423 1115 2481 dictae
1149 2428 1294 2488 sunt,
1339 2417 1593 2492 quoniam
1637 2413 1861 2472 Auctori
1902 2412 2089 2469 laudes

496 2530 627 2576 suas
673 2519 983 2575 salutariter
1020 2516 1352 2573 obtulerunt.
1383 2510 1651 2569 Mundana
1686 2507 1831 2565 enim
1870 2507 2089 2578 ﬂumina

496 2626 694 2670 cursus
724 2626 852 2669 suos
890 2626 1000 2668 non
1042 2610 1276 2681 erigunt,
1306 2606 1403 2664 sed
1432 2605 1610 2677 potius
1636 2604 1692 2660 in
1718 2599 1973 2658 inferiora
1998 2598 2091 2654 de-

494 2716 770 2781 mergunt.
804 2707 939 2765 Nam
982 2714 1263 2778 postquam
1303 2702 1372 2760 de
1421 2699 1784 2771 apostolorum
1833 2692 2091 2767 praedica-

496 2800 649 2858 tione
690 2799 844 2871 dixit,
892 2812 1034 2855 nunc
1079 2794 1299 2868 exponit
1345 2789 1799 2866 quemadmodum
1846 2784 2090 2845 Ecclesia

494 2892 712 2950 Domini
738 2891 989 2965 largitate
1015 2882 1281 2963 proﬁciat.
1316 2887 1361 2944 Α
1387 2886 1592 2942 vocibus
1618 2898 1868 2956 aquarum
1896 2880 2089 2935 multa-

495 3002 638 3054 rum,
666 2993 853 3057 gentes
883 2981 1169 3056 signiﬁcat,
1201 2995 1322 3053 qua:
1350 2977 1418 3035 ad
1446 2976 1765 3035 catholicam
1795 2973 1955 3029 ﬁdem
1985 2972 2091 3027 Do-

497 3075 708 3133 minum
736 3075 1003 3132 laudando
1029 3073 1377 3130 conveniunt.
1417 3070 1503 3128 Ab
1543 3069 1658 3125 istis
1696 3080 1828 3136 ergo
1871 3064 2092 3120 vocibus

502 3170 766 3225 mirabiles
798 3169 950 3225 laetae
978 3177 1104 3224 sunt
1127 3167 1373 3223 elationes
1408 3163 1591 3231 maris,
1620 3161 1674 3218 id
1701 3167 1786 3217 est
1814 3160 1882 3216 de
1910 3155 2092 3213 saeculi

503 3264 662 3323 istius
703 3264 818 3320 salo
858 3263 1157 3319 animarum
1211 3259 1457 3332 provenit
1509 3255 1762 3314 salutaris
1812 3265 2088 3310 ascensus.

2192 659 2370 720 petur.
2398 650 2600 708 Verum
2624 651 2740 707 haec
2766 649 3111 720 sanctificatio
3133 648 3300 722 (quod
3329 657 3411 705 est
3437 651 3787 718 prastautis—

2190 742 2384 799 simum
2410 742 2599 813 decus)
2647 756 2757 798 non
2784 740 2853 796 ad
2882 747 3213 796 momentum
3241 739 3516 806 tribuitur,
3548 742 3647 797 sed
3680 743 3787 801 sub

2188 834 2493 891 aeternitate
2532 838 2839 904 prestatur.
2873 830 3164 903 Longitudo
3195 831 3340 887 enim
3388 833 3595 888 dierum
3624 842 3791 890 aster-

2189 926 2413 983 nitatem
2457 923 2742 995 signiﬁcat,
2792 936 2913 992 quae
2954 920 3102 977 nullo
3148 928 3328 991 potest
3358 922 3467 979 ﬁne
3497 921 3783 981 concludi.

2188 1009 2322 1067 Nam
2367 1010 2529 1081 (sicut
2568 1009 2783 1080 quidam
2814 1007 2976 1080 dixit)
3019 1009 3239 1079 longum
3272 1024 3381 1066 non
3429 1020 3536 1078 est,
3576 1012 3631 1067 iu
3676 1027 3789 1083 quo

2188 1106 2272 1154 est
2316 1096 2518 1168 aliquid
2553 1107 2880 1155 extremum.
2912 1096 3005 1153 Sic
3055 1098 3218 1154 totius
3245 1097 3666 1157 demonstrativi
3698 1116 3789 1174 ge-

2188 1192 2337 1250 neris
2364 1199 2572 1262 septem
2601 1191 2841 1262 partibus
2870 1190 3127 1248 dominici
3154 1191 3419 1251 adventus
3450 1200 3538 1251 est
3562 1194 3787 1253 laudata

2189 1284 2469 1343 perfectio.

2726 1399 3001 1457 Conclusio
3026 1401 3233 1472 psalmi.

2262 1515 2403 1573 Ecce
2446 1522 2596 1573 sexta
2624 1514 2834 1573 sabbati
2858 1516 2913 1572 in
2941 1516 3316 1573 incarnatione
3348 1515 3595 1587 Domini,
3622 1532 3789 1589 quam

2191 1612 2381 1669 titulus
2430 1611 2705 1683 praedixit,
2752 1618 2970 1667 ostensa
3015 1618 3120 1668 est.
3166 1611 3406 1667 Audiant
3452 1612 3788 1683 insipientes

2193 1705 2337 1762 hunc
2384 1704 2673 1775 psalmum,
2703 1703 2795 1774 qui
2843 1710 3037 1773 putant
3093 1702 3436 1774 splendidum
3489 1703 3787 1761 adventum

2193 1798 2409 1855 Domini
2459 1798 2637 1869 aliqua
2689 1797 3036 1867 derogatione
3083 1796 3427 1853 fuscandum.
3474 1796 3582 1853 Per
3609 1798 3788 1869 ipsum

2193 1891 2465 1948 declarata
2512 1898 2597 1947 est
2635 1889 2945 1946 hominibus
2988 1889 3231 1960 potentia
3276 1889 3642 1946 sanctissima:
3669 1889 3789 1946 Tri-

2194 1984 2404 2051 nitatis;
2432 1997 2531 2053 per
2550 1982 2722 2053 ipsum
2742 1982 2885 2038 sacri
2910 1981 3249 2053 baptismatis
3279 1981 3491 2039 lavacra
3519 1996 3789 2051 provene-

2191 2083 2351 2142 runt;
2385 2090 2482 2145 per
2507 2076 2682 2146 ipsum
2705 2074 2879 2131 beatae
2900 2072 3406 2131 communicationis
3420 2072 3568 2129 dona
3587 2073 3790 2130 collata

2191 2177 2350 2234 sunt;
2381 2182 2480 2239 per
2527 2168 2704 2238 ipsum
2736 2167 2958 2223 diversa
3002 2166 3391 2223 charismatum
3421 2179 3658 2222 munera
3686 2165 3789 2221 ﬁo-

2192 2271 2447 2329 ruerunt;
2480 2276 2577 2334 per
2618 2262 2795 2333 ipsum
2841 2275 2992 2318 mors
3037 2260 3315 2331 occubuit,
3347 2260 3459 2315 vita
3510 2259 3788 2324 surrexit;

2192 2372 2290 2430 per
2321 2358 2497 2429 ipsum
2538 2356 2785 2413 diabolus
2812 2356 3020 2422 victus;
3067 2369 3165 2426 per
3194 2353 3370 2425 ipsum
3401 2352 3570 2408 homo
3602 2351 3791 2408 nosci-

2191 2457 2282 2506 tur
2308 2462 2429 2505 esse
2452 2447 2732 2504 liberatus.
2765 2446 3051 2503 Exsultant
3081 2444 3279 2516 angeli,
3308 2442 3616 2515 gloriantur
3636 2441 3790 2509 coli,

2193 2546 2273 2607 et,
2304 2538 2441 2610 proh
2470 2537 2652 2595 nefas!
2691 2536 2869 2592 adhuc
2905 2536 3067 2591 homo
3101 2534 3343 2605 ingratus
3379 2533 3651 2601 redditur,
3700 2531 3789 2589 cui

2192 2630 2541 2703 singulariter
2560 2627 2885 2685 "subvenisse
2905 2633 3259 2683 monstratur.

2455 2740 2821 2800 EXPOSITIO
2860 2739 2927 2797 ιΝ
2965 2738 3294 2797 PSALMUM
3332 2736 3512 2796 XCI".

2457 2852 2703 2909 Psalmus
2729 2852 2831 2924 ipsi
2855 2840 3047 2919 Dauid,
3081 2857 3269 2922 quarta
3293 2846 3510 2906 s'abbati.

2264 2970 2400 3025 Dum
2430 2968 2520 3024 illa
2548 2967 2713 3025 'verba
2741 2973 2865 3022 nota
2894 2966 3001 3021 sint
3028 2979 3147 3037 quae
3177 2961 3528 3034 praecedunt,
3555 2961 3686 3033 quid
3715 2963 3791 3019 sit

2194 3072 2381 3135 quarta
2419 3061 2615 3117 sabbati
2660 3066 2874 3131 oportet
2915 3072 3015 3114 nos
3066 3054 3376 3127 diligentius
3429 3055 3787 3124 perscrutari.

2198 3156 2396 3222 Quarta
2446 3154 2643 3210 sabbati
2687 3160 2768 3208 est
2798 3166 2830 3206 a
2876 3149 3101 3207 sabbato
3149 3155 3336 3219 quarta
3373 3146 3529 3213 feria,
3559 3159 3671 3216 quo
3701 3145 3791 3202 die

2198 3247 2463 3303 Dominus
2488 3245 2540 3300 in
2563 3242 2834 3315 principio
2862 3239 3047 3296 mundi
3088 3237 3372 3295 luminaria
3398 3236 3523 3294 caeli
3553 3236 3790 3293 mirabili

501 3355 659 3413 Mare
682 3355 826 3411 enim
856 3364 940 3412 est
965 3330 1228 3411 salsarum
1253 3364 1512 3424 aquarum
1542 3347 1762 3419 copiosa
1798 3344 2043 3402 collectio
2075 3360 2089 3399 :
2122 3336 2168 3400 C
2197 3340 2553 3413 dispositione
2574 3337 2873 3394 constituit.
2905 3335 3017 3395 Hoc
3044 3332 3339 3403 aptandum
3362 3340 3445 3388 est
3471 3330 3540 3387 ad
3572 3340 3790 3387 sanctos

501 3447 585 3504 sic
615 3446 855 3503 Ecclesia
899 3447 1170 3517 sapientes
1216 3444 1445 3516 populos
1492 3443 1546 3497 in
1585 3438 1850 3497 catholica
1886 3436 2094 3492 unitate

501 3541 903 3613 complectitur,
940 3553 1168 3611 quorum
1213 3536 1469 3592 mirabiles
1509 3533 1753 3588 elationes
1785 3540 1911 3586 tunc
1937 3528 2093 3597 ﬁunt,

504 3636 721 3708 quando
749 3637 800 3693 in
832 3635 1100 3692 mandatis
1131 3630 1345 3689 Domini
1381 3628 1534 3684 ﬁrma
1562 3635 1740 3683 mente
1768 3624 2093 3680 consistunt.

504 3731 576 3786 Et
606 3729 721 3785 haec
753 3729 933 3786 omnia
972 3727 1039 3783 ad
1082 3725 1259 3796 ipsum
1302 3721 1563 3785 referunt,
1612 3731 1709 3786 per
1746 3716 1909 3788 315
1935 3727 2094 3785 quem

506 3824 761 3881 universa
796 3837 916 3894 quae
963 3828 1087 3878 sunt
1130 3819 1273 3877 bona
1317 3814 1661 3889 proveniunt,
1702 3812 1839 3866 sicut
1867 3808 2096 3864 Jacobus

506 3917 783 3989 apostolus
818 3916 984 3973 dicit:
1017 3916 1179 3971 Omne
1218 3914 1398 3969 datum
1441 3910 1711 3983 optimum,
1737 3913 1786 3963 et
1815 3920 1961 3961 omne
1997 3904 2096 3958 do-

506 4027 636 4066 num
681 4011 963 4082 perfectum
1001 4008 1269 4064 desursum
1294 4012 1389 4071 est,
1415 4001 1731 4057 descendens
1763 4014 1796 4051 a
1833 3995 1992 4050 Patre
2017 3993 2100 4049 lu-

507 4102 701 4156 minum
723 4100 859 4174 (Jac.
889 4116 931 4168 l,
954 4098 1067 4170 l7).
1092 4098 1215 4153 Ait:
1240 4092 1497 4151 Mirabilis
1516 4091 1570 4146 in
1590 4086 1801 4146 excelsis
1825 4086 2098 4150 Dominus,

507 4191 632 4261 quia
660 4190 962 4246 mortalium
997 4187 1283 4245 laudabilis
1314 4184 1426 4242 vita
1455 4196 1563 4241 non
1593 4187 1700 4248 est,
1740 4177 1844 4235 nisi
1884 4176 2099 4233 illorum

509 4298 649 4355 quos
676 4284 790 4354 ipse
814 4283 944 4338 facit
967 4282 1238 4339 excelsos.

630 4390 737 4432 ers.
772 4375 824 4431 6.
859 4374 1169 4428 Testimonia
1199 4382 1292 4426 tua
1317 4367 1584 4425 credibilia
1606 4367 1751 4438 facta
1785 4369 1902 4418 sunt
1925 4360 2097 4415 nimis.

506 4470 658 4531 Dixit
683 4468 752 4526 de
776 4468 1007 4524 adventu
1033 4465 1247 4521 Domini
1272 4462 1533 4535 propheta
1561 4472 1684 4531 quae
1713 4455 1833 4512 ﬁeri
1858 4453 2100 4511 veracis-

442 4564 447 4568 ’
508 4565 651 4624 sime
675 4560 1031 4635 praevidebat;
1079 4571 1223 4614 nunc
1249 4558 1423 4627 ipsum
1452 4566 1624 4625 genus
1653 4548 1828 4606 laudis
1856 4546 2099 4618 exponit,

512 4655 733 4728 quando
764 4653 1054 4709 testimonia
1075 4650 1459 4723 prophetarum
1486 4643 1636 4699 nimis
1661 4640 1932 4696 credibilia
1961 4642 2101 4710 facta

510 4756 654 4816 sunt,
705 4747 834 4803 dum
889 4743 1188 4801 incarnatio
1238 4740 1399 4797 Verbi
1447 4752 1569 4810 quas
1620 4732 1878 4807 praedicta
1926 4730 2103 4787 fuerat

510 4840 719 4898 mundo
756 4839 1015 4897 salutaris
1043 4836 1314 4909 apparuit.
1346 4833 1517 4904 Huius
1545 4828 1689 4888 enim
1740 4824 1981 4898 glorioso
2008 4823 2104 4879 ad-

517 4944 686 4991 ventu
714 4934 949 4993 revelata
975 4941 1097 4990 sunt
1129 4943 1252 5002 qua:
1298 4929 1353 4985 in
1383 4926 1553 4984 sacris
1596 4921 1751 4979 libris
1782 4919 2103 4977 tenebantur

515 5024 748 5081 occulta.
787 5024 919 5093 Quis
948 5024 1094 5079 enim
1123 5018 1449 5092 sapientium
1499 5016 1567 5072 de
1598 5010 1959 5085 promissione
1986 5023 2106 5064 mu-

517 5127 711 5170 nerum
758 5112 1003 5169 dubitare
1036 5118 1236 5182 posset,
1284 5105 1497 5180 quando
1523 5104 1641 5177 ipsa
1672 5099 1955 5175 plenitudo
1979 5113 2102 5170 quae

517 5202 936 5277 promittebatur
964 5202 1211 5260 advenit?

594 5293 751 5349 Vers.
778 5293 833 5347 7.
863 5291 1084 5347 Domum
1109 5301 1251 5347 tuam
1293 5290 1434 5345 decet
1462 5285 1820 5357 sanctiﬁcatio,
1862 5281 2102 5351 Domine,

517 5384 576 5439 in
608 5382 974 5453 longitudinem
1003 5381 1219 5436 dierum.
1251 5379 1527 5450 Septimus
1571 5376 1721 5432 locus
1751 5375 1841 5446 qui
1870 5373 2108 5430 restabat

515 5472 805 5545 adjunctus
835 5480 938 5537 est,
978 5485 1136 5542 quem
1167 5469 1399 5526 diximus
1443 5484 1474 5523 a
1506 5467 1669 5524 laude
1721 5467 1912 5523 domus
1942 5465 2110 5534 ipsius

519 5565 722 5621 debere
749 5561 969 5635 signari.
999 5560 1195 5615 Domus
1219 5559 1399 5630 itaque
1429 5557 1644 5613 Domini
1675 5565 1758 5613 cst
1782 5554 2105 5611 universalis

515 5660 797 5725 Ecclesia,
840 5672 960 5729 quae
989 5670 1086 5727 per
1116 5655 1300 5710 mundi
1330 5653 1588 5710 ambitum
1635 5652 1877 5709 noscitur
1906 5649 2108 5705 consti—

516 5764 670 5821 tuta;
697 5755 835 5810 hanc
862 5752 1000 5807 decet
1024 5749 1380 5817 sanctificatio,
1412 5747 1465 5803 id
1495 5754 1579 5802 est
1619 5745 1884 5800 adventus
1919 5742 1995 5796 tui
2020 5754 2110 5796 co-

520 5848 678 5919 piosa
709 5844 1031 5903 benedictio.
1059 5841 1236 5913 Ipsum
1277 5837 1420 5895 enim
1449 5836 1615 5892 decus
1636 5842 1738 5901 est,
1775 5831 1919 5903 quod
1946 5844 2109 5885 orna-

521 5947 706 5996 sucula
750 5938 931 5996 omnia
984 5935 1155 6005 possit
1204 5929 1465 5989 excedere
1500 5944 1515 5979 :
1545 5925 1667 5996 quia
1719 5925 1797 5981 sic
1826 5930 2003 5989 ornat,
2055 5930 2112 5976 ut

2198 3435 2369 3500 viros,
2397 3432 2465 3488 de
2493 3431 2687 3503 quibus
2728 3427 2965 3500 psalmus
2996 3426 3101 3483 iste
3138 3424 3379 3481 dicturus
3409 3433 3524 3490 est;
3555 3421 3655 3494 qui
3680 3436 3790 3477 me-

2197 3530 2305 3585 rito
2361 3526 2485 3582 caeli
2542 3521 2898 3579 luminaribus
2955 3525 3363 3589 comparantur,
3415 3517 3684 3586 quoniam
3738 3516 3791 3571 in

2198 3627 2342 3677 terra
2372 3616 2581 3674 caelesti
2622 3612 3036 3671 conversatione
3062 3606 3433 3680 resplendent.
3462 3607 3666 3677 Magno
3695 3622 3789 3662 au-

2201 3723 2311 3770 tem
2353 3710 2611 3784 mysterio
2658 3706 2803 3763 hunc
2857 3711 2914 3761 et
2956 3704 3090 3760 duos
3121 3700 3491 3774 praecedentes
3548 3700 3792 3769 psalmos

2200 3804 2388 3862 talium
2417 3800 2627 3858 dierum
2671 3794 3187 3854 commemoratione
3218 3789 3576 3863 praenotavit,
3609 3797 3673 3845 ut
3699 3804 3791 3859 per

2199 3893 2591 3968 signiticantias
2616 3904 2795 3949 rerum
2818 3888 3070 3945 virtutem
3092 3885 3361 3944 videretur
3382 3882 3629 3940 indicare
3650 3880 3789 3952 psal-

2201 4001 2434 4047 morum.

2770 4090 2968 4150 Divisio
3003 4089 3211 4161 psalmi.

2273 4212 2410 4272 Cum
2456 4211 2754 4283 respiceret
2796 4208 3061 4282 propheta
3104 4205 3399 4262 humanum
3430 4215 3610 4274 genus
3647 4200 3792 4257 dete-

2203 4306 2389 4365 Stabili
2416 4304 2767 4376 persuasione
2815 4298 3097 4366 confundi,
3146 4305 3205 4352 ut
3231 4302 3443 4366 putaret
3490 4293 3670 4349 Deum
3707 4307 3794 4347 cu-

2204 4416 2324 4459 ram
2346 4414 2456 4456 non
2477 4398 2679 4454 habere
2700 4393 3038 4461 mortalium,
3061 4388 3274 4463 quando
3296 4402 3451 4445 versa
3473 4387 3599 4443 vice
3621 4385 3795 4457 iustos

2205 4494 2422 4550 videbat
2448 4489 2827 4547 contrarietate
2856 4486 3048 4557 premi,
3080 4491 3137 4540 et
3182 4480 3375 4552 impios
3421 4478 3795 4550 prosperitati-

2204 4587 2307 4643 bus
2338 4582 2575 4641 elevari:
2605 4583 2658 4637 in
2690 4580 2861 4651 prima
2908 4585 3061 4647 parte
3091 4574 3377 4631 Dominum
3425 4579 3587 4643 rogat
3614 4580 3679 4625 ut
3704 4583 3791 4625 re-

2125 4716 2183 4779 Β
2208 4680 2408 4738 tribuat
2433 4675 2697 4749 superbis,
2739 4688 2837 4745 per
2866 4686 3001 4743 quos
3032 4669 3292 4725 mundum
3315 4666 3405 4722 tali
3432 4664 3796 4721 aestimatione

2416 4772 2428 4779 .
2772 4776 2780 4779 -
2933 4760 3170 4779 "ne-.-
3226 4767 3374 4779 _-_._
3408 4753 3771 4779 εμμεμηιλ

2207 4772 2458 4845 cognovit
2485 4783 2607 4826 esse
2634 4768 2902 4824 vitiatum.
2932 4760 3179 4820 Secunda
3226 4767 3376 4829 parte
3408 4756 3561 4826 ipsos
3582 4753 3796 4811 invehi-

2208 4875 2315 4935 tur,
2341 4864 2432 4935 qui
2471 4860 2649 4918 stultis
2678 4851 3190 4915 murmurationibus
3213 4845 3705 4918 hlasphemabant,
3744 4851 3799 4898 ut

2210 4959 2381 5016 Deum
2434 4957 2685 5025 putarent
2736 4950 3092 5005 humanarum
3143 4956 3324 4999 rerum
3380 4936 3800 4994 sollicitudinem

2210 5066 2318 5109 non
2346 5048 2564 5114 habere,
2597 5046 2725 5102 dum
2754 5043 2871 5114 ipse
2892 5036 3155 5097 creaturis
3181 5034 3295 5089 suis
3333 5031 3599 5104 probetur
3643 5026 3802 5083 intel-

2207 5142 2478 5215 ligentiam
2508 5136 2820 5211 praestitisse
2844 5152 2857 5188 :
2881 5133 3095 5189 beatum
3128 5128 3276 5185 illum
3318 5123 3645 5183 existimans
3690 5122 3801 5192 qui,

2210 5210 2396 5291 mundi
2425 5210 2575 5289 istius
2605 5228 2860 5285 felicitate
2889 5224 3162 5296 despecta,
3191 5220 3249 5275 in
3274 5217 3457 5275 divina
3489 5210 3799 5272 reverentia

2212 5332 2541 5399 perseverat.
2578 5320 2760 5377 Tertia
2790 5317 2858 5373 ad
2887 5330 3076 5374 eorum
3101 5312 3313 5369 animos
3364 5306 3679 5365 invitandos
3699 5303 3800 5359 Do-

2214 5394 2417 5475 minum
2444 5414 2548 5471 sibi
2575 5412 2705 5469 dicit
2740 5410 2907 5467 fuisse
2935 5407 3221 5479 refugium,
3265 5412 3320 5460 et
3348 5401 3592 5459 futurum
3618 5394 3795 5455 vindi-

2215 5525 2333 5569 cem
2363 5508 2478 5565 fore
2508 5505 2863 5579 peccantium.

2758 5614 3021 5688 Expositio
3056 5612 3263 5687 psalmi.

2293 5736 2443 5791 Vcrs.
2476 5737 2527 5788 l.
2575 5733 2712 5786 Deus
2744 5729 2999 5783 ultionnm
3043 5726 3336 5786 Dominus;
3364 5719 3506 5775 Deus
3547 5716 3804 5772 ultionunt

2222 5828 2375 5881 libere
2403 5827 2522 5899 egit.
2560 5824 2754 5879 Vidcns
2784 5823 3044 5894 propheta
3083 5815 3521 5886 blasphemorum
3552 5808 3805 5881 iniquita-

2228 5926 2310 5975 tes
2357 5916 2408 5973 in
2456 5929 2700 5987 magnam
2744 5912 3055 5985 prosiluisse
3094 5906 3386 5975 licentiam,
3416 5902 3804 5959 districtionetu
