4062 6344
208 473 332 536 665

1160 457 1524 519 εχροειτιο
1559 455 1627 515 IN
1666 451 2126 514 rsauremun.
2166 408 2364 515 Psan.
2405 448 2597 516 xctn;

3416 465 3525 522 660

221 596 314 653 eis
342 589 557 651 Domini
586 584 741 662 quasi
779 579 1042 643 terribilia
1087 578 1307 638 fulmina
1338 578 1723 643 comminatur;
1766 581 1826 643 ut
1850 574 1906 637 Α
1926 570 2055 629 licet
2076 572 2233 631 nobis
2258 574 2495 645 privatas
2521 573 2914 634 collocationes
2940 574 3221 636 advertere
3243 592 3264 635 :A
3286 591 3358 638 ne
3378 583 3523 652 quod

221 695 396 746 tanta:
419 679 719 754 maiestatis
743 679 937 734 timore
966 672 1260 748 perterriti,
1303 686 1334 727 a
1360 669 1472 727 suis
1498 664 1824 741 perversita-

219 782 375 839 tihus
418 777 780 836 redderentur
808 770 991 829 alieni.
1019 769 1160 826 Dicit
1186 767 1352 836 enim,
1384 764 1549 834 Deus,
1585 760 1829 818 terribile

220 889 455 940 nomen,
502 869 757 941 quoniam
787 882 853 922 ex
878 863 1071 921 timore
1113 859 1411 918 descendit.
1454 856 1523 913 Et
1552 863 1609 911 ut
1638 855 1825 910 Domi-

221 984 361 1026 num
406 963 675 1035 intelligas
723 957 1055 1018 Salvatorem
1078 996 1094 1023 ,
1135 954 1398 1026 sequitur,
1428 951 1688 1006 ultionum
1718 948 1830 1004 Da-

226 1062 428 1125 minus,
459 1055 513 1112 id
542 1063 627 1112 est
678 1051 768 1123 qui
794 1048 1132 1122 iudicaturus
1175 1054 1261 1103 est
1286 1043 1571 1109 mundum,
1598 1049 1651 1096 et
1672 1040 1829 1097 ultio-

228 1156 397 1212 nibus
432 1150 592 1224 iustis
638 1146 878 1219 afﬂigere
922 1143 1106 1201 veniet
1159 1139 1480 1198 obstinatos.
1528 1134 1661 1205 Quis
1701 1149 1829 1205 ergo

227 1250 330 1305 tali
361 1262 465 1304 non
497 1250 765 1302 terreatur
792 1238 1013 1297 auditu?
1055 1236 1186 1306 Quis
1216 1249 1321 1291 non
1364 1237 1619 1303 pavescat
1657 1227 1827 1285 vindi—

228 1356 356 1399 cem
389 1339 517 1414 [θείη
566 1331 849 1409 iudicem],
878 1332 972 1405 qui
999 1345 1058 1388 se
1097 1335 1279 1400 potest
1308 1325 1611 1397 intelligere
1638 1335 1831 1395 pecca-

231 1434 446 1492 torcm?
492 1430 729 1501 Repetit,
778 1426 919 1483 Deus
970 1424 1227 1479 ultionum
1273 1420 1428 1476 libere
1475 1417 1600 1489 egit,
1645 1415 1697 1471 id
1726 1422 1828 1481 est,

229 1529 390 1587 nullo
411 1524 738 1598 impediente
761 1518 1050 1594 judicavit;
1080 1518 1220 1574 sicut
1247 1514 1376 1573 fecit
1401 1510 1614 1585 quando
1645 1507 1831 1566 Phari-

229 1623 368 1679 smis
394 1630 450 1678 et
492 1624 805 1691 potestatem
846 1612 1172 1671 habentibus
1203 1621 1337 1666 suas
1359 1603 1625 1678 nequitias
1657 1602 1832 1674 impu-

233 1716 399 1774 tavit.
450 1714 630 1770 Libera
656 1723 870 1782 quoque
916 1708 1039 1780 egit,
1069 1704 1285 1777 quando
1316 1702 1373 1757 in
1414 1699 1622 1773 templo
1650 1697 1833 1754 docuit

229 1811 469 1884 populos
500 1818 753 1879 tanquam
780 1810 1105 1877 potestatem
1136 1799 1363 1856 habens.
1404 1796 1493 1852 Sic
1525 1802 1581 1850 et
1624 1794 1680 1850 in
1722 1792 1833 1849 alio

234 1907 359 1963 loco
391 1903 551 1958 Pater
580 1900 649 1957 de
677 1900 794 1971 ipso
821 1895 953 1954 dicit
984 1912 997 1950 :
1028 1893 1231 1949 Ponam
1261 1904 1418 1961 super
1440 1885 1661 1943 salutari
1687 1900 1832 1950 meo;

1929 673 2143 737 tempus
2181 675 2345 732 esset,
2377 668 2519 738 quod
2546 683 2575 725 a
2601 668 2775 739 culpis
2804 668 3178 740 improborum
3206 672 3527 731 redderetur

1928 758 2187 815 alienum.
2236 758 2575 830 Iniquitatem
2621 776 2747 819 vero
2803 762 2869 817 ad
2914 771 3201 836 utrumque
3252 767 3526 835 pertinere

1931 868 2039 909 non
2068 853 2287 910 dubium
2330 862 2434 923 est,
2484 855 2606 925 quia
2630 854 2699 912 de
2741 855 2850 911 illis
2877 856 3094 925 dicitur,
3125 858 3235 927 qui,
3257 859 3526 929 perversis

1930 945 2344 1018 loquacitatibus
2391 946 2709 1004 eil‘eruntur.
2741 948 2939 1004 Verum
2977 964 3048 1006 ne
3087 949 3219 1004 illud
3270 949 3408 1020 loqui
3439 966 3528 1006 so-

1930 1038 2205 1098 lummodo
2233 1055 2546 1098 sermonum
2595 1056 2715 1099 esse
2742 1043 2996 1111 sentires,
3026 1043 3253 1113 addidit,
3284 1046 3370 1113 qui
3399 1061 3525 1115 ope-

1930 1143 2113 1188 rantur
2140 1134 2488 1206 injustitiam;
2517 1143 2574 1190 ut
2616 1143 2671 1191 et
2696 1150 2947 1192 sermone
2992 1144 3047 1193 et
3082 1150 3249 1207 opere
3290 1136 3527 1195 detesta-

1932 1225 2068 1283 biles
2114 1226 2315 1298 jugiter
2359 1238 2703 1301 apparerent.
2736 1230 3033 1301 Diligenter
3082 1240 3260 1287 autem
3308 1231 3525 1288 intende

1932 1320 2385 1392 quemadmodum
2449 1336 2621 1394 usque
2676 1322 2741 1378 ad
2815 1323 2976 1380 ﬁnem
3032 1323 3310 1380 divisionis
3367 1325 3525 1395 hujus

1934 1425 2223 1487 augmenta
2250 1431 2468 1489 semper
2509 1417 2777 1475 scelerum
2809 1418 2959 1476 facit.
2994 1419 3148 1487 Quod
3178 1421 3395 1479 schema
3441 1421 3524 1479 di-

1935 1509 2077 1566 citur
2119 1509 2338 1578 climax,
2387 1509 2439 1567 id
2467 1517 2551 1567 est
2596 1511 2859 1582 gradatio.
2888 1511 3352 1585 Exaggerantibus
3383 1516 3527 1575 enim

1937 1598 2005 1656 ad
2050 1602 2331 1671 superiora
2370 1615 2618 1659 crescere
2656 1603 2886 1659 decorus
2942 1618 3198 1661 ascensus
3240 1614 3341 1661 est.
3371 1607 3526 1673 Quod

1937 1694 2100 1751 etiam
2128 1695 2182 1751 in
2211 1690 2497 1752 virtutibus
2528 1695 2654 1753 fecit
2675 1696 2968 1767 Apostolus
2991 1697 3220 1754 dicendo
3244 1715 3259 1759 :
3290 1699 3414 1767 Quis
3436 1717 3528 1755 nos

1936 1786 2197 1858 separabit
2222 1802 2254 1841 a
2280 1787 2533 1842 charitale
2562 1786 2797 1843 Christi?
2818 1787 3131 1857 Tribulatio,
3161 1806 3229 1844 an
3268 1792 3527 1862 angustia,

1936 1897 2005 1935 an
2033 1881 2216 1952 fames,
2249 1897 2317 1935 an
2346 1881 2578 1950 auditas,
2598 1899 2666 1938 an
2688 1883 2994 1954 persecutio,
3024 1900 3093 1939 an
3124 1883 3327 1956 gladius
3350 1882 3526 1959 (Rom.

236 1996 560 2070 ﬁducialiter
580 2009 733 2066 agam
757 1993 812 2046 in
838 2007 896 2046 eo
919 1988 1095 2063 (Psal.
1126 2002 1204 2055 XI,
1230 1984 1310 2059 6).
1339 1984 1679 2054 Quapropter
1701 1992 1833 2035 eon-
1862 1973 1913 2035 B
1936 1986 2054 2041 vnt,
2085 1972 2213 2043 '55)?
2240 1981 2295 2030 et
2322 1980 2541 2029 caetera.

232 2101 344 2149 Stal
371 2105 497 2148 eum
536 2088 701 2160 egisse
732 2085 909 2153 libere,
940 2082 1095 2153 cuius
1132 2093 1233 2137 nec
1275 2078 1476 2135 veritas
1506 2072 1832 2147 reprehendi

233 2194 476 2260 poterat,
528 2196 630 2239 nec
674 2177 929 2253 potestati
957 2175 1169 2234 obviari
1213 2186 1375 2245 posse
1419 2170 1724 2228 constabat.
1772 2167 1833 2224 In

235 2281 338 2338 illo
365 2278 508 2336 enim
534 2272 836 2332 voluntaria
866 2269 1161 2335 humilitas,
1192 2280 1301 2323 non
1340 2262 1614 2337 patientiae
1643 2274 1833 2318 neces-

236 2373 377 2430 sitas
405 2370 519 2426 fuit.

312 2464 465 2520 Vers.
494 2462 551 2517 2.
595 2460 866 2528 Exallare,
896 2458 983 2528 qui
1004 2457 1213 2531 judicas
1237 2463 1461 2518 terram;
1486 2452 1644 2508 redde
1673 2450 1831 2506 retri-

234 2556 503 2614 butionem
544 2552 795 2626 superbis.
831 2549 1077 2605 Exaltare
1129 2546 1326 2604 dicitur
1365 2544 1577 2613 humili,
1629 2543 1721 2614 qui
1762 2541 1833 2599 ab

232 2649 425 2721 impiis
470 2646 890 2718 comprehensus
921 2642 1163 2697 noscitur
1193 2653 1314 2696 esse
1358 2636 1671 2694 cruciﬁxus.
1721 2631 1833 2689 Sed

232 2739 494 2813 quamvis
517 2739 614 2794 ista
641 2752 737 2808 pro
756 2742 941 2792 nostra
966 2734 1340 2803 redemptione
1362 2728 1663 2801 pertulerit,
1706 2734 1835 2782 tunc

234 2836 500 2893 exaltatus
518 2842 592 2889 est
610 2846 787 2889 coram
806 2829 1087 2901 discipulis
1107 2829 1161 2885 in
1180 2826 1462 2898 majestate
1481 2839 1599 2891 sua,
1617 2819 1835 2893 quando

233 2940 364 2983 eum
412 2923 482 2980 ad
530 2922 758 2994 gloriam
807 2927 1019 2978 constat
1073 2917 1440 2976 resurrexisse
1490 2922 1829 2985 perpetuam.

233 3020 375 3077 Orat
408 3032 541 3093 ergo
588 3016 982 3083 sanctissimus,
1013 3013 1158 3085 quod
1210 3012 1315 3069 scit
1358 3024 1481 3067 esse
1524 3016 1831 3065 venturum.

234 3112 535 3170 Non-enim
565 3109 880 3181 imperativa
921 3107 1085 3164 verba
1113 3112 1273 3172 sunt;
1300 3103 1394 3161 sed
1442 3117 1537 3174 per
1568 3103 1684 3156 haec
1711 3114 1836 3156 sen-

236 3203 415 3262 tentia
443 3203 578 3259 certi
601 3201 767 3258 animi
798 3209 854 3256 et
881 3199 1098 3256 devotio
1120 3195 1479 3254 desiderantis
1506 3192 1831 3250 ostenditur.

236 3296 521 3370 Sequitur,
550 3297 639 3367 qui
658 3294 871 3364 judicas
900 3303 1120 3359 terram;
1148 3301 1206 3347 ut
1225 3299 1413 3360 aperte
1441 3288 1838 3344 demonstraret

235 3366 527 3451 Dominum
560 3366 853 3453 Christum,
882 3387 973 3459 qui
996 3394 1208 3456 terram,
1239 3384 1293 3440 id
1332 3392 1416 3440 est
1445 3382 1691 3438 homines
1719 3386 1834 3436 ter-
1865 3366 1912 3434 C

234 3498 404 3540 rencs
430 3479 729 3553 maiestatis
772 3493 884 3534 suae
909 3478 1114 3534 ditione
1138 3475 1421 3547 iudicabit.
1447 3474 1516 3530 Et
1536 3481 1595 3529 ut
1622 3472 1725 3528 hoc
1767 3472 1837 3530 de

236 3575 426 3647 impiis
454 3573 734 3631 debuisses
761 3572 1066 3641 advertere,
1112 3568 1411 3639 subiunxit,
1438 3568 1595 3623 redde
1614 3566 1839 3622 retribu-

238 3667 435 3722 tionem
479 3663 732 3737 superbis.
765 3662 986 3733 Superbi
1015 3663 1160 3717 enim
1209 3660 1285 3716 illi
1316 3668 1443 3716 sunt
1495 3658 1587 3730 qui
1642 3659 1693 3713 in
1741 3671 1837 3714 sua

233 3762 583 3833 malignitate
630 3758 925 3825 deficiunt,
971 3771 1074 3812 nec
1123 3756 1301 3826 aliqua
1353 3752 1723 3810 satisfactione
1769 3751 1838 3807 ad

237 3857 459 3915 Domini
480 3856 731 3912 videntur
760 3850 1190 3911 misericordiam
1220 3848 1535 3923 pervenire.
1568 3844 1838 3917 Superbus

238 3957 429 4006 autem
457 3955 512 4004 et
538 3948 702 4019 316
729 3946 974 4003 diabolus
1003 3945 1222 4011 dicitur,
1266 3952 1320 4001 et
1357 3943 1449 4013 qui
1474 3940 1590 4011 eius
1618 3952 1837 4010 perver-

236 4041 497 4101 sitatibus
523 4040 872 4098 obseeundat.
919 4039 1042 4096 Istis
1069 4051 1201 4109 ergo
1245 4034 1530 4093 retributio
1557 4029 1838 4088 reddenda

237 4141 354 4197 est.
387 4145 507 4188 cum
536 4131 808 4188 audierint
834 4148 849 4187 :
880 4128 964 4187 Ite
983 4129 1038 4185 in
1064 4130 1233 4201 ignem
1261 4135 1532 4193 aeternum,
1564 4123 1651 4192 qui
1684 4137 1840 4193 para-

237 4238 327 4285 tus
357 4235 436 4283 est
463 4225 667 4282 diabolo
695 4235 745 4281 et
768 4226 966 4298 angelis
993 4226 1107 4297 ejus
1137 4221 1352 4297 (Matth.
1383 4236 1514 4288 xxv,
1541 4217 1659 4290 41).

316 4321 479 4378 Vers.
524 4322 579 4377 5.
620 4318 892 4393 L’squequo
920 4324 1233 4391 peccatores,
1269 4313 1524 4382 Domine,
1574 4314 1840 4383 usqu‘equo

238 4422 541 4487 peccatores
586 4411 979 4486 gloriabuntur?
1007 4408 1198 4465 Adhuc
1248 4406 1305 4463 in
1350 4419 1513 4462 sensu
1557 4400 1840 4474 superiore

238 4509 573 4582 persistens,
605 4506 672 4564 de
710 4506 819 4562 illis
862 4504 1241 4577 peccatoribus
1287 4500 1418 4557 dicit
1446 4498 1535 4570 qni
1569 4496 1839 4554 obstinata

239 4602 522 4660 voluntate
550 4599 860 4656 durescunt.
888 4596 1126 4654 Dieendo
1156 4596 1324 4659 enim,
1357 4606 1622 4663 usquequo
1652 4604 1837 4660 pecea-

238 4706 381 4752 tores
412 4693 805 4767 gloriabuntur?
834 4674 980 4748 istud
1029 4688 1287 4745 saeculum
1333 4684 1618 4756 signiﬁcat,
1656 4682 1839 4752 inquo

2010 2108 2160 2166 Vers.
2194 2110 2246 2167 5.
2271 2106 2729 2182 PapulunLluum,
2756 2111 2997 2181 Domine,
3027 2112 3447 2184 humiliaverunt,
3481 2124 3529 2172 et

1935 2201 2285 2258 hereditatem
2325 2211 2471 2259 tuam
2498 2214 2824 2263 vexaverant.
2870 2207 3133 2280 Populum
3187 2218 3348 2278 tuum,
3376 2210 3529 2268 viros

1936 2293 2067 2368 [ed.,
2093 2294 2274 2368 veros]
2294 2294 2423 2353 dicit
2447 2297 2657 2365 ﬁdeles,
2681 2314 2816 2371 quos
2836 2299 2979 2357 idem
3004 2302 3250 2372 perhibet
3274 2303 3527 2360 humilia-

1936 2394 2041 2455 tos,
2092 2389 2347 2459 quoniam
2374 2389 2485 2447 Deo
2532 2389 2647 2447 ﬁeri
2674 2393 3025 2451 contumelias
3056 2394 3366 2452 audiebant.
3423 2396 3528 2453 Ne-

1935 2493 2091 2540 cesse
2132 2491 2219 2539 est
2272 2483 2415 2539 enim
2461 2482 2716 2541 devotum
2758 2485 3020 2543 famulum
3050 2486 3239 2545 dolore
3277 2487 3528 2560 cruciari,

1936 2575 2153 2644 quando
2181 2575 2727 2634 irreverentissimum
2767 2578 2969 2650 aliquid
3016 2578 3086 2636 de
3114 2579 3344 2638 Domino
3395 2596 3529 2638 con-

1937 2667 2093 2738 tingit
2141 2669 2349 2727 audire.
2397 2669 2770 2726 Hereditatem
2813 2686 2944 2729 vero
2990 2672 3215 2744 populos
3262 2673 3525 2744 signiﬁcat

1936 2758 2296 2834 Christianos,
2325 2776 2462 2833 quos
2490 2760 2615 2818 ideo
2638 2761 2771 2818 dicit
2800 2776 2922 2819 esse
2947 2772 3188 2832 vexatos,
3225 2763 3350 2834 quia
3375 2764 3530 2819 innu-

1937 2851 2103 2907 meris
2156 2851 2398 2908 cladibus
2451 2866 2549 2909 eos
2603 2852 2822 2924 superbi
2870 2862 3245 2924 persecutores
3298 2862 3530 2911 atterere

1942 2951 2307 3000 tentaverunt.
2337 2944 2406 3000 Et
2431 2944 2642 3016 respice
2667 2960 2829 3017 quam
2880 2946 3160 3002 moderato
3186 2946 3353 3003 verbo
3378 2964 3527 3003 vexa-

1937 3042 2018 3091 tos
2043 3036 2177 3092 dicit
2205 3050 2348 3107 esse,
2380 3050 2488 3093 non
2513 3035 2773 3107 perditos,
2805 3036 2931 3108 quia
2961 3052 3175 3107 semper
3204 3036 3389 3094 ﬁdeles
3418 3045 3531 3094 ten-

1942 3128 2149 3185 tatione
2192 3128 2502 3199 proficiunt,
2550 3136 2605 3185 et
2634 3138 2838 3201 quanto
2887 3129 3006 3200 plus
3052 3129 3159 3186 illis
3188 3129 3423 3185 humana
3453 3131 3533 3187 vis

1941 3219 2223 3292 ingerltur,
2254 3229 2403 3277 tanto
2426 3222 2660 3292 amplius
2686 3220 2927 3278 defensio
2952 3236 3186 3291 superna
3216 3230 3530 3293 prmstatur;

1942 3312 2079 3370 sicut
2109 3313 2361 3372 Salomon
2408 3314 2579 3370 dicit:
2608 3315 2891 3388 Argentum
2922 3314 3106 3386 probat
3152 3316 3309 3389 ignis,
3348 3324 3396 3370 et
3441 3315 3530 3371 Iw-

1941 3406 2103 3471 mines
2144 3414 2378 3478 acceptos
2410 3406 2621 3462 tentatio
2653 3406 2998 3463 tribulationis
3041 3405 3232 3474 (Eccli.
3258 3422 3428 3471 xxv",
3454 3406 3534 3478 ὕ).

2014 3520 2173 3577 Vcrs.
2205 3522 2260 3578 6.
2293 3520 2521 3576 Viduam
2561 3530 2607 3577 et
2649 3521 2897 3576 advenam
2936 3520 3318 3592 interfecerunt,
3346 3528 3393 3576 et
3440 3539 3536 3594 pu.

1942 3612 2098 3686 pillos
2147 3614 2463 3669 occiderunt.
2510 3613 2728 3685 Legitur
2772 3627 2986 3683 quoque
3015 3629 3032 3694 ξ
3064 3611 3189 3668 Esto
3236 3613 3435 3689 pupillo
3485 3620 3539 3669 ut

1944 3715 2111 3776 pater,
2145 3716 2191 3763 et
2231 3723 2325 3776 pro
2351 3707 2535 3762 marito
2565 3708 2719 3761 matri
2747 3702 2955 3761 illorum
2984 3703 3174 3777 (Ibid.,
3206 3720 3279 3771 tv,
3311 3703 3424 3778 10).
3459 3705 3536 3763 De

1944 3800 2147 3856 advena
2178 3814 2391 3871 quoque
2416 3801 2469 3854 in
2496 3798 2865 3855 Pentateucho
2906 3798 2984 3854 sic
3006 3797 3224 3869 iubetur
3253 3815 3266 3851 :
3301 3796 3538 3869 Peregri-

1945 3910 2071 3949 num
2117 3902 2166 3948 et
2209 3894 2457 3948 advenam
2495 3909 2599 3947 non
2647 3893 2849 3947 nocebis
2880 3907 2898 3945 :
2930 3891 3138 3946 advenae
3166 3890 3302 3945 enim
3348 3898 3395 3943 et
3442 3890 3539 3960 ipsi

1946 3987 2113 4059 fuistis
2139 3988 2194 4041 in
2216 3995 2356 4041 terra
2379 3985 2603 4058 Ai'gypti
2628 3985 2808 4057 (Deut.
2834 4000 2893 4052 ι,
2925 3983 3044 4053 18).
3075 3983 3173 4040 llic
3208 3997 3335 4053 ergo
3356 3990 3412 4037 ut
3432 3982 3538 4038 cri-

1946 4097 2069 4139 men
2095 4089 2405 4152 exaggeret,
2436 4079 2729 4151 interfectos
2755 4078 2829 4134 ait
2873 4077 3073 4142 viduas,
3103 4077 3327 4131 advenas
3357 4084 3405 4132 et
3436 4093 3535 4147 pu—

1946 4172 2140 4245 pillos;
2164 4180 2223 4228 ut
2251 4186 2387 4243 quos
2409 4171 2669 4227 Dominus
2694 4168 2927 4225 tuendos
2948 4176 3108 4239 atque
3129 4167 3396 4239 iuvandos
3417 4181 3539 4225 esse

1943 4268 2221 4342 praecepit,
2270 4268 2354 4321 eis
2407 4278 2600 4321 manus
2630 4263 2891 4320 scelerata
2938 4276 3047 4318 non
3090 4271 3357 4333 parceret.
3401 4261 3540 4319 Ecce

1944 4365 2322 4432 argumentum
2384 4356 2528 4429 quod
2594 4355 2778 4412 dicunt
2845 4362 3091 4411 oratores
3148 4371 3179 4412 a
3232 4354 3394 4411 laude
3460 4353 3538 4411 rei

1946 4454 2115 4522 laesae,
2154 4467 2311 4525 quam
2340 4450 2479 4507 bene
2511 4457 2637 4506 tunc
2664 4448 2866 4507 veritas
2913 4448 3169 4520 profudit,
3201 4449 3346 4519 quod
3395 4461 3536 4504 nunc

1946 4548 2015 4605 ad
2036 4560 2166 4604 usus
2193 4543 2514 4602 verisimiles
2537 4543 2802 4601 subtilitas
2829 4542 3059 4599 humana
3090 4541 3375 4598 convertit.

2018 4664 2171 4720 Vers.
2203 4664 2258 4718 7.
2299 4662 2369 4716 Et
2398 4661 2680 4716 dixerunt:
2714 4658 2839 4714 Non
2883 4656 3069 4712 videbit
3109 4655 3386 4721 Dominus,
3431 4670 3527 4709 nec

238 4748 514 4860 superbiae
545 4800 658 4842 sum
686 4798 794 4841 non
839 4783 1041 4839 habent
1069 4779 1310 4836 modum.
1341 4748 1474 4833 Nam
1503 4776 1557 4832 in
1586 4748 1674 4831 die
1697 4748 1839 4842 ju—di-
1868 4762 1917 4825 Ι)
1942 4761 2192 4834 intelliget
2223 4758 2364 4814 Deus
2387 4756 2572 4860 Iacob:
2592 4755 3081 4860 Ilixaggeraverunt
3108 4748 3328 4860 superbi
3352 4748 3540 4856 nequi-

239 4883 311 4941 cii
363 4879 583 4953 gloriari
619 4894 727 4936 non
775 4885 1022 4950 possunt,
1052 4874 1145 4946 qui
1193 4885 1382 4945 ptenas
1410 4869 1621 4928 debitas
1649 4880 1843 4923 conse-

242 4984 508 5049 quuntur.
539 4971 807 5045 Repetitio
837 4969 983 5028 enim
1030 4968 1132 5024 ista
1173 4966 1417 5023 dolorem
1443 4963 1710 5018 diuturnae
1741 4973 1842 5014 ex-

242 5067 602 5141 spectationis
627 5064 882 5132 ostendit,
916 5062 1037 5134 quia
1067 5074 1284 5131 semper
1312 5054 1691 5113 innocentibus
1721 5064 1841 5123 gra-

240 5163 330 5219 vis
353 5169 437 5218 est
465 5160 877 5227 criminosorum
905 5159 1193 5225 conspecta
1221 5149 1503 5221 iactantia.

321 5255 478 5313 Vers.
526 5253 579 5307 ὁ.
614 5250 1057 5315 Pronuntiabunt,
1088 5256 1135 5301 et
1180 5244 1450 5315 loquentur
1479 5238 1799 5311 iniquitatem
1825 5248 1846 5290 :

245 5352 522 5421 loquentur
567 5361 742 5401 omnes
785 5344 874 5413 qui
923 5347 1202 5412 operantur
1239 5334 1568 5407 injustitiam.
1601 5331 1847 5385 Pronun-

245 5449 377 5499 tiare
424 5448 508 5496 est
556 5436 757 5510 aliquid
796 5450 979 5492 coram
1010 5432 1128 5488 aliis
1180 5429 1393 5501 publica
1442 5439 1576 5482 voce
1602 5436 1844 5480 narrare.

249 5536 396 5593 Dicit
424 5535 567 5592 enim
612 5534 681 5589 de
706 5533 813 5589 illis
856 5531 947 5599 qui
995 5544 1104 5585 non
1134 5527 1306 5583 solum
1337 5522 1502 5581 corde
1537 5518 1846 5589 concipiunt

246 5631 418 5697 mala,
452 5643 638 5685 verum
672 5626 834 5683 etiam
864 5640 925 5681 ea
959 5623 1057 5680 sub
1088 5622 1339 5677 libertate
1381 5617 1757 5678 disseminant,
1791 5621 1848 5667 ut

252 5735 305 5780 ct
336 5740 393 5780 se
438 5723 691 5795 perdant,
731 5730 784 5777 et
814 5720 951 5775 alios
980 5719 1235 5788 deceptos
1274 5713 1534 5771 inﬁciant.
1567 5708 1845 5777 Sequitur,

248 5826 294 5873 et
324 5819 594 5889 loquentur
625 5814 969 5886 iniquitatem.
1002 5809 1134 5866 Cum
1166 5809 1233 5864 sit
1263 5805 1615 5878 pronuntiare,
1658 5800 1839 5871 loqui,

251 5911 380 5969 illud
429 5904 566 5966 mihi
621 5905 929 5978 signiﬁcare
982 5901 1214 5973 videtur,
1269 5909 1326 5956 ut
1379 5892 1843 5970 pronuntiationes

251 6004 493 6074 publicas
526 6000 806 6061 suasiones
831 5998 1123 6057 debeamus
1149 5994 1413 6066 accipere.
1446 5990 1612 6061 Loqui
1640 5995 1839 6053 autem,

1954 4857 2058 4914 tias
2094 4868 2240 4920 suas,
2272 4863 2328 4910 ut
2374 4850 2677 4909 homicidiis
2707 4858 2870 4921 atque
2913 4843 3357 4919 oppressionibus
3385 4843 3541 4901 inno-

1952 4956 2195 5014 centum,
2224 4946 2289 5002 ad
2318 4946 2591 5003 cumulum
2639 4943 2766 5000 mali
2797 4941 3109 5012 blaspheme
3138 4953 3352 5011 quoque
3378 4939 3540 4996 verba

1951 5041 2359 5112 subiungerent.
2400 5038 2529 5107 Quae
2572 5038 2742 5108 ﬁgura
2787 5034 2984 5090 dicitur
3012 5044 3340 5101 sarcasmos,
3386 5031 3540 5103 quasi

1951 5150 2122 5207 usque
2150 5134 2218 5190 ad
2259 5134 2448 5205 pulpas
2473 5141 2763 5202 penetrans
2810 5124 3023 5182 hostilis
3050 5123 3250 5182 irrisio.
3281 5125 3539 5181 Dicebant

1952 5233 2122 5294 enim,
2145 5228 2424 5284 Dominum
2451 5242 2553 5280 non
2592 5224 2762 5279 videre
2786 5235 2906 5291 quae
2927 5219 3292 5292 probabantur
3316 5221 3417 5275 sub
3438 5218 3541 5275 ini-

1951 5325 2155 5398 quitate
2184 5336 2443 5394 peragere
2472 5338 2485 5375 :
2514 5318 2844 5374 aestimantes
2887 5314 3027 5371 mala
3056 5330 3153 5371 sua
3183 5328 3290 5370 non
3318 5313 3537 5384 respici,

1952 5418 2165 5492 quando
2194 5432 2253 5473 se
2276 5432 2382 5472 non
2413 5412 2719 5471 sentiebant
2745 5411 2846 5468 sub
2866 5409 3146 5466 celeritate
3172 5408 3413 5479 percelli.
3438 5407 3541 5463 De-
3578 5446 3585 5455 .

1954 5524 2185 5582 utentes,
2220 5512 2309 5581 qui
2341 5508 2652 5581 patientiam
2684 5505 2894 5563 Domini
2922 5512 3200 5561 traxerunt
3224 5501 3289 5558 ad
3314 5501 3537 5556 inﬁrmi-

1958 5609 2080 5664 tatis
2108 5607 2348 5675 iniurias,
2374 5618 2493 5659 cum
2515 5601 2651 5657 facta
2675 5615 2765 5655 sua
2796 5614 2894 5655 nec
2922 5597 3107 5653 videre
3128 5610 3251 5652 eum
3274 5595 3537 5659 dicerent,

1952 5717 2055 5759 nec
2088 5699 2398 5770 intelligere
2422 5710 2578 5768 posse
2608 5695 2900 5757 sentirent;
2933 5691 3057 5748 dum
3093 5690 3184 5745 ille
3212 5689 3330 5758 pius
3357 5685 3541 5741 mode-

1955 5803 2105 5851 rator
2132 5792 2400 5850 exclamet
2432 5808 2444 5844 :
2483 5787 2622 5843 Nolo
2653 5795 2865 5841 mortem
2896 5783 3193 5856 peccatoris,
3228 5780 3318 5834 sed
3337 5786 3393 5831 ut
3413 5793 3539 5831 con-

1949 5897 2175 5945 vertatur
2202 5896 2249 5940 et
2279 5886 2410 5939 vivat
2448 5881 2663 5953 (Ezech.
2694 5895 2844 5945 xvm,
2869 5877 2983 5946 25).
3017 5874 3153 5929 Deus
3172 5879 3351 5927 autem
3374 5866 3540 5922 Iacob

1955 5983 2106 6047 dicit,
2134 5979 2276 6041 Deus
2305 5977 2600 6038 Christiani
2638 5974 2837 6047 populi.
2874 5971 3019 6029 Solet
3041 5969 3182 6027 enim
3213 5967 3313 6023 hoc
3343 5977 3539 6023 nomen
