4092 6344
563 412 664 474 687
1774 416 1843 472 Μ.
1896 415 2170 474 Αυιιιειιι
2211 415 2613 474 CASSIODORI
3710 416 3811 476 668

561 528 836 602 Scriptura
868 529 1051 598 divina
1099 537 1365 600 repetere,
1421 530 1545 602 quia
1600 543 1695 600 per
1743 531 1912 602 ipsum
1942 531 2128 590 subse-
2154 532 2208 594 Α
2235 541 2280 588 et
2311 533 2372 587 de
2403 533 2510 603 lege
2546 541 2634 586 tua
2665 531 2896 586 docueris
2919 547 3052 586 eum.
3077 531 3275 588 Contra
3297 545 3463 594 vanos
3484 533 3625 591 bene
3655 535 3806 606 poni-

563 635 730 694 quens
755 622 1016 678 catholica
1048 622 1379 693 signiﬁcatur
1408 622 1667 678 Ecclesia.

629 713 786 772 Vers.
815 713 868 771 8.
901 712 1188 786 Intelligite
1222 730 1380 783 nunc,
1408 715 1496 785 qui
1519 714 1810 785 insipientes
1836 716 1954 770 estis
1977 715 2027 768 in
2052 731 2139 786 po-

565 807 719 874 pulo;
747 815 816 878 et,
847 808 1011 876 stulti,
1044 809 1323 878 aliquando
1352 809 1530 881 sapite.
1568 807 1817 879 Exposita
1849 819 2136 864 consuetu-

563 898 690 956 dine
717 899 1093 970 maiig‘uorum,
1120 901 1267 956 venit
1287 900 1354 956 ad
1381 901 1668 958 secundant
1702 909 1925 974 partem,
1961 900 2136 970 inqua

563 1007 659 1050 eos
683 1003 992 1050 commonet
1017 1004 1075 1050 ut
1111 995 1325 1051 tandem
1358 994 1647 1065 aliquando
1675 1007 1706 1048 a
1753 993 1976 1050 nefanda
2013 1008 2135 1064 per-

564 1084 814 1140 suasione
843 1084 1141 1142 discedant.
1169 1084 1478 1158 Insipientes
1511 1086 1633 1140 illos
1679 1085 1914 1156 appellat
1957 1083 2046 1156 qui
2082 1083 2136 1138 in

569 1173 811 1230 Ecclesia
837 1176 1129 1243 constituti,
1183 1177 1366 1232 saeculi
1417 1177 1574 1232 istius
1602 1175 1854 1232 felicitate
1885 1176 2138 1231 morden-

567 1271 672 1319 tur.
707 1263 774 1319 In
802 1266 994 1336 papula
1040 1276 1216 1322 autem
1265 1266 1386 1322 ideo
1425 1265 1718 1337 subiunxit,
1773 1266 1894 1336 quia
1951 1281 2139 1336 pravas

569 1356 949 1428 intelligentias
980 1357 1088 1415 suis
1118 1359 1499 1414 conventiculis
1528 1358 1734 1429 publica
1771 1374 1897 1414 voce
1937 1360 2141 1415 denun-

570 1447 724 1507 tiant.
759 1455 813 1503 et
860 1449 1054 1505 docere
1080 1448 1350 1515 videntur,
1383 1449 1528 1520 quod
1575 1449 1675 1520 ipsi
1707 1450 1935 1518 pessima
1967 1449 2140 1505 inten-

575 1536 718 1595 tione
741 1524 1072 1596 didicerunt.
1096 1541 1298 1597 Slultos
1327 1551 1502 1598 autem
1536 1542 1658 1598 illos
1689 1533 1842 1606 dicit,
1870 1547 1962 1615 qui
2001 1559 2140 1600 verte

571 1633 847 1704 religionis
888 1644 1135 1702 expertes
1179 1643 1361 1709 aperta
1412 1634 1832 1712 contradictione
1879 1636 2139 1708 blasphe-

569 1732 736 1792 tnant,
769 1723 1010 1780 dicentes
1038 1743 1050 1778 :
1080 1725 1188 1780 Nec
1218 1724 1400 1780 videre
1431 1725 1598 1780 Deum
1622 1725 1762 1795 quod
1794 1725 2036 1782 homines
2066 1726 2142 1783 fa-

570 1815 738 1884 ciunt,
773 1832 870 1872 nec
901 1817 1196 1889 intelligere
1245 1833 1363 1888 qua:
1391 1817 1726 1887 delinquunt.
1766 1818 2035 1889 Sequitur,
2068 1829 2138 1888 et,

2235 634 2338 690 tur,
2368 623 2589 692 Beatus;
2619 639 2742 680 nam
2769 625 2906 680 sicut
2943 623 3019 678 illi
3060 623 3273 679 caducis
3301 625 3714 697 cogitationibus
3741 628 3807 685 il-

2235 717 2507 785 luduntur,
2559 718 2630 771 ita
2672 717 2758 772 isti
2786 713 3046 770 doctrinae
3073 713 3306 770 caelestis
3339 717 3564 772 veritate
3591 713 3807 777 ﬁrman-

2237 815 2342 864 tur.
2374 808 2532 865 Venit
2575 823 2702 880 ergo
2729 808 2797 864 ad
2824 807 2943 864 illos
2975 823 3109 878 quos
3147 807 3201 862 in
3252 806 3408 864 titulo
3452 808 3645 879 psalmi
3687 812 3809 872 etei!

2236 900 2584 957 luminaribus
2607 902 2954 970 comparavit.
2984 898 3090 956 Sed
3117 900 3219 954 hoc
3247 900 3592 958 beatitudinis
3619 919 3808 974 genus,

2237 991 2684 1064 quemadmodum
2718 991 3016 1062 proveniat,
3047 1001 3436 1062 consequenter
3457 995 3702 1065 exponit,
3733 995 3812 1052 di-

2237 1101 2364 1142 cens
2393 1101 2407 1140 :
2441 1086 2596 1141 Et'de
2620 1087 2727 1157 lege
2757 1096 2844 1140 tua
2871 1085 3102 1140 docueris
3132 1101 3267 1140 eum.
3301 1084 3388 1142 Isti
3411 1086 3555 1143 enim
3585 1102 3696 1143 non
3727 1105 3815 1145 va-

2239 1174 2494 1232 nitatibus
2543 1175 2854 1244 illuduntur,
2920 1175 3014 1231 sed
3073 1189 3200 1231 vera
3252 1175 3508 1231 doctrinae
3555 1179 3815 1249 qualitate

2240 1268 2596 1338 complentur,
2630 1267 2868 1338 ﬁuntque
2897 1281 3084 1322 revera
3111 1265 3272 1335 beati,
3298 1267 3548 1337 quoniam
3575 1268 3813 1326 caelestis

2241 1361 2514 1432 sapientia:
2545 1375 2760 1415 munera
2789 1368 3161 1431 perceperunt.

2315 1453 2465 1508 Vcrs.
2501 1453 2584 1508 i3.
2622 1451 2688 1507 Ut
2736 1452 2930 1523 mitiges
2978 1469 3090 1507 eum
3135 1469 3170 1505 α
3216 1450 3395 1506 diebus
3433 1451 3612 1520 malis,
3660 1453 3814 1509 donec

2243 1544 2470 1616 fodiatur
2509 1545 2760 1616 peccatori
2789 1544 2951 1616 fovea.
2981 1541 3125 1599 Istud
3151 1541 3262 1613 iam
3302 1548 3500 1598 sancite
3526 1541 3662 1612 legis
3689 1557 3814 1598 con-

2243 1645 2348 1690 stat
2399 1649 2518 1690 esse
2562 1633 2908 1701 beneﬁcium,
2961 1634 3098 1688 utin
3145 1632 3382 1689 adversis
3426 1634 3612 1688 mundi
3668 1633 3816 1690 istius

2246 1726 2416 1781 discat
2441 1725 2779 1782 Christianus
2809 1724 3136 1796 patientiam,
3183 1739 3288 1795 qua
3340 1725 3650 1796 mitigantur
3675 1740 3816 1781 sem-

2247 1833 2344 1888 per
2391 1817 2642 1883 adversa;
2676 1817 2868 1888 legitur
2921 1818 3063 1873 enim
3105 1837 3117 1870 :
3169 1815 3490 1887 Exspectans
3537 1819 3818 1889 exspectavi

569 1905 732 1972 stulti,
777 1907 1056 1976 aliquando
1086 1909 1279 1974 sapite;
1329 1907 1385 1964 id
1411 1915 1516 1974 est,
1548 1908 1848 1975 dementes,
1882 1909 2143 1966 advertite
2174 1912 2220 1973 Β
2247 1907 2542 1972 Dominum,
2573 1919 2618 1961 et
2647 1907 2866 1977 respexit
2896 1923 2974 1962 me
3004 1905 3177 1977 (Psal.
3209 1924 3390 1977 xsxts,
3416 1909 3499 1978 2),
3552 1918 3608 1966 et
3639 1911 3722 1965 his
3745 1911 3819 1964 si-

573 1999 779 2055 Domini
823 2001 1094 2070 pietatem,
1126 2002 1217 2072 qui
1248 2001 1372 2056 talia
1427 2002 1622 2072 putatis
1664 2001 1944 2058 Dominum
1977 2002 2147 2073 negli-

576 2105 723 2161 gere,
754 2105 874 2162 quas
901 2093 1012 2149 suis
1039 2093 1322 2163 praeceptis
1349 2093 1688 2162 cognoscitur
1717 2092 1979 2150 inhibere.

644 2181 796 2238 Vers.
827 2183 878 2240 9.
916 2183 1016 2250 Qui
1058 2184 1308 2254 plantavit
1330 2200 1528 2251 aurem,
1575 2200 1677 2239 non
1705 2186 1916 2252 audiet;
1945 2193 2034 2240 aut
2061 2186 2150 2257 qui

571 2275 718 2341 ﬁnxit
740 2275 966 2342 oculum,
991 2293 1094 2330 non
1123 2277 1449 2333 considerat?

648 2365 796 2423 Vers.
827 2369 912 2427 10.
943 2369 1046 2436 Qui
1067 2371 1278 2441 corripit
1303 2380 1498 2442 gentes,
1523 2385 1628 2426 non
1653 2377 1864 2442 arguet;
1893 2372 1978 2441 qui
2006 2369 2154 2425 docet

574 2458 829 2515 hominem
869 2462 1172 2518 scientiam?
1207 2463 1300 2520 His
1331 2463 1542 2520 duobus
1571 2464 1817 2521 versibus
1847 2478 1940 2533 per
1965 2464 2150 2534 singu-

575 2552 652 2608 las
680 2555 972 2610 sententias
1001 2555 1239 2612 decurrit
1291 2555 1649 2626 pulcherrima
1695 2556 1856 2612 nimis
1900 2563 1958 2610 et
1988 2555 2146 2610 abso-

578 2641 683 2696 luta
716 2647 956 2711 probatio
988 2665 1002 2703 :
1033 2662 1154 2719 qua:
1197 2657 1376 2704 tamen
1415 2649 1743 2720 increpative
1793 2647 2015 2721 legenda
2047 2657 2148 2706 est.

578 2731 714 2788 Dicit
741 2735 882 2791 enim
909 2751 925 2794 :
949 2738 1048 2807 Qui
1070 2739 1257 2795 tribuit
1279 2754 1464 2796 aurem
1479 2729 1713 2798 diversis
1734 2741 1994 2799 creaturis
2015 2742 2152 2810 suis,

577 2823 679 2877 sibi
707 2823 990 2898 denegavit
1017 2829 1290 2886 auditum!
1322 2829 1420 2898 Qui
1454 2831 1737 2902 plasmavit
1776 2832 2012 2899 oculum,
2046 2847 2154 2888 non

581 2912 804 2973 habebit
831 2921 1136 2988 aspectum!
1185 2920 1286 2988 Qui
1333 2921 1810 2992 pradicationibus
1865 2923 2156 2994 propheta-

575 3023 694 3066 rum
724 3021 911 3080 gentes
937 3017 1134 3086 arguit.
1167 3016 1278 3086 ipse
1321 3018 1542 3074 minime
1582 3017 1877 3087 iudicabit!
1912 3019 2011 3086 Qui
2059 3017 2158 3074 do-

577 3101 688 3156 cuit
720 3102 987 3164 hominem
1015 3097 1295 3164 scientiam
1326 3109 1442 3178 ipse
1463 3111 1689 3168 rationis
1709 3110 1918 3180 indigus
1944 3126 2158 3181 perma-

581 3191 758 3247 nubit!
787 3195 926 3262 Quin
967 3198 1144 3266 potius
1186 3199 1377 3256 artifex
1405 3214 1586 3257 rerum
1639 3201 1856 3257 modum
1905 3203 2158 3259 uniuscu-

2248 1997 2414 2054 milia.
2450 1998 2568 2054 Dies
2597 2007 2773 2053 autem
2806 1999 2932 2053 mali
2973 2007 3119 2066 sunt,
3145 1999 3360 2069 quando
3410 2000 3677 2058 insultare
3701 2015 3818 2058 cer-

2251 2101 2450 2147 nuntur
2498 2090 2701 2161 iniusti,
2732 2089 2946 2161 quando
2998 2091 3430 2160 persecutoribus
3482 2091 3626 2148 favet
3670 2107 3821 2149 mun-

2251 2184 2391 2240 dana
2412 2184 2657 2240 felicitas.
2688 2183 2794 2240 Sed
2821 2184 2944 2240 vide
2971 2185 3096 2253 quid
3125 2185 3385 2256 sequitur,
3409 2186 3822 2256 exspectandum

2252 2292 2370 2333 esse
2393 2278 2551 2332 donec
2579 2277 2808 2349 fodiatur
2827 2279 3082 2350 peccatori
3111 2279 3289 2348 fovea;
3311 2279 3412 2335 hoc
3438 2291 3543 2346 eat,
3574 2294 3698 2336 cum
3718 2280 3826 2337 dies

2252 2367 2367 2438 eius
2411 2369 2698 2438 sepulturae
2750 2371 3071 2438 provenerit,
3103 2371 3315 2441 quando
3337 2370 3448 2440 iam
3499 2387 3608 2426 non
3647 2387 3826 2444 supera

2253 2457 2406 2514 biunt
2430 2459 2597 2528 impii,
2634 2473 2733 2514 nec
2764 2460 2988 2516 ulterius
3019 2461 3088 2516 de
3115 2463 3470 2532 prosperitate
3495 2464 3825 2534 gaudebunt;

2254 2549 2350 2606 sed
2381 2558 2506 2604 tunc
2533 2551 2794 2620 recipiunt
2816 2551 2955 2621 quod
2989 2552 3078 2607 hic
3101 2553 3372 2624 corrigere
3395 2553 3744 2610 distulerunt.

2326 2637 2480 2695 Vere.
2515 2640 2600 2694 14.
2634 2639 2767 2706 Quia
2791 2657 2893 2696 non
2921 2642 3130 2712 repellet
3153 2642 3406 2699 Dominus
3432 2645 3630 2713 plebem
3659 2662 3822 2713 suam,

2257 2740 2305 2787 et
2331 2731 2679 2786 hareditatem
2701 2747 2844 2787 suam
2871 2749 2973 2788 non
2997 2735 3332 2806 derelinquet.
3359 2736 3622 2805 Quoniam
3665 2752 3826 2807 supe-

2257 2823 2370 2878 rius
2399 2822 2624 2889 dixerat,
2657 2831 2710 2878 ut
2746 2825 2938 2896 mitiges
2975 2841 3111 2894 eum,
3153 2841 3300 2883 nunc
3339 2829 3534 2884 asserit
3577 2845 3680 2883 non
3723 2845 3828 2884 esse

2257 2915 2626 2984 repellendum,
2657 2930 2814 2986 quem
2846 2925 3063 2988 propter
3091 2919 3345 2975 eoronale
3363 2921 3642 2990 praemium
3663 2936 3831 2992 parve

2259 3015 2500 3078 tempore
2539 3020 2922 3064 commemorat
2961 3025 3084 3066 esse
3129 3010 3428 3081 fatigatur).
3460 3011 3662 3068 Plebem
3704 3026 3834 3070 vero

2259 3115 2407 3154 suam
2429 3099 2675 3171 designat
2702 3098 3038 3156 ﬁdelissimos
3057 3099 3414 3170 Christianos,
3445 3102 3536 3172 qui
3562 3101 3630 3158 ad
3648 3101 3834 3158 Domi-

2266 3207 2394 3248 num
2427 3207 2557 3262 pura
2590 3192 2785 3249 mentis
2831 3193 3132 3250 intentione
3176 3193 3454 3249 festinant.
3481 3193 3762 3265 Sequitur,
3791 3202 3836 3250 et

579 3281 768 3353 iusque
795 3285 1136 3356 dispensans,
1166 3288 1296 3345 nulli
1324 3299 1692 3348 creaturarum
1719 3300 1921 3348 tantum
1951 3293 2155 3360 tribuit,
2185 3281 2232 3346 C
2264 3286 2611 3342 hwreditatem
2637 3302 2783 3340 suam
2817 3302 2914 3342 non
2943 3287 3278 3358 derelinquet.
3309 3285 3604 3344 Hereditas
3627 3296 3713 3344 est
3743 3288 3836 3344 hu-

583 3385 836 3443 quantum
867 3378 921 3442 in
974 3393 1034 3435 se
1077 3394 1199 3436 esse
1227 3383 1525 3451 cognoscit.
1575 3382 1792 3440 Desinat
1842 3399 1974 3457 ergo
2019 3401 2154 3444 vana

581 3468 928 3538 praesumptio
972 3469 1254 3540 imaginari
1299 3472 1438 3530 velle
1495 3471 1810 3532 falsissima.
1840 3473 1966 3530 Sola
2011 3476 2154 3531 enim

583 3555 844 3616 Divinitas
892 3569 976 3616 est
1027 3577 1147 3632 qua:
1200 3564 1380 3620 omnia
1431 3566 1714 3634 veraciter,
1763 3567 1939 3622 omnia
1983 3575 2159 3638 potest

583 3663 740 3706 nosse
768 3651 1027 3721 perfecte.
1053 3654 1403 3724 inspiciamus
1433 3657 1596 3714 etiam
1620 3673 1776 3728 quam
1809 3658 2029 3731 pulchre
2078 3661 2158 3715 io-

582 3740 816 3798 cutionis
869 3744 1002 3801 ordo
1054 3747 1327 3804 decurrat.
1377 3748 1514 3806 Dicit
1562 3751 1749 3805 enim:
1787 3750 1886 3818 Qui
1915 3750 2160 3820 plantavit

582 3849 780 3903 aurem,
813 3845 868 3891 et
901 3853 1004 3893 non
1037 3839 1298 3910 sequitur,
1326 3856 1428 3896 non
1454 3842 1618 3900 habet
1646 3858 1852 3910 aurem,
1885 3844 1976 3900 sed
2005 3844 2158 3912 dixit,

583 3941 684 3978 non
711 3927 903 3983 audiet.
929 3930 1074 3984 Talis
1121 3931 1281 3986 etiam
1331 3932 1522 3989 modus
1567 3935 1849 3990 locutionis
1897 3935 2158 4005 sequitur,

583 4025 670 4070 aut
695 4020 781 4088 qui
809 4019 958 4086 ﬁnxit
986 4021 1213 4092 oculum,
1248 4037 1352 4078 non
1385 4024 1541 4095 dixit,
1575 4041 1680 4081 non
1711 4025 1872 4082 habet
1915 4027 2152 4092 oculum,

581 4107 676 4162 sed
704 4109 856 4178 dixit,
888 4129 987 4166 non
1019 4115 1344 4183 considerat;
1369 4126 1427 4170 ut
1471 4117 1784 4173 ostenderet
1812 4117 2040 4172 virtutes
2068 4133 2162 4172 au-

583 4199 763 4256 diendi
794 4203 1113 4276 videndique
1158 4209 1209 4261 in
1239 4207 1346 4263 Deo
1377 4224 1518 4276 esse,
1563 4226 1669 4266 non
1725 4209 1984 4267 membra.
2019 4211 2161 4280 Quas

585 4296 1073 4360 argumentationes
1114 4297 1304 4354 breves
1343 4309 1502 4368 atque
1564 4299 1922 4356 lucidissimas
1971 4301 2162 4374 enthy-

587 4394 846 4452 memata,
871 4386 925 4440 id
957 4397 1038 4442 est
1088 4393 1282 4445 mentis
1329 4392 1710 4462 conceptiones
1752 4394 2023 4450 dialectici
2064 4410 2158 4466 ap-
2202 4391 2213 4402 ’

588 4477 790 4545 pcliare
839 4479 1141 4536 voluerunt.
1180 4483 1288 4537 Has
1335 4498 1431 4554 pro
1484 4484 1745 4540 brevitate
1785 4487 1866 4542 sui
1913 4494 2162 4544 oratores

587 4565 892 4635 frequenter
929 4571 1159 4640 propriis
1203 4572 1631 4629 diStinctionibus
1676 4585 2013 4646 aptaverunt.
2065 4579 2163 4635 Hic

2260 3395 2441 3445 mana,
2472 3397 2590 3452 quae
2641 3382 2707 3437 ad
2756 3395 3124 3437 successorem
3174 3381 3367 3450 prioris
3407 3380 3621 3438 Domini
3647 3381 3836 3452 migra-

2262 3477 2408 3530 tione
2439 3475 2776 3531 transfertur.
2827 3475 2961 3530 Nam
3016 3473 3290 3530 hereditas
3335 3473 3554 3540 Christi,
3599 3474 3727 3530 licet
3771 3473 3842 3529 sit

2261 3568 2378 3636 eius
2408 3567 2662 3637 sanguine
2693 3566 3012 3636 conquisita,
3046 3578 3316 3634 nunquam
3352 3578 3508 3618 suum
3541 3563 3720 3633 perdit
3740 3578 3846 3618 auo.

2261 3665 2488 3724 ctorem,
2519 3657 2613 3713 sed
2641 3671 2759 3711 cum
2797 3657 2914 3727 ipso
2945 3653 3289 3711 nihilominus
3314 3653 3646 3724 possidetur.

2338 3747 2488 3804 Vers.
2525 3750 2613 3804 15.
2643 3748 2988 3820 Quoudusque
3009 3749 3218 3822 justitia
3264 3755 3584 3802 convertatur
3613 3747 3668 3801 in
3689 3746 3838 3816 judi-

2264 3842 2431 3906 cium;
2472 3851 2520 3896 et
2556 3841 2644 3912 qui
2689 3851 2854 3896 tenent
2881 3857 2998 3896 eam
3024 3857 3198 3897 omnes
3223 3841 3310 3912 qui
3340 3849 3479 3895 recto
3513 3847 3634 3894 sunt
3667 3841 3837 3894 corde.

2263 3934 2479 3988 Iustitia
2502 3933 2774 3990 hominum
2799 3944 2923 3990 tunc
2943 3935 3251 3990 convertitur
3266 3935 3317 3988 in
3330 3933 3609 4004 judicium,
3627 3932 3838 4003 quando

2265 4024 2514 4092 apostoli,
2558 4024 2641 4080 vel
2681 4025 2773 4094 qui
2799 4039 2986 4080 eorum
3037 4023 3241 4080 meritis
3268 4024 3638 4094 proximantur
3681 4023 3844 4094 (sicut

2262 4115 2342 4170 eis
2373 4117 2692 4185 promissum
2719 4125 2800 4172 est
2824 4116 2874 4171 in
2917 4115 3226 4188 Evangelio)
3255 4117 3480 4172 sederint
3525 4131 3683 4185 super
3719 4115 3843 4170 duo-

2263 4209 2428 4262 decim
2474 4207 2617 4263 sedes
2658 4209 2890 4275 iudicare
2919 4207 3130 4279 (Matth.
3163 4223 3280 4278 xxx,
3328 4207 3423 4280 28)
3452 4222 3569 4266 cum
3598 4208 3844 4265 Christo.

2264 4298 2368 4355 Ista
2395 4299 2538 4355 enim
2557 4301 2762 4370 justitia
2788 4299 3050 4368 ﬁdelium,
3077 4315 3196 4370 quas
3221 4302 3275 4356 in
3313 4299 3419 4356 hoc
3465 4300 3668 4356 mundo
3718 4313 3843 4357 esa-

2271 4392 2399 4446 tuini
2429 4392 2666 4463 subiacet
2707 4392 3016 4461 impiorum,
3043 4391 3113 4454 ibi
3141 4406 3328 4448 omnes
3355 4399 3630 4463 protervos
3658 4406 3847 4464 super-

2263 4483 2466 4552 bosque
2489 4481 2769 4552 iudicabit,
2797 4482 2934 4540 sicut
2951 4481 3082 4538 dicit
3103 4481 3394 4550 Apostolus
3423 4499 3436 4535 :
3471 4480 3702 4538 Nescitis
3723 4496 3844 4554 quo-

2267 4577 2410 4629 niam
2434 4575 2641 4642 angelos
2671 4574 3038 4643 iudicabimus,
3073 4583 3266 4646 quanto
3295 4574 3454 4646 magis
3491 4573 3772 4628 secretaria
3799 4569 3849 4643 (ι

586 4667 761 4714 autem
812 4661 1154 4734 syllogismus
1201 4673 1412 4721 constat
1449 4681 1516 4722 ex
1561 4670 1924 4740 propositione
1948 4680 2004 4728 et
2031 4687 2154 4728 con-
2189 4652 2245 4714 Ῑ)
2269 4667 2390 4724 Cor.
2414 4683 2488 4735 vt,
2516 4670 2606 4738 ωε
2639 4669 2702 4724 Et
2742 4684 2811 4724 ne
2840 4669 2924 4723 isti
2950 4669 3040 4740 qui
3085 4678 3265 4724 essent
3293 4666 3518 4723 fortasse
3544 4665 3850 4731 dubitares,

585 4751 847 4817 clusione,
879 4753 980 4808 sibi
1009 4764 1185 4812 tamen
1209 4758 1450 4826 utrisque
1489 4761 1804 4829 contrariis;
1839 4763 1998 4834 317
2023 4766 2162 4820 sicut

589 4841 676 4898 hic
703 4844 899 4901 factum
925 4856 1038 4913 est;
1061 4861 1184 4903 nam
1213 4852 1514 4920 proposuit,
1545 4851 1645 4919 Qui
1671 4851 1920 4921 plantavit
1949 4870 2162 4920 aurem;

589 4934 856 4990 conclusit
883 4952 949 4992 ex
971 4941 1262 5006 contrario,
1294 4958 1396 4996 non
1417 4942 1611 5008 audiet,
1654 4952 1709 5000 et
1732 4944 1938 5015 reliqua
1960 4961 2077 5016 qua:
2107 4947 2161 5001 in

591 5035 658 5078 eo
685 5038 842 5082 versu
871 5039 1168 5099 sequuntur
1195 5031 1521 5101 huiusmodi.

664 5113 814 5171 Vere.
847 5119 958 5176 11.
1016 5119 1268 5176 Dominus
1326 5125 1461 5178 novit
1518 5127 1852 5197 cogitationes
1904 5128 2164 5183 hominum

591 5207 832 5274 quoniam
857 5224 1002 5266 vana!
1027 5224 1163 5271 sunt.
1209 5216 1335 5271 Post
1376 5217 1464 5271 illa
1494 5233 1613 5287 quae
1640 5218 1877 5286 dixerat,
1899 5203 1904 5210 ’
1927 5223 2169 5290 sequitur

591 5313 717 5354 vera
771 5305 1040 5359 sententia
1071 5322 1085 5358 :
1117 5310 1368 5377 quoniam
1401 5309 1584 5366 talium
1642 5310 1921 5368 hominum
1965 5311 2167 5384 cogita-

591 5388 765 5447 tiones
795 5393 1012 5450 omnino
1055 5408 1176 5453 sunt
1207 5401 1533 5458 vanissimas.
1576 5403 1640 5458 Et
1668 5402 1808 5459 bene
1829 5403 2029 5459 dictum
2059 5413 2163 5474 est,

592 5484 843 5544 Dominus
871 5493 1030 5560 novit,
1061 5494 1182 5563 quia
1213 5497 1315 5565 ipsi
1363 5510 1422 5552 se
1455 5513 1548 5566 per
1575 5513 1636 5553 se
1679 5513 1842 5554 nosse
1889 5513 1994 5554 non
2041 5513 2166 5568 pos-

595 5590 740 5650 sunt,
787 5585 874 5653 qui
902 5587 1086 5654 pravis
1131 5589 1539 5657 cogitationibus
1569 5600 1918 5658 occupantur.
1955 5589 2164 5646 Vanum

594 5672 735 5727 enim
763 5673 990 5731 dicimus
1017 5677 1271 5748 quidquid
1299 5694 1327 5731 a
1365 5682 1590 5735 veritate
1615 5681 1866 5748 discedit,
1898 5680 2155 5752 quidquid

597 5767 794 5834 proticu
817 5781 887 5822 tm
916 5784 1022 5824 non
1053 5769 1214 5825 habet
1245 5770 1495 5825 fructum.

2270 4761 2370 4816 sub
2415 4761 2829 4829 interrogatione
2859 4760 3164 4831 requiritur,
3196 4761 3281 4829 qui
3306 4768 3472 4814 tenent
3499 4772 3605 4812 eam
3628 4799 3646 4826 ,
3683 4757 3744 4812 id
3775 4761 3852 4810 est

2261 4852 2542 4922 justitiam.
2576 4851 2891 4921 Respondit,
2924 4867 3094 4906 omnes
3123 4852 3210 4922 qui
3239 4861 3374 4905 recto
3402 4859 3519 4904 sunt
3543 4850 3726 4904 corde.
3756 4847 3852 4901 Re-

2271 4943 2340 4996 cti
2370 4942 2520 4996 corde
2555 4951 2679 4996 sunt
2721 4956 2909 4996 omnes
2935 4943 3127 5006 sancti,
3156 4941 3246 5011 qui
3271 4941 3464 4996 divinae
3493 4939 3696 5009 regulae
3729 4952 3854 4994 con-

2268 5035 2440 5104 iuncti
2471 5037 2623 5090 avios
2652 5050 2755 5090 non
2780 5044 3075 5105 sequuntur
3102 5049 3334 5090 errores.

2348 5127 2498 5182 Vers.
2527 5126 2613 5182 16.
2649 5126 2774 5194 Quis
2801 5136 3040 5198 exsurget
3068 5127 3195 5182 mihi
3219 5127 3460 5180 adversus
3487 5123 3854 5195 malignantes,

2273 5229 2358 5273 aut
2393 5217 2502 5288 quis
2527 5218 2678 5274 stabit
2706 5234 2902 5272 mecum
2926 5219 3168 5272 adversus
3207 5226 3471 5288 operantes
3497 5213 3854 5284 iniquitatem?

2275 5311 2432 5368 Venit
2458 5310 2524 5364 ad
2553 5311 2762 5365 tertiam
2796 5317 3019 5378 partem,
3049 5309 3101 5364 in
3128 5323 3228 5379 qua
3257 5308 3359 5362 sibi
3381 5316 3566 5362 contra
3589 5307 3856 5376 malignos

2271 5405 2493 5474 spiritus
2513 5405 2685 5460 solum
2713 5404 2874 5458 Deum
2896 5403 3196 5474 adiutorem
3221 5415 3342 5457 esse
3369 5409 3608 5456 teatatur.
3628 5398 3704 5454 Et
3732 5397 3855 5468 quia

2270 5496 2448 5551 nullus
2470 5504 2552 5552 est
2577 5494 2849 5550 hominum
2873 5495 2960 5562 qui
2989 5492 3222 5564 propriis
3245 5491 3452 5546 viribus
3478 5491 3743 5544 adversus
3762 5502 3856 5544 eos

2269 5588 2577 5644 conﬂictare
2626 5586 2933 5653 praevaleat,
2965 5583 3344 5653 interrogative
3386 5580 3664 5652 legendum
3723 5588 3854 5633 est:

2249 5679 2400 5755 Quis
2443 5688 2676 5750 exsurget
2719 5676 2840 5731 mihi
2855 5675 2951 5731 ?id
2982 5683 3083 5736 est,
3109 5688 3263 5729 nemo
3306 5689 3402 5744 pro
3442 5687 3527 5728 me
3563 5668 3856 5724 adversum

2269 5770 2538 5825 demones
2566 5777 2866 5826 certaturus
2912 5766 3137 5832 assistit,
3166 5767 3293 5821 dum
3322 5769 3418 5820 eos
3462 5764 3630 5835 ponus
3669 5762 3856 5815 homi-

674 5858 819 5918 ilers.
853 5860 940 5917 1Ξ.
964 5859 1152 5918 Beatus
1181 5861 1334 5917 homo
1354 5878 1500 5934 quem
1539 5874 1594 5919 tu
1618 5864 1886 5934 erudieris,
1920 5863 2158 5931 Densius,
2254 5878 2365 5937 rnes
2419 5861 2570 5918 malis
2624 5859 3009 5916 imitationibus
3078 5857 3492 5929 subsequantur.
3560 5850 3862 5912 Adversari
