4062 6344
249 500 354 558 669

1210 503 1570 562 EXPOSITIO
1607 502 1673 560 IN
1708 502 2167 560 PSALTERIUM.
2214 501 2400 558 PSAL.
2443 500 2624 557 XCIII.

3411 495 3515 561 670

249 617 397 687 enim
416 614 587 671 hostis
606 622 709 682 est,
740 630 847 672 non
874 616 1139 688 sequacis.
1168 615 1403 683 Addidit,
1427 627 1515 672 aut
1535 618 1653 688 quis
1677 617 1829 672 stabit
1856 620 1905 683 Α
1933 632 2048 686 gere
2100 615 2265 682 enim,
2305 615 2639 670 advertimus
2698 613 2996 682 plasmare;
3030 612 3172 669 unde
3206 621 3261 668 et
3300 612 3517 687 ﬁgulum

245 725 447 769 mecum
469 709 709 765 adversus
741 720 1009 780 aperantes
1052 709 1408 779 iniquitatem?
1436 708 1604 777 Quasi
1632 710 1684 764 in
1715 708 1831 765 acie

241 812 572 875 certaturus,
624 803 777 872 quasi
830 802 1056 858 diversis
1102 803 1297 874 iaculis
1346 803 1743 868 vulnerandus;
1774 812 1831 860 ut

241 912 353 965 non
378 911 572 967 manus
600 895 889 953 inserendo
916 896 1115 964 vincat,
1142 896 1238 953 sed
1262 897 1328 950 ad
1356 895 1637 952 victoriam
1660 896 1830 966 magis

242 988 497 1060 patiendo
521 988 819 1060 perveniat.
842 987 988 1045 lstud
1018 989 1161 1043 enim
1201 988 1306 1043 tale
1335 996 1610 1044 certamen
1635 997 1746 1052 est,
1773 996 1833 1045 ut

244 1084 425 1140 vincat
447 1084 539 1155 qui
562 1084 809 1150 sustinet,
836 1092 890 1140 et
916 1082 1106 1152 perdat
1130 1082 1222 1139 ille
1243 1083 1333 1149 qui
1364 1082 1629 1139 vulnerat.
1658 1082 1829 1150 Quem

242 1191 463 1241 sensum
488 1184 545 1233 et
571 1177 861 1247 Ap08tolus
890 1177 1015 1232 dicit
1040 1194 1055 1233 :
1091 1176 1217 1231 Non
1244 1186 1319 1231 est
1361 1176 1509 1231 nobis
1535 1177 1831 1232 colluctatio

243 1268 487 1333 adversus
511 1283 721 1324 carnem
748 1276 797 1323 et
825 1269 1145 1339 sanguinem,
1170 1267 1260 1322 sed
1293 1267 1544 1322 adversus
1575 1268 1833 1338 principes

244 1366 295 1417 et
319 1366 599 1429 potestutes
631 1359 955 1413 tenebrarum
1004 1359 1210 1424 harum,
1253 1358 1497 1413 adversus
1537 1357 1833 1429 spiritualia

244 1450 485 1522 nequitia:
512 1451 567 1505 in
596 1450 877 1507 calestibus
904 1449 1122 1522 (Epiros.
1154 1467 1232 1518 vr,
1258 1451 1371 1521 12).

317 1542 475 1600 Vers.
501 1545 589 1600 17.
618 1543 739 1598 Nisi
763 1545 883 1613 quia
914 1542 1165 1597 Dominus
1188 1544 1389 1615 adjuvit
1417 1558 1516 1611 me,
1546 1542 1702 1615 paulo
1727 1545 1830 1597 mi-

250 1649 352 1691 nus
381 1634 687 1693 habitaverat
715 1634 849 1707 [ed.,
874 1634 1145 1689 habitasset
1150 1638 1166 1706 j
1198 1636 1251 1688 in
1274 1636 1474 1706 inferno
1496 1636 1670 1689 anima
1696 1651 1830 1690 mea.

247 1727 550 1783 Attendens
578 1729 720 1797 prius
750 1728 818 1782 ad
864 1728 1148 1783 humanam
1198 1728 1643 1795 imbecillitatem,
1698 1743 1830 1784 nus-

244 1831 410 1887 quam
447 1818 551 1875 sibi
581 1817 781 1889 reperit
808 1818 1142 1889 adjutorem;
1174 1818 1271 1874 sed
1300 1833 1595 1874 conversus
1627 1818 1693 1873 ad
1723 1819 1833 1873 Do-

250 1909 479 1976 minum,
508 1909 687 1965 statim
718 1910 859 1980 quod
905 1910 1155 1979 opitulari
1203 1920 1403 1980 posset,
1437 1909 1661 1967 invenit.
1694 1909 1835 1967 Dicit

1935 711 2071 766 bene
2101 710 2340 766 solemus
2368 724 2615 764 vasorum
2659 708 2839 764 dicere
2883 707 3261 773 formatorem;
3296 722 3417 762 nam
3460 712 3518 765 et

1937 802 2030 856 ille
2073 801 2163 871 qui
2200 802 2475 867 mentitur,
2520 800 2717 871 aliquid
2758 800 2859 856 sibi
2887 799 3096 855 videtur
3126 814 3281 870 posse
3310 798 3517 856 conﬁu-

1888 925 1910 945 .
1933 906 2079 962 gere.
2112 891 2262 947 Unde
2295 892 2396 947 hoc
2416 892 2636 951 verbum
2668 890 2850 955 inultis
2880 890 3039 947 rebus
3068 890 3389 961 apponitur;
3419 888 3516 951 sed

1935 1000 2169 1055 congrue
2196 993 2322 1041 tunc
2350 985 2685 1055 intelligitur,
2723 982 2935 1055 quando
2962 984 3138 1041 causis
3159 992 3250 1040 aut
3271 984 3516 1054 personis

1934 1079 2322 1134 convenienter
2348 1087 2581 1149 aptatur.

2006 1169 2157 1225 Vers.
2191 1170 2279 1224 21.
2311 1169 2597 1242 Captabunt
2623 1171 2677 1226 in
2704 1172 2930 1225 animam
2967 1170 3121 1241 justi,
3153 1178 3199 1225 et
3220 1169 3517 1241 sanguinem

1906 1261 2249 1327 innocentem
2277 1261 2706 1317 condemnabunt.
2731 1261 2841 1318 Hoc
2870 1263 3177 1335 frequenter
3211 1260 3436 1333 legimus
3460 1262 3516 1318 in

1933 1351 2257 1425 martyribus
2300 1351 2517 1422 factum,
2548 1362 2603 1408 ut
2633 1352 2917 1409 truculenti
2947 1362 3314 1426 persecutores
3337 1350 3515 1423 aliquo

1941 1448 2069 1519 dolo
2099 1448 2421 1519 intercipere
2450 1448 2687 1503 nitantur
2710 1449 2912 1503 animas
2959 1447 3295 1502 innocentes.
3326 1444 3517 1515 Capta-

1937 1544 2059 1611 bunt
2090 1544 2234 1599 enim
2258 1544 2409 1614 dixit,
2458 1544 2611 1614 quasi
2638 1544 2875 1613 captiose
2903 1543 3241 1599 tractabant:
3276 1541 3397 1613 quia
3428 1557 3518 1597 ve-

1933 1652 2050 1703 ram
2088 1650 2306 1691 causam
2354 1636 2594 1691 criminis
2649 1636 2699 1690 in
2730 1634 2929 1689 talibus
2969 1622 3209 1690 invenire
3240 1648 3344 1688 non
3389 1646 3515 1704 pos-

1933 1734 2079 1783 sunt.
2111 1725 2253 1782 lstud
2284 1735 2461 1782 autem
2506 1725 2645 1797 quod
2693 1725 2954 1797 sequitur,
3006 1724 3107 1780 sub
3149 1722 3518 1781 exsecratione

1933 1816 2217 1887 legendum
2279 1827 2393 1883 est,
2451 1826 2498 1872 et
2555 1818 2855 1888 sanguinem
2910 1818 3229 1872 innocentem
3279 1815 3519 1869 condent-

1935 1910 2165 1976 nabant;
2192 1919 2251 1966 ut
2291 1910 2433 1983 quod
2478 1911 2773 1967 sceleribus
2818 1909 3000 1966 datum
3047 1918 3152 1976 est,
3205 1909 3519 1980 improbitas

249 1998 421 2067 enim,
451 1999 571 2056 Nisi
596 2001 717 2072 quia
736 2000 990 2055 Dominus
1018 2001 1216 2073 adjuvit
1238 2018 1336 2069 me,
1363 2002 1415 2057 in
1448 2002 1593 2057 illam
1621 2001 1831 2059 foveam
1860 1995 1910 2059 Β
1940 2003 2215 2060 hominum
2247 2004 2532 2067 virtutibus
2582 2004 2821 2060 tribuere
2873 2018 2980 2059 non
3030 2010 3261 2059 recuset.
3296 2001 3520 2073 Sanguis

251 2094 497 2162 protinus
550 2094 856 2151 incidissem
909 2095 964 2149 in
994 2111 1097 2165 qua
1148 2106 1460 2166 peccatores
1502 2105 1710 2152 certum
1747 2106 1833 2154 est

248 2199 410 2255 posse
438 2185 708 2256 demersi;
744 2186 846 2241 hoc
889 2196 994 2256 est,
1024 2187 1184 2258 paulo
1229 2189 1397 2242 minus
1434 2187 1749 2243 habitaverat
1773 2191 1831 2244 in

246 2278 451 2348 inferno
494 2278 670 2333 anima
698 2295 832 2333 utea.
870 2279 1027 2334 Vanis
1055 2281 1201 2335 enim
1250 2281 1685 2348 persuasionibus
1732 2297 1829 2352 po-

246 2369 440 2425 tuisset
467 2370 661 2439 decipi,
691 2370 794 2425 uisi
821 2371 1103 2425 meruisset
1124 2386 1153 2424 a
1176 2370 1403 2427 Domino
1432 2372 1667 2428 liberari.

318 2461 473 2518 Vera.
505 2464 596 2519 18.
631 2462 693 2520 Si
720 2464 950 2519 dicebam
980 2480 999 2519 :
1031 2464 1207 2520 Motus
1235 2476 1307 2520 est
1358 2482 1445 2537 pes
1491 2482 1655 2533 meus,
1682 2468 1831 2522 mise-

242 2554 470 2609 ricordia
515 2564 624 2621 tua,
657 2555 895 2623 Domine,
938 2558 1215 2629 adjuoabat
1242 2575 1340 2614 me.
1382 2558 1481 2615 Hic
1508 2559 1828 2615 beneﬁcium

238 2646 546 2702 celerrimae
571 2648 926 2704 confessionis
955 2650 1274 2717 ostenditur,
1301 2660 1358 2705 ut
1385 2664 1506 2706 cum
1537 2666 1596 2708 se
1622 2651 1828 2720 lapsum

238 2740 479 2806 diceret,
530 2743 706 2797 statim
763 2757 980 2799 munera
1033 2743 1214 2799 divina
1242 2744 1495 2811 sentiret;
1545 2745 1638 2815 qui
1687 2744 1828 2801 felici

237 2840 396 2887 sorte
424 2832 703 2900 liberatus,
728 2834 854 2889 inde
882 2844 1088 2890 reatum
1114 2836 1344 2891 evadere
1373 2837 1677 2906 praevaluit,
1703 2838 1829 2908 quia

237 2924 456 2993 culpant
482 2924 654 2981 iudici
691 2941 800 2982 non
828 2929 1061 2999 negavit.
1095 2927 1185 2983 Sic
1212 2928 1406 2985 Petrus
1443 2944 1563 2984 cum
1607 2940 1833 2987 vocatus

238 3015 522 3085 gressibus
554 3015 666 3072 suis
695 3018 926 3075 calcaret
951 3019 1122 3075 undas
1151 3021 1337 3084 maris.
1371 3020 1586 3089 expavit
1610 3018 1828 3091 (Matth.

243 3121 364 3168 xiv,
397 3105 521 3177 30);
553 3109 646 3164 sed
681 3107 804 3165 ideo
827 3108 937 3165 cito
964 3109 1158 3166 meruit
1185 3110 1415 3179 liberari,
1440 3122 1573 3181 quia
1600 3109 1832 3167 inﬁrmi-

240 3205 414 3257 tatem
446 3214 593 3255 suam
644 3201 799 3257 obrui
849 3203 1093 3272 protinus
1143 3203 1504 3259 exclamavit:
1533 3205 1617 3258 cui
1647 3204 1829 3260 statim

243 3290 415 3347 adluit
432 3293 795 3352 misericordia
823 3296 1025 3363 divina,
1049 3298 1178 3353 dum
1203 3305 1354 3354 tensa
1381 3313 1571 3354 manus
1595 3301 1826 3369 eripuit,

244 3399 404 3452 quem
451 3384 746 3443 diffidentia
799 3388 1036 3445 cavenda
1064 3390 1359 3460 mergebat.
1408 3390 1640 3446 Tantum
1681 3392 1825 3449 enim
1850 3371 1902 3438 (Σ

246 3478 390 3534 valet
419 3479 472 3533 in
524 3479 801 3550 principiis
841 3482 1133 3538 accelerata
1162 3482 1455 3549 confessio,
1498 3492 1556 3539 ut
1584 3492 1710 3541 ante
1739 3484 1830 3542 in-

245 3569 523 3641 dulgentia
550 3574 854 3643 subveniat,
885 3589 1044 3644 quam
1078 3588 1234 3643 pcena
1263 3574 1539 3645 percellat.

317 3661 473 3719 Vers.
499 3664 586 3721 l9.
611 3664 906 3721 Secundum
934 3666 1309 3720 multitudinem
1336 3666 1574 3722 dolorum
1602 3682 1833 3722 meorum

240 3752 300 3808 in
325 3755 477 3809 corde
504 3770 639 3824 meo,
670 3756 1039 3812 consolationes
1068 3766 1170 3812 tua:
1197 3757 1581 3826 ltetiﬁcaverunt
1605 3761 1833 3814 animam

238 3862 433 3902 «eam.
466 3847 627 3903 Multa
656 3850 870 3919 quidem
901 3851 1146 3917 vulnera,
1175 3851 1271 3908 sed
1302 3851 1579 3909 sufficiens
1613 3855 1833 3911 omnino

192 4022 195 4023 ν
243 3939 533 4006 medicina,
557 3942 769 4012 quando
792 3944 1086 4001 secundum
1117 3945 1330 4002 dolores
1370 3961 1595 4017 asperos
1629 3963 1829 4004 conso-

243 4031 435 4088 latoria
462 4035 589 4091 dicit
614 4038 829 4093 venisse
857 4039 1116 4094 remedia.
1143 4039 1275 4095 Nam
1304 4040 1445 4109 quod
1475 4042 1571 4106 ait,
1606 4043 1832 4105 incorde

244 4138 387 4191 meo,
439 4141 560 4183 suas
598 4130 862 4199 significat
904 4130 1285 4187 saluberrimas
1335 4132 1720 4202 cogitationes;
1773 4143 1830 4191 ut

240 4231 367 4273 cum
399 4220 772 4280 retributiones
818 4233 1053 4281 internas
1097 4235 1280 4283 mente
1324 4228 1646 4295 revolverct,
1690 4231 1826 4286 mala

240 4313 560 4381 temporalia
582 4316 697 4372 sine
716 4316 1053 4375 dubitatione
1071 4319 1402 4390 despiceret;
1423 4331 1474 4377 et
1497 4322 1829 4379 confortatus

236 4403 370 4459 inde
394 4415 631 4463 sumeret
651 4410 969 4476 remedium,
998 4412 1140 4468 unde
1162 4428 1222 4469 se
1248 4414 1529 4482 pervenire
1550 4413 1830 4484 judicabat

233 4494 311 4549 ad
344 4494 635 4554 Christum.
664 4500 800 4569 Ipsae
827 4512 953 4558 sunt
995 4503 1370 4573 consolationes
1414 4520 1534 4575 quas
1564 4505 1828 4576 laeti/imm

232 4599 459 4653 amatas,
490 4592 732 4657 quamvis
755 4606 978 4663 corpora
1006 4593 1293 4651 videantur
1315 4596 1537 4650 afflicta.

311 4676 466 4735 νει-ε.
494 4677 583 4737 9D.
616 4681 868 4753 Nunquid
912 4686 1141 4742 adliceret
1186 4688 1274 4741 tibi
1323 4688 1468 4743 sedes
1510 4689 1820 4757 iniquitatis,

1935 2099 2080 2169 enim
2109 2113 2207 2171 pro
2229 2097 2415 2155 dolore
2444 2098 2643 2173 petitur
2664 2098 2857 2167 sancti,
2880 2097 2966 2154 cui
2989 2097 3107 2153 laus
3134 2106 3188 2155 et
3211 2096 3522 2167 obsequium
3610 2120 3621 2123 -

1932 2189 2211 2249 debuisset
2257 2190 2462 2247 oll'erri.
2498 2191 2610 2246 Hoc
2662 2199 2717 2247 et
2764 2190 2830 2245 ad
2870 2189 3152 2246 Dominum
3184 2189 3520 2245 Salvatorem

1932 2294 2111 2356 potest
2139 2285 2349 2354 referri,
2396 2285 2488 2357 qui
2520 2286 2661 2341 vere
2683 2285 2925 2341 innocens
2955 2292 3115 2354 atque
3145 2282 3521 2340 immaculatus

1931 2391 2031 2447 pro
2082 2384 2271 2433 nostra
2327 2375 2702 2447 redemptione
2751 2376 3076 2433 sententiam
3135 2376 3348 2448 injustas
3388 2389 3519 2432 con-

1933 2471 2293 2528 demnationis
2320 2472 2558 2542 excepit.

2003 2562 2158 2620 Vers.
2199 2560 2289 2619 2:2.
2321 2562 2389 2617 Et
2418 2563 2584 2633 factus
2608 2572 2682 2618 est
2716 2562 2839 2617 mihi
2867 2561 3117 2617 Dominus
3161 2560 3214 2616 in
3241 2560 3519 2632 refugium,

1931 2662 1977 2710 et
1996 2654 2134 2710 Deus
2158 2672 2301 2710 meus
2318 2656 2373 2709 in
2396 2655 2651 2710 auxilium
2675 2655 2786 2726 spei
2805 2669 2950 2709 meae.
2975 2653 3043 2711 Ut.
3066 2651 3375 2709 ostenderet
3400 2667 3519 2723 per-

1934 2750 2240 2805 secutiones
2270 2748 2549 2807 hominum
2591 2749 2666 2803 nil
2710 2748 2912 2814 valere,
2944 2761 3010 2803 eo
3056 2755 3300 2815 tempore
3347 2745 3518 2817 magis

1930 2841 2063 2897 dicit
2090 2840 2331 2896 divinum
2365 2840 2470 2895 sibi
2498 2838 2813 2911 provenisse
2858 2838 3137 2909 refugium,
3168 2834 3383 2905 quando
3422 2848 3517 2889 su-

1933 2934 2115 3004 perbia
2162 2936 2409 2990 humana:
2441 2932 2829 3004 persecutionis
2873 2932 3054 2988 inﬂata
3105 2939 3209 2987 est.
3254 2930 3356 2986 Per
3383 2928 3519 2985 hanc

1932 3027 2075 3085 enim
2104 3036 2305 3082 sancta:
2341 3033 2638 3097 martyrum
2667 3025 2975 3096 germinant
3000 3021 3226 3094 palmae;
3259 3035 3355 3091 per
3383 3019 3520 3075 hanc

1934 3118 2205 3175 coronalis
2230 3119 2321 3174 illa
2342 3116 2615 3173 beatitudo
2641 3123 3003 3188 praeparatur;
3031 3127 3129 3183 per
3157 3113 3296 3167 hanc
3318 3110 3519 3180 nuptia-

1933 3210 2003 3267 lis
2030 3214 2168 3267 stola
2200 3211 2546 3277 conceditur;
2581 3225 2674 3279 per
2705 3211 2843 3265 hanc
2866 3208 3127 3265 emtor-um
3159 3220 3327 3277 regna
3364 3214 3518 3261 rese-

1931 3313 2154 3371 rantur;
2186 3315 2241 3361 et
2291 3304 2550 3375 quidquid
2589 3302 2860 3359 desiderio
2908 3315 3101 3373 magno
3146 3298 3369 3370 petitur,
3402 3297 3519 3368 ipsa

1933 3399 2111 3471 potius
2158 3399 2413 3456 satviente
2443 3406 2748 3467 praestatur.
2791 3395 3065 3465 Sequitur.
3112 3400 3164 3448 et
3195 3391 3335 3446 Deus
3376 3405 3519 3451 meus

1932 3494 1990 3548 in
2027 3492 2281 3548 auxilium
2306 3490 2417 3563 spei
2456 3505 2599 3544 mete.
2635 3487 2771 3543 Dum
2798 3487 2947 3555 dicit,
2979 3484 3254 3551 auxilium,
3285 3480 3519 3538 ostendit

1933 3597 1995 3641 se
2023 3583 2196 3639 adhuc
2223 3596 2343 3638 esse
2374 3594 2673 3651 passurum.
2704 3579 2934 3648 Propter
2964 3576 3065 3631 hoc
3093 3574 3329 3644 denique
3366 3571 3520 3627 addit-

1934 3674 2114 3741 dit,-et
2144 3673 2254 3743 spei
2277 3686 2425 3738 mete,
2458 3672 2709 3741 quoniam
2738 3669 2827 3724 hic
2856 3667 3031 3723 adhuc
3054 3679 3204 3736 spem
3236 3663 3516 3729 habemus,

1934 3782 2042 3824 non
2070 3781 2188 3823 rem
2212 3774 2488 3831 tenemus;
2520 3764 2613 3820 sed
2639 3777 2757 3818 cum
2781 3761 2913 3817 illud
2936 3770 3147 3830 tempus
3168 3755 3516 3813 revelationis

1932 3859 2193 3923 illuxerit,
2221 3871 2371 3927 spem
2401 3856 2797 3926 relinquemus,
2827 3853 2949 3923 quia
3001 3852 3112 3921 jam
3144 3857 3385 3904 nostrum
3414 3846 3513 3901 de-

1933 3952 2188 4008 siderium
2213 3950 2613 4020 possidebimus
2633 3992 2648 4017 ,
2679 3947 2819 4002 sicut
2848 3944 2977 4001 dicit
3006 3941 3297 4013 Apostolus
3326 3956 3341 3992 :
3376 3939 3516 3993 Nam

1930 4043 2069 4116 quod
2090 4042 2223 4097 videt
2248 4042 2383 4112 quis,
2409 4040 2532 4111 quid
2561 4039 2771 4109 sperat?
2795 4037 2858 4092 Si
2893 4044 3064 4091 autem
3089 4033 3226 4104 quod
3246 4048 3348 4087 non
3375 4032 3516 4086 vide-

1934 4154 2046 4207 mus
2070 4151 2351 4207 speramus,
2385 4150 2471 4202 per
2499 4132 2799 4203 patientiam
2822 4136 3170 4200 exspectamus
3199 4125 3372 4197 (Rom.
3396 4140 3512 4192 vui,

1930 4204 2021 4291 ΞΑ,
2042 4204 2159 4296 23).
2187 4226 2523 4295 Quapropter
2538 4221 2977 4291 sicutclamorem
3001 4225 3309 4273 sanctorum
3342 4219 3393 4273 in
3421 4231 3513 4273 su-

1932 4320 2227 4391 perioribus
2256 4320 2511 4389 pr0plreta
2555 4316 2876 4380 declaravit,
2921 4312 3147 4369 dicendo
3187 4330 3198 4365 :
3246 4310 3515 4383 Usquequo

1930 4423 2248 4484 peccatores,
2290 4408 2541 4477 Domine,
2585 4423 2844 4480 usquequo
2895 4416 3179 4478 peccatores
3217 4404 3515 4477 gloriabun-

1930 4486 2051 4577 tur?
2090 4505 2160 4559 ita
2192 4518 2335 4558 nunc
2384 4501 2653 4575 ponendo,
2685 4499 2753 4554 Et
2786 4504 2952 4571 fartus
2996 4507 3069 4553 est
3110 4497 3236 4551 mihi
3267 4484 3517 4553 Dominus

1926 4596 1980 4653 in
2006 4597 2281 4670 refugium,
2304 4605 2350 4651 et
2376 4595 2515 4650 Deus
2547 4612 2689 4651 meus
2720 4596 2773 4649 in
2804 4593 3055 4650 auxilium
3082 4592 3191 4662 spei
3217 4606 3360 4657 metu,
3392 4604 3517 4644 cau-~

1929 4703 2042 4743 sam
2073 4689 2236 4743 totius
2269 4688 2620 4743 hmsitationis
2645 4685 2893 4741 abscidit.

228 4766 328 4834 qui
369 4768 522 4840 ﬁngis
555 4770 781 4827 dolorem
816 4775 871 4828 in
918 4778 1205 4848 praecepto?
1233 4776 1488 4848 Negative
1538 4779 1821 4834 dicendum
1850 4764 1904 4825 Ῑ)
2004 4779 2156 4849 Vcrs,
2187 4778 2277 4832 235.
2304 4777 2371 4832 Et
2402 4779 2579 4833 reddet
2621 4776 2726 4831 illis
2756 4774 3079 4846 iniquitatem
3113 4774 3364 4844 ipsorum,
3391 4779 3438 4824 et
3466 4771 3517 4825 in

229 4864 324 4935 est
353 4874 366 4911 :
400 4857 651 4931 Nunquid
677 4866 945 4935 particeps
977 4869 1051 4922 tui
1082 4870 1187 4923 erit
1218 4870 1440 4925 thronus
1470 4869 1822 4926 insidiarum?

228 4946 370 5017 Quia
396 4951 541 5021 justo
570 4954 801 5012 Domino
843 4973 948 5014 non
992 4970 1170 5030 potest
1198 4965 1522 5032 proximare,
1549 4964 1651 5019 nisi
1677 4964 1818 5033 quod

228 5038 355 5109 eius
374 5052 585 5099 constat
607 5048 801 5116 regulis
826 5053 1136 5108 convenire.
1162 5054 1251 5109 Sic
1284 5070 1381 5123 per
1409 5056 1642 5125 speciem
1672 5066 1821 5111 octa-

231 5147 355 5201 vam
379 5135 734 5206 definitionis,
767 5156 887 5212 quae
916 5142 1102 5200 Graece
1130 5147 1240 5202 κατ’
1269 5149 1526 5224 ἀφαίρεσιν
1550 5154 1642 5204 τοῦ
1673 5151 1814 5204 ἑναν·

226 5227 364 5292 τίω,
394 5227 585 5287 Latine
614 5247 711 5301 per
739 5235 1057 5304 privantiam
1090 5240 1367 5305 contrarii,
1398 5242 1639 5311 negando
1670 5243 1815 5313 quod

227 5332 343 5373 non
368 5328 469 5388 est,
494 5322 749 5379 delinitur
777 5327 905 5396 quid
956 5329 1026 5383 sit
1067 5328 1317 5385 Christus
1346 5332 1619 5389 Dominus.
1657 5334 1818 5391 Sedes

229 5409 378 5466 enim
408 5412 691 5484 iniquitatis
716 5426 800 5475 est
830 5418 1013 5475 mundi
1042 5421 1199 5476 istius
1224 5423 1544 5491 voluptuosa
1594 5441 1815 5493 posses-

224 5500 335 5569 sio,
360 5518 478 5573 quae
504 5506 730 5564 Domino
755 5509 1036 5568 adhaerere
1063 5528 1171 5568 non
1202 5523 1398 5582 potest,
1428 5516 1643 5586 quando
1686 5534 1816 5575 suos

222 5594 395 5667 318
423 5597 672 5667 famulos,
720 5618 788 5658 ne
814 5604 980 5660 rebus
1025 5606 1220 5661 talibus
1269 5619 1590 5678 caperentur
1619 5610 1812 5666 admo-

221 5688 363 5741 nuit.
401 5688 732 5759 Prteceptum
760 5695 903 5750 enim
934 5697 1105 5766 ipsius
1131 5698 1370 5755 continet
1395 5714 1412 5755 :
1446 5699 1596 5755 Beati
1620 5703 1707 5771 qui
1733 5706 1814 5757 tu-

219 5789 367 5852 gcnt,
398 5785 640 5850 quoniam
684 5788 785 5859 ipsi
823 5792 1257 5859 consolabuntur;
1300 5804 1355 5849 et
1390 5795 1583 5851 iterum
1621 5816 1632 5849 :
1669 5795 1816 5852 Beato

219 5872 316 5941 qui
332 5876 734 5942 persecutionem
755 5882 1024 5950 patiuntur
1043 5889 1250 5956 prbpter
1262 5887 1546 5960 justitiam,
1571 5890 1817 5959 quoniam

217 5960 459 6032 ipsorum
502 5975 578 6023 est
604 5983 819 6041 regnum
842 5974 1087 6033 ctelorum
1126 5975 1345 6049 (Matth.
1369 5995 1424 6048 v,
1458 5982 1509 6048 5,
1541 5979 1653 6056 10).
1685 5977 1817 6037 Fin-

1930 4874 2126 4929 malitia
2146 4889 2321 4927 eorum
2343 4871 2602 4943 disperdet
2620 4886 2703 4924 eos
2723 4869 2973 4922 Dominus
2998 4864 3139 4919 Deus
3156 4872 3347 4918 noster.
3376 4861 3517 4918 Ecce

1928 4968 2103 5024 omnis
2151 4965 2417 5020 dubitatio
2463 4962 2819 5019 saluberrimo
2865 4961 2972 5016 line
3019 4966 3203 5012 curata
3246 4963 3354 5012 est.
3384 4953 3515 5013 Nam

1928 5059 2050 5114 illos
2081 5072 2216 5129 quos
2245 5057 2525 5113 dicebatur
2561 5055 2818 5110 Dominus
2859 5067 2967 5106 non
2990 5049 3197 5114 videre,
3227 5062 3402 5118 neque
3432 5046 3486 5102 in

1928 5151 2188 5222 telligere,
2220 5157 2521 5219 opportuno
2549 5156 2793 5216 tempore
2823 5142 3085 5197 retribuet
3114 5138 3219 5195 illis
3248 5137 3519 5223 operatio:

1924 5259 2022 5300 nes
2048 5258 2193 5298 suas.
2217 5242 2323 5298 Sed
2355 5241 2711 5309 intelligamus
2736 5236 2863 5308 quid
2892 5236 2964 5290 sit
2982 5232 3125 5306 quod
3153 5232 3307 5300 dicit,
3331 5242 3377 5287 et
3403 5230 3496 5287 red

1924 5337 2006 5389 det
2032 5336 2134 5390 illis
2181 5334 2499 5404 iniquitatem
2524 5331 2779 5398 ipsorum,
2836 5327 2887 5382 id
2922 5335 3006 5381 est
3052 5324 3318 5380 retribuet
3363 5323 3519 5378 malis

1920 5426 2213 5482 secundum
2255 5433 2377 5478 vota
2425 5420 2679 5490 nequitiae
2709 5432 2856 5483 suae,
2901 5432 3006 5471 non
3048 5414 3346 5471 secundum
3387 5412 3519 5469 illud

1922 5518 2119 5573 bonum
2170 5516 2307 5585 quod
2359 5513 2606 5567 videntur
2654 5512 2833 5567 facere
2883 5509 3205 5566 nescientes.
3250 5507 3382 5563 Nam
3425 5508 3518 5577 qui

1926 5610 2296 5664 sanctissimos
2338 5616 2752 5677 persequuntur,
2786 5606 2850 5660 ad
2881 5605 3144 5660 caelorum
3176 5602 3392 5673 quidem
3422 5616 3517 5657 re-

1960 5718 2027 5757 na
2053 5700 2447 5765 transmittunt;
2478 5699 2570 5754 sed
2599 5699 2826 5754 credunt
2865 5712 2924 5752 se
2955 5695 3200 5767 perdere,
3230 5708 3365 5764 quos
3406 5699 3517 5745 sta-

1926 5799 2127 5857 suerint
2157 5796 2337 5865 iniqua
2367 5793 2642 5849 voluntate
2674 5790 2965 5848 trucidare.
3002 5789 3199 5844 Verum
3244 5786 3331 5841 isti
3380 5785 3515 5839 tales

1925 5892 1984 5947 in
2012 5892 2099 5945 illa
2128 5895 2276 5957 parte
2306 5886 2579 5957 judicandi
2626 5895 2775 5951 sunt,
2807 5885 2861 5939 in
2891 5897 2995 5953 qua
3025 5879 3285 5935 malitiam
3312 5888 3510 5931 conce-

1926 5984 2074 6059 pisse
2103 5989 2415 6043 noscuntur.
2460 5980 2528 6037 Et
2576 5988 2703 6038 nota
2750 5977 2891 6051 quod
2943 5975 3044 6033 hoc
3079 5984 3276 6031 nomen
3302 5968 3521 6028 malitia.
