4062 6344
542 484 644 544 671

1750 479 1822 538 Μ.
1864 481 2146 540 AURELII
2182 480 2590 542 CASSIODORJ

3705 494 3818 552 672

542 598 782 658 omnium
826 597 1113 656 criminum
1154 608 1326 668 capax
1369 609 1491 654 esse
1541 596 1767 654 dicatur.
1815 597 1950 654 Nam
1979 601 2120 655 sicut
2144 603 2201 665 Α
2222 600 2370 656 mino
2400 614 2507 656 non
2536 600 2825 659 reddamur
2851 602 3126 673 absentes,
3147 607 3401 677 quoniam
3431 607 3635 679 ubique
3662 617 3815 670 totus

542 694 777 751 cbaritas
802 690 1119 747 multifarias
1149 692 1376 746 virtutes
1404 690 1665 756 continet,
1696 690 1770 746 ita
1795 690 1993 745 malitia
2015 693 2121 748 cri-

544 790 690 847 mina
715 787 927 843 diversa
966 785 1358 856 complectitur.
1402 783 1680 855 Disperdet
1717 801 1825 852 eos,
1855 784 1908 840 id
1952 794 2058 852 est,
2090 800 2121 841 a

514 894 643 955 gsuo
673 894 835 949 regno
863 878 1060 934 efﬁciet
1106 878 1333 945 alienos,
1385 878 1480 934 ubi
1524 878 2121 947 incomprehensibilem

543 985 755 1042 [uenam
783 969 1054 1027 sustinent
1070 968 1219 1038 mali,
1248 984 1372 1026 cum
1397 983 1429 1025 a
1448 978 1599 1026 tanto
1628 984 1853 1027 munere
1880 968 2118 1028 reddun-

546 1073 629 1120 tur
652 1064 914 1121 extranei.

1084 1161 1352 1216 Conclusio
1379 1160 1583 1232 psalmi.

617 1277 989 1340 ReSpiciamus
1040 1277 1180 1332 hunc
1207 1277 1470 1347 psalmum
1509 1290 1616 1346 quo
1645 1274 1838 1332 decore
1876 1273 2118 1345 resplen-

544 1373 705 1428 deat:
739 1370 1186 1442 quemadmodum
1216 1371 1292 1425 illi
1319 1369 1726 1425 murmurationi
1752 1378 2120 1440 competenter

546 1466 791 1534 objectus
820 1474 926 1533 est,
951 1479 1053 1535 qua
1086 1464 1321 1519 maxime
1348 1462 1558 1517 laborat
1581 1460 1901 1516 humanitas.
1933 1460 2120 1517 Nullus

541 1557 783 1612 invideat
825 1556 1112 1625 perituris;
1163 1554 1341 1609 nullus
1384 1552 1566 1610 felices
1612 1555 1843 1609 aestimet
1884 1554 1973 1624 qui
2019 1555 2122 1611 sub

542 1646 842 1701 aeternitate
867 1644 1155 1699 damnandi
1185 1653 1331 1699 sunt.
1364 1644 1623 1699 Amemus
1652 1644 1829 1714 potius
1870 1642 2121 1701 afﬂictio-

541 1754 658 1803 nes,
690 1753 812 1808 quae
857 1737 1059 1792 faciunt
1106 1746 1365 1808 perpetuo
1414 1738 1614 1794 felices.
1643 1737 1773 1793 Nam
1804 1740 1850 1794 si
1880 1753 2120 1795 amaram

540 1822 733 1884 medici
763 1828 1034 1898 potionem
1064 1843 1168 1883 non
1200 1828 1525 1898 respuimus,
1559 1838 1619 1884 ut
1645 1842 1947 1884 mereamur
1977 1837 2116 1885 tem-

539 1919 782 1991 poralem
824 1920 1099 1989 suscipere
1124 1919 1458 1987 sospitatem,
1487 1920 1609 1990 quis
1638 1920 1778 1976 istud
1809 1935 1955 1975 sana:
1976 1936 2114 1977 men-

538 2011 608 2068 tis
637 2011 887 2067 aﬁ‘ectare
928 2028 1034 2067 non
1088 2011 1302 2081 debeat,
1352 2011 1493 2082 quod
1545 2026 1605 2068 se
1652 2020 1873 2082 propter
1919 2021 2118 2069 aeterna

536 2103 729 2172 gaudia
757 2102 938 2158 subire
962 2116 1119 2173 posse
1147 2112 1474 2173 cognoscat;
1501 2102 1733 2159 maxime
1758 2118 1881 2159 cum
1907 2104 1963 2159 in
1988 2104 2120 2175 ipsis

539 2194 769 2250 miseriis
796 2195 1026 2265 amplius
1057 2196 1353 2266 opituletur
1378 2196 1536 2251 nobis
1565 2194 1788 2252 dextera
1810 2195 2120 2252 Creatoris?

540 2286 609 2342 Et
634 2286 757 2342 ideo
786 2302 889 2342 non
919 2287 1177 2343 debemus
1214 2301 1333 2344 esse
1358 2287 1595 2355 solliciti,
1625 2288 1746 2359 quia
1772 2302 1880 2344 non
1906 2302 2006 2345 nos
2035 2297 2118 2343 ta-

542 2378 608 2434 lis
637 2379 933 2450 impugnat,
963 2380 1136 2449 qualis
1157 2387 1241 2435 est
1269 2379 1359 2436 ille
1383 2378 1477 2451 qui
1505 2379 1759 2436 vindicat.

803 2490 1167 2551 EXPOSITIO
1204 2490 1270 2548 IN
1306 2490 1632 2549 PSALMUM
1669 2491 1850 2548 XCIV.

985 2606 1123 2663 Laus
1149 2609 1336 2663 cantici
1362 2608 1461 2680 ipsi
1482 2608 1672 2664 David.

615 2720 797 2777 Virtus
826 2722 1020 2794 psalmi
1061 2724 1217 2780 istius
1245 2739 1347 2780 nec
1372 2724 1600 2781 obscura
1628 2724 1904 2781 nominum
1949 2725 2117 2783 inter-

540 2813 843 2883 pretatione
867 2816 1198 2885 praedicitur,
1223 2831 1323 2873 nec
1351 2817 1593 2874 historias
1615 2818 1838 2889 alicujus
1868 2818 2118 2875 similitu-

539 2906 666 2960 dine
694 2906 1031 2975 declaratur;
1065 2908 1159 2964 sed
1189 2908 1291 2963 hoc
1315 2919 1500 2981 aperte
1528 2909 1866 2982 breviterque
1893 2927 2004 2982 prze
2030 2910 2115 2967 fo-

538 2997 692 3053 ribus
716 2997 931 3069 legitur,
959 2999 1099 3071 quod
1146 3000 1200 3055 in
1232 3001 1596 3070 penetralibus
1623 3001 1912 3058 invenitur.
1953 3002 2116 3071 Laus,

539 3088 686 3145 vocis
711 3091 975 3161 signiﬁcat
1002 3092 1374 3160 devotionem;
1402 3097 1679 3163 canticum,
1713 3097 1909 3152 mentis
1935 3095 2119 3153 hilari-

539 3190 741 3250 tatem;
795 3185 937 3253 quod
984 3186 1038 3242 in
1080 3201 1245 3255 opere
1292 3188 1605 3257 psalmodiae
1645 3198 1929 3259 utrumque
1957 3189 2121 3245 debet

540 3288 661 3331 esse
686 3276 968 3346 sociatum,
996 3286 1261 3348 quatenus
1290 3278 1529 3335 oflicium
1556 3279 1751 3349 lingua:
1772 3288 1970 3335 nostra:
1990 3295 2119 3335 con-

2222 702 2325 760 est,
2354 702 2533 750 tamen
2563 695 2839 768 longinqui
2865 697 3152 768 efﬁcimur,
3182 714 3305 756 cum
3343 708 3561 758 actuum
3590 714 3815 764 nostro-

2222 802 2341 845 rum
2362 789 2709 860 qualitatibus
2736 792 3150 861 submovemur,
3186 795 3327 851 sicut
3363 810 3461 866 per
3490 798 3815 868 prophetam

2221 881 2480 938 Dominus
2504 882 2677 938 dicit:
2709 883 2947 956 Populus
2990 886 3076 940 hic
3115 885 3266 941 labiis
3304 904 3385 943 me
3424 890 3682 959 honorat,
3722 910 3818 947 cor

2219 981 2387 1028 autem
2414 988 2589 1028 eorum
2607 974 2757 1046 longe
2785 983 2861 1030 est
2879 993 2912 1030 a
2928 992 3011 1031 me
3037 974 3175 1045 (Isa.
3200 992 3347 1048 xxix,
3375 979 3491 1050 15).
3514 980 3728 1039 Deinde
3744 984 3813 1040 ad

2222 1078 2356 1135 quas
2383 1065 2567 1134 epulas
2616 1065 2807 1122 invitet
2843 1067 3111 1135 ostendit;
3146 1069 3224 1124 ait
3260 1070 3424 1137 enim,
3468 1074 3812 1131 Manus.

2224 1154 2332 1212 Sed
2369 1156 2619 1226 quoniam
2666 1164 2752 1213 est
2789 1166 2846 1215 et
2889 1158 3073 1215 saeculi
3119 1160 3276 1218 istius
3317 1163 3644 1230 exsultatio,
3689 1179 3813 1236 qua

2222 1245 2453 1300 maxime
2477 1247 2688 1302 animos
2715 1257 2946 1318 occupat
2975 1249 3245 1319 inﬁdeles,
3271 1252 3501 1322 addidit,
3529 1253 3765 1310 Dandae
3791 1273 3812 1314 .-

2221 1335 2289 1392 de
2315 1351 2422 1408 quo
2450 1350 2578 1393 vera
2618 1340 3037 1409 praesumptione
3065 1341 3346 1413 gaudetur,
3376 1343 3471 1399 ubi
3513 1345 3812 1404 exsultatio

2224 1428 2634 1485 aediﬁcationem
2660 1430 2879 1499 reperit,
2904 1446 3011 1486 non
3041 1433 3226 1503 utique
3263 1435 3498 1491 ruinam.
3523 1434 3809 1506 Sequitur,

2223 1514 2504 1573 Jubilcmus
2530 1516 2640 1574 Deo
2665 1519 2884 1575 salutari
2911 1530 3105 1576 nostra.
3142 1521 3377 1577 Jubilare
3400 1536 3551 1595 saepe
3573 1524 3810 1584 diximus

2222 1621 2474 1678 magnum
2517 1618 2719 1665 motum
2763 1608 2909 1682 [ed.,
2954 1610 3214 1683 modum]
3261 1625 3384 1669 esse
3430 1612 3669 1684 laetitia,
3719 1615 3810 1687 qui

2222 1702 2465 1773 quamvis
2516 1703 2696 1759 verbis
2742 1713 2974 1775 nequeat
3018 1705 3308 1775 explicari,
3358 1708 3812 1784 tamentamplis-

2220 1796 2358 1852 sima
2381 1811 2514 1853 voce
2533 1796 2857 1863 declaratur,
2892 1798 3038 1855 intus
3075 1813 3197 1855 esse
3223 1798 3515 1870 designans
3552 1801 3812 1871 gaudium

2217 1890 2305 1947 cui
2327 1903 2506 1946 sermo
2535 1904 2639 1946 non
2659 1889 2876 1947 sutﬁcit.
2900 1890 3031 1946 Nam
3052 1904 3173 1947 cum
3196 1891 3345 1957 dicit,
3371 1892 3592 1948 salutari
3611 1902 3808 1966 nostra,

2146 1974 2196 2039 B
2223 1981 2490 2051 signiﬁcat
2516 1982 2802 2038 Dominum
2845 1981 3209 2051 Salvatorem,
3256 1983 3345 2052 qui
3385 1982 3542 2040 nobis
3583 1985 3813 2041 salutes-

2224 2074 2506 2132 moriendo
2525 2075 2813 2141 concessit,
2847 2074 3098 2145 patiendo
3136 2074 3440 2146 exemplum
3479 2075 3688 2142 tribuit.
3728 2090 3814 2133 re-

2225 2166 2493 2238 surgendo
2537 2166 2792 2223 salutaria
2844 2179 3066 2221 munera
3104 2165 3447 2222 condonavit.
3502 2167 3621 2223 Hoc
3663 2166 3809 2226 enim

2226 2258 2396 2315 verbo
2424 2257 2557 2314 satis
2585 2256 2904 2328 abundeque
2947 2265 3305 2315 monstratum
3329 2265 3415 2316 est
3439 2258 3531 2316 cui
3558 2257 3681 2316 laus
3708 2261 3801 2316 ista

2230 2351 2519 2408 diceretur.

2303 2441 2453 2498 Vers.
2478 2442 2535 2498 2.
2567 2440 2993 2512 Prmoceupemus
3020 2442 3206 2513 faciem
3229 2442 3343 2514 ejus
3371 2442 3429 2498 in
3462 2444 3798 2515 confessione,

2226 2543 2274 2588 et
2301 2533 2356 2589 in
2394 2534 2606 2605 psalmis
2633 2533 2915 2606 jubilemus
2942 2536 3010 2591 ei.
3051 2533 3421 2606 Prwoccupare
3447 2544 3535 2592 est
3557 2547 3688 2594 ante
3712 2539 3800 2594 ali-

2228 2625 2354 2697 quid
2397 2625 2573 2683 facere
2602 2640 2759 2697 quam
2786 2626 2879 2683 ille
2905 2626 3075 2684 videri
3105 2627 3275 2697 possit
3321 2627 3413 2698 qui
3449 2628 3692 2685 creditur
3717 2628 3802 2685 ado

2224 2721 2428 2776 venire.
2457 2717 2671 2776 Faciem
2695 2706 2827 2776 dicit
2865 2730 3213 2793 conspectum
3240 2719 3389 2791 ejus,
3420 2721 3643 2793 quando
3678 2731 3804 2779 tem-

2224 2827 2355 2884 pore
2378 2811 2570 2883 judicii
2607 2812 2694 2869 sui
2731 2811 2936 2869 cunctis
2975 2812 3155 2884 impiis
3198 2813 3455 2870 terribilis
3506 2814 3805 2885 apparebit.

2222 2908 2603 2980 Confessionem
2631 2924 2763 2967 vero
2790 2908 3026 2966 diximus
3060 2908 3268 2965 duobus
3300 2908 3475 2964 modis
3504 2908 3682 2979 accipi
3709 2907 3808 2964 de-

2223 3002 2374 3058 bere.
2402 3001 2733 3057 Conﬁtemur
2755 3000 2923 3069 enim,
2946 3015 3067 3056 cum
3097 3000 3191 3056 Dei
3220 2999 3407 3056 laudes
3428 3000 3680 3071 religiosa
3707 3000 3810 3056 de-

2222 3095 2441 3151 votione
2470 3094 2848 3165 persolvimus.
2879 3092 3209 3149 Conﬁtemur
3237 3092 3404 3149 etiam
3432 3091 3651 3163 quando
3679 3105 3812 3162 pee-

2223 3195 2340 3243 cata
2362 3196 2545 3244 nostra
2569 3187 2898 3256 poenitentiae
2918 3186 3281 3244 satisfactione
3299 3184 3807 3254 damnamus.Quotl

2223 3278 2314 3335 hic
2339 3280 2593 3335 admonet
2620 3278 2740 3335 ﬁeri
2769 3279 2989 3350 debere,
3017 3289 3076 3335 ut
3104 3286 3231 3335 ante
3253 3278 3568 3356 iudicialem
3606 3278 3809 3334 adven-

540 3366 723 3437 juncto
746 3367 939 3437 gaudio
967 3346 1320 3441 compleatur.
1350 3370 1462 3441 Ipsi
1489 3346 1680 3438 David,
1722 3371 1985 3442 signiﬁcat
2013 3370 2119 3427 Do—
2147 3346 2194 3411 ο
2225 3384 2336 3431 tum
2362 3374 2656 3431 debeamus
2684 3383 2867 3431 nostra
2898 3346 3135 3431 facinora
3167 3346 3411 3431 conﬁteri
3443 3391 3455 3427 :
3484 3387 3555 3429 ne
3583 3373 3811 3429 veniens

540 3455 746 3511 minum
771 3455 1130 3526 Salvatorem,
1162 3457 1250 3513 cui
1278 3459 1389 3514 laus
1414 3460 1515 3515 ista
1536 3469 1800 3516 cantatur.
1833 3460 1964 3516 Nam
1985 3462 2121 3531 prin-

540 3548 678 3618 cipia
706 3548 897 3620 psalmi
924 3549 992 3605 de
1019 3550 1139 3619 ipso
1165 3559 1391 3617 canunt;
1426 3553 1726 3621 posteriora
1754 3568 1883 3609 vero
1910 3554 1976 3610 ab
1999 3554 2119 3625 ipso

543 3638 771 3694 Domino
793 3641 1157 3710 proferuntur.
1179 3641 1472 3699 Considera
1500 3643 1623 3715 quia
1654 3644 1838 3700 laudes
1869 3645 2119 3702 humanm

544 3730 848 3798 augmentis
890 3740 946 3786 et
987 3732 1486 3803 exaggerationibus
1537 3733 1831 3791 eﬁ‘eruutur
1861 3754 1874 3789 :
1907 3751 2117 3806 praeco-

545 3818 695 3874 nium
724 3834 852 3877 vero
885 3821 1123 3879 divinum
1151 3823 1389 3893 qualibet
1418 3825 1745 3883 excellentia
1770 3826 2002 3899 dicatur,
2030 3843 2117 3887 re-

546 3920 831 3969 tractatum
860 3922 1041 3972 tamen
1069 3930 1282 3987 semper
1310 3918 1475 3973 altius
1505 3918 1797 3976 invenitur.

1125 4034 1321 4090 Diuisio
1346 4036 1551 4108 psalmi.

616 4143 928 4203 Prmvidens
982 4147 1243 4218 propheta
1291 4149 1502 4206 turbam
1554 4149 1859 4207 Iudaeorum
1908 4150 2125 4210 Christo

545 4234 773 4293 Domino
793 4251 951 4308 posse
989 4240 1266 4309 resistere,
1311 4243 1484 4311 primo
1513 4242 1757 4312 ingressu
1787 4243 1854 4298 ad
1884 4243 2121 4314 psalmo—

544 4327 688 4383 diam
740 4329 930 4386 invitat
966 4334 1191 4403 populos
1245 4334 1624 4405 Hebraeorum,
1675 4336 1861 4391 laudes
1913 4337 2125 4394 Domini

545 4420 859 4479 dulcissima
890 4425 1118 4480 veritate
1162 4426 1495 4483 describens:
1527 4426 1775 4484 Secundo
1806 4428 1921 4498 ipse
1946 4428 2121 4499 loqui-

545 4523 633 4572 tur
678 4514 935 4573 Dominus
964 4516 1239 4585 Christus,
1294 4532 1363 4573 ne
1408 4532 1502 4575 cor
1532 4534 1687 4575 suum
1718 4521 1935 4577 induret
1981 4522 2121 4577 idem

544 4609 774 4681 populus
801 4608 1131 4678 Judazorum,
1158 4609 1342 4666 ethoc
1365 4609 1447 4667 eis
1485 4612 1760 4683 contingat
1796 4615 1937 4684 quod
1963 4616 2125 4684 patri-

545 4699 647 4757 bus
676 4714 886 4769 eorum,
920 4701 1011 4771 qui
1036 4716 1145 4757 non
1174 4713 1486 4759 meruerunt
1516 4713 1715 4760 terram
1749 4706 2125 4776 repromissio—
2150 4688 2206 4752 Ῐ)

544 4792 629 4848 nis
656 4793 877 4851 intrare.
903 4792 993 4850 Sic
1014 4794 1245 4850 mirabili
1272 4794 1674 4864 dispensatione
1702 4796 1994 4867 perfectum
2018 4806 2122 4867 est,

546 4894 606 4939 ut
634 4885 1040 4943 invitationibus
1082 4884 1293 4943 blandis
1342 4888 1575 4957 primum
1604 4890 1869 4960 propheta
1898 4889 2125 4960 populos

546 4974 886 5044 hortaretur;
944 4976 1140 5034 deinde
1191 4978 1309 5048 ipse
1358 4978 1616 5034 Dominus
1672 4980 2126 5039 obstinatissimos

546 5065 880 5135 admoneret,
912 5078 1176 5138 quatenus
1205 5067 1370 5123 corda
1406 5082 1594 5123 eorum
1622 5068 1831 5140 lapidea
1874 5070 2124 5129 conside-

546 5165 661 5215 rata
690 5155 901 5214 Domini
922 5161 1003 5216 sui
1035 5160 1313 5230 majestate
1343 5161 1737 5218 mollescerent.

975 5272 1138 5344 319
1179 5272 1448 5345 Expositio
1484 5274 1690 5346 psalmi.

624 5385 776 5441 Vers.
799 5388 853 5442 1.
884 5383 1084 5455 Venite,
1114 5389 1422 5444 mallemus
1442 5388 1696 5456 Domino;
1718 5389 1995 5459 jubilemus
2016 5389 2129 5446 Deo

547 5480 768 5537 salutari
795 5490 989 5535 nostro.
1021 5480 1181 5536 Velut
1210 5481 1423 5549 quidam
1459 5497 1636 5550 prmco
1668 5482 1898 5553 judicis,
1931 5484 2129 5540 excita-

550 5579 635 5626 tor
679 5570 857 5639 populi
903 5570 1075 5641 gallus
1117 5570 1370 5627 Ecclesiae
1413 5581 1630 5628 orantes
1680 5574 1901 5640 invitat,
1949 5582 2009 5629 ut
2062 5575 2130 5632 de

549 5676 740 5718 somno
765 5662 925 5733 hujus
964 5662 1145 5718 saeculi
1176 5662 1515 5733 evigilantes,
1564 5665 1748 5721 laudes
1778 5665 2003 5722 Domino
2039 5668 2131 5724 de-

549 5758 712 5812 beant
733 5756 969 5827 jucunda
1013 5755 1373 5814 exsultatione
1414 5758 1720 5816 concinere.
1776 5759 1951 5815 Venite
1989 5761 2133 5819 enim

551 5849 653 5904 illis
686 5849 901 5919 dicitur,
929 5850 1020 5922 qui
1056 5850 1213 5920 longe
1245 5846 1407 5919 positi
1431 5850 1751 5915 sentiuntur,
1785 5850 1873 5919 qui
1913 5865 1975 5907 se
2002 5864 2131 5906 nec-

554 5942 678 5999 dum
711 5944 835 6002 ﬁdci
862 5944 1168 6014 integritate
1191 5941 1501 6010 junxerunt.
1542 5939 1672 5997 Nam
1714 5940 1954 6023 quamvis
1976 5942 2005 5996 a
2032 5942 2134 6000 Do-

2222 3467 2634 3539 discutiatquod
2677 3481 2777 3524 nos
2802 3468 2921 3524 sine
2963 3465 3293 3524 dubitatione
3330 3465 3684 3522 condemnat.
3714 3464 3814 3523 Se-

2223 3558 2426 3629 quitur,
2453 3567 2500 3613 et
2531 3560 2583 3613 in
2609 3558 2819 3629 psalmis
2844 3556 3122 3630 jubilemus
3150 3557 3218 3611 ei.
3249 3556 3458 3627 inspice
3481 3570 3595 3626 quo
3621 3554 3813 3612 mode-

2223 3650 2431 3708 ramine
2468 3660 2658 3707 cuncta
2697 3650 2950 3722 disponat
2995 3666 3012 3705 :
3057 3649 3365 3720 confessioni
3406 3646 3812 3704 tribulationem

2224 3742 2392 3809 dedit,
2420 3742 2724 3813 jubilationi
2751 3740 3013 3810 laetitiam,
3045 3750 3104 3797 ut
3130 3748 3355 3811 utraque
3380 3753 3564 3795 rerum
3594 3738 3813 3795 vicissi-

2223 3832 2408 3889 tudine
2437 3833 2748 3904 deiascatus,
2773 3833 3010 3889 ﬁdelium
3036 3832 3262 3889 devotus
3289 3831 3505 3887 animus
3529 3829 3812 3887 oﬁ'eratur.

2222 3924 2335 3981 Nec
2362 3936 2517 3981 vacat
2552 3927 2696 3996 quod
2736 3926 2930 3982 iterum
2951 3925 3232 3998 jubilemus
3274 3925 3381 3990 ait;
3413 3932 3476 3979 nt
3503 3936 3618 3981 rem
3647 3922 3812 3979 nimis

2225 4018 2586 4083 necessariam
2614 4032 2683 4073 ex
2704 4017 2819 4089 ipsa
2849 4018 3171 4089 repetitione
3189 4030 3567 4089 cognosceres.

2298 4106 2453 4162 Vers.
2485 4108 2539 4164 5.
2582 4106 2837 4174 Quoniam
2878 4106 3017 4164 Deus
3053 4122 3270 4180 magnus
3310 4106 3598 4173 Dominus,
3628 4115 3676 4163 et
3704 4104 3814 4161 Res

2227 4213 2446 4269 magnus
2473 4214 2627 4271 super
2653 4215 2826 4255 omnes
2851 4201 2992 4255 deos.
3019 4199 3155 4256 Hinc
3187 4198 3299 4269 jam
3339 4212 3438 4269 per
3477 4207 3591 4255 tres
3622 4211 3814 4255 versus

2225 4304 2400 4349 causai
2428 4293 2730 4349 referuntur
2748 4305 2917 4364 quare
2942 4292 3137 4349 debeat
3161 4291 3389 4347 Domino
3412 4289 3659 4361 jubilari.
3684 4291 3814 4360 Qua

2226 4381 2397 4453 ﬁgura
2425 4381 2619 4440 dicitur
2659 4384 2950 4454 aetiologia,
2984 4383 3038 4439 id
3079 4392 3166 4441 est
3200 4397 3377 4439 causae
3416 4381 3679 4439 redditio.
3730 4382 3816 4439 Di-

2226 4475 2397 4532 cendo
2415 4476 2579 4541 enim,
2605 4476 2860 4543 Quoniam
2879 4474 3019 4531 Deus
3037 4491 3252 4547 magnus
3273 4474 3550 4543 Dominus,
3572 4472 3817 4531 ostendit

2228 4566 2433 4622 nullum
2469 4580 2588 4622 esse
2625 4568 2910 4637 potiorem.
2959 4565 3181 4638 Magnus
3220 4567 3416 4638 quippe
3443 4578 3553 4620 non
3591 4565 3815 4631 dicitur,

2229 4656 2328 4712 nisi
2360 4657 2449 4728 qui
2479 4671 2702 4713 summm
2732 4657 3010 4727 potestatis
3038 4671 3217 4714 arcem
3246 4664 3433 4713 tenere
3455 4664 3815 4712 monstratur.

2229 4748 2502 4819 Sequitur,
2536 4759 2583 4803 et
2610 4748 2725 4805 Rea:
2739 4765 2955 4821 magnus
2975 4765 3129 4822 super
3156 4763 3330 4804 omnes
3354 4749 3498 4803 deos.
3533 4748 3679 4803 Deos
3709 4749 3816 4804 fre-

2230 4846 2456 4907 quenter
2490 4839 2715 4910 legimus
2752 4839 2821 4894 ab
2850 4838 3159 4896 hominibus
3187 4839 3479 4909 conﬁctos,
3512 4847 3577 4896 ut
3602 4838 3818 4907 Jovem,

2231 4928 2474 4998 Martem,
2506 4930 2818 4996 Saturnum,
2846 4938 3148 5001 cmteraque
3167 4930 3339 4999 idola,
3359 4930 3499 4987 sicut
3524 4940 3582 4987 et
3604 4931 3670 4988 in
3697 4931 3820 4988 sub-

2231 5020 2473 5089 sequenti
2502 5022 2709 5090 psalmo
2734 5020 2977 5078 dicturus
3007 5038 3019 5075 :
3048 5021 3309 5087 Quoniam
3347 5038 3521 5078 omnes
3577 5023 3657 5078 dii
3700 5038 3820 5095 gen-

2232 5113 2359 5165 tium
2389 5110 2670 5177 daztnonia;
2708 5110 2957 5167 Dominus
2976 5122 3145 5167 autem
3164 5114 3316 5168 stelas
3337 5114 3457 5185 fecit
3477 5112 3659 5184 (Psal.
3691 5130 3815 5186 xcv,

2230 5202 2325 5272 5).
2377 5202 2626 5274 Legimus
2664 5204 2823 5258 etiam
2871 5205 3019 5269 deos,
3067 5213 3282 5260 sanctos
3320 5205 3464 5261 viros
3510 5220 3544 5261 a
3588 5206 3821 5263 Domino

2229 5297 2568 5363 constitutos,
2604 5306 2662 5353 ut
2687 5306 2770 5353 est
2793 5297 2923 5353 illud
2948 5315 2963 5353 :
2997 5297 3131 5353 Deus
3158 5298 3297 5352 stetit
3329 5300 3383 5352 in
3403 5314 3677 5371 synagoga
3702 5301 3823 5355 deo-

2228 5403 2375 5453 rum;
2406 5390 2459 5442 in
2492 5389 2658 5443 medio
2696 5397 2868 5445 autent
2895 5389 3013 5444 deos
3042 5388 3288 5444 discernit
3312 5388 3483 5459 (Psal.
3522 5405 3716 5461 uxxn,
3746 5392 3818 5462 Ι).

2233 5482 2406 5552 Super
2436 5482 2559 5538 illos
2584 5491 2782 5547 autem,
2814 5483 2926 5538 sive
2956 5496 3091 5553 quos
3122 5481 3366 5538 homines
3384 5481 3688 5551 ﬁnxerunt,
3711 5485 3825 5539 sive

2235 5589 2368 5644 quos
2398 5577 2511 5645 ipse
2534 5576 2684 5643 fecit,
2714 5574 2824 5630 Rea:
2841 5584 2923 5630 est
2950 5591 3163 5646 magnas
3185 5575 3523 5644 omnipotens
3544 5574 3823 5641 Christus,

2236 5667 2327 5736 qui
2365 5681 2458 5723 eos
2486 5668 2715 5737 amplius
2750 5668 2997 5732 excellit,
3029 5681 3185 5736 quam
3220 5674 3395 5736 potest
3421 5665 3650 5735 privatis
3682 5666 3825 5737 regia

2238 5767 2472 5829 potestas
2516 5761 2770 5817 eminere.
2804 5760 2903 5828 Qui
2958 5774 3143 5817 revera
3189 5760 3404 5829 proprie
3447 5758 3652 5815 dicitur
3692 5759 3829 5828 Rex,

2240 5856 2488 5926 quoniam
2532 5866 2585 5912 et
2614 5866 2759 5912 creat
2788 5858 2990 5923 omnia,
3019 5867 3072 5912 et
3100 5856 3240 5927 regit
3268 5855 3540 5912 universa.

2312 5947 2465 6004 Vers.
2506 5947 2560 6003 4.
2614 5948 2869 6011 Quoniam
2925 5965 3025 6004 non
3070 5946 3269 6006 repellit
3314 5947 3573 6007 Dominus
3628 5947 3834 6011 plebem
