4062 6344
268 425 380 488 ῧ75

1203 423 1558 486 EXPOSITI'O
1595 422 1661 483 IN
1702 423 2159 486 PSALTERIUM.
2200 425 2392 486 PSAL.
2432 424 2608 485 XCIV.

3434 427 3532 483 G74

270 557 458 610 suam;
483 553 726 612 quoniam
754 554 810 594 in
837 551 990 592 manu
1019 537 1129 610 ejus
1158 554 1330 594 omnes
1360 541 1486 608 fines
1509 545 1675 605 terraz,
1707 548 1752 593 et
1781 538 1866 592 al-
1892 541 1946 602 Α
1970 541 2205 611 ponitur.
2231 540 2460 610 Adiecit,
2490 549 2537 594 et
2559 539 2817 610 ploremus
2841 544 2960 593 ante
2987 537 3288 609 Dominum,
3311 542 3401 612 qui
3422 543 3540 613 fecit

270 634 522 690 titudines
564 631 815 688 montium
858 630 1022 700 ipsius
1068 640 1205 686 sunt.
1262 631 1390 687 Post
1436 632 1856 703 magnitudinem

273 729 496 786 Domini
539 727 887 798 praedictam,
933 727 1079 782 venit
1106 727 1171 782 ad
1201 727 1318 796 ejus
1347 726 1646 782 mirabilem
1677 727 1856 782 inﬁni-

273 831 496 891 tamque
534 819 899 875 clementiam.
929 817 1068 873 Dicit
1095 817 1237 872 enim
1264 817 1502 873 Judteam
1533 817 1728 888 plebem
1755 817 1862 873 Do-

273 914 472 964 minum
501 925 606 964 non
634 907 897 979 repellere,
931 922 1087 978 quam
1119 908 1222 962 sibi
1251 908 1590 976 cognoscitur
1612 907 1861 977 elegisse.

277 1002 410 1057 inde
461 999 604 1055 enim
635 998 940 1068 pr0pbetae,
972 997 1096 1053 inde
1121 997 1350 1067 apostoli
1379 1009 1432 1052 et
1461 999 1610 1053 multi
1645 997 1858 1066 ﬁdeles,

279 1097 370 1164 qui
410 1093 638 1149 Domino
680 1092 889 1148 sincera
933 1101 1112 1148 mente
1155 1092 1529 1161 crediderunt,
1571 1093 1710 1148 sicut
1739 1093 1869 1149 dicit

280 1187 616 1258 Apostolus:
655 1186 795 1251 Quid
834 1186 1086 1252 dicemus,
1129 1188 1311 1256 fratres
1346 1204 1364 1241 :
1409 1189 1636 1258 nunquid
1684 1187 1870 1258 repulit

291 1281 541 1335 Dominus
568 1279 763 1349 plebem
797 1296 973 1347 suam,
1015 1297 1168 1350 quam
1211 1281 1498 1350 prtescivit?
1536 1282 1697 1335 Absit.
1733 1280 1872 1336 Nam

285 1388 381 1440 ego
411 1370 650 1426 Israelita
680 1388 797 1424 sum
825 1388 887 1426 ea:
921 1371 1109 1425 semine
1149 1372 1438 1438 Abraham,
1480 1373 1542 1425 de
1575 1373 1707 1424 tribu
1738 1371 1873 1428 Ben-

279 1466 452 1540 jamin
483 1465 659 1537 (Rom.
693 1480 766 1531 xi,
805 1464 858 1529 l,
892 1464 970 1534 2).
1002 1463 1282 1534 Sequitur,
1315 1466 1436 1534 quia
1472 1466 1524 1520 in
1565 1482 1720 1519 manu
1756 1471 1868 1537 ejus

282 1572 461 1610 onum
483 1556 606 1624 ﬁnes
633 1563 802 1610 teme.
827 1553 972 1610 istud
994 1555 1060 1610 ad
1088 1564 1274 1625 gentes
1306 1557 1538 1627 pertinet
1567 1558 1862 1626 universas,

283 1662 413 1716 qua:
438 1646 649 1702 Christo
682 1645 909 1702 Domino
937 1645 1081 1702 ﬁdeli
1113 1647 1403 1704 devotione
1440 1648 1696 1717 subjecta:
1723 1658 1865 1704 sunt.

288 1738 442 1795 Unus
463 1739 602 1796 enim
634 1741 808 1810 paries
835 1740 934 1796 fuit
955 1741 1105 1810 plebs
1130 1740 1459 1805 Judaaorum,
1491 1742 1627 1796 alter
1658 1742 1870 1798 vocatio

284 1829 559 1897 gentium,
601 1831 691 1901 qui
729 1832 782 1887 in
814 1832 1052 1900 angulari
1103 1831 1308 1901 lapide,
1357 1832 1407 1885 id
1451 1840 1532 1886 est
1572 1831 1625 1886 in
1655 1830 1869 1887 Christo

1963 651 2074 690 nos.
2121 635 2308 706 Magna
2354 633 2546 688 ﬁducia
2585 641 2666 689 est
2707 641 2831 688 ante
2870 633 3019 688 illum
3061 648 3277 704 gemere
3315 637 3405 706 qui
3444 650 3543 693 nos

1965 726 2210 796 dignatus
2236 733 2318 779 est
2357 738 2453 779 sua
2484 725 2681 794 pietate
2717 723 3000 793 plasmare.
3031 724 3150 780 Cito
3178 725 3321 780 enim
3347 740 3542 797 cogno-

1966 819 2067 874 scit
2096 819 2357 873 iacturam
2379 831 2551 883 suam,
2574 817 2619 872 si
2646 815 2712 871 ad
2735 830 2793 871 se
2814 825 2994 872 nostra
3019 816 3206 872 viderit
3227 819 3388 874 corda
3409 834 3543 876 con-

1965 925 2138 967 versa.
2187 910 2316 964 Ante
2357 908 2633 963 Dominum
2678 916 2760 964 est
2801 923 2929 978 ergo
2963 909 3191 977 plorare,
3232 909 3346 977 pios
3388 910 3546 966 ﬂetus

1967 1000 2262 1066 eliundere,
2301 1007 2356 1055 et
2394 999 2623 1070 pessima
2663 998 2802 1053 facta
2833 998 3121 1066 damnare;
3163 1008 3220 1054 ut
3248 1013 3430 1055 earum
3460 1015 3547 1057 re-

1968 1108 2084 1148 rum
2127 1090 2506 1161 indulgentiam
2555 1105 2887 1154 mereamur,
2927 1106 3058 1160 quas
3103 1089 3315 1147 Domini
3357 1092 3546 1148 timore

1969 1183 2286 1240 deserimus.
2323 1182 2457 1237 Nam
2487 1183 2531 1237 si
2566 1191 2671 1237 tota
2706 1183 2883 1238 cordis
2913 1183 3144 1252 puritate
3174 1183 3544 1255 deprecemur,

1971 1275 2128 1330 facile
2157 1289 2253 1330 nos
2284 1275 2375 1345 qui
2405 1274 2530 1330 fecit
2555 1282 2608 1330 et
2638 1274 2866 1330 reﬁciet.
2913 1274 3001 1330 Sic
3040 1289 3136 1345 per
3175 1277 3397 1346 ﬁguram
3422 1277 3547 1333 cha-

1973 1367 2324 1422 racterismon
2352 1365 2623 1420 orantium
2652 1365 2826 1435 imago
2847 1365 3113 1436 descripta
3141 1375 3242 1424 est.

2047 1455 2199 1513 Vers.
2227 1458 2278 1510 7.
2315 1457 2449 1523 Quia
2483 1457 2589 1527 ipse
2614 1466 2685 1510 est
2713 1457 2964 1512 Dominus
2996 1459 3134 1512 Deus
3165 1468 3366 1525 noster;
3392 1470 3437 1514 et
3460 1477 3550 1517 nos

1976 1551 2194 1620 papulus
2222 1550 2354 1618 ejus,
2388 1559 2434 1602 et
2461 1563 2573 1603 oves
2595 1563 2796 1617 pascua:
2818 1549 2946 1618 ejus.
2979 1547 3149 1604 Hodie
3179 1550 3223 1603 si
3251 1566 3417 1604 vocem
3437 1552 3551 1620 ejus

1975 1640 2259 1694 audieritis.
2291 1639 2510 1710 Triplex
2539 1654 2699 1694 causa
2719 1638 2962 1694 redditur
2984 1654 3148 1710 quare
3178 1641 3434 1698 Dominus
3457 1644 3551 1700 de.

1978 1733 2102 1790 beat
2126 1732 2357 1788 adorari.
2390 1733 2658 1800 Primum,
2707 1733 2841 1799 Quia
2878 1734 2984 1804 ipse
3025 1743 3097 1788 est
3137 1732 3382 1790 Dominus
3414 1735 3552 1792 Deus

1979 1833 2170 1889 noster,
2197 1832 2255 1877 ut
2273 1822 2415 1892 juste
2441 1823 2517 1876 illi
2540 1822 2782 1878 videatur
2797 1838 2989 1880 munus
3009 1824 3333 1880 adorationis
3349 1825 3548 1882 oll‘erri.

291 1919 522 1976 Domino
561 1921 838 1977 venientes
881 1935 973 1977 ora
1019 1920 1413 1991 quodammodo
1456 1936 1550 1975 sua
1600 1921 1874 1978 insolubili
1903 1912 1952 1974 B
1980 1913 2207 1979 Deinde,
2246 1913 2369 1982 (illia
2408 1929 2501 1968 ηοε
2541 1929 2728 1970 sumus
2768 1921 2989 1983 Ρορυιαε
3029 1918 3159 1987 eius.
3193 1917 3466 1987 Sequitur.
3503 1926 3552 1972 ει

283 2011 546 2068 charitate
576 2012 898 2082 junxerunt;
931 2012 998 2068 de
1034 2029 1140 2082 quo
1169 2014 1426 2083 scriptum
1459 2022 1543 2069 est
1576 2030 1590 2068 :
1622 2013 1872 2084 Lapidem

282 2119 434 2172 quem
462 2105 860 2174 reprobaverunt
891 2105 1224 2173 aediﬁcantes,
1256 2107 1337 2159 hic
1365 2108 1530 2176 factus
1552 2115 1622 2161 est
1642 2108 1695 2162 in
1719 2115 1874 2176 caput

283 2198 464 2268 anguli
487 2198 507 2269 (
531 2196 680 2252 Psal.
703 2214 868 2265 cxvii,
896 2198 988 2266 ΕΗ,
1020 2208 1067 2252 et
1110 2197 1300 2254 Matth.
1332 2215 1444 2265 ιιι,
1479 2200 1604 2270 42).
1637 2201 1869 2270 Adjecit,

285 2296 332 2340 et
367 2288 657 2343 altitudines
685 2290 932 2344 montium
954 2291 1116 2359 ipsius
1134 2302 1272 2346 sunt.
1296 2291 1604 2347 Altitudines
1624 2296 1872 2348 montium

284 2388 417 2432 sunt
442 2389 736 2448 potestates
765 2382 945 2437 saeculi
971 2381 1312 2453 honoresque
1342 2386 1561 2452 terreni,
1593 2399 1727 2455 quos
1751 2385 1871 2441 ideo

281 2467 414 2524 dicit
435 2485 554 2526 esse
585 2471 820 2540 Domini,
851 2488 920 2530 ne
950 2473 1018 2530 de
1047 2474 1283 2545 ipsorum
1306 2477 1537 2532 elatione
1569 2477 1870 2533 turbemur.

280 2559 418 2615 Nam
444 2562 567 2618 licet
595 2579 744 2620 mare
765 2566 940 2621 ventis
967 2566 1313 2623 sazvientibus
1342 2567 1683 2638 intumescat,
1711 2568 1874 2624 habet

281 2662 469 2712 tamen
501 2658 785 2713 terminum
831 2659 980 2715 littus
1012 2675 1166 2715 suum
1198 2679 1210 2713 :
1241 2661 1320 2716 sic
1361 2670 1654 2732 potestates
1683 2662 1870 2718 saeculi

283 2760 599 2802 mensuram
624 2747 1002 2806 dominationis
1043 2751 1331 2822 accipiunt,
1361 2752 1610 2823 quamvis
1649 2753 1868 2810 incaute

279 2835 352 2892 de
380 2852 477 2893 sua
518 2847 776 2908 potestate
803 2841 1119 2913 glorientur.

355 2928 512 2986 Vera.
537 2930 588 2985 5.
625 2932 882 2997 Quoniam
909 2935 1070 3005 ipsius
1106 2945 1178 2990 est
1223 2952 1396 3004 mare,
1441 2945 1489 2992 et
1516 2938 1625 3008 ipse
1660 2937 1779 3007 fecit
1803 2939 1868 2992 il-

278 3016 380 3074 iud
397 3035 416 3084 ;
446 3028 496 3076 et
519 3021 722 3077 aridam
742 3040 924 3080 manus
954 3029 1064 3096 ejus
1093 3026 1457 3097 fundaverant.
1491 3027 1639 3081 Mare
1667 3028 1870 3099 signiﬁ-

281 3117 376 3166 cat
401 3122 604 3182 gentes,
635 3130 754 3186 quae
789 3118 844 3171 iu
886 3117 988 3173 hoc
1013 3118 1210 3174 saeculo
1234 3119 1465 3175 diversis
1492 3121 1742 3176 vitiorum
1773 3113 1868 3177 lia-

1979 2021 2092 2060 oves
2122 2021 2324 2075 pascua:
2363 2007 2507 2075 ejus;
2550 2005 2652 2061 hoc
2677 2015 2758 2061 est
2789 2008 2999 2062 tertium
3029 2008 3168 2077 quod
3198 2017 3408 2065 constat
3434 2023 3551 2066 esse

1976 2095 2324 2166 promissum.
2357 2094 2560 2150 Dicitur
2593 2094 2735 2150 enim
2778 2096 2971 2151 iterum
3019 2097 3146 2167 quid
3190 2099 3298 2154 sint
3335 2099 3547 2165 ﬁdeles,

1977 2190 2161 2259 utique
2190 2207 2302 2245 oves
2344 2205 2546 2260 pascua:
2589 2190 2822 2246 Domini.
2871 2190 3078 2246 Pascua
3121 2192 3422 2263 signiﬁcant
3463 2209 3553 2248 su-

1977 2296 2138 2349 perna
2167 2282 2329 2345 dona,
2354 2282 2543 2351 quibus
2565 2284 2739 2336 anima
2765 2284 2914 2338 suavi
2935 2284 3236 2355 epulatione
3259 2285 3550 2354 saginatur.

1978 2371 2046 2426 Et
2071 2372 2207 2428 bene
2236 2374 2511 2428 delinitum
2553 2382 2636 2429 est
2677 2374 2802 2443 quid
2839 2375 2907 2428 sit
2937 2376 3162 2445 populus
3192 2374 3548 2443 Christianus,

1976 2478 2088 2517 oves
2113 2479 2335 2533 pascute,
2366 2463 2491 2532 quia
2525 2464 2738 2519 aiternis
2777 2464 2984 2520 deliciis
3027 2465 3166 2521 felici
3205 2475 3349 2522 sorte
3384 2466 3548 2522 satia-

1976 2565 2081 2612 tur.
2118 2557 2245 2611 Oves
2279 2557 2582 2628 signil‘icant
2615 2559 2795 2613 cordis
2828 2558 3244 2629 simplicitatem,
3273 2575 3430 2630 quam
3459 2559 3550 2614 ha-

1974 2650 2104 2704 bere
2131 2660 2338 2704 constat
2367 2651 2618 2720 pupulum
2649 2651 2738 2720 qui
2767 2652 2966 2720 pastori
2999 2667 3097 2707 suo
3134 2662 3411 2708 nransueta
3437 2653 3549 2722 pie-

1975 2748 2084 2796 tate
2130 2743 2420 2796 consentit.
2483 2743 2588 2798 Sed
2643 2743 2726 2798 his
2778 2744 3387 2815 omnibus'proponitur
3443 2761 3547 2801 una

1971 2835 2209 2890 conditio
2259 2853 2273 2891 :
2323 2835 2498 2891 Hodie
2545 2838 2590 2890 si
2631 2853 2799 2892 vocem
2841 2842 2950 2910 ejus
2997 2840 3296 2904 audieritis;
3342 2840 3546 2896 scilicet

1969 2945 2129 3000 quam
2157 2929 2340 2986 subter
2369 2932 2606 2986 dicturus
2627 2940 2723 2986 est.
2757 2932 2890 2987 Nam
2915 2935 3004 3003 qui
3025 2948 3210 2989 vocem
3239 2933 3406 3003 ipsius
3434 2949 3545 2988 non

1971 3024 2138 3091 audit,
2169 3038 2267 3080 nec
2297 3039 2426 3096 grex
2465 3025 2631 3094 ipsius
2665 3023 2880 3093 dicitur,
2915 3038 3015 3080 nec
3053 3024 3106 3079 iu
3147 3025 3358 3094 pascuis
3385 3025 3549 3080 collo-

1969 3124 2153 3182 catur,
2182 3115 2319 3170 sicut
2347 3116 2398 3170 in
2432 3116 2717 3186 Evangelia
2761 3115 2954 3186 legitur
2997 3134 3010 3170 :
3058 3117 3185 3170 Oves
3223 3131 3349 3171 mea:
3379 3132 3547 3171 vocem

283 3203 430 3259 tibus
454 3217 883 3275 commoventur;
915 3224 1048 3279 quas
1070 3210 1191 3267 ideo
1220 3211 1350 3267 dicit
1371 3213 1536 3268 laetas
1561 3227 1592 3267 a
1617 3213 1868 3283 Domino,

1973 3223 2133 3262 meam
2159 3209 2395 3275 audiunt,
2429 3219 2475 3262 et
2515 3219 2791 3280 sequuntur
2819 3224 2898 3263 me
2930 3225 3076 3275 meat,
3103 3218 3151 3263 et
3177 3224 3269 3280 ego
3302 3223 3549 3279 cognosco

280 3306 344 3352 ut
370 3301 550 3355 omnia
579 3301 839 3358 voluntati
873 3304 1038 3373 ipsius
1066 3304 1305 3376 subjecta
1336 3319 1456 3362 esse
1493 3320 1864 3376 cognosceres.

280 3391 474 3449 Omnis
494 3395 634 3450 enim
657 3398 747 3466 qui
773 3411 860 3453 res
883 3398 1089 3468 aliquas
1110 3410 1383 3470 operatur,
1407 3400 1460 3456 in
1487 3415 1581 3456 sua
1604 3410 1868 3471 potestate

283 3481 449 3540 habet
487 3485 576 3541 illa
604 3503 725 3558 quae
764 3487 914 3556 facit,
962 3490 1099 3546 sicut
1139 3501 1194 3547 et
1229 3493 1366 3548 alius
1407 3493 1649 3562 psalmus
1689 3494 1819 3549 dicit
1850 3512 1864 3548 :

285 3575 482 3629 Omnes
513 3587 684 3649 gentes
710 3595 1032 3649 quascunque
1066 3583 1228 3654 fecisti
1258 3584 1473 3652 uenient,
1505 3596 1550 3640 et
1582 3586 1872 3642 adorabunt

279 3685 460 3723 coram
490 3682 556 3736 te,
582 3669 800 3728 Domine
825 3673 996 3741 (Psal.
1031 3691 1229 3743 Lxxxv,
1261 3676 1338 3747 9).
1383 3677 1656 3747 Sequitur,
1691 3687 1737 3732 et
1765 3679 1868 3732 ari-

282 3763 410 3816 dam
429 3779 607 3818 ntanus
628 3767 740 3836 ejus
761 3767 1035 3834 ﬁnxerunt.
1065 3767 1237 3835 Dixit,
1269 3784 1445 3834 mare;
1475 3782 1616 3822 nunc
1644 3767 1793 3836 dicit,
1820 3777 1868 3822 et

280 3855 520 3923 aridam,
563 3872 680 3926 quae
729 3866 868 3913 terra
908 3860 1102 3914 merito
1147 3860 1485 3930 intelligitur,
1529 3861 1650 3930 quia
1685 3875 1777 3930 per
1807 3874 1866 3916 se

280 3961 502 4017 semper
531 3948 678 4002 arida
708 3957 820 4015 est,
862 3949 966 4004 nisi
995 3959 1085 4005 aut
1127 3949 1410 4006 ﬂuviorum
1434 3992 1449 4018 ,
1489 3960 1579 4006 aut
1617 3951 1864 4006 imbrium

279 4041 635 4099 inundatione
683 4045 904 4115 rigetur.
954 4045 1047 4101 Sic
1088 4056 1142 4100 et
1180 4046 1343 4101 corda
1382 4057 1565 4100 noStra
1601 4046 1667 4100 ad
1697 4045 1866 4102 bonos

282 4132 496 4188 fructus
535 4135 736 4190 sterilia
776 4144 935 4206 atque
965 4138 1110 4192 arida
1135 4147 1292 4204 sunt,
1327 4137 1430 4192 nisi
1461 4138 1670 4193 Domini
1703 4138 1864 4193 mise-

278 4223 515 4280 ricordia
544 4227 950 4297 compluantut‘,
992 4238 1045 4284 et
1083 4229 1362 4285 instabiles
1402 4243 1498 4284 nos
1539 4239 1699 4299 atque
1743 4229 1866 4284 titu-

277 4320 477 4376 bantes
519 4320 664 4378 dono
720 4337 831 4377 sua:
887 4323 1269 4378 misericordiae
1320 4322 1542 4378 fundare
1595 4323 1861 4393 dignetur.

277 4411 641 4482 Quapropter,
673 4414 810 4469 sicut
838 4419 1085 4485 superius
1131 4415 1329 4472 dictum
1367 4422 1479 4481 est,
1513 4413 1593 4469 his
1622 4413 1868 4470 omnibus

280 4505 611 4575 iungendum
641 4516 742 4575 est,
765 4508 1044 4580 jubilemus
1074 4511 1132 4564 ei.

361 4595 512 4652 Vers.
542 4599 593 4653 6.
641 4596 833 4666 Venite,
861 4600 1128 4656 adoremus
1159 4609 1205 4656 et
1232 4601 1555 4671 procidamus
1586 4612 1701 4657 ante
1724 4618 1867 4669 eum;
1896 4641 1949 4702 Β

281 4694 540 4764 ploremus
585 4703 703 4748 ante
743 4693 1052 4763 Dominum,
1094 4698 1179 4765 qui
1219 4697 1338 4767 {ec-it
1369 4713 1479 4751 nos.
1519 4695 1578 4751 In
1608 4696 1871 4767 principio

279 4784 479 4855 psalmi
511 4784 700 4840 invitat
731 4787 981 4857 populum
1008 4787 1074 4842 ad
1096 4787 1486 4856 jubilationem,
1519 4801 1659 4842 nunc
1690 4786 1870 4842 horta-

278 4886 376 4934 tur
404 4877 469 4931 ad
501 4876 827 4946 paenitentiae
867 4878 1206 4948 sospitatem:
1237 4879 1450 4949 merito,
1483 4879 1606 4949 quia
1630 4879 1778 4949 prius
1801 4879 1868 4935 ad

279 4967 698 5024 exsultationem
728 4968 888 5024 rudes
919 4968 1142 5038 pepulos
1174 4969 1435 5034 invitavit,
1465 4985 1533 5024 ne
1557 4969 1730 5023 adhuc
1763 4978 1868 5024 tre-

278 5057 594 5129 pidantibus
615 5059 932 5129 imponeret,
949 5059 1091 5130 quod
1116 5074 1399 5130 pavescere
1421 5061 1735 5130 potuissent.
1762 5058 1868 5115 Sed

279 5157 569 5222 postquam
618 5150 830 5208 Domini
876 5153 1046 5223 gloria
1095 5154 1438 5223 potentiaque
1488 5163 1696 5208 narrata
1747 5163 1865 5219 est,

280 5249 412 5312 apte
438 5243 830 5300 confessionem
860 5244 1177 5315 plorationis
1223 5244 1492 5315 imposuit,
1537 5245 1750 5314 quando
1788 5245 1868 5300 in-

280 5343 521 5392 structus
549 5336 759 5393 animus
776 5352 881 5393 non
908 5338 1169 5408 potuisset
1188 5351 1443 5407 respuere
1459 5337 1868 5393 saluberrimam

281 5427 583 5499 potionem.
617 5429 683 5485 Et
710 5439 836 5486 nota
865 5430 1006 5501 quod
1051 5430 1139 5486 hic
1169 5439 1368 5486 sancta:
1409 5430 1667 5485 orationis
1699 5431 1868 5487 forma

284 5519 560 5578 tribuitur.
612 5521 896 5577 Adoremus
940 5523 1084 5578 enim
1139 5521 1299 5592 dicit,
1355 5523 1593 5592 corporis
1647 5537 1744 5578 nos
1792 5523 1872 5579 in-

282 5610 518 5668 ﬂexione
557 5628 861 5670 curvemus.
903 5613 1245 5670 Procidamus
1292 5623 1503 5682 autem,
1543 5623 1666 5670 ante
1697 5615 1870 5684 ipsum

283 5717 386 5760 nos
413 5703 576 5775 320
614 5713 1045 5776 prosternamus,
1095 5716 1309 5778 totaque
1352 5706 1711 5761 membrorum
1741 5705 1871 5761 ell‘u-

283 5794 441 5850 sioue
468 5794 779 5864 tondemur;
808 5798 951 5868 quod
982 5798 1098 5854 ﬁeri
1122 5798 1278 5867 solet,
1311 5797 1520 5870 quando
1547 5799 1757 5852 animus
1787 5797 1868 5853 ni-

282 5895 392 5956 mia
417 5900 833 5969 compunctione
857 5899 1177 5968 ﬂammatus,
1206 5914 1421 5972 precum
1455 5897 1747 5956 humilitate
1779 5898 1867 5956 dc-

1975 3317 2089 3369 eas,
2122 3310 2169 3356 et
2209 3300 2381 3356 nullus
2410 3303 2543 3372 rapit
2574 3318 2660 3356 eas
2688 3302 2749 3357 de
2790 3317 2948 3356 manu
2980 3319 3092 3357 mea
3120 3300 3311 3372 (Joan.
3359 3317 3413 3368 x,
3457 3301 3547 3372 27,

1974 3394 2113 3463 28),
2148 3405 2251 3450 etc.
2284 3395 2456 3450 Ilodie
2499 3395 2766 3467 signiﬁcat
2800 3410 3042 3468 semper,
3087 3395 3209 3467 quia
3234 3395 3433 3466 jugiter
3456 3411 3550 3451 au-

1976 3486 2202 3541 diendus
2243 3496 2328 3541 est
2362 3486 2452 3556 qui
2489 3487 2795 3544 salutariter
2835 3496 3037 3543 monet.
3080 3486 3245 3557 Cujus
3287 3486 3550 3542 sermonis

1975 3583 2080 3636 vim
2123 3582 2407 3652 Apostolus
2438 3591 2684 3652 potenter
2711 3585 2977 3654 expressit
3015 3601 3026 3637 :
3058 3582 3164 3640 Sed
3204 3583 3551 3638 adhortamini

1974 3674 2300 3743 vosmetipsos
2324 3691 2412 3742 per
2433 3675 2663 3744 singulos
2703 3675 2829 3743 dies,
2862 3675 3020 3729 donec
3045 3675 3198 3729 hodie
3227 3676 3551 3745 cognomina.

1973 3777 2055 3822 tur
2085 3766 2104 3837 (
2130 3765 2291 3821 Ilebr.
2325 3783 2415 3835 ιιι,
2449 3769 2569 3836 15).
2613 3767 2882 3824 Hactenus
2919 3768 3178 3838 propheta
3211 3769 3421 3824 loculus
3447 3777 3548 3836 est,

1973 3873 2116 3912 nunc
2141 3859 2517 3929 subsequentia
2549 3861 2848 3915 videamus.

2047 3950 2198 4006 Vcrs.
2227 3952 2278 4006 8.
2313 3951 2490 4006 Nolite
2519 3953 2769 4006 obdurare
2801 3953 2958 4006 corda
2988 3962 3173 4018 vestra,
3199 3953 3327 4006 sicut
3346 3953 3399 4006 in
3425 3968 3551 4006 exae

1971 4043 2258 4096 cerbatione
2298 4043 2573 4097 secundum
2604 4045 2733 4098 diem
2767 4046 3058 4100 tentationis
3093 4046 3145 4099 in
3171 4047 3392 4100 deserto.
3425 4046 3550 4102 i’er-

1974 4142 2187 4188 ventum
2217 4133 2382 4187 estad
2408 4133 2705 4203 ingressum
2736 4135 3053 4202 secundum,
3085 4136 3171 4191 ubi
3211 4135 3423 4192 Judteos
3454 4138 3550 4193 Do—

1975 4223 2148 4279 minus
2196 4223 2450 4279 Salvator
2497 4224 2822 4296 alloquitur,
2874 4241 2942 4282 ne
2997 4237 3274 4298 parentum
3328 4244 3550 4286 suorum

1973 4315 2420 4372 obstinationibus
2459 4317 2704 4386 imitatis,
2739 4335 2768 4373 a
2811 4319 2993 4390 requie
3021 4320 3230 4377 Domini
3259 4320 3551 4378 reddantur

1973 4410 2153 4464 alieni.
2185 4409 2322 4465 Dicit
2347 4410 2513 4477 enim,
2541 4410 2721 4466 Nolite
2746 4412 2994 4468 obdurare
3021 4415 3175 4470 corda
3208 4425 3398 4484 vestra,
3428 4417 3550 4486 quia

1975 4517 2084 4558 non
2122 4503 2454 4559 credentium
2499 4503 2660 4559 corda
2690 4506 2908 4561 omnino
2939 4507 3145 4578 lapidea
3168 4517 3310 4573 sunt,
3346 4517 3398 4563 et
3423 4521 3552 4564 vere

1975 4597 2212 4653 silicibus
2289 4598 2677 4667 comparanda,
2737 4615 2856 4669 quae
2933 4600 3159 4655 imbrem
3218 4599 3551 4655 fructiferum

1979 4705 2085 4746 non
2126 4691 2416 4761 recipiunt,
2459 4692 2581 4761 quia
2624 4691 2920 4748 sterilitatis
2959 4708 3069 4748 suze
3110 4691 3354 4747 ariditate
3391 4691 3552 4747 dure-

1978 4796 2153 4840 scunt.
2183 4786 2338 4840 Ponit
2362 4799 2574 4854 quoque
2603 4785 2846 4854 exempla
2863 4785 3240 4849 celeberrima,
3273 4792 3327 4838 ut
3349 4782 3435 4853 qui
3459 4797 3552 4840 eos

1977 4876 2272 4933 obstinatos
2303 4891 2420 4932 esse
2449 4885 2702 4944 noverat,
2733 4877 3009 4932 notissima
3050 4874 3353 4931 calamitate
3387 4884 3549 4931 terre-

1976 4979 2078 5025 ret.
2107 4969 2342 5024 Tentatio
2370 4969 2513 5024 enim
2544 4967 2765 5025 Judaica
2814 4969 2986 5040 (sicut
3023 4968 3077 5023 in
3117 4966 3301 5022 Exodo
3327 4965 3552 5038 legitur)

1975 5071 2159 5118 contra
2181 5062 2399 5133 Moysen
2428 5062 2576 5134 gravi
2601 5061 3022 5117 murmuratione
3049 5058 3300 5126 surrexit,
3332 5058 3551 5115 dicens:

1975 5154 2086 5213 Nec
2113 5169 2289 5210 escam
2333 5155 2433 5210 sibi
2479 5155 2531 5210 in
2567 5154 2784 5210 deserto
2814 5152 2952 5220 dari,
2997 5166 3096 5208 nec
3126 5166 3315 5222 aquam
3347 5151 3550 5221 potabi-

1975 5247 2077 5303 lem
2105 5246 2281 5302 divina
2304 5247 2547 5318 largitate
2569 5244 2788 5301 concedi
2821 5243 3012 5315 (Exod.
3039 5260 3147 5312 xvr,
3171 5244 3246 5316 5).
3272 5245 3406 5299 Rem
3430 5244 3550 5314 qui-

1975 5339 2096 5395 dem
2141 5341 2498 5395 necessariam
2531 5338 2899 5408 postulabant;
2932 5337 3026 5394 sed
3064 5337 3186 5394 ideo
3227 5337 3323 5392 luit
3363 5351 3551 5392 eorum

1976 5430 2306 5485 deteStabilis
2351 5429 2618 5495 voluntas,
2651 5429 2778 5499 quia
2819 5443 2925 5484 non
2970 5438 3054 5485 est
3082 5429 3283 5485 credita
3325 5428 3377 5482 in
3409 5427 3551 5483 Divi-

1974 5522 2139 5577 nitate
2171 5521 2424 5592 potentia.
2457 5521 2795 5591 Quapropter
2822 5522 2978 5591 culpa
3007 5522 3118 5579 illis
3148 5531 3427 5593 parentum
3460 5535 3550 5578 ne~

1975 5616 2207 5668 cessarie
2237 5612 2519 5682 repetitur,
2550 5619 2607 5666 ut
2634 5612 2814 5669 debita
2837 5614 3068 5670 vindicta
3100 5617 3369 5672 timeatur.

2048 5705 2198 5760 Vers.
2229 5704 2282 5758 9.
2334 5702 2432 5758 Ubi
2472 5712 2784 5768 tentaverunt
2814 5723 2893 5761 me
2932 5718 3098 5779 patres
3139 5710 3323 5775 vestri;
3367 5708 3548 5777 proba-

1973 5807 2152 5852 verunt
2178 5812 2276 5867 me,
2303 5807 2353 5851 et
2381 5797 2614 5853 viderunt
2643 5816 2798 5869 opera
2824 5817 2957 5854 mea.
2996 5801 3092 5856 Ubi
3121 5803 3282 5874 (sicut
3303 5800 3548 5868 superius

1974 5890 2139 5964 dixit)
2171 5890 2437 5964 signiﬁcat
2464 5892 2518 5952 in
2559 5892 2801 5962 deserto;
2835 5893 2945 5951 illic
2975 5897 3116 5953 enim
3157 5894 3422 5966 fragilitas
3456 5893 3539 5958 litt-
