4062 6344
555 400 660 461 675

1765 398 1836 453 Μ.
1876 393 2159 453 suum!
2201 382 2604 453 CASSIODORI

3722 378 3827 445 επ

554 531 715 575 mana
742 517 910 574 Deum
957 515 1214 580 tentavit;
1261 512 1354 570 sed
1396 510 1576 566 statim
1622 510 1793 565 virtus
1836 509 2138 566 Divinitatis
2165 511 2221 575 Α
2244 506 2423 576 impiis
2461 506 2645 577 utique
2688 518 2797 562 non
2840 503 3054 564 dabitur
3091 504 3183 578 qui
3222 517 3324 564 sua
3362 504 3699 579 malignitate
3728 506 3801 560 du

552 608 827 678 apparuit,
850 605 1060 677 quando
1081 617 1205 660 esca
1230 602 1375 657 venit
1402 615 1469 657 ex
1490 614 1635 665 aere,
1657 609 1814 669 potus
1843 613 1909 655 ex
1935 598 2130 667 lapide.

562 698 668 755 Sed
718 706 866 767 petra
912 695 1163 765 produxit
1205 708 1406 764 aquas;
1459 693 1619 747 corda
1667 706 1793 750 vero
1839 689 2131 745 inﬁdelium

551 790 857 846 duruerant
879 787 929 841 in
961 786 1218 853 lapideam
1243 786 1562 842 siccitatem.
1590 783 1695 839 Sed
1725 798 1843 853 quae
1867 783 2137 841 dementia

561 890 647 936 est
674 878 849 935 adhuc
879 881 1030 947 sequi
1061 879 1352 947 pravitates
1375 877 1588 932 illorum
1614 875 1664 934 in
1692 874 1885 943 quibus
1911 883 2018 927 tam
2042 888 2138 929 ve-

562 972 845 1027 hementer
872 970 1212 1041 cognoscitur
1251 968 1616 1024 vindicatum?
1644 967 1774 1021 Nam
1820 981 1941 1020 cum
1984 965 2133 1032 dicit,

561 1073 731 1137 patres
772 1064 956 1131 vestri,
1003 1072 1060 1119 et
1103 1079 1198 1119 eos
1257 1077 1466 1133 quoque
1505 1062 1767 1131 signiﬁcat
1810 1059 2139 1126 obstinatos,

562 1155 685 1224 quia
717 1153 866 1209 illum
901 1156 1262 1223 unusquisque
1312 1154 1472 1209 habet
1504 1162 1707 1221 patrem
1752 1168 1908 1222 quem
1945 1166 2141 1221 cogno-

563 1247 731 1303 scitur
760 1248 987 1315 imitari,
1019 1245 1373 1303 sicutJudaais
1411 1246 1461 1299 in
1491 1243 1780 1316 Evangelio
1812 1244 1925 1313 ipse
1953 1243 2137 1299 Domi-

566 1354 669 1394 nus
699 1338 863 1393 dicit:
897 1338 999 1393 Vos
1025 1354 1087 1393 ea:
1114 1347 1257 1409 patre
1279 1336 1488 1391 diabolo
1519 1336 1634 1390 estis
1667 1334 1847 1403 (Joan.
1879 1350 1991 1401 vm,
2024 1334 2137 1406 44).

565 1429 846 1501 Sequitur,
888 1430 1221 1501 probaverunt
1278 1444 1390 1492 me,
1434 1437 1479 1481 et
1527 1427 1759 1481 viderunt
1797 1443 1951 1496 opera
2007 1443 2140 1480 mea.

569 1520 921 1575 Probaverunt
971 1521 1185 1590 utique,
1248 1518 1461 1590 quando
1524 1533 1714 1573 manna
1780 1518 2144 1575 esurientibus

570 1612 722 1683 pluit,
755 1613 971 1682 quando
998 1613 1101 1668 illis
1128 1612 1461 1667 coturnicum
1492 1611 1686 1667 tributa
1725 1620 1807 1667 est
1837 1612 2143 1679 multitudo,

570 1706 788 1776 quando
813 1705 1025 1775 irrigua;
1052 1722 1203 1776 aquae
1228 1707 1294 1761 de
1319 1720 1567 1761 saxorum
1594 1706 1835 1760 siccitate
1856 1704 2140 1760 ﬂuxerunt.

570 1797 703 1854 Nam
726 1798 867 1869 quod
894 1799 1119 1868 addidit,
1162 1807 1209 1854 et
1240 1800 1471 1853 uiderunt
1502 1815 1658 1869 Opera
1686 1815 1817 1862 mea,
1858 1798 2143 1854 inﬁdelitas

572 1901 759 1944 eorum
788 1888 1049 1957 arguitur,
1082 1889 1169 1958 qui
1218 1888 1522 1944 carnalibus
1567 1889 1735 1945 oculis
1782 1889 1957 1944 intuiti
1994 1898 2142 1955 sunt,
2180 1889 2226 1949 B

566 1980 712 2051 quod
740 1980 919 2036 cordis
950 1981 1149 2037 lumine
1187 1980 1402 2037 minime
1429 1981 1803 2040 crediderunt:
1838 1991 1893 2039 et
1916 1982 2037 2039 ideo
2068 1985 2143 2037 oi-

573 2077 758 2132 derunt
781 2075 933 2145 dixit,
966 2092 1096 2146 non,
1128 2074 1493 2131 crediderunt.

648 2169 798 2225 Vers.
831 2169 914 2226 10.
953 2170 1307 2241 Quadraginta
1350 2170 1500 2225 annis
1538 2171 1802 2241 proximus
1827 2170 1906 2239 fui
1933 2186 2145 2242 genera-

575 2261 700 2316 tiom'
730 2261 878 2327 huic;
906 2271 955 2316 et
992 2261 1100 2316 dixi
1128 2276 1147 2315 :
1175 2261 1386 2333 Semper
1415 2262 1499 2315 isti
1528 2271 1698 2317 errant
1739 2263 1921 2331 corde,
1967 2273 2013 2317 et
2050 2262 2145 2332 ipsi

572 2367 679 2407 non
704 2363 1044 2421 cognoverunt
1082 2354 1188 2407 vias
1217 2367 1375 2408 meas.
1417 2353 1647 2423 Tempus
1678 2352 1779 2409 hoc
1816 2354 1870 2409 in
1900 2368 2147 2424 magnum

572 2452 969 2500 sacramentum
1013 2444 1272 2519 probatur
1308 2458 1428 2500 esse
1465 2452 1838 2500 memoratum.
1867 2443 1997 2499 Nam
2030 2458 2151 2500 cum

575 2536 921 2606 quadraginta
952 2536 1139 2591 diebus
1168 2535 1237 2590 ad
1271 2535 1555 2604 mysticum
1581 2548 1858 2591 numerum
1899 2534 2153 2590 Dominus

576 2625 914 2698 jejunaverit,
946 2642 1064 2681 eum
1095 2626 1228 2682 alios
1256 2626 1605 2697 quadraginta
1645 2626 1759 2682 dies
1787 2640 1906 2681 cum
1938 2634 2154 2694 aposto-

580 2718 645 2773 lis
675 2727 793 2788 post
817 2719 1260 2775 resurrectionem
1294 2720 1501 2784 fecerit,
1532 2726 1587 2773 ut
1614 2726 1756 2774 totus
1788 2717 2016 2773 mundus
2041 2732 2155 2772 cre-

581 2806 752 2874 deret,
782 2808 952 2863 Judaci
983 2809 1236 2864 obstinati
1268 2809 1466 2879 reperti
1498 2818 1651 2875 sunt,
1682 2809 1774 2879 qui
1802 2810 2160 2880 quadraginta

579 2912 840 2955 annorum
884 2900 1158 2957 beneﬁciis
1212 2902 1554 2971 acquiescere
1604 2901 1908 2958 noluerunt.
1953 2901 2158 2969 Quibus

581 2989 702 3043 ideo
734 2998 952 3059 paratur
974 2992 1146 3062 major
1176 2990 1348 3064 ruina,
1373 2991 1495 3062 quia
1526 2991 1579 3046 in
1606 2991 1683 3047 eis
1708 2993 2013 3063 grandescit
2039 2990 2158 3046 diu-

574 3084 738 3141 turna
764 3080 1035 3148 superbia.

2236 608 2463 657 ruerun'

2666 716 2824 788 321
2867 716 3136 772 Conclusio
3175 716 3381 785 psalmi.

2314 828 2536 895 Audite,
2567 827 2739 884 Judaei
2781 827 3039 901 sacrilega
3070 837 3247 887 mente
3273 830 3471 901 durati,
3500 840 3559 887 ut
3588 831 3633 886 si
3667 833 3803 887 bene

2244 922 2362 979 ﬁcia
2392 940 2498 978 non
2542 923 2809 991 recolitis,
2842 924 3030 978 saltem
3071 923 3249 979 debita
3278 922 3541 993 supplicia
3572 923 3825 979 formide-

2246 1014 2336 1070 tis.
2369 1014 2507 1081 Quid
2543 1022 2627 1069 est
2656 1014 2798 1069 aliud
2840 1013 2895 1069 in
2930 1014 3167 1085 requiem
3197 1014 3409 1071 Domini
3438 1031 3546 1071 non
3582 1016 3826 1081 introire,

2244 1104 2346 1161 nisi
2372 1113 2626 1175 perpetua
2651 1112 2920 1161 tormenta
2950 1092 3266 1176 suscipere?
3302 1105 3419 1163 Non
3444 1122 3542 1163 vos
3568 1108 3825 1179 implicet,

2244 1213 2570 1270 quzesumus,
2619 1213 2771 1252 error
2811 1198 3051 1266 alienus,
3095 1207 3306 1269 patrum
3349 1209 3657 1255 vestrorum
3693 1200 3829 1256 desi-

2244 1289 2390 1347 deria
2415 1292 2637 1347 meliore
2659 1291 2962 1347 conditione
2991 1303 3213 1348 mutate.
3241 1291 3297 1349 Si
3319 1308 3485 1363 aquas
3506 1296 3558 1351 iu
3583 1296 3820 1351 siccitate

2245 1386 2485 1456 poscitis,
2512 1385 2579 1440 ad
2613 1384 2813 1441 fontem
2852 1385 3059 1441 Domini
3090 1386 3404 1453 convenite;
3436 1390 3480 1443 si
3510 1402 3711 1443 manna
3742 1389 3827 1445 de.

2251 1478 2522 1542 sideralis,
2556 1493 2749 1548 corpus
2782 1478 2989 1533 Domini
3011 1477 3305 1534 Sslvatoris
3339 1479 3585 1552 accipite.
3620 1480 3716 1535 llla
3741 1480 3826 1537 de-

2251 1570 2445 1627 derunt
2478 1573 2669 1626 vestris
2710 1570 2948 1640 patribus
2988 1584 3223 1642 pinnam,
3254 1572 3405 1628 vobis
3447 1573 3550 1627 ista
3596 1573 3830 1638 tribuunt

2220 1670 2221 1673 ‘
2251 1663 2490 1732 requiem
2519 1663 2925 1732 sempiternam.
2967 1663 3219 1730 Quinimo
3247 1665 3456 1734 priores
3486 1674 3703 1721 vestros
3737 1666 3831 1721 title

2250 1765 2524 1825 superate,
2553 1754 2826 1810 incredula
2854 1769 3039 1809 eorum
3065 1754 3226 1810 corda
3252 1756 3521 1825 respuite;
3556 1756 3830 1811 audientes

2252 1847 2648 1904 illuminalione
2674 1846 2854 1901 divina
2878 1846 3103 1913 credite,
3130 1845 3271 1916 quod
3301 1846 3377 1900 illi
3406 1845 3570 1901 etiam
3595 1846 3831 1902 videntes

2250 1948 2450 1999 caecata
2495 1940 2781 1996 noluerunt
2821 1939 3098 1995 voluntate
3146 1940 3403 2009 recipere.
3454 1939 3634 1995 Nolite
3681 1939 3831 1995 dissi-

2206 2051 2210 2055 ‘
2252 2034 2457 2091 mulare
2482 2032 2607 2089 dum
2641 2042 2849 2102 tempus
2873 2042 2981 2099 est;
3009 2048 3130 2087 nam
3159 2030 3492 2088 sustinebitis
3522 2040 3711 2102 postea
3748 2032 3831 2105 ju-

2252 2126 2445 2188 dicem,
2481 2126 2524 2181 si
2553 2124 2713 2181 modo
2744 2124 3018 2179 nolueritis
3044 2138 3333 2195 agnoscere
3361 2124 3705 2181 monitorem.

2555 2260 2912 2318 EXPOSITIO
2938 2260 3004 2316 ΙΝ
3034 2259 3361 2317 PSALMUM
3392 2259 3551 2315 XCV.

2320 2356 2587 2411 canticum
2618 2352 2815 2421 Dauid,
2842 2354 3257 2437 quandodomus
3282 2352 3646 2424 adiﬁcobatur
3672 2363 3780 2424 post

2865 2435 3224 2495 captivitatem.

2334 2542 2599 2608 Quantum
2626 2541 2693 2596 ad
2727 2540 2961 2597 litteram
2994 2542 3249 2610 pertinet,
3282 2550 3492 2611 tempus
3521 2539 3654 2596 illud
3684 2539 3833 2611 signi-

2262 2635 2453 2692 ﬁcatur
2481 2634 2535 2690 in
2564 2634 2720 2692 titulo
2746 2649 2867 2691 eum
2899 2648 2930 2689 a
2960 2633 3255 2689 Zorobabel
3292 2632 3402 2688 ﬁlio
3436 2631 3699 2689 Salathiel
3726 2642 3835 2703 post

2264 2727 2626 2797 captivitatem
2656 2726 2913 2794 templum
2946 2725 3453 2796 Jerosolymitanum
3480 2734 3696 2780 constat
3722 2739 3832 2780 esse

2263 2831 2590 2891 reparatum,
2620 2820 2761 2889 quod
2802 2834 2970 2887 usque
3012 2817 3082 2874 ad
3122 2818 3462 2888 superﬁciem
3503 2828 3662 2874 terra:
3688 2816 3838 2874 Chal-

2268 2912 2505 2968 daeorum
2535 2926 2725 2967 manus
2746 2911 2961 2966 inimica
2986 2910 3273 2967 destruxit.
3302 2909 3408 2967 Sed
3435 2924 3556 2965 cum
3584 2909 3716 2965 nihil
3739 2909 3839 2964 tale

2274 3003 2327 3059 in
2368 3002 2818 3074 subsequentibus
2853 3001 3025 3071 dicat,
3070 3016 3171 3058 nec
3210 3001 3499 3071 aliquando
3525 3001 3706 3058 titulus
3729 3000 3840 3057 dis-

2266 3108 2450 3171 crepet
2486 3114 2515 3153 a
2556 3099 2866 3154 narratione
2900 3100 3250 3169 psalmorum,
3283 3105 3453 3153 restat
3492 3105 3550 3151 ut
3579 3111 3703 3151 eum
3733 3097 3839 3164 spi-

662 3191 812 3244 Vers.
840 3191 927 3245 lt.
955 3192 1149 3259 Quibus
1162 3194 1336 3265 juravi
1361 3195 1412 3246 in
1437 3193 1518 3246 ira
1539 3208 1650 3247 mea
1680 3207 1699 3247 :
1727 3192 1788 3248 Si
1816 3192 2098 3247 introibant
2115 3192 2168 3245 in
2193 3201 2240 3265 ς,
2271 3191 2534 3249 ritualiter
2592 3190 2874 3261 exquirere
2940 3189 3252 3247 debeamus.
3327 3191 3606 3246 Destruet:
3670 3189 3841 3243 domus

582 3283 805 3347 requiem
829 3299 1013 3339 meant.
1039 3286 1253 3341 Duobus
1274 3287 1448 3343 modis
1468 3288 1650 3357 furare
1670 3285 1865 3341 dicitur
1888 3286 2045 3339 Deus.
2069 3283 2167 3338 Ju-

579 3382 674 3428 rat
691 3373 927 3443 placidus
948 3385 1104 3446 atque
1132 3379 1299 3445 mitis,
1331 3379 1469 3434 sicut
1493 3379 1546 3433 in
1568 3378 1674 3434 alio
1704 3377 1905 3447 psalmo
1936 3376 2126 3446 legitur
2151 3395 2163 3431 :

584 3462 763 3519 Semel
796 3467 972 3537 juravi
1002 3468 1055 3521 in
1097 3477 1270 3522 sancto
1313 3485 1423 3524 meo
1462 3470 1507 3523 si
1546 3468 1712 3522 David
1753 3468 1967 3522 mentiar
1995 3466 2164 3537 (Psal.

589 3570 846 3623 Lxxxvm,
891 3557 1021 3627 36).
1057 3558 1150 3614 llic
1188 3567 1364 3614 autem
1389 3563 1571 3631 jurare
1597 3557 1790 3614 dicitur
1823 3558 2009 3622 iratus,
2047 3557 2171 3627 quia

593 3646 877 3702 Vindictam
901 3648 1137 3703 noscitur
1163 3648 1501 3703 comminari.
1533 3647 1635 3704 Sed
1669 3647 1771 3703 hoc
1797 3646 2169 3717 jusjurandum

592 3735 658 3790 ad
680 3737 982 3797 ﬁrmitatem
1003 3739 1405 3810 pollicitationis
1425 3740 1762 3796 manifestum
1785 3748 1866 3795 est
1886 3741 2173 3809 pertinere.

592 3827 722 3882 Nam
747 3831 789 3884 si
817 3830 1059 3888 homines
1081 3833 1267 3901 jurant
1285 3841 1343 3887 ut
1360 3833 1620 3903 promissa
1634 3832 1958 3903 custodiant,
1976 3840 2177 3903 quanto

590 3920 758 3990 magis
787 3923 969 3993 jurare
1007 3922 1203 3979 dicitur
1240 3925 1407 3991 Deus,
1450 3933 1510 3980 ut
1552 3939 1640 3980 res
1679 3924 1946 3996 praedictio
1986 3938 2178 3981 neces-

590 4014 728 4068 saria
760 4017 1050 4072 stabilitate
1078 4018 1406 4074 consistant!
1440 4018 1547 4075 Sed
1577 4017 1665 4074 ille
1694 4032 1789 4088 per
1819 4032 1876 4073 se
1902 4021 2052 4090 jurat
2089 4018 2179 4088 qui

589 4117 699 4160 non
740 4106 900 4162 habet
952 4109 1248 4177 potiorem,
1300 4112 1440 4165 sicut
1475 4117 1531 4165 et
1568 4109 1682 4179 ipse
1725 4107 1954 4165 Abrahae
1995 4107 2175 4167 dicit:

590 4194 697 4252 Per
744 4201 1088 4268 memett'psum
1128 4201 1334 4272 juravi,
1379 4202 1502 4255 dicit
1549 4199 1800 4256 Dominus
1841 4217 1859 4256 :
1901 4201 2000 4255 nisi
2031 4200 2181 4254 bene-

593 4288 766 4343 dicens
804 4291 1097 4347 benedieam
1132 4302 1179 4348 te
1225 4292 1388 4365 (Gen.
1418 4308 1548 4359 χιιι,
1581 4294 1669 4359 16,
1703 4294 1823 4363 l7).
1868 4294 2179 4351 Humanitas

590 4388 770 4448 autem
817 4382 1031 4439 invocat
1079 4385 1276 4452 Deum,
1325 4387 1448 4456 quia
1506 4386 1678 4456 ipsum
1744 4388 1976 4456 perﬁdiae
2033 4389 2181 4443 novit

591 4471 847 4528 ultorem.
883 4473 1015 4529 llinc
1042 4482 1125 4530 est
1150 4477 1287 4545 quod
1325 4477 1566 4532 homines
1600 4477 1951 4546 prohibentur
1971 4480 2174 4548 jurare,

592 4565 845 4635 quoniam
879 4566 1094 4635 propria
1137 4567 1488 4635 possibilitate
1526 4582 1631 4621 non
1681 4570 1858 4622 valent
1906 4569 2173 4639 promissa

597 4656 893 4726 complere.
940 4657 1076 4726 Quid
1125 4671 1253 4728 ergo
1285 4660 1430 4731 jurat
1464 4659 1751 4714 Dominus?
1780 4661 2036 4729 quoniam
2066 4675 2171 4713 non

590 4749 853 4805 intrabunt
881 4752 933 4805 in
962 4750 1081 4821 ejus
1107 4751 1330 4819 requiem
1352 4751 1635 4816 obstinati;
1668 4751 1761 4806 sed
1795 4759 1993 4806 acterna
2030 4766 2175 4807 mors

589 4844 845 4914 suscipiet
886 4846 973 4915 qui
1024 4860 1130 4901 non
1170 4855 1478 4901 meruerunt
1527 4846 1592 4900 ad
1641 4845 2021 4904 satisfactionis
2059 4848 2176 4916 ejus

593 4950 814 4991 munera
861 4937 1164 5006 pervenire.
1207 4937 1396 4993 Merito
1440 4936 1703 5006 siquidem
1745 4938 1813 4991 ad
1842 4938 2061 5007 requiem
2089 4938 2175 4991 in-

597 5034 732 5081 trare
791 5042 898 5083 non
964 5036 1188 5098 possunt
1253 5027 1342 5099 qui
1397 5028 1569 5098 ipsum
1632 5028 1897 5083 Christum
1949 5028 2172 5098 januam

592 5118 993 5187 tranquillitatis
1021 5120 1318 5177 otl‘endunt.
1372 5120 1822 5176 Perscrutandum
1863 5130 1949 5177 est
1992 5131 2171 5177 autem

590 5207 716 5278 quid
755 5210 857 5266 sibi
903 5213 1029 5267 velit
1067 5212 1207 5282 quod
1246 5212 1404 5278 dicit,
1446 5214 1491 5267 si
1530 5213 1812 5267 introibant
1856 5215 1909 5268 in
1950 5218 2172 5285 requiem

589 5300 793 5356 meam?
840 5301 1009 5369 Quem
1038 5303 1214 5359 locum
1243 5305 1479 5375 gentium
1511 5303 1712 5360 Doctor
1742 5304 1833 5360 tali
1869 5305 2028 5361 modo
2068 5320 2168 5361 ex-

588 5390 803 5463 planat,
851 5392 1034 5449 dicens
1065 5411 1079 5449 :
1113 5393 1180 5449 Et
1211 5398 1449 5465 requievit
1479 5394 1621 5451 Deus
1645 5397 1701 5451 in
1730 5395 1814 5451 die
1841 5397 2058 5466 septima
2103 5396 2166 5450 ab

591 5485 819 5540 omnibus
862 5486 1099 5556 operibus
1144 5490 1249 5542 suis
1290 5488 1490 5559 (Hebr.
1536 5505 1611 5557 iv,
1645 5488 1734 5560 4).
1785 5489 1885 5556 Qui
1918 5505 2047 5561 ergo
2091 5489 2168 5545 in-

587 5589 802 5646 gressus
826 5585 911 5633 est
938 5577 992 5632 in
1030 5580 1267 5649 requiem
1297 5578 1434 5650 ejus,
1464 5581 1627 5637 etiam
1668 5581 1782 5650 ipse
1814 5581 2076 5650 requievit
2102 5580 2170 5636 ab

586 5673 839 5742 Operibus
867 5672 1009 5739 suis,
1041 5673 1175 5729 sicut
1205 5682 1259 5730 et
1304 5690 1335 5731 a
1374 5677 1484 5730 suis
1526 5676 1686 5732 Deus.
1719 5675 1997 5746 Signiﬁcat
2025 5676 2165 5731 enim

585 5763 934 5824 beatitudinis
979 5767 1123 5823 illius
1164 5777 1374 5840 tempus
1420 5768 1634 5839 quando
1684 5770 1814 5840 justi
1870 5778 1989 5840 post
2036 5785 2168 5841 ago-

584 5876 707 5920 nem
741 5862 916 5919 szrculi
960 5862 1112 5919 ἱςῑξιις
1157 5873 1356 5922 acterna
1396 5864 1581 5935 requie
1609 5866 1985 5936 perfruuntur;
2023 5866 2165 5924 quod

2274 3287 2581 3356 wdiﬁcatur,
2625 3284 2839 3356 quando
2880 3284 3058 3340 anima
3096 3291 3219 3355 post
3257 3282 3624 3355 captivitatem
3654 3281 3845 3353 peccati
3924 3282 3931 3299 ³

2273 3377 2340 3434 ad
2364 3377 2766 3447 intelligentiam
2786 3375 3025 3432 veritatis
3043 3376 3268 3445 cmperit
3283 3374 3537 3448 (Domino
3548 3370 3844 3443 praestante)

2275 3486 2541 3529 remeare.
2573 3470 2771 3526 Domus
2799 3472 2940 3527 enim
2976 3472 3100 3537 ista,
3131 3469 3183 3526 id
3215 3478 3298 3524 est
3327 3468 3649 3524 universalis
3677 3467 3847 3522 Eccle-

2280 3563 2381 3632 sia,
2412 3565 2465 3619 in
2488 3579 2591 3635 qua
2616 3563 2860 3619 Christus
2887 3562 3172 3628 inhabitat,
3193 3561 3333 3618 vivis
3353 3560 3626 3631 lapidibus
3650 3572 3847 3629 semper

2279 3658 2571 3714 exstruitur
2614 3672 2629 3710 ;
2664 3656 2787 3727 quia
2816 3654 3055 3726 quotidie
3093 3654 3161 3711 de
3205 3653 3589 3711 conﬁtentibus
3634 3651 3848 3709 adiﬁcao

2281 3749 2441 3805 tionis
2493 3748 2657 3804 sumit
2708 3755 3087 3818 augmentum;
3130 3760 3230 3803 nec
3261 3745 3515 3801 aediﬁcari
3543 3744 3745 3801 desinit
3766 3742 3851 3798 do-

2280 3857 2380 3899 nec
2400 3856 2567 3913 usque
2593 3841 2659 3896 ad
2681 3841 2843 3896 ﬁnem
2863 3839 3047 3896 saeculi
3069 3840 3572 3911 praedestinatorum
3604 3850 3853 3894 numerus

2281 3935 2584 4005 impleatur.
2610 3934 2790 3989 Mente
2811 3946 2942 3989 sane
2963 3931 3303 3989 condendam
3326 3940 3411 3989 est
3436 3932 3695 4003 psalmum
3717 3931 3855 3985 hunc

2280 4026 2579 4083 secundum
2609 4040 2732 4082 esse
2765 4039 2953 4081 eorum
2979 4025 3073 4095 qui
3117 4026 3188 4082 de
3217 4024 3391 4097 primo
3421 4034 3476 4083 et
3501 4022 3739 4084 secundo
3765 4021 3855 4079 ad-

2283 4129 2446 4176 ventu
2477 4117 2686 4175 Domini
2714 4118 3127 4189 proloquuntur.

2864 4229 3057 4285 Divisio
3089 4230 3290 4301 psalmi.

2355 4342 2411 4399 in
2440 4345 2608 4415 prima
2641 4354 2791 4415 parte
2818 4345 3002 4415 psalmi
3026 4353 3330 4401 commonet
3354 4344 3620 4417 propheta
3649 4359 3854 4417 genera-

2283 4436 2485 4491 litatem
2517 4444 2736 4492 cantare
2768 4435 3028 4504 Domino,
3074 4443 3131 4492 et
3174 4437 3227 4491 in
3278 4444 3388 4492 toto
3428 4436 3562 4493 orbe
3606 4447 3855 4494 terrarum

2206 4525 2259 4585 D
2283 4527 2604 4583 annuutiare
2633 4527 2918 4583 dominicae
2951 4527 3335 4583 incarnationis
3378 4528 3675 4584 adventum
3702 4546 3716 4583 :
3740 4542 3857 4598 quo-

2281 4619 2421 4675 niam
2449 4634 2608 4689 super
2632 4633 2817 4674 omnes
2857 4619 2988 4674 deos
3019 4620 3134 4689 ipse
3159 4634 3317 4675 verus
3350 4629 3432 4675 est
3456 4618 3743 4676 Dominus.
3773 4618 3858 4675 Se-

2278 4712 2451 4768 cunda
2476 4723 2623 4781 parte
2646 4711 2886 4768 diversas
2908 4711 3161 4768 admouet
3183 4722 3369 4783 gentes
3393 4721 3452 4767 ut
3476 4712 3658 4783 primo
3682 4719 3858 4769 semet-

2277 4804 2424 4873 ipsos
2471 4801 2720 4870 oﬂ‘erant,
2752 4812 2935 4871 postea
2985 4816 3207 4858 munera
3248 4801 3654 4874 praedicationis
3698 4802 3857 4858 exsol-

2278 4904 2447 4951 vant:
2483 4894 2699 4949 Domini
2731 4894 3015 4950 adventum
3073 4903 3355 4965 utrumque
3402 4908 3853 4958 commemorans,

2280 4990 2492 5062 quando
2515 4999 2595 5045 est
2613 4989 2880 5060 judicatus
2920 4989 2989 5047 ab
3020 4989 3261 5058 homine,
3283 4997 3337 5047 et
3364 4990 3581 5061 quando
3600 4989 3857 5063 judicatu-

2276 5099 2371 5140 rus
2401 5084 2607 5140 venerit
2635 5083 2916 5138 mundum.

2817 5198 3090 5271 Expositio
3130 5200 3334 5270 psalmi.

2349 5312 2500 5370 Vers.
2532 5315 2581 5369 l.
2615 5312 2833 5370 Cantate
2874 5313 3098 5370 Domino
3127 5315 3385 5371 canticum
3411 5331 3641 5386 nam;
3665 5325 3859 5374 cantate

2274 5404 2497 5460 Domino
2517 5445 2533 5473 ,
2574 5407 2737 5461 omnis
2769 5416 2930 5462 terra.
2973 5406 3265 5477 Superiora
3292 5408 3500 5479 psalmo
3529 5411 3861 5469 commouit

2276 5499 2538 5570 propheta
2563 5499 2800 5568 Iudaeos,
2845 5508 2904 5557 ut
2941 5500 3183 5572 deposita
3210 5502 3408 5558 duritia
3441 5504 3626 5560 cordis
3653 5505 3726 5562 ad
3750 5519 3862 5562 creo

2273 5590 2551 5647 dulitatem
2582 5592 2831 5648 venirent
2870 5592 3079 5648 Domini
3105 5592 3327 5649 Christi.
3357 5592 3467 5651 Sed
3507 5595 3632 5666 quia
3680 5597 3736 5653 in
3764 5595 3862 5652 illis

2273 5698 2619 5754 permansura
2650 5693 2767 5739 erat
2805 5682 3077 5739 obstinata
3119 5685 3443 5757 malignitas,
3478 5690 3861 5747 convenienter

2272 5791 2416 5831 nunc
2440 5777 2695 5832 admonet
2730 5783 2940 5848 gentes,
2974 5784 3033 5832 ut
3060 5779 3313 5833 canticum
3344 5794 3529 5833 novum
3550 5780 3794 5837 debeant
3812 5779 3859 5835 ei

2271 5868 2470 5925 dicere.
2502 5869 2686 5924 (.‘antat
2710 5869 2853 5925 enim
2888 5868 3107 5926 Domino
3134 5871 3389 5927 canticum
3412 5888 3600 5929 novum
3622 5875 3743 5945 qui,
3770 5888 3859 5931 re-
