4092 6344
258 448 348 530 δὴ

1175 471 1532 533 EXPOSITIO
1572 471 1638 531 lN
1680 444 2141 535 psaursntusi.
2180 472 2377 535 psan.
2419 474 2579 536 xcv.

3404 470 3507 538 678

258 602 361 650 tere
396 582 605 646 lioniine
646 580 915 660 deposito,
946 600 1043 662 per
1080 592 1302 663 gratiam
1333 594 1669 665 baptismatis
1707 595 1824 651 feli-
1851 604 1902 661 Α
1930 606 2092 653 tatem
2112 641 2125 665 ,
2157 600 2406 669 quoniam
2437 597 2561 653 dum
2592 588 2831 653 essemus
2858 576 3053 665 captivr
3072 635 3086 663 ,
3117 602 3351 667 pretioso
3379 610 3507 655 san-

257 686 378 741 citer
403 672 701 738 innovatur.
728 681 798 736 Et
829 691 955 738 tunc
986 684 1052 739 de
1089 683 1207 755 ipso
1233 686 1423 742 donius
1456 688 1666 743 Domini
1698 689 1827 744 aedi-

257 776 450 841 ﬁcatur,
482 773 695 843 quando
726 783 847 844 post
893 774 1177 843 imperium
1220 777 1417 832 diaboli
1457 778 1510 832 in
1543 794 1825 833 numerum

254 867 561 924 beatissima:
586 867 1015 937 congregationis
1041 868 1354 939 acquiritur.
1390 869 1495 924 lste
1527 878 1716 925 cantus
1746 878 1829 924 est

256 963 337 1032 qui
370 969 594 1016 mentem
635 962 973 1031 purissimam
1015 962 1354 1029 consolatur;
1401 963 1497 1018 ista
1537 963 1829 1017 modulatio

256 1070 362 1126 quze
382 1054 687 1110 medullitus
726 1055 977 1120 delectat,
1018 1054 1231 1126 quando
1258 1071 1386 1111 vere
1412 1065 1593 1109 cantat
1622 1055 1823 1122 anima,

254 1162 360 1218 quas
388 1161 443 1202 se
466 1161 493 1200 a
520 1146 755 1215 peccatis
784 1134 879 1216 per
901 1146 999 1201 Dei
1024 1150 1250 1217 gratiam
1281 1147 1513 1203 aestimat
1549 1162 1672 1201 esse
1695 1146 1828 1201 libe-

252 1235 481 1295 randam.
509 1235 785 1308 Sequitur,
818 1247 1023 1293 cantate
1054 1238 1308 1305 Domino,
1342 1240 1505 1293 omnis
1537 1248 1693 1292 terra.
1727 1237 1832 1294 Re-

252 1328 428 1399 petitio
452 1328 567 1397 ipsa
596 1329 775 1382 suavis
805 1338 918 1394 est,
952 1344 1049 1384 nec
1075 1329 1128 1384 in
1160 1330 1253 1384 tali
1296 1329 1462 1385 verbo
1500 1337 1678 1400 potest
1711 1344 1831 1385 esse

251 1420 531 1485 fastidium,
570 1420 657 1475 ubi
689 1435 749 1477 se
788 1420 987 1477 nullius
1017 1421 1233 1493 explere
1272 1422 1417 1476 valet
1464 1420 1707 1476 allectus.
1739 1419 1833 1475 Di-

251 1513 410 1568 cendo
461 1513 640 1580 enim,
701 1514 866 1567 omnis
920 1522 1090 1581 terra,
1139 1512 1456 1569 catholicam
1510 1511 1834 1582 signiﬁcavit

251 1604 538 1660 Ecclesiam
562 1647 577 1671 ,
622 1620 743 1677 quae
776 1621 869 1676 per
905 1615 1157 1661 cunctum
1210 1604 1397 1661 urbem
1446 1604 1683 1661 noscitur
1713 1616 1833 1660 esse

250 1695 453 1753 diﬁ‘usa.
484 1698 648 1753 Brevi
671 1700 815 1753 enim
834 1698 1155 1768 compendio
1172 1705 1227 1754 et
1246 1697 1490 1753 Judmum
1513 1696 1829 1762 confutavit,

249 1791 365 1859 quia
395 1799 587 1861 gentes
614 1790 864 1856 admisit;
903 1800 959 1848 et
986 1792 1247 1847 Donatum
1276 1790 1561 1857 destruxit,
1593 1789 1714 1860 quia
1741 1802 1834 1860 ge-

251 1881 512 1937 neralitati
543 1881 899 1938 confessionis
928 1882 1157 1954 gratiam
1194 1898 1301 1938 non
1344 1882 1577 1953 negavit.
1610 1880 1742 1937 Nam
1772 1888 1834 1935 ut

1928 687 2088 756 guiue
2118 704 2211 744 nos
2245 688 2489 743 redemit.
2529 687 2698 741 Nimis
2730 694 2905 741 autem
2939 686 3183 756 congruit
3208 685 3277 741 ad
3300 698 3508 743 utrum-

1929 797 2054 853 que,
2084 782 2206 851 quia
2231 796 2329 836 nec
2358 788 2611 851 quantum
2638 796 2873 850 magnus,
2900 785 2997 834 nec
3026 790 3278 849 quantum
3317 779 3504 835 lauda-

1931 873 2047 927 bilis
2068 871 2665 942 sit-poteratexplicari.
2710 871 2817 927 Sed
2856 871 3106 941 quoniam
3148 871 3508 928 consideranti

1931 962 2215 1017 aestimatio
2259 962 2472 1029 deﬁcit,
2524 962 2746 1031 pulchre
2792 959 2994 1015 addidit
3048 962 3217 1015 nimis.
3273 960 3351 1015 lta
3400 977 3505 1017 nou

1930 1054 2250 1124 exponendo
2281 1054 2422 1125 quod
2467 1054 2811 1119 intendebat,
2853 1052 3171 1123 significavit
3214 1052 3509 1122 uberrime,

1931 1152 1987 1199 et
2015 1144 2310 1200 declaravit
2338 1160 2442 1201 non
2470 1143 2976 1216 comprehendendo
3005 1145 3145 1216 quod
3177 1146 3366 1203 voluit.
3412 1147 3509 1204 Se-

1931 1235 2131 1305 quitur,
2166 1235 2406 1289 tcrribilis
2446 1244 2517 1291 est
2552 1252 2703 1306 super
2731 1252 2903 1292 omnes
2944 1237 3084 1291 deos.
3123 1235 3218 1293 Hic
3251 1237 3514 1294 debemus

1931 1327 2213 1383 advertere
2246 1327 2367 1382 deos
2407 1343 2541 1400 quos
2587 1330 2685 1385 sibi
2735 1330 3009 1400 gentilitas
3050 1329 3211 1401 impia
3253 1347 3513 1401 praesum-

1933 1419 2116 1489 ptione
2142 1419 2462 1489 composuit.
2497 1419 2627 1475 Nam
2656 1436 2749 1477 eos
2782 1422 2834 1477 in
2868 1425 3110 1496 sequenti
3154 1444 3310 1485 versu
3346 1430 3516 1486 mani-

1934 1506 2116 1576 festat,
2145 1509 2395 1579 quoniam
2424 1512 2669 1580 quamvis
2714 1512 2791 1566 illi
2817 1514 2993 1570 stultis
3023 1518 3293 1576 mentibus
3318 1520 3513 1577 adora-

1932 1599 2069 1655 biles
2099 1598 2236 1673 [ed.,
2268 1601 2607 1675 exorabiles]
2639 1613 2691 1659 et
2734 1607 3007 1662 metuendi
3058 1624 3179 1666 esse
3207 1611 3511 1683 videantur,

1934 1692 2104 1746 multo
2134 1694 2423 1749 terribilior
2453 1702 2539 1751 est
2578 1695 2869 1764 Dominus,
2899 1697 3053 1768 cujus
3095 1715 3195 1757 nec
3235 1704 3517 1763 multitudo

1934 1784 2314 1842 miraculorum
2340 1796 2513 1858 potest
2536 1787 2780 1859 intelligi,
2805 1804 2904 1846 nec
2928 1788 3202 1862 plenitudo
3223 1794 3518 1865 majestatis

1934 1881 2176 1951 agnosci.

251 1972 490 2031 homines
537 1976 895 2048 intelligeres,
929 1953 1130 2033 cantate
1163 1978 1331 2043 dixit,
1370 1978 1460 2047 qui
1492 1991 1681 2033 revera
1713 1990 1836 2047 pos-
1862 1953 1913 2016 Β
2011 1971 2167 2028 Vers.
2201 1973 2256 2029 5.
2304 1972 2557 2038 Quoniam
2602 1991 2774 2030 omnes
2816 1977 2892 2031 dii
2924 1978 3149 2049 gentium
3199 1980 3450 2037 dwmonia
3499 1998 3518 2038 :

251 2075 370 2122 sunt
397 2067 588 2123 laudes
627 2068 839 2124 Domini
867 2082 1185 2139 personare;
1214 2070 1406 2126 deinde
1428 2070 1548 2140 quia
1577 2070 1835 2139 pluralem

251 2171 530 2215 numerum
553 2163 758 2230 aptavit
780 2162 844 2217 ad
877 2170 1099 2230 terram,
1131 2163 1272 2232 quod
1298 2164 1479 2234 utique
1510 2178 1614 2218 non
1644 2176 1837 2219 conve-

251 2249 408 2316 niret,
439 2251 485 2307 si
513 2251 760 2308 tellurem
792 2252 1049 2308 voluisset
1085 2254 1327 2323 intelligi.

323 2342 474 2399 Vera.
506 2345 563 2398 2.
590 2345 803 2400 Cantate
828 2343 1074 2414 Domino,
1101 2355 1147 2400 et
1175 2345 1453 2399 benedicite
1484 2362 1665 2399 nomen
1692 2345 1837 2415 ejus;

247 2433 367 2488 bene
389 2436 626 2491 nuntiate
655 2438 716 2491 de
740 2437 824 2492 die
862 2438 915 2491 in
938 2437 1075 2491 diem
1113 2439 1340 2491 salutare
1379 2440 1512 2509 ejus.
1544 2435 1658 2491 Non
1687 2445 1840 2491 vacat

246 2527 387 2595 quod
410 2527 514 2582 ista
542 2530 789 2599 repetitio
810 2529 952 2584 trino
989 2529 1189 2584 decore
1224 2536 1529 2583 constructa
1558 2536 1660 2582 est.
1694 2526 1838 2583 Laus

245 2620 390 2674 enim
416 2619 619 2675 ChriSti
648 2622 811 2675 totius
835 2621 1008 2676 honor
1023 2630 1107 2676 est
1130 2611 1424 2676 Trinitatis.
1449 2620 1619 2689 Ipsius
1639 2621 1837 2690 quippe

245 2723 452 2765 nomen
498 2710 893 2778 benedicimus,
942 2712 1155 2781 quando
1200 2711 1433 2765 salutare
1472 2720 1711 2764 nostrum
1741 2723 1837 2779 per

238 2802 432 2857 omnia
480 2802 818 2857 conﬁtemur.
860 2803 988 2869 Quae
1031 2802 1196 2873 ﬁgura
1237 2803 1432 2858 dicitur
1458 2804 1736 2871 epimone,
1785 2801 1838 2857 id

245 2901 353 2958 est,
379 2896 634 2965 repetitio
662 2895 849 2951 crebra
882 2896 1185 2961 sententiae,
1208 2909 1329 2967 qua:
1352 2897 1465 2951 sive
1492 2896 1544 2951 in
1573 2895 1838 2962 laudibus,

251 2985 369 3040 sive
408 2987 463 3041 in
495 2988 976 3057 vituperationibus
1007 2987 1262 3044 decenter
1298 2988 1560 3058 adhibita,
1594 3002 1842 3060 magnam

250 3080 357 3136 vim
387 3084 828 3152 exaggerationis
866 3084 1187 3137 accumulat.
1233 3082 1510 3153 Sequitur,
1552 3082 1674 3136 bene
1710 3097 1844 3136 nun-

252 3175 377 3229 tiate
415 3174 484 3228 de
515 3174 595 3227 die
635 3176 687 3227 in
729 3174 864 3229 diem
891 3174 1120 3229 salutare
1161 3176 1297 3245 ejus.
1330 3171 1452 3228 Dies
1482 3174 1547 3229 de
1574 3175 1675 3241 die,
1707 3174 1842 3231 duos

251 3267 526 3337 signiﬁcat
579 3266 694 3323 dies
753 3267 1028 3334 absolute;
1067 3268 1211 3339 quod
1271 3269 1544 3337 pertinere
1582 3269 1651 3324 ad
1696 3268 1843 3325 Scri-

1939 2062 2191 2119 Dominus
2234 2077 2401 2121 autem
2441 2068 2594 2121 caelos
2632 2068 2771 2138 fecit.
2817 2070 3130 2128 Mirabiliter
3159 2089 3252 2145 per
3281 2075 3518 2146 quintam

1940 2159 2171 2226 Speciem
2210 2158 2557 2226 deﬁnitionis,
2595 2176 2715 2232 qua:
2742 2162 2929 2220 Graece
2961 2168 3091 2222 κατὰ
3118 2172 3208 2227 τήν
3234 2168 3384 2235 λέξιν,
3414 2166 3519 2223 La-

1940 2252 2049 2307 tine
2073 2250 2137 2306 ad
2172 2252 2389 2307 verbum
2422 2252 2637 2319 dicitur,
2670 2258 3117 2326 comprehensum
3151 2266 3235 2315 est
3258 2260 3384 2331 quid
3414 2261 3519 2316 sint

1942 2342 2014 2396 dii
2042 2344 2298 2414 gentium,
2334 2344 2382 2397 id
2420 2352 2502 2399 est
2543 2346 2820 2401 dremonia.
2869 2346 3136 2403 Dtemonia
3174 2360 3299 2405 sunt
3342 2351 3520 2417 enim,

1942 2448 2060 2506 qua:
2092 2435 2219 2490 nulli
2250 2445 2538 2507 prtestant;
2569 2439 2661 2493 sed
2694 2439 2745 2494 in
2777 2453 2835 2495 se
2872 2440 3153 2497 credentes
3183 2457 3397 2513 semper
3424 2442 3518 2500 de-

1944 2528 2180 2596 cipiunt,
2214 2544 2427 2598 semper
2471 2529 2720 2585 illudunt.
2770 2531 2901 2585 Nam
2943 2534 3187 2603 quamvis
3216 2533 3521 2603 daemones,

1944 2616 2135 2675 Latine
2157 2620 2388 2675 scientes
2413 2630 2688 2688 vocentur,
2713 2621 2865 2693 quasi
2890 2622 2963 2678 dii
2987 2639 3170 2680 manes
3193 2624 3322 2697 [ed.,
3342 2624 3521 2698 δαήμοο

1948 2708 2063 2782 νίς]
2090 2752 2104 2778 ,
2173 2712 2225 2766 in
2274 2712 2507 2767 humano
2553 2723 2729 2769 tamen
2772 2729 3021 2772 sermone
3065 2716 3365 2772 convicium
3407 2725 3521 2785 cst,

1945 2801 2073 2857 dum
2102 2802 2176 2856 ita
2206 2801 2435 2858 dicimus
2466 2818 2599 2873 quos
2622 2806 2994 2862 exsecratione
3020 2806 3207 2875 dignos
3236 2822 3356 2862 esse
3379 2805 3521 2878 judi-

1946 2906 2150 2949 camus.
2178 2894 2292 2950 Non
2324 2894 2621 2962 immerito,
2645 2896 2899 2967 quoniam
2928 2897 2980 2951 in
3012 2895 3119 2953 illis
3145 2911 3272 2953 vera
3298 2897 3521 2955 scientia

1945 3002 2050 3043 non
2079 2996 2181 3057 est,
2214 3004 2332 3057 qua:
2361 2989 2631 3045 Creatoris
2660 2990 2741 3045 sui
2784 3005 2888 3045 non
2916 2990 3246 3047 obseeundat
3273 2990 3523 3047 arbitrio.

1947 3078 2039 3135 Sic
2073 3087 2127 3134 et
2155 3080 2424 3148 sapientes
2464 3079 2812 3150 philosophos
2844 3094 2964 3137 esse
3001 3081 3261 3149 dicimus;
3302 3084 3395 3138 sed
3428 3084 3524 3139 hos

1943 3171 2287 3242 consequitur
2320 3173 2561 3242 Apostoli
2605 3172 2877 3228 deﬁnitiva
2917 3176 3181 3231 sententia
3216 3192 3229 3229 :
3260 3175 3525 3246 Sapientia

1943 3265 2098 3339 hujus
2127 3265 2304 3321 mundi
2334 3268 2548 3322 stultitia
2579 3278 2651 3322 est
2690 3270 2830 3340 apud
2856 3268 3019 3326 Deum
3063 3269 3134 3344 (1
3163 3270 3281 3329 Cor.
3314 3288 3361 3340 ι,
3390 3272 3459 3328 20
3483 3272 3525 3343 ).

247 3358 430 3429 pturas
462 3360 801 3416 Testamenti
831 3360 961 3415 Novi
997 3369 1053 3415 et
1084 3361 1293 3417 Veteris
1329 3362 1679 3427 aestimamus,
1712 3360 1838 3432 quia
1862 3362 1911 3428 (ι
1946 3360 2100 3417 Unde
2123 3376 2344 3417 necesse
2374 3370 2456 3417 est
2480 3374 2537 3418 ut
2566 3362 2663 3418 bos
2701 3364 2932 3421 scientes
2962 3380 3059 3437 pro
3087 3380 3190 3421 non
3223 3365 3526 3437 intelligen-

248 3461 488 3523 utrzeque
526 3454 714 3509 aeterni
755 3454 895 3510 Solis
937 3454 1181 3509 claritate
1210 3454 1575 3524 reaplendent.
1612 3454 1680 3509 Et
1714 3452 1839 3511 inde

247 3544 365 3601 bene
394 3548 675 3601 nuntiatur
704 3548 946 3603 salutaris
978 3549 1264 3618 Dominus,
1306 3559 1401 3618 per
1439 3562 1571 3619 quas
1611 3557 1666 3604 et
1711 3564 1841 3604 ven-

247 3643 398 3692 turus
447 3646 513 3694 et
559 3640 771 3695 venisse
816 3648 1143 3695 monstratus
1193 3649 1296 3695 est.
1347 3640 1631 3711 Prophetas
1681 3641 1842 3711 siqui-

247 3726 366 3783 dem
392 3732 774 3801 prosuiSerunt
797 3732 1111 3799 adventum,
1141 3732 1480 3803 evangelista:
1509 3734 1721 3788 venisse
1749 3732 1844 3789 de-

247 3822 558 3881 clararunt.
602 3823 785 3894 Itaque
830 3825 1025 3879 factum
1062 3833 1147 3880 est
1189 3833 1249 3879 ut
1296 3825 1401 3879 duo
1447 3824 1694 3881 caelestes
1736 3823 1844 3879 dies

245 3916 610 3981 nntiuutiasse
631 3917 748 3986 ejus
775 3917 1000 3986 gloriam
1027 3916 1466 3986 comprobentur.

319 4006 477 4063 Vers.
530 4006 585 4062 5.
627 4007 945 4062 Annuntiate
986 4008 1117 4062 inter
1157 4016 1328 4079 gentes
1362 4008 1583 4078 gloriam
1621 4009 1764 4079 ejus,
1794 4007 1848 4061 in

252 4101 484 4156 omnibus
518 4102 726 4172 populis
754 4100 1010 4155 mirabilia
1038 4102 1171 4172 ejus.
1197 4101 1330 4154 Cum
1359 4100 1604 4169 superius
1626 4099 1845 4165 dixerit,

250 4194 483 4246 nuntiate
518 4191 747 4247 salutare
785 4195 925 4264 ejus,
959 4194 1045 4247 hic
1082 4192 1243 4257 dicit,
1284 4192 1596 4246 Annuntiate
1635 4190 1850 4262 gloriam

251 4286 400 4356 ejus;
442 4284 594 4357 quod
622 4296 905 4356 utrumque
952 4284 1229 4355 aptissime
1264 4283 1492 4354 positum
1520 4291 1623 4339 est.
1670 4282 1849 4338 Domi-

252 4393 355 4431 nus
386 4380 540 4435 enim
578 4378 827 4434 Salvator
866 4378 1186 4434 nuntiandus
1216 4386 1361 4444 erat;
1389 4376 1554 4450 gloria
1581 4391 1706 4433 vero
1739 4378 1848 4447 ejus

253 4474 625 4527 annuntianda
649 4489 741 4543 per
761 4481 950 4546 gentes,
965 4474 1088 4544 quia
1106 4473 1238 4528 tanti
1262 4473 1501 4527 miraculi
1526 4470 1850 4543 praedicabat

253 4574 565 4621 auctorem.
604 4565 804 4620 Audiat
847 4564 1089 4632 ludmus,
1136 4579 1302 4635 seque
1354 4564 1618 4634 intelligat
1656 4570 1847 4618 contu-

1945 3452 2085 3508 tibus
2106 3449 2421 3509 habeamus.
2462 3452 2771 3525 Daemonum
2801 3464 2883 3511 est
2909 3457 3072 3527 igitur
3099 3473 3128 3513 a
3158 3456 3268 3513 Deo
3292 3457 3527 3529 quidem,

1943 3543 2082 3600 sicut
2105 3555 2152 3599 et
2175 3546 2436 3601 bonorum
2460 3547 2768 3619 angelorum
2794 3549 3062 3606 excellens
3087 3550 3331 3606 homines
3344 3558 3527 3607 creata

1945 3637 2411 3709 substantia,quze
2440 3639 2682 3709 (propria
2715 3639 2946 3695 faciente
2970 3641 3247 3712 superbia)
3286 3656 3523 3713 eousque

1947 3728 2213 3799 pervenit,
2246 3738 2303 3783 ut
2330 3729 2558 3783 naturali
2589 3729 2851 3799 dignitate
2878 3728 3153 3800 deposita,
3202 3730 3360 3786 malis
3402 3746 3528 3801 ope-

1948 3818 2097 3876 ribus
2124 3833 2339 3889 semper
2367 3818 2598 3873 insistat.
2635 3818 2758 3873 llaec
2800 3828 2926 3873 sunt
2967 3819 3220 3873 daemonia
3252 3834 3369 3890 quae
3396 3820 3529 3877 alios

1945 3911 2265 3984 perdunt,et
2291 3913 2466 3982 scipsa
2494 3912 2784 3981 decipiunt.
2812 3912 2935 3966 llaec
2962 3922 3087 3967 sunt
3110 3913 3292 3982 utique
3315 3913 3388 3966 dii
3407 3929 3529 3984 gen-

1949 4004 2106 4075 tium,
2157 4005 2245 4073 qui
2279 4019 2371 4074 per
2401 4002 2757 4057 infructuosae
2801 4002 3205 4058 vaticinationes
3234 4010 3290 4059 et
3325 4003 3529 4060 futuro-

1950 4108 2069 4148 rum
2096 4107 2231 4146 vana
2274 4092 2540 4162 praestigia
2586 4092 2843 4148 festinant
2881 4092 3086 4147 animas
3121 4092 3369 4163 decipere
3401 4109 3531 4151 con-

1952 4183 2263 4239 sulentium.
2320 4184 2604 4254 Sequitur,
2662 4184 2911 4239 Dominus
2960 4194 3131 4239 autent
3182 4184 3334 4242 cwlos
3392 4188 3531 4259 fecit.

1949 4276 2090 4333 Ecce
2121 4293 2306 4332 revera
2336 4276 2544 4332 Domini
2590 4277 2747 4348 digna
2776 4278 3031 4333 laudatio.
3061 4277 3193 4335 Nam
3219 4294 3340 4337 cutu
3370 4279 3532 4352 dicit,

1950 4373 2101 4428 stelas
2133 4372 2273 4442 fecit,
2306 4386 2493 4427 omnes
2520 4371 2573 4427 in
2602 4373 2731 4443 ipsis
2762 4371 2927 4427 factas
2958 4381 3236 4431 creaturas
3259 4375 3532 4432 sufﬁcien-

1950 4475 2033 4523 ter
2054 4466 2307 4521 ostendit.
2332 4466 2418 4522 Sic
2440 4466 2581 4521 enim
2606 4467 2657 4521 in
2682 4465 2977 4537 majoribus
3001 4472 3204 4523 minora
3227 4470 3533 4539 complecti-

1954 4575 2103 4626 mur,
2150 4576 2271 4616 cum
2321 4559 2549 4615 dicimus
2598 4559 2869 4615 civitatem
2919 4559 3269 4628 aediﬁcatam,
3316 4560 3533 4616 domum

253 4659 446 4713 macize
478 4673 598 4713 suae
630 4658 911 4728 iniquitate
961 4667 1348 4728 contemptum,
1406 4657 1529 4728 quia
1583 4671 1691 4711 non
1722 4656 1849 4713 dicit
1873 4672 1927 4733 ι)
1953 4660 2343 4718 constructam;
2388 4650 2460 4706 ibi
2501 4652 2646 4707 enim
2691 4649 2907 4720 reliquae
2957 4658 3139 4721 partes
3182 4655 3533 4720 comprehen-

251 4746 525 4818 Hebraeis,
558 4751 890 4817 Annuntiate,
923 4752 1016 4806 sed
1058 4750 1323 4821 gentibus.
1357 4750 1422 4805 Et
1458 4766 1523 4805 ne
1561 4749 1662 4804 hoc
1692 4747 1849 4803 aliter

250 4834 428 4911 possis
460 4841 768 4912 advertere,
792 4842 994 4899 addidit
1015 4858 1246 4914 quoque,
1272 4846 1325 4898 in
1354 4842 1587 4897 omnibus
1612 4839 1815 4913 pupulis
1831 4854 1851 4907 ;

213 4946 360 5006 ‘quo
405 4938 560 4995 dicto
606 4938 880 4995 universas
922 4946 1108 5009 gentes
1156 4938 1398 4994 absoluta
1447 4940 1657 4993 ratione
1703 4952 1851 4992 com-

251 5028 448 5097 plexus
480 5039 585 5087 est.
618 5031 892 5102 Sequitur,
924 5032 1180 5086 mirabilia
1222 5035 1353 5105 ejus,
1385 5031 1440 5086 id
1482 5039 1563 5087 est
1600 5031 1848 5085 incarna-

252 5123 423 5179 tionis
453 5124 574 5195 ejus
615 5140 907 5192 arcanum;
937 5125 1029 5194 qui
1055 5124 1180 5180 dum
1232 5125 1304 5181 sit
1333 5125 1650 5190 altissimus,
1683 5122 1852 5178 fartus

251 5223 339 5268 est
383 5231 493 5287 pro
539 5216 694 5272 nobis
744 5217 1035 5273 liberandis
1088 5216 1437 5271 humillimus.
1488 5215 1851 5286 lntelligamus

249 5318 442 5365 autem
476 5319 733 5380 quantum
764 5309 1052 5383 profecerit
1079 5309 1363 5365 aediﬁcatio
1407 5318 1606 5365 sanctae
1636 5309 1843 5375 domus,

250 5413 377 5469 qua:
403 5407 578 5457 totum
609 5403 794 5458 orbem
825 5401 1062 5457 noscitur
1090 5400 1366 5468 complexa
1399 5407 1681 5453 terrarum.

329 5488 497 5546 Vere.
526 5494 582 5549 4.
617 5493 874 5562 Quoniam
902 5509 1115 5564 magnus
1149 5491 1432 5558 Dominus,
1472 5500 1520 5545 et
1572 5490 1849 5544 laudabilis

250 5580 451 5648 nimis;
497 5586 730 5643 terribilis
756 5597 828 5641 est
854 5603 1008 5657 super
1030 5602 1199 5641 omnes
1230 5585 1367 5640 deos.
1402 5585 1498 5639 llic
1527 5585 1655 5639 dicit
1684 5599 1851 5655 quare

248 5675 529 5732 miracula
554 5678 670 5752 ejus
698 5680 929 5738 debeant
957 5690 1011 5738 et
1034 5681 1206 5752 gloria
1244 5679 1521 5750 praedicari
1547 5718 1562 5745 ,
1596 5679 1848 5747 Quoniam

248 5783 484 5843 magnus
497 5780 571 5828 est
590 5773 949 5845 Dominus.Qu
960 5794 993 5829 l?
1014 5775 1181 5847 ﬁgura
1197 5774 1388 5831 dicitur
1401 5773 1663 5844 aetiologia
1673 5816 1687 5842 ,
1706 5772 1753 5827 id
1768 5782 1845 5829 est

246 5872 446 5916 causa
469 5866 715 5941 redditio.
736 5867 957 5940 Magnus
981 5867 1045 5923 ad
1067 5868 1228 5940 323
1249 5876 1563 5937 potestatem
1590 5867 1841 5939 pertinet,

250 5949 385 6018 quia
420 5967 586 6024 super
628 5970 814 6016 cuncta
846 5961 1114 6031 potentior
1143 5969 1244 6017 est.
1289 5958 1587 6016 Laudabilis
1628 5959 1694 6015 ad
1732 5959 1846 6029 pie-

1956 4744 2171 4813 duntur,
2207 4744 2294 4798 ubi
2333 4744 2581 4814 generale
2607 4742 2803 4797 dicitur
2848 4758 3065 4797 nomen.
3098 4743 3168 4798 Et
3192 4745 3400 4815 respice
3428 4759 3535 4815 quo

1956 4838 2162 4903 tendat,
2194 4838 2343 4892 caelos
2383 4837 2524 4908 fecit.
2559 4835 2636 4890 Dii
2669 4834 2799 4891 falsa
2836 4833 3112 4891 hominum
3155 4836 3535 4906 imaginatione

1954 4931 2156 5000 reperti
2196 4936 2321 4985 sunt
2354 4947 2366 4982 :
2399 4930 2540 4985 Deus
2585 4937 2766 4985 autem
2804 4929 2953 4983 caelos
2997 4928 3144 4998 fecit,
3189 4930 3278 4986 ubi
3324 4930 3404 4986 illi
3434 4947 3535 4988 nec

1956 5021 2243 5089 accedere,
2289 5037 2386 5077 nec
2441 5021 2701 5078 habitare
2731 5028 3127 5093 promerentur.
3179 5023 3305 5079 Sive
3350 5026 3531 5094 caelos,

1959 5115 2233 5186 apostolus
2259 5125 2309 5170 et
2339 5124 2555 5170 sanctos
2596 5115 2738 5169 viros
2766 5113 3055 5185 signiﬁcat,
3086 5114 3176 5187 qui
3201 5115 3536 5173 daemonibus

1958 5207 2223 5279 imperare
2264 5208 2475 5264 Domini
2522 5223 2744 5264 munere
2784 5217 3132 5264 consuerunt.
3182 5209 3269 5268 Sic
3315 5211 3536 5267 demon-

1955 5304 2235 5361 strativum
2277 5302 2493 5359 dicendi
2543 5317 2712 5374 genus
2755 5302 2855 5357 sub
2905 5302 3169 5361 brevitate
3210 5307 3535 5377 completum

1954 5410 2054 5457 est.
2076 5399 2563 5471 Vituperavitenim
2588 5399 2832 5469 superius
2854 5398 2983 5455 deus
3000 5400 3256 5470 gentium.
3277 5410 3330 5456 et
3350 5400 3538 5457 laudes

1955 5488 2167 5549 Domini
2215 5492 2605 5560 subsequenter
2652 5491 2894 5563 adjunxit
2946 5513 2959 5548 :
3007 5492 3128 5562 quia
3177 5492 3382 5563 gratior
3426 5492 3536 5549 diei

1944 5586 2210 5662 .splendor
2235 5595 2335 5651 est,
2360 5600 2479 5639 cum
2511 5600 2617 5639 nox
2646 5584 2872 5640 obscura
2899 5584 3250 5655 prrecesserit.

2028 5676 2182 5733 Vers.
2225 5676 2275 5732 6.
2322 5677 2583 5749 Confessio
2633 5686 2678 5731 et
2733 5677 2921 5748 species
2966 5676 3019 5730 in
3065 5683 3337 5743 conspectu
3384 5675 3534 5747 ejus;

1954 5772 2199 5827 sanctitas
2231 5782 2278 5827 et
2311 5771 2691 5843 magniﬁcentia
2736 5770 2787 5824 in
2827 5769 3227 5832 sanctiﬁcatione
3256 5769 3389 5841 ejus.
3432 5767 3526 5825 Ge-

1956 5862 2289 5921 neralitatem
2320 5878 2478 5933 quam
2511 5864 2741 5919 instituit
2788 5862 3077 5917 admonere
3118 5860 3399 5916 utilitatem
3438 5872 3534 5915 ca-

1957 5956 2168 6016 tholica:
2196 5958 2468 6031 religionis
2508 5957 2760 6016 ostendit.
2819 5954 2955 6011 Dicit
3001 5942 3149 6011 enim
3188 5952 3538 6024 quemadmo-
