4092 6344
562 411 666 472 679

1792 415 1869 475 Μ.
1915 407 2197 474 Αυιιειιι
2228 412 2639 478 CASSIODORI

3746 422 3857 484 680

561 531 691 586 dum
718 534 774 587 et
795 528 1026 602 speciosi
1049 538 1104 588 et
1125 529 1394 601 magniﬁci
1415 529 1732 599 reddantur,
1758 532 1851 606 qui
1872 534 1940 591 ad
1972 534 2150 591 indul-
2174 536 2231 601 Δ
2255 538 2423 607 mina,
2465 540 2610 597 unde
2651 553 2759 598 non
2803 539 3023 613 sanguis
3049 546 3272 611 currat,
3319 539 3417 601 sed
3460 541 3570 615 piat
3598 541 3857 618 lacryma:

559 625 796 695 gentiam
829 632 1173 696 peccatorum
1200 629 1486 696 pervenire
1512 631 1831 686 meruerint.
1856 628 2150 703 Confessio-

561 733 676 772 nem
705 715 969 787 siquidem
998 716 1137 774 bene
1166 719 1408 790 sequitur
1429 720 1793 791 pulchritudo,
1840 723 1962 793 quia
1991 739 2151 781 nemo

561 818 740 880 potest
770 823 891 865 esse
923 810 1235 880 speciosus,
1286 811 1391 868 nisi
1430 812 1521 883 qui
1556 812 1766 868 Domini
1796 813 1956 870 fuerit
1988 814 2151 870 mise-

561 906 768 962 ratione
785 906 1096 963 mundatus.
1121 907 1323 965 Foedus
1340 924 1440 966 nos
1463 918 1682 979 peccata
1705 918 1887 967 nostra
1916 908 2145 979 faciunt;

560 996 654 1052 sed
696 998 1027 1067 poenitentire
1070 999 1305 1055 reddunt
1351 1000 1563 1056 lavacra
1610 1002 1858 1058 decoros.
1912 1002 1979 1059 Et
2027 1003 2148 1061 ideo

561 1089 969 1146 mundissimam
1000 1093 1223 1163 speciem
1253 1102 1377 1149 ante
1405 1094 1616 1149 Domini
1658 1094 1787 1169 dicit
1835 1104 1982 1152 stare
2021 1112 2150 1153 con-

557 1190 824 1251 spcctum,
857 1197 976 1251 quae
1005 1182 1167 1239 fuerit
1208 1182 1354 1238 ﬁdeli
1394 1184 1736 1241 confessione
1776 1196 2018 1255 purgata.
2053 1188 2151 1244 Sc-

556 1276 766 1345 quitur,
814 1278 1058 1331 sanctitas
1107 1286 1155 1332 et
1204 1278 1589 1348 magniﬁcentia
1637 1278 1691 1333 in
1741 1280 2151 1351 sanctiﬁcatione

554 1374 688 1439 ejus.
742 1367 954 1423 Excolit
999 1368 1143 1438 quod
1190 1369 1439 1439 superius
1482 1369 1636 1425 dixit.
1697 1370 1818 1440 ipsa
1866 1380 1950 1426 est
2004 1372 2149 1427 enim

552 1460 746 1529 species
796 1475 914 1531 quae
961 1459 1211 1517 ﬁdelibus
1239 1460 1418 1528 datur,
1450 1462 1701 1516 sanctitas
1728 1471 1779 1517 et
1814 1464 2145 1536 magniﬁceno

554 1550 648 1618 tia,
680 1549 732 1604 id
764 1558 847 1604 est
877 1550 1051 1606 honor
1073 1560 1129 1606 et
1158 1550 1434 1607 beatitudo
1457 1560 1737 1622 perpetua.
1763 1550 1831 1607 In
1850 1554 2144 1622 sanctiﬁca-

552 1647 687 1700 tione
714 1660 842 1701 vero
866 1646 1006 1716 ejus,
1038 1646 1303 1717 signiﬁcat
1327 1646 1475 1701 illam
1501 1660 1689 1702 vocem
1721 1662 1879 1718 quam
1909 1645 2143 1704 audituri

551 1746 674 1793 sunt
698 1737 856 1793 electi
882 1756 893 1791 :
936 1737 1134 1805 Venite,
1161 1738 1408 1793 benedicti
1438 1736 1611 1794 Patris
1634 1739 1753 1807 mei,
1779 1740 2026 1811 percipite
2060 1756 2142 1795 re-

550 1847 706 1901 gnum
735 1830 873 1901 quod
895 1831 1033 1886 vobis
1060 1840 1296 1902 paratum
1323 1840 1394 1887 est
1417 1832 1478 1886 ab
1501 1833 1694 1905 origine
1723 1833 1902 1886 mundi
1923 1830 2136 1905 (Matth.

548 1939 675 1990 xxv,
707 1922 825 1993 δι).
860 1922 1000 1979 Ecce
1024 1923 1217 1992 species
1244 1938 1362 1994 qum
1390 1938 1491 1979 nec
1520 1922 1638 1979 sole
1678 1922 1935 1978 reddatur
1963 1922 2133 1991 fusca,

545 2034 647 2075 nec
673 2026 939 2074 vetustate
968 2016 1208 2074 deterior
1234 2035 1246 2071 :
1282 2032 1497 2087 semper
1527 2016 1715 2087 fulget,
1756 2031 1971 2088 semper
1994 2032 2136 2073 nova

544 2118 660 2177 est;
687 2124 784 2167 nec
811 2109 1013 2180 aliquid
1041 2108 1270 2165 sustinet
1289 2107 1595 2174 adversum,
1653 2124 1773 2178 quas
1816 2122 1926 2164 non
1976 2108 2137 2165 habet

544 2201 598 2257 in
626 2203 957 2272 perennitate
983 2201 1273 2258 defectum.
1301 2199 1435 2255 Nam
1465 2200 1606 2270 quod
1637 2199 1775 2256 dixit
1803 2210 1851 2255 et
1894 2201 2136 2272 magniﬁ-

543 2295 733 2358 centia,
785 2294 916 2351 illud
969 2292 1253 2364 signiﬁcat,
1313 2291 1437 2362 quia
1482 2306 1701 2361 semper
1750 2294 1930 2363 magni
1981 2299 2129 2361 sunt,

542 2403 756 2460 semper
786 2387 1008 2456 excelsi,
1040 2387 1132 2459 qui
1154 2386 1410 2443 honorari
1433 2385 1554 2457 ejus
1582 2384 2005 2442 sanctiﬁcatione
2031 2400 2140 2442 rne-

547 2488 787 2536 ruerunt.

616 2569 768 2625 Vers.
794 2571 845 2624 'l.
874 2568 1066 2637 Alferte
1097 2570 1340 2639 Domino,
1370 2570 1813 2643 patriatgentium,
1837 2567 2017 2637 afferte
2030 2568 2139 2624 Do-

542 2663 676 2718 mino
703 2664 922 2733 gloriam
946 2674 992 2719 et
1006 2664 1271 2719 honorem.
1300 2664 1591 2736 Postquam
1620 2662 1887 2735 magnalia
1917 2662 2134 2719 Domini

541 2756 893 2813 etbeatorum
923 2756 1062 2811 dona
1088 2755 1423 2825 praedicavit,
1456 2755 1511 2810 iu
1542 2754 1780 2811 secunda
1811 2764 1964 2824 parte
2019 2762 2133 2809 stu-

538 2844 744 2903 diosius
774 2855 1082 2903 commonet
1110 2856 1296 2918 gentes
1326 2855 1407 2913 ut,
1433 2846 1581 2902 omni
1601 2846 1947 2902 cunctatione
1974 2846 2133 2918 depo-

539 2941 659 3009 sita,
687 2940 920 3010 A/ferant
949 2940 1175 2996 Domino
1206 2940 1426 3012 gloriam
1455 2949 1502 2996 et
1526 2940 1795 2996 honorem.
1827 2938 1962 2995 Nam
2006 2953 2128 2995 cura

538 3031 689 3099 dicit,
715 3036 895 3104 patria:
915 3033 1165 3104 gentium,
1198 3032 1321 3103 plus
1347 3030 1617 3103 signiﬁcat
1669 3045 1830 3103 quam
1882 3029 1930 3086 si
1982 3030 2129 3087 solas

537 3121 741 3179 diceret
767 3130 973 3193 gentes.
1010 3122 1145 3178 Gens
1171 3123 1319 3178 enim
1351 3122 1559 3193 aliquos
1588 3130 1767 3193 potest
1793 3120 1995 3177 habere
2036 3135 2131 3191 pe-

2260 630 2516 689 deﬁuant.
2565 632 2689 689 ista;
2733 644 2861 690 sunt
2907 633 3085 689 [restire
3119 647 3255 705 quas
3298 634 3355 691 in
3403 633 3857 708 quinquagesimo

2259 724 2469 794 psalmo
2490 724 2625 780 dixit
2654 742 2668 780 :
2702 725 2803 781 Cor
2829 727 3109 788 contritum
3145 734 3191 781 et
3215 726 3543 782 humiliatum
3568 726 3709 783 Deus
3749 746 3854 785 non

2259 815 2449 886 spernit
2480 815 2655 884 (Psal.
2696 833 2747 884 ι,
2784 815 2897 888 19).
2932 816 3039 873 Sed
3071 818 3353 874 considera
3396 818 3523 890 quia
3559 818 3709 890 prius
3752 834 3850 889 po-

2259 905 2385 972 suit,
2416 905 2597 973 tollite,
2629 916 2683 962 et
2712 905 2794 962 sic
2818 906 3025 961 introite
3045 922 3065 961 .'
3088 908 3212 977 quia
3240 907 3334 978 qui
3366 908 3503 965 tales
3522 908 3719 964 hostias
3742 925 3851 966 non

2259 1005 2495 1065 portant,
2521 998 2573 1050 in
2601 998 2738 1051 atria
2770 996 2981 1054 Domini
3013 1015 3119 1053 non
3147 998 3458 1070 judicantur
3483 1002 3703 1057 intrare.
3732 1001 3849 1056 Non

2250 1098 2332 1144 est
2360 1102 2540 1144 autem
2567 1090 2740 1147 otiose
2766 1089 3194 1161 suscipiendum,
3232 1089 3377 1162 quod
3401 1091 3594 1162 plurali
3623 1107 3851 1148 numero

2253 1183 2431 1253 posuit
2474 1184 2629 1238 atria.
2673 1184 2821 1239 Atria
2867 1184 3015 1241 enim
3064 1184 3281 1241 Domini
3321 1193 3450 1241 sunt
3495 1186 3724 1257 apostoli
3765 1186 3849 1243 vel

2252 1274 2556 1347 prophetae,
2606 1290 2702 1347 per
2730 1291 2865 1349 quos
2914 1276 3089 1335 ﬁdelis
3138 1276 3367 1350 populus
3407 1278 3575 1335 intrat
3624 1276 3692 1333 ad
3742 1276 3850 1335 Do-

2253 1384 2482 1426 mtuum.

2321 1483 2483 1555 323
2521 1482 2675 1540 Vera.
2710 1484 2765 1540 9.
2824 1485 3050 1543 Adorate
3074 1486 3353 1543 Dominum
3391 1487 3448 1541 in
3488 1490 3621 1542 atrio
3662 1497 3848 1544 sancto

2249 1573 2393 1642 ejus;
2432 1584 2805 1630 commoveatur
2830 1593 2862 1630 a
2907 1578 3040 1648 facie
3069 1583 3181 1650 ejus
3222 1580 3456 1635 universa
3483 1587 3644 1634 terra.
3686 1577 3844 1635 Tunc

2248 1681 2439 1724 revera
2457 1667 2711 1724 Dominus
2731 1672 2999 1739 adoratur,
3018 1671 3229 1743 quando
3247 1671 3447 1730 fuerint
3463 1673 3655 1730 hostia:
3674 1682 3844 1743 porta-

2246 1769 2335 1831 tae,
2358 1777 2491 1834 quas
2510 1765 2755 1835 superius
2778 1765 3072 1831 intimavit;
3102 1775 3159 1824 ut
3177 1768 3498 1840 supplicatio
3532 1767 3841 1826 conﬁtentis

2169 1891 2217 1952 Β
2247 1863 2518 1911 mereatur
2567 1857 2633 1912 ad
2659 1872 2820 1914 aures
2868 1860 3149 1930 pervenire
3186 1860 3479 1918 Creatoris.
3528 1861 3641 1918 Nec
3688 1868 3845 1918 vacat

2244 1946 2387 2015 quod
2416 1947 2471 2002 in
2500 1950 2771 2005 anteriore
2794 1965 2953 2007 versu
2974 1952 3108 2006 atria
3133 1952 3345 2022 posuit;
3388 1952 3478 2010 hic
3506 1967 3636 2009 vero
3656 1955 3842 2024 singu-

2247 2036 2432 2094 lariter
2455 2041 2645 2094 atrium
2667 2041 2831 2108 dicit,
2860 2043 2980 2113 quia
3007 2059 3074 2098 ex
3099 2043 3208 2099 illis
3229 2044 3395 2109 atriis,
3419 2043 3473 2099 id
3493 2052 3595 2109 est,
3619 2042 3842 2114 patriar-

2244 2129 2385 2198 cbis,
2413 2133 2672 2203 apostolis
2697 2142 2751 2191 et
2779 2134 3051 2206 prophetis
3080 2137 3131 2191 in
3155 2136 3299 2193 istud
3330 2137 3520 2191 atrium
3555 2134 3838 2192 catholicas

2244 2220 2508 2279 duntaxat
2527 2225 2781 2281 Ecclesia:
2806 2227 3136 2299 pervenitur,
3162 2228 3249 2284 ubi
3275 2228 3392 2299 ejus
3414 2229 3647 2299 potentia
3670 2228 3840 2299 maje-

2243 2315 2399 2369 statis
2442 2315 2721 2372 adoratur.
2754 2317 3033 2389 Sequitur,
3068 2330 3446 2375 commoveatur
3472 2336 3505 2375 a
3547 2321 3682 2392 facie
3727 2324 3840 2393 ejus

2244 2406 2482 2462 universa
2511 2417 2669 2462 terra.
2698 2411 2962 2478 Quoniam
2992 2411 3203 2468 dixerat
3233 2412 3480 2469 ﬁdelibus
3504 2412 3646 2469 bona
3672 2428 3837 2485 opera

2243 2501 2427 2568 tollite,
2473 2512 2521 2558 et
2547 2504 2787 2574 introite,
2818 2520 2962 2562 nunc
2990 2506 3118 2563 dicit
3147 2524 3179 2562 a
3205 2506 3338 2577 [acie
3366 2506 3535 2578 ipsius
3568 2515 3838 2564 amatores

2239 2594 2421 2650 saeculi
2467 2595 2886 2653 submovendos.
2928 2599 3045 2654 Non
3092 2598 3235 2655 enim
3262 2598 3417 2665 dixit,
3463 2608 3838 2655 commoveatur

2238 2696 2365 2744 ante
2406 2688 2594 2744 faciem
2642 2687 2759 2759 ejus
2806 2691 3042 2745 universa
3090 2699 3250 2759 terra,
3298 2692 3395 2748 scd
3437 2707 3472 2746 a
3513 2692 3644 2762 facie
3686 2691 3835 2760 eius;

2241 2782 2387 2854 quod
2429 2781 2696 2853 hodieque
2744 2783 2852 2839 illis
2876 2783 3122 2852 dicimus,
3160 2799 3295 2856 quos
3323 2800 3351 2839 a
3394 2793 3690 2856 conspectu
3730 2798 3835 2843 no-

2239 2882 2354 2929 stro
2392 2873 2668 2931 reddimus
2722 2875 2947 2933 alienos.
2987 2876 3087 2945 Qui
3134 2875 3273 2933 bene
3323 2884 3460 2933 terra
3509 2876 3638 2933 dicti
3683 2884 3833 2946 sunt,

2238 2967 2359 3039 quia
2389 2976 2599 3026 terrena
2628 2969 2757 3026 vitia
2796 2986 2903 3027 non
2941 2970 3269 3043 relinquunt.
3315 2970 3567 3039 Quamvis
3596 2970 3704 3028 hoc
3732 2970 3833 3029 alii

2238 3063 2292 3118 in
2334 3062 2529 3119 bonam
2578 3072 2782 3135 partem
2822 3065 2993 3137 accipi
3039 3065 3238 3123 debere
3276 3066 3554 3133 dixerunt,
3598 3075 3658 3121 ut
3703 3074 3835 3123 tmte

2240 3165 2377 3212 terra
2423 3168 2818 3228 commoveatur,
2849 3160 3063 3231 quando
3092 3170 3340 3231 peccator
3367 3160 3434 3216 ad
3465 3159 3832 3232 paenitentiam

536 3212 778 3324 ita”?wa
797 3255 813 3282 ’
871 3223 929 3324 ἐι
949 3214 1105 3324 ,εἶιιηῖ
1142 3214 1292 3324 ΜΨ
1322 3211 1961 3324 ΨΜΨῘΤᾸ¹Ῡ¹ξ
2161 3221 2209 3287 C
2238 3249 2415 3318 fuerit,
2438 3251 2551 3307 Deo
2571 3211 2883 3322 miserante:
2900 3211 3210 3323 perductus.
3228 3252 3316 3310 Sic
3330 3211 3620 3324 Scriptura:
3635 3251 3833 3309 divina

537 3308 840 3381 plectimur,
871 3309 967 3365 sed
998 3317 1203 3364 tantum
1236 3317 1449 3379 gentem
1482 3305 1639 3362 unius
1689 3304 1963 3376 sanguinis
1992 3304 2129 3360 indi-

537 3414 740 3456 camus.
768 3400 864 3455 llic
887 3414 1014 3456 vero
1044 3399 1248 3455 dictum
1274 3408 1377 3464 est,
1413 3398 1599 3469 ραιτὶιε
1624 3397 1873 3468 gentium,
1905 3403 1965 3452 ut
2007 3394 2131 3451 nul-

534 3493 620 3551 lus
661 3492 929 3563 indigena,
964 3491 1140 3547 nullus
1187 3489 1404 3561 boSpes,
1461 3489 1635 3544 nullus
1668 3489 1984 3560 peregrinus
2015 3488 2129 3544 red-

533 3582 751 3639 deretur
775 3590 1051 3653 exceptus.
1092 3579 1278 3634 Patria
1307 3581 1454 3636 enim
1485 3581 1626 3635 dicta
1656 3591 1739 3636 est
1779 3579 1932 3651 quasi
1963 3579 2128 3650 patris

534 3676 690 3731 atria.
738 3675 1015 3748 Sequitur,
1050 3673 1243 3743 Aﬂ'erte
1277 3671 1503 3727 Domino
1530 3673 1751 3744 gloriam
1776 3680 1822 3727 et
1863 3673 2125 3727 honorem.

535 3768 801 3825 Admonet
836 3767 997 3825 etiam
1027 3775 1088 3822 ut
1133 3767 1223 3822 illa
1275 3765 1600 3837 generalitas
1639 3764 1862 3820 Domino
1906 3766 2127 3837 gloriam

533 3860 714 3930 a/ferat
735 3868 780 3915 et
812 3861 1077 3916 honorem.
1113 3858 1294 3915 Gloria
1320 3867 1403 3915 est
1436 3858 1675 3924 Domini,
1707 3874 1829 3914 cum
1857 3872 1917 3914 se
1934 3856 2126 3928 aliquis

534 3952 788 4010 laudabili
811 3952 1224 4009 conversatione
1254 3950 1587 4007 tractaverit.
1614 3950 1962 4007 Glorilicatur
1982 3949 2127 4005 enim

533 4048 789 4104 Dominus
821 4046 875 4102 in
904 4046 1129 4113 talibus,
1161 4043 1378 4116 quando
1409 4042 1478 4101 de
1522 4042 1761 4099 ﬁdelium
1793 4041 1957 4099 fuerit
1995 4056 2126 4097 con-

534 4140 833 4197 versatione
876 4139 1165 4207 laudatus,
1212 4138 1351 4194 sicut
1402 4138 1456 4192 in
1501 4135 1794 4208 Evangelio
1846 4132 2127 4206 discipulis

532 4232 643 4290 suis
671 4232 797 4287 dicit
830 4248 843 4286 :
878 4230 969 4287 Sic
999 4230 1165 4285 luceat
1202 4230 1292 4284 tua:
1320 4238 1485 4284 vestra
1510 4243 1686 4281 coram
1725 4225 2039 4293 hominibus,
2071 4232 2127 4279 ut

534 4324 735 4377 videant
765 4330 929 4377 vestra
949 4322 1081 4376 bona
1097 4337 1271 4390 opera,
1292 4328 1337 4374 et
1368 4318 1652 4391 glorificent
1678 4315 1885 4371 Patrem
1904 4326 2124 4371 vestrum

533 4415 619 4487 qui
647 4423 720 4471 est
747 4414 801 4469 in
826 4414 963 4470 cazlis
988 4412 1205 4483 (Matth.
1238 4428 1293 4480 v,
1326 4412 1441 4482 lli).
1498 4410 1684 4465 Honor
1704 4419 1787 4467 est
1812 4419 1989 4467 autem
2022 4410 2127 4467 D0-

532 4512 689 4578 mini,
717 4509 933 4582 quando
954 4508 1005 4564 in
1033 4506 1195 4563 donis
1218 4507 1327 4563 suis
1351 4508 1401 4561 ei
1430 4505 1628 4576 gratias
1654 4503 1975 4571 referimus;
2002 4511 2057 4560 et
2079 4504 2124 4561 si

2241 3343 2801 3415 incomprehensibilis
2857 3346 3224 3417 profunditas,
3272 3355 3325 3404 et
3376 3346 3610 3403 diversis
3660 3345 3833 3405 modis

2240 3435 2575 3507 intelligitur,
2601 3446 2655 3494 et
2678 3452 2784 3493 una
2807 3447 3055 3495 constare
3080 3440 3308 3495 veritate
3334 3447 3686 3495 monsuatur.

2312 3547 2466 3604 Vers.
2500 3548 2589 3605 10.
2630 3547 2798 3605 Dicite
2832 3551 2887 3606 in
2916 3550 3240 3606 nationibus:
3269 3549 3521 3605 Dominus
3542 3549 3771 3621 regnavit
3795 3564 3828 3603 a

2237 3642 2378 3713 ligno
2389 3658 2411 3709 ;
2437 3642 2621 3698 etenim
2660 3644 2881 3700 correxit
2902 3644 3073 3700 orbem
3096 3653 3245 3701 terra:
3263 3644 3352 3715 qui
3371 3659 3474 3699 non
3494 3640 3829 3698 commovebi-

2230 3747 2348 3803 tur;
2365 3739 2627 3811 judicabit
2649 3739 2870 3810 populos
2895 3740 2949 3793 in
2979 3739 3238 3810 (equitate,
3267 3746 3317 3794 et
3339 3746 3510 3810 gentes
3538 3737 3593 3793 in
3614 3737 3695 3792 ira
3713 3752 3824 3793 sua.

2232 3829 2355 3886 Illos
2375 3830 2628 3887 admonet
2644 3832 2938 3887 reverenda
2963 3831 3217 3901 mysteria
3240 3828 3490 3901 gentibus
3510 3827 3828 3899 pradicare,

2234 3938 2368 3995 quos
2393 3924 2448 3980 in
2479 3924 2617 3980 atrio
2652 3935 2840 3981 sancto
2884 3925 3167 3981 Dominum
3197 3923 3425 3980 adorare
3449 3922 3736 3993 traicepit;
3770 3930 3831 3977 ut

2230 4016 2285 4072 in
2307 4018 2594 4074 nationibus
2632 4034 2664 4071 a
2694 4018 2836 4092 ligno
2865 4019 3040 4075 crucis
3083 4016 3364 4074 Dominum
3392 4016 3620 4074 debeant
3657 4014 3833 4071 dicere

2230 4121 2585 4184 regnaturum,
2612 4126 2719 4167 nou
2745 4111 2813 4168 ab
2835 4112 2927 4169 illo
2952 4112 3097 4184 ligno
3127 4111 3384 4183 paradisi,
3412 4111 3557 4167 unde
3579 4108 3829 4166 diabolus

2236 4218 2403 4274 genus
2432 4204 2722 4260 humanum
2765 4204 3046 4261 videbatur
3077 4214 3260 4262 tenere
3281 4206 3590 4277 captivum;
3634 4202 3735 4259 sed
3763 4203 3829 4260 ab

2235 4299 2339 4355 isto
2363 4299 2569 4356 scilicet
2598 4300 2739 4371 ligno
2779 4299 2922 4356 unde
2956 4300 3177 4356 libertas
3200 4306 3362 4370 caput
3397 4296 3614 4367 extulit,
3645 4304 3702 4355 et
3721 4297 3831 4355 vita

2236 4393 2493 4449 surrexit.
2521 4392 2577 4448 In
2608 4392 2699 4449 illo
2727 4393 2992 4465 siquidem
3022 4394 3160 4466 ligno
3204 4407 3350 4450 mors
3380 4391 3832 4464 transgressionis

2236 4484 2512 4556 pependit,
2565 4486 2618 4541 in
2667 4487 2767 4543 isto
2814 4488 2951 4543 ﬁdes
2994 4486 3347 4544 confessionis
3395 4484 3645 4543 emicuit:
3700 4484 3832 4542 illud

532 4602 660 4677 quid
677 4576 815 4659 boni
844 4600 1204 4670 suscepimus,
1236 4599 1303 4653 ab
1334 4598 1450 4668 ipso
1476 4597 1793 4669 proﬁtemur
1812 4611 1933 4654 esse
1954 4597 2124 4654 colla-

2237 4577 2491 4649 perduxit
2520 4578 2586 4633 ad
2618 4576 2841 4649 inferos,
2872 4580 3015 4635 istud
3044 4579 3207 4636 mittit
3231 4580 3297 4635 ad
3340 4579 3530 4636 caelos.
3575 4576 3832 4650 Regnavit

533 4706 677 4766 tum,
706 4696 845 4751 sicut
874 4693 929 4748 in
969 4691 1259 4763 Evangelio
1289 4690 1483 4761 legitur
1512 4708 1523 4743 :
1554 4688 1745 4743 Nonne
1772 4687 1945 4744 decem
1966 4707 2120 4745 mun-

531 4788 640 4843 dati
667 4786 821 4843 sunt?
848 4794 894 4841 et
931 4801 1030 4839 non
1052 4800 1124 4839 est
1149 4784 1382 4838 inventus
1411 4783 1495 4853 qui
1521 4782 1666 4836 daret
1700 4780 1942 4836 honorem
1991 4780 2121 4849 Deo,

533 4878 629 4933 nisi
656 4878 738 4932 hic
778 4875 1137 4934 Samaritanus
1166 4872 1316 4943 (Luc.
1349 4888 1478 4942 xvu,
1516 4873 1602 4941 l7,
1634 4872 1747 4946 18).

602 4969 754 5026 Vcrs.
780 4970 832 5025 8.
857 4968 1046 5036 A/Ierte
1071 4964 1292 5021 Domino
1323 4965 1543 5036 gloriam
1564 4966 1759 5019 nomini
1789 4967 1937 5037 ejus;
1962 4963 2128 5021 tollite

536 5062 744 5129 hostias,
774 5071 820 5117 et
849 5063 1050 5117 introite
1077 5060 1133 5115 in
1156 5059 1291 5113 atria
1312 5061 1443 5131 ejus.
1467 5057 1617 5113 Sicut
1646 5072 1808 5127 supra
1825 5056 1959 5112 dixit
1983 5057 2121 5112 trina

531 5153 849 5226 repetitione
889 5162 1090 5209 cantate
1114 5192 1129 5219 ,
1174 5152 1246 5206 ita
1284 5150 1372 5206 hic
1411 5148 1572 5206 tertio
1623 5148 1771 5218 ponit
1815 5146 2028 5216 Afferte,
2065 5155 2121 5223 ut

532 5257 868 5307 sacramenta
889 5257 1089 5306 sanctre
1122 5246 1405 5303 Trinitatis
1435 5243 1489 5300 in
1520 5244 1774 5315 dogmate
1812 5239 2120 5300 Christiano

531 5342 711 5400 inesse
730 5356 943 5414 semper
966 5356 1306 5413 agnosceres.
1339 5337 1574 5409 A/fcrunt
1598 5339 1777 5407 itaque
1799 5336 2016 5408 gloriam
2039 5353 2123 5392 no-

530 5434 659 5487 mini
709 5434 849 5505 ejus,
898 5431 988 5504 qui
1035 5431 1337 5487 devotionis
1385 5428 1563 5486 studio
1616 5433 2017 5483 commutantur
2062 5426 2120 5483 in

530 5524 745 5591 melius,
788 5533 841 5579 et
870 5522 1379 5579 consubstantialem
1426 5521 1528 5578 sibi
1577 5519 1903 5576 Trinitatem
1950 5527 2118 5589 atque

528 5620 952 5690 omnipotentem
993 5634 1088 5691 per
1118 5618 1296 5673 omnia
1324 5617 1673 5686 conﬁtentur,
1714 5615 1966 5687 personis
1995 5622 2119 5672 tan-

530 5720 665 5781 tum,
699 5727 805 5767 non
836 5720 1042 5767 natura:
1083 5710 1397 5767 diversitate
1435 5700 1749 5766 discretam:
1793 5707 2057 5780 Sequitur
2100 5725 2116 5765 :

529 5802 719 5860 Tollite
746 5805 968 5871 hostias,
1002 5813 1049 5859 et
1087 5804 1292 5858 introite
1331 5803 1384 5857 in
1423 5803 1555 5856 atria
1599 5804 1731 5875 ejus.
1765 5801 1977 5857 Hostias
2008 5816 2117 5858 non

529 5888 773 5957 victimas
800 5898 1064 5972 pecudum
1104 5897 1255 5964 dicit,
1298 5897 1394 5955 sed
1438 5896 1785 5955 conscientia:
1819 5910 1955 5969 pura
1979 5893 2116 5961 liba-

2226 4681 2427 4738 autem,
2451 4670 2809 4742 intelligamus
2831 4673 3081 4742 innotuit,
3106 4672 3321 4745 quando
3343 4670 3544 4729 mundo
3572 4671 3830 4729 Dominus

2228 4765 2474 4822 Salvator
2523 4764 2785 4835 apparuit.
2840 4765 2972 4822 Nam
3014 4768 3227 4839 quando
3275 4766 3368 4823 ille
3412 4779 3519 4822 non
3567 4765 3825 4837 regnavit,

2229 4862 2320 4932 qui
2371 4875 2585 4931 semper
2628 4875 2749 4916 cum
2780 4860 2938 4917 Patre
2981 4872 3035 4919 et
3065 4863 3269 4934 Spiritu
3321 4869 3509 4918 sancto
3557 4869 3830 4931 potestate

2230 4970 2341 5012 sua:
2385 4957 2789 5027 omnipotentiae
2828 4958 3180 5027 perseverat?
3229 4958 3439 5029 Aligno
3485 4954 3578 5011 alii
3608 4955 3826 5027 quidem

2234 5066 2342 5106 non
2389 5050 2589 5108 habent
2636 5053 3017 5119 translatores;
3063 5051 3156 5108 sed
3208 5051 3362 5109 nobis
3419 5049 3625 5107 sufﬁcit
3681 5047 3826 5121 quod

2232 5142 2573 5215 Septuaginta
2634 5142 2994 5216 lnterpretum
3040 5145 3359 5201 auctoritate
3396 5142 3670 5199 ﬁrmatum
3722 5148 3822 5196 est.

2229 5233 2373 5290 Crux
2399 5236 2540 5291 enim
2568 5235 2781 5291 Domini
2823 5252 3046 5309 pravum
3070 5245 3230 5307 atquc
3274 5235 3559 5293 distortum
3598 5232 3824 5287 correxit

2230 5325 2404 5382 orbem
2424 5336 2591 5394 terrae,
2617 5327 2743 5383 dum
2769 5342 2866 5399 per
2882 5328 3121 5399 regulam
3150 5327 3273 5384 ﬁdei
3301 5338 3629 5398 paganorum
3655 5322 3823 5381 corda

2229 5421 2511 5477 convertit.
2560 5420 2779 5476 Terram
2819 5420 2967 5477 enim
2997 5420 3087 5477 hic
3116 5420 3173 5475 in
3213 5420 3358 5476 boue
3385 5418 3647 5475 debemus
3678 5414 3822 5473 acci-

2229 5527 2379 5584 pere,
2410 5512 2629 5584 quodin
2660 5512 2955 5584 Scripturis
2981 5512 3183 5568 divinis
3207 5510 3521 5583 frequenter
3549 5522 3650 5581 pro
3679 5507 3823 5564 loco-

2224 5625 2344 5665 rum
2389 5608 2643 5681 qualitate
2688 5608 2899 5665 invenis
2930 5623 3051 5665 esse
3100 5608 3385 5665 variatum.
3440 5604 3590 5662 Hanc
3640 5612 3810 5661 antea

2224 5711 2411 5758 terram
2442 5701 2569 5757 dicit
2597 5717 2701 5756 non
2729 5716 2837 5755 esse
2882 5701 3101 5771 penitus
3144 5698 3582 5766 commovendam,
3611 5713 3737 5769 qua:
3794 5700 3851 5758 iu

2224 5796 2493 5854 soliditate
2522 5795 2649 5853 ﬁdei
2678 5803 3018 5868 perseverat;
3053 5810 3160 5851 non
3183 5794 3322 5851 sicut
3348 5793 3439 5849 illa
3464 5807 3624 5865 quam
3658 5806 3722 5848 su

2223 5890 2335 5950 rius
2373 5889 2522 5962 dicit,
2553 5888 2940 5950 Commoveatur
2967 5906 3000 5948 a
3029 5888 3163 5966 facie
3187 5889 3300 5965 ejus
3329 5886 3496 5946 omnis
3532 5893 3689 5944 terra.
3717 5880 3739 5937 Ι
3782 5882 3862 5946 lla:
