4092 6344
287 394 383 451 681

1222 391 1588 454 EXPOSITIO
1626 392 1691 451 IN
1730 388 2196 459 PSALTERIUM.
2233 390 2431 452 PSAL.
2474 387 2639 449 XCV.

3447 396 3555 453 682

286 520 642 582 commovetur,
684 520 745 571 ut
786 529 817 571 a
846 530 1005 574 mans
1049 525 1392 573 convertatur
1434 515 1723 586 operibus;
1756 512 1861 567 ista
1890 514 1943 574 Α
1964 523 2111 580 gere,
2138 522 2298 579 quem
2329 507 2506 564 adhuc
2532 504 2805 562 noscimur
2826 502 3120 563 sustinere.
3152 507 3232 565 De
3255 522 3362 580 quo
3388 509 3555 566 etiam

286 622 379 661 non
405 615 765 672 commovetur,
796 623 915 679 qua:
943 625 1085 666 verae
1126 609 1250 665 ﬁdei
1294 609 1565 665 soliditate
1588 606 1857 664 consistit.

284 698 551 770 Sequitur,
577 701 836 772 judicabit
862 707 1081 774 populos
1123 705 1177 758 in
1204 706 1463 774 tequitate.
1514 696 1759 771 Populos'
1777 702 1865 757 hic

283 794 484 847 mavult
514 792 758 850 homines
791 795 978 852 ﬁdeles
1021 796 1266 868 intelligi.
1323 798 1410 867 qui
1424 797 1699 869 judicandi
1746 803 1866 850 sunt

282 886 380 941 sub
425 887 813 957 tranquillitate
839 904 1087 959 supernae
1110 889 1517 955 misericordias,
1549 889 1761 960 quando
1785 890 1865 945 eis

282 979 496 1048 praemia
527 980 793 1049 promissa
820 983 1086 1038 restituet.
1111 982 1245 1038 Nam
1265 983 1408 1053 quod
1435 982 1664 1049 addidit,
1690 992 1866 1054 gentes

280 1071 330 1124 in
350 1071 431 1124 ira
452 1087 567 1136 sua,
601 1072 865 1141 superbos
894 1074 1211 1145 iniquosque
1242 1074 1510 1145 designat,
1547 1074 1640 1145 qui
1665 1077 1869 1145 portio-

281 1177 400 1218 nem
429 1178 553 1218 cum
578 1162 792 1219 diabolo
816 1165 1140 1222 sortiuntur.
1169 1166 1234 1220 Et
1264 1165 1388 1221 vide
1412 1164 1866 1236 quemadmodum

280 1254 487 1312 duobus
513 1256 854 1313 sermonibus
876 1266 1145 1314 tantarum
1169 1273 1349 1314 rerum
1370 1258 1615 1329 designat
1645 1272 1864 1314 arcana.

283 1346 525 1418 Equitas
554 1349 783 1418 pertinet
808 1349 876 1405 ad
906 1349 1093 1406 beatos
1112 1392 1127 1417 ,
1157 1351 1240 1405 ira
1265 1350 1331 1406 ad
1365 1365 1550 1421 pmnas
1578 1358 1866 1421 perpetuas

282 1440 593 1510 impiorum.
642 1441 713 1497 Et
738 1452 864 1499 nota
894 1444 1017 1515 quia
1050 1460 1143 1525 per
1182 1445 1362 1501 omnia
1386 1453 1649 1499 commata
1680 1456 1868 1500 versus

281 1531 434 1604 hujus
450 1533 783 1605 jungendum
825 1544 919 1593 est.
938 1551 967 1590 a
983 1538 1253 1592 communi
1271 1554 1285 1592 :
1306 1537 1469 1593 Dicite
1483 1538 1538 1592 in
1550 1536 1866 1593 nationibus.

351 1625 507 1682 Vers.
542 1627 630 1682 il.
674 1628 936 1682 Ltetentur
957 1629 1067 1683 caeli
1096 1638 1144 1683 et
1164 1627 1381 1683 exsultet
1403 1638 1576 1695 terra;
1606 1637 1870 1683 moveatur

278 1733 416 1774 mare
478 1728 526 1774 et
577 1720 839 1789 plenitudo
884 1721 1014 1790 ejus.
1066 1721 1330 1787 Quoniam
1389 1719 1640 1790 superius
1696 1720 1867 1775 dixit:

277 1807 537 1867 Judicabit
585 1812 802 1881 papulas
840 1812 895 1866 in
942 1813 1196 1882 (equitate,
1245 1821 1291 1866 et
1327 1822 1499 1885 gentes
1543 1814 1596 1867 in
1636 1813 1716 1867 ira
1751 1827 1866 1876 sua,

1967 597 2217 653 Ezechiel
2251 599 2510 669 propheta
2536 607 2762 654 testatur
2786 614 2802 653 :
2832 596 2961 652 Herc
2981 599 3103 654 dicit
3131 600 3380 657 Dominus
3411 603 3557 659 Deus

1967 687 2165 743 ossibus
2187 688 2303 743 istis
2324 704 2345 743 :
2376 687 2507 743 Ecce
2536 705 2628 761 ego
2650 690 2842 744 induco
2870 691 2925 744 in
2951 707 3040 746 vos
3061 693 3319 763 spiritum,
3349 705 3396 750 et
3420 696 3559 751 vive-

1969 780 2052 833 tis.
2086 778 2152 833 Et
2171 780 2302 833 dabo
2327 781 2380 834 in
2402 795 2488 834 vos
2508 796 2707 848 nervos,
2741 791 2787 836 et
2809 782 3050 837 inducam
3068 800 3223 853 super
3251 799 3341 840 vos
3361 785 3559 842 viscera

1967 871 2161 941 carnis,
2184 880 2234 926 et
2253 873 2526 926 extendam
2553 888 2706 943 super
2725 889 2813 928 vos
2844 886 3046 942 cutem;
3074 883 3125 931 et
3147 875 3281 932 dabo
3317 879 3557 949 spiritum

1968 980 2138 1018 meum
2167 966 2221 1019 in
2245 981 2351 1031 vos,
2383 976 2432 1020 et
2458 966 2652 1032 vinetis,
2680 976 2730 1021 et
2755 968 2922 1023 scietis
2948 969 3069 1036 quia
3095 982 3189 1041 ego
3225 985 3342 1025 sunt
3369 970 3559 1026 Domi-

1969 1071 2066 1109 nus
2093 1054 2307 1127 (Esech.
2340 1073 2541 1124 xxxvn,
2590 1058 2646 1127 5,
2679 1057 2752 1128 6).
2785 1058 2973 1115 Daniel
3015 1075 3227 1133 quoque
3270 1062 3442 1119 dicit:
3486 1062 3561 1120 Et

1968 1148 2121 1202 multi
2164 1140 2525 1204 dormienlium
2551 1150 2605 1204 in
2633 1160 2769 1205 terra
2805 1168 2897 1221 per
2935 1152 3150 1222 fissuras
3167 1163 3464 1228 exsurgant,
3505 1157 3562 1211 lsi

1967 1238 2023 1294 in
2045 1240 2200 1294 vitam
2213 1251 2478 1311 aeternam,
2501 1252 2549 1297 et
2577 1242 2632 1297 lti
2659 1244 2714 1297 in
2757 1245 3086 1317 opprobrium
3133 1257 3182 1303 et
3206 1250 3562 1320 confusionem

1970 1329 2135 1404 (Dan.
2183 1348 2280 1405 xu,
2322 1333 2404 1403 2).
2446 1332 2662 1388 Terram
2699 1351 2829 1392 vero
2876 1336 2965 1392 hic
3009 1339 3319 1397 universum
3372 1341 3562 1398 mundi

1968 1428 2225 1495 populum
2270 1424 2437 1493 dicit;
2487 1433 2545 1482 ut
2585 1426 2744 1483 bonis
2798 1429 3049 1498 praemia,
3098 1431 3253 1488 malis
3295 1432 3563 1504 supplicia

1970 1512 2175 1572 eterna
2211 1516 2480 1572 restituat.

2046 1610 2198 1667 Vers.
2241 1611 2329 1667 M.
2380 1609 2649 1667 Judicabit
2689 1611 2862 1668 orbem
2910 1619 3061 1669 teme
3103 1614 3160 1668 in
3203 1616 3459 1686 tequitate,
3509 1624 3563 1673 et

1970 1699 2188 1772 populos
2201 1700 2257 1754 in
2269 1701 2478 1756 veritate
2495 1718 2611 1757 sua.
2631 1701 2784 1758 Prius
2801 1704 2974 1774 posita
2989 1716 3071 1760 est
3088 1705 3391 1775 complexio
3406 1721 3561 1777 gene-

1970 1793 2101 1848 ralis
2123 1833 2139 1859 ,
2188 1793 2311 1864 quia
2337 1794 2510 1848 orbem
2553 1803 2827 1862 terrarum,
2856 1796 2909 1851 id
2936 1805 3021 1852 est
3049 1798 3359 1854 universum
3384 1798 3563 1854 homi-

278 1917 376 1974 per
425 1917 544 1973 quas
590 1902 755 1958 futuri
798 1903 987 1972 judicii
1034 1913 1242 1972 tempus
1290 1904 1566 1970 ostendit,
1619 1904 1780 1960 modo
1811 1905 1863 1962 ﬁl

1974 1899 2099 1943 nem
2128 1888 2352 1958 aequitas
2379 1887 2559 1944 divina
2599 1888 2878 1960 judicabit.
2924 1890 3326 1961 Subsequenter
3375 1900 3562 1949 autem

277 1994 498 2063 pulchra
547 1994 705 2050 nimis
732 2002 786 2049 et
811 1993 1043 2064 jucunda
1073 1994 1354 2064 digressio.
1398 1995 1532 2050 Dicit
1561 1996 1705 2052 enim
1737 2005 1863 2052 tunc

278 2089 445 2143 latori
484 2090 659 2157 ctzlos,
684 2097 732 2143 et
763 2088 1019 2144 multare
1060 2098 1271 2157 terram,
1302 2099 1349 2145 et
1374 2091 1676 2145 commoveri
1704 2107 1860 2146 mare.

279 2177 444 2235 Custos
473 2180 738 2252 signiﬁcat
782 2179 943 2252 (sicut
968 2194 1112 2250 saepe
1139 2180 1342 2236 dictum
1370 2180 1474 2252 est)
1507 2182 1782 2252 apostolos
1811 2191 1869 2238 et

278 2272 587 2341 prophetas,
619 2272 707 2327 vel
736 2272 971 2341 reliquos
999 2271 1209 2338 ﬁdeles,
1238 2288 1373 2342 quos
1400 2274 1579 2328 divina
1611 2273 1866 2343 majestas

275 2371 528 2433 tanquam
559 2364 1020 2422 emtum-noscitur
1042 2364 1311 2432 insidere;
1344 2375 1478 2422 terra
1508 2381 1639 2423 vero
1668 2367 1869 2424 indicat

276 2469 625 2527 peccatores,
681 2460 772 2530 qui
799 2469 977 2517 tamen
1036 2460 1414 2517 satisfactionis
1478 2461 1746 2517 beneﬁcio
1798 2461 1868 2519 ad

278 2556 499 2625 gratiam
541 2555 750 2611 Domini
800 2556 978 2611 redire
1022 2566 1353 2611 meruerunt.
1394 2555 1511 2625 Ipsa
1550 2555 1701 2612 enim
1728 2564 1869 2611 terra

276 2645 535 2701 exsultare
585 2654 757 2715 potest
804 2647 859 2700 in
909 2646 1141 2701 adventu
1187 2646 1390 2703 Judicis
1421 2648 1524 2716 sui,
1575 2664 1696 2719 qua
1748 2662 1808 2705 se
1836 2660 1868 2703 a

276 2745 512 2813 peccatis
555 2744 787 2814 propriis
817 2743 1063 2815 intelligit
1092 2744 1413 2799 absolutam.
1443 2744 1719 2815 Sequitur,
1752 2762 1864 2800 mo-

274 2844 453 2889 veatur
479 2853 618 2891 mare
659 2846 707 2892 et
749 2837 1014 2905 plenitudo
1043 2839 1172 2907 ejus.
1206 2836 1354 2891 Mare
1398 2837 1485 2893 hic
1530 2853 1629 2909 pro
1658 2838 1867 2909 populis

274 2925 446 2995 ponit,
493 2924 581 2994 qui
628 2930 681 2980 in
713 2929 829 2981 salo
874 2927 1243 2994 hujus'sazculi
1288 2929 1588 2997 constituti,
1637 2930 1867 2985 diversis

280 3018 687 3088 tempestatibus
733 3018 1023 3089 agitantur.
1077 3019 1172 3075 Isti
1201 3030 1463 3075 moventur
1491 3021 1557 3075 ad
1586 3022 1863 3092 gaudium,

279 3111 489 3181 quando
518 3112 889 3169 conversionis
914 3112 1440 3183 donalsusceperint.
1472 3114 1604 3169 Nam
1654 3123 1712 3170 ut
1743 3113 1866 3169 uni-

278 3204 585 3261 versitatem
639 3204 878 3275 gentium
942 3205 1243 3277 intelligere
1287 3204 1609 3276 debuisses,
1663 3209 1862 3277 posuit,

280 3296 540 3366 plenitudo
578 3302 712 3367 ejus.

347 3389 502 3446 Vers.
537 3389 625 3445 i2.
666 3389 974 3446 Gaudebant
1014 3392 1204 3461 campi,
1231 3400 1278 3446 et
1318 3392 1494 3446 omnia
1523 3408 1639 3463 qum
1683 3394 1741 3448 in
1790 3394 1862 3448 eis

279 3491 393 3535 sunt
416 3497 435 3534 :
465 3490 586 3535 tunc
613 3482 938 3537 exsultabant
966 3485 1138 3538 omnia
1170 3483 1310 3555 ligna
1347 3484 1614 3539 silvarum.
1642 3485 1861 3557 Campos

276 3571 363 3624 hic
402 3572 650 3629 similiter
694 3574 748 3629 in
796 3574 938 3631 bono
987 3575 1244 3632 debemus
1272 3578 1517 3646 accipere
1545 3618 1559 3643 ,
1601 3578 1721 3648 quia
1771 3578 1860 3632 illa

283 3662 437 3731 plana
483 3665 730 3732 dicimus,
759 3682 879 3735 quas
923 3668 1277 3736 pulcherrima
1306 3669 1610 3738 aequalitate
1637 3669 1865 3724 tendun-

278 3763 382 3809 tur.
412 3753 633 3825 Campos
654 3771 783 3827 ergo
810 3756 940 3811 dicit
965 3760 1110 3813 viros
1137 3758 1360 3828 justitias
1388 3758 1547 3814 laude
1571 3760 1857 3828 pollentes,

277 3858 382 3900 non
431 3846 681 3916 superbia
724 3848 975 3911 tumidos,
1008 3864 1115 3904 non
1156 3863 1376 3919 asperos
1420 3850 1715 3915 iracundia,
1767 3850 1862 3907 scd

278 3948 557 3993 mansueta
586 3938 800 3994 lenitate
834 3940 1196 4009 planissimos.
1231 3940 1503 4010 Sequitur,
1534 3951 1654 3995 tunc
1683 3942 1863 3997 exsul-

274 4029 451 4082 tabant
488 4031 658 4083 omnia
705 4030 846 4102 ligna
873 4032 1139 4089 silvarum.
1191 4032 1357 4100 Tunc,
1405 4034 1700 4090 secundum
1734 4035 1865 4090 dicit

278 4119 591 4190 adventum,
632 4122 847 4191 quando
882 4123 1219 4193 iudicaturus
1265 4132 1349 4180 est
1375 4125 1653 4183 mundum.
1697 4126 1865 4197 Ligna

272 4212 519 4267 silvarum
546 4228 641 4283 per
665 4230 724 4270 se
772 4229 985 4273 amaros
1014 4227 1068 4273 et
1110 4217 1326 4273 steriles
1358 4217 1587 4274 atterunt
1633 4219 1861 4286 fructus;

278 4304 379 4355 sed
406 4319 528 4361 cum
573 4306 768 4364 fuerint
811 4308 989 4375 insita,
1025 4308 1334 4365 dulcissima
1365 4309 1612 4367 ubertate
1645 4312 1867 4382 pingue-

275 4398 455 4446 scunt.
488 4389 576 4446 Sic
605 4408 812 4461 sontes.
832 4392 953 4472 quae
983 4403 1129 4470 prius
1152 4401 1362 4457 inerant
1380 4403 1524 4459 velut
1544 4401 1686 4473 ligna
1710 4403 1866 4457 silva-

276 4495 417 4548 rum,
448 4480 515 4535 ad
542 4480 801 4536 culturam
841 4480 1170 4539 lrucutm
1199 4494 1488 4560 perductae,
1518 4504 1643 4551 ante
1672 4494 1862 4551 faciem

275 4574 487 4630 Domini
509 4590 701 4646 magno
719 4576 847 4631 sunt
868 4576 1046 4646 gaudii
1063 4591 1288 4633 munere
1309 4577 1587 4632 laetaturae.
1613 4586 1723 4633 Sed
1742 4599 1866 4634 cum

1972 1981 2428 2053 quemadmodum
2441 1982 2734 2052 judicetur,
2761 1984 2983 2054 exponit
2999 1985 3249 2054 dicendo,
3271 1986 3493 2057 populos
3510 1987 3569 2043 in

1973 2076 2186 2131 veritate
2212 2092 2309 2131 sua
2328 2091 2349 2131 :
2397 2078 2654 2147 quoniam
2684 2077 2742 2134 in
2780 2078 2869 2134 illa
2898 2081 3324 2151 scquestratione
3363 2081 3573 2139 dextra

1969 2167 2138 2238 partis
2162 2177 2217 2224 et
2242 2168 2477 2224 sinistras
2504 2168 2612 2226 duo
2635 2180 2795 2227 erunt
2823 2172 3027 2242 populi,
3077 2172 3277 2243 quibus
3322 2174 3571 2233 veritatis

1970 2273 2083 2317 Sua:
2102 2262 2424 2318 sententiam
2451 2261 2585 2335 [ed.,
2606 2262 2898 2335 sententia]
2925 2265 3104 2331 dabit;
3133 2266 3298 2338 32A,
3319 2274 3377 2322 ut
3396 2270 3485 2338 qui
3514 2266 3574 2324 ei

1971 2352 2207 2409 ﬁdeliter
2257 2354 2638 2423 crediderunt,
2684 2358 2803 2428 ejus
2853 2359 3007 2427 regni
3059 2358 3391 2415 beatitudine
3438 2374 3573 2431 per-

1970 2444 2255 2513 fruantur;
2311 2447 2403 2517 qui
2452 2462 2583 2503 vero
2635 2447 2986 2519 pertinaciter
3034 2451 3221 2506 mundi
3268 2452 3396 2509 vitia
3441 2460 3572 2510 sunt

1971 2536 2170 2603 secuti,
2206 2551 2396 2607 pmnas
2438 2538 2648 2596 debitas
2675 2555 2798 2596 cum
2830 2556 2929 2598 suo
2973 2551 3196 2600 auctore
3245 2546 3571 2603 sustineant.

1973 2627 2408 2700 Perquirendum
2454 2642 2539 2687 est
2560 2647 2697 2690 sane
2725 2635 2867 2704 quod
2896 2645 2949 2690 et
2978 2634 3066 2691 hic
3092 2638 3264 2691 orbem
3316 2648 3575 2694 terrarum

1968 2723 2137 2793 dicat,
2176 2723 2309 2781 etin
2334 2728 2580 2795 sequenti
2603 2724 2812 2797 psalmo
2835 2738 3017 2797 ponat,
3044 2729 3327 2785 illuxerunt
3359 2729 3571 2802 fulgura

1973 2816 2087 2886 ejus
2125 2815 2236 2870 orbi
2276 2826 2457 2885 terrte,
2503 2818 2638 2873 etin
2667 2818 2789 2873 aliis
2816 2818 3065 2889 plurimis
3093 2820 3231 2876 locis
3262 2822 3379 2891 ipso
3410 2821 3569 2876 sche-

1978 2917 2125 2965 mate
2154 2916 2357 2964 terram
2392 2911 2673 2981 perhibeat
2706 2927 2827 2969 esse
2871 2914 3211 2981 conclusam;
3268 2914 3572 2984 iterumque

1972 3002 2301 3059 centesimus
2330 3014 2514 3060 sextus
2544 3006 2778 3076 psalmus
2803 3017 3031 3075 quatuor
3068 3006 3379 3063 cardinibus
3407 3016 3568 3064 terra:

1973 3094 2145 3164 spatia
2184 3096 2632 3166 comprehendat,
2664 3097 2850 3152 dicens
2876 3114 2891 3151 :
2920 3099 2967 3151 Α
2995 3099 3116 3153 solis
3139 3106 3256 3152 ortu
3286 3105 3333 3152 et
3359 3112 3569 3167 occasu,

1974 3186 2039 3241 ab
2060 3187 2299 3257 aquilone
2338 3197 2385 3242 et
2424 3189 2553 3242 mari
2587 3186 2761 3259 (Psal.
2788 3203 2894 3257 ενι,
2926 3187 3004 3259 5).
3037 3188 3199 3259 Cujus
3228 3188 3310 3245 rei
3349 3188 3571 3247 eviden-

1890 3293 1940 3361 ο
1973 3279 2236 3336 tissimum
2281 3295 2495 3353 quoque
2543 3280 2820 3351 Evangelii
2864 3289 3042 3337 exstat
3087 3283 3425 3354 exemplati,
3476 3283 3572 3340 ubi

1969 3375 2125 3441 dicit,
2172 3374 2385 3429 Eminet
2423 3375 2633 3445 angelos
2658 3391 2777 3428 suos
2806 3390 2922 3428 cum
2969 3374 3092 3429 tuba
3120 3386 3169 3429 et
3195 3391 3312 3430 voce
3357 3392 3573 3448 magna,

1970 3478 2019 3525 et
2042 3468 2367 3539 congregabit
2421 3467 2555 3541 [ed.,
2584 3466 2988 3540 congregabant]
3019 3484 3049 3519 a
3087 3478 3309 3537 quatuor
3358 3468 3566 3538 angulis

1972 3569 2120 3616 terra:
2145 3560 2363 3629 (Matth.
2410 3575 2561 3627 xxiv,
2592 3558 2704 3631 51).
2750 3558 2902 3614 Unde
2955 3562 3145 3614 merito
3191 3560 3400 3614 aestimo
3445 3575 3570 3630 per-

1970 3653 2293 3725 quireudum
2321 3652 2773 3724 quemadmodum
2805 3660 2966 3707 terra:
2991 3652 3161 3721 possit
3200 3662 3256 3706 et
3285 3650 3568 3722 quadratio

1972 3756 2028 3803 et
2073 3748 2306 3803 circulus
2351 3747 2668 3812 convenire,
2723 3745 2849 3800 dum
2901 3747 3172 3800 schemata
3217 3747 3328 3814 ipsa
3386 3745 3567 3815 (sicut

1973 3840 2288 3909 geometrici
2321 3838 2526 3911 dicunt)
2578 3838 2862 3893 videantur
2886 3852 3007 3892 esse
3034 3837 3267 3892 diversa.
3314 3837 3567 3891 Formam

1972 3944 2137 3990 terrae
2188 3933 2309 3988 ideo
2354 3932 2634 4003 Scriptura
2666 3932 2853 3987 orbem
2900 3939 3188 3995 vocat,'eo
3226 3929 3364 3999 quod
3396 3929 3566 3999 respi-

1974 4027 2240 4084 cientibus
2260 4027 2653 4082 extremitatem
2674 4025 2792 4094 ejus
2808 4024 3041 4079 circulus
3059 4038 3271 4095 semper
3286 4033 3563 4095 appareat,

1970 4134 2130 4190 quem
2152 4119 2411 4174 circulum
2432 4116 2605 4174 Grmci
2623 4116 2859 4193 ὁρίζοντα
2882 4126 3096 4172 vocant.
3120 4116 3358 4181 Quatuor
3380 4124 3561 4172 autem

1974 4210 2280 4269 cardinibus
2304 4224 2425 4266 eam
2459 4209 2681 4265 formari
2713 4208 2862 4278 dicit,
2890 4211 3012 4278 quia
3037 4217 3265 4279 quatuor
3283 4209 3557 4279 cardines,

1970 4316 2202 4380 quatuor
2226 4306 2452 4377 angulos
2493 4303 2740 4377 quadrati
2771 4303 3095 4375 signiﬁcant,
3127 4305 3217 4376 qui
3248 4306 3384 4361 intra
3417 4320 3559 4376 prte-

1971 4400 2174 4457 dictum
2197 4409 2354 4456 terrae
2375 4398 2639 4455 circulum
2664 4397 2994 4454 continetur.
3024 4396 3155 4454 Nam
3177 4398 3223 4453 si
3248 4398 3315 4453 ab
3334 4398 3560 4453 orientis

1970 4494 2190 4550 cardine
2221 4494 2274 4548 in
2301 4501 2544 4548 austrum
2573 4499 2629 4548 et
2674 4491 2729 4547 in
2755 4491 3058 4561 aquilonem
3107 4489 3339 4557 singulas
3382 4496 3561 4543 rectas

1971 4586 2142 4631 tineae
2170 4586 2365 4642 ducas,
2414 4583 2668 4633 similiter
2715 4593 2933 4648 quoque
2977 4586 3034 4635 et
3070 4579 3117 4634 si
3162 4580 3230 4633 ab
3266 4580 3561 4637 occidentis

274 4666 426 4732 dicit,
452 4668 623 4721 omnia
661 4667 822 4739 ligna,
874 4667 1016 4722 illam
1068 4674 1276 4737 partem
1321 4667 1434 4722 vult
1479 4668 1700 4739 intelligi
1741 4684 1860 4740 quas
1886 4679 1941 4741 ι)
1969 4668 2188 4725 cardine
2202 4668 2267 4723 ad
2288 4668 2572 4737 praedictos
2593 4668 2861 4737 cardines,
2887 4669 2939 4724 id
2961 4679 3047 4724 est
3066 4677 3307 4751 austrum
3329 4680 3385 4726 et
3405 4672 3560 4741 aqui-

273 4761 442 4819 inseri
467 4763 625 4819 bonis
650 4762 932 4832 praeceptis
961 4763 1128 4832 potuit
1157 4778 1221 4818 ac
1250 4762 1465 4817 mutari.

353 4857 505 4912 Vers.
555 4857 642 4913 15.
691 4857 822 4911 Ante
872 4857 1055 4927 faciem
1102 4854 1332 4924 Domini,
1386 4857 1629 4927 quoniam
1681 4858 1859 4913 venit:

268 4949 519 5019 quoniam
544 4950 676 5002 venit
690 4949 929 5021 judicare
951 4959 1156 5004 terram.
1188 4950 1321 5017 Quia
1342 4948 1554 5005 dixerat
1577 4951 1859 5007 credentes

269 5054 396 5097 esse
425 5042 714 5108 laetaturas,
742 5057 848 5097 non
875 5042 1006 5098 dicit
1034 5043 1088 5097 in
1121 5044 1351 5113 angulis,
1384 5059 1491 5099 non
1520 5044 1572 5099 in
1604 5046 1852 5112 secretis,

268 5132 373 5188 sed
418 5141 535 5188 ante
586 5134 767 5204 {aciem
812 5134 1035 5203 Judicis,
1095 5136 1312 5206 quando
1368 5137 1753 5193 inaestimabilis
1804 5146 1860 5193 et

268 5225 493 5294 copiosa
536 5225 721 5281 laetitia
768 5236 870 5293 est,
918 5227 1129 5297 quando
1180 5228 1396 5297 praemia
1441 5229 1763 5295 tribuuntur,
1806 5239 1862 5286 et

267 5326 538 5375 securitas
575 5320 691 5376 sine
718 5321 822 5376 line
865 5329 1165 5391 praestatur.
1221 5322 1287 5377 Et
1330 5338 1398 5378 ne
1439 5324 1670 5393 primum
1708 5324 1859 5379 illum

266 5410 664 5467 incarnationis
695 5413 904 5469 Domini
950 5422 1169 5484 putares
1204 5414 1516 5484 adventum,
1543 5416 1707 5484 dicit,
1735 5435 1866 5488 quo-

264 5502 412 5557 niam
433 5504 603 5571 venit;
650 5514 707 5560 et
729 5505 1111 5577 subsequitur:
1167 5506 1423 5577 Quoniam
1452 5509 1586 5563 venit
1622 5509 1863 5581 judicare

263 5602 481 5651 terram.
528 5595 663 5653 Nam
702 5597 750 5654 si
776 5599 832 5654 in
873 5598 968 5655 illo
998 5600 1170 5670 primo
1220 5610 1489 5657 commate
1538 5603 1859 5659 sententiam

262 5686 640 5759 terminasset,
660 5701 911 5763 potueras
931 5694 1080 5751 illum
1100 5696 1412 5764 adventum,
1436 5699 1525 5768 qui
1551 5697 1661 5769 jam
1686 5711 1861 5754 trans-

257 5774 423 5865 actus
453 5790 557 5849 est,
597 5785 734 5840 forte
782 5790 1011 5857 sentire;
1064 5791 1157 5847 sed
1200 5808 1320 5848 cum
1356 5792 1579 5861 addidit,
1616 5795 1853 5862 quoniam

260 5868 405 5925 venit
417 5872 658 5943 judicare
677 5884 887 5948 terram,
923 5879 1075 5938 illum
1103 5898 1198 5940 nos
1224 5892 1426 5941 tantum
1456 5886 1626 5941 voluit
1648 5885 1845 5941 intelli-

556 5987 832 6053 Ps'rnOL.
877 5991 1081 6058 LXX.

1973 4761 2173 4828 lonem,
2198 4759 2433 4830 singulas
2462 4769 2641 4816 rectas
2663 4760 2830 4815 lineas
2852 4762 3061 4826 tendas,
3086 4761 3217 4818 lacis
3237 4763 3554 4831 quadratum

1971 4860 2131 4907 terrae
2167 4850 2307 4906 intra
2352 4850 2538 4906 orbem
2590 4851 2925 4921 praedictum.
2979 4850 3085 4909 Sed
3113 4851 3384 4922 quomodo
3423 4869 3555 4923 qua-

1969 4945 2272 5001 dratusiSte
2316 4942 2764 4999 demonstrandus
2789 4944 2928 5000 intra
2971 4944 3232 4999 circulum
3272 4943 3429 4999 scribi
3464 4945 3556 5000 de-

1970 5039 2117 5105 beat,
2149 5037 2397 5093 Euclides
2412 5038 2465 5093 in
2488 5048 2679 5107 quarto
2703 5040 2839 5094 libro
2857 5040 3259 5094 Elementorum
3276 5039 3555 5095 evidenter

1970 5131 2229 5186 insinuat.
2272 5130 2610 5199 Quapropter
2658 5142 2802 5186 recte
2848 5131 3124 5201 Scriptura
3152 5139 3333 5185 sancta
3364 5131 3559 5187 faciem

1966 5232 2151 5292 terrae,
2180 5232 2235 5281 et
2261 5224 2445 5280 orbem
2477 5234 2656 5292 vocat,
2688 5233 2743 5281 et
2787 5231 3018 5294 quatuor
3066 5239 3185 5281 eam
3209 5223 3339 5281 dicit
3375 5223 3555 5281 cardi-

1969 5318 2129 5376 nibus
2153 5317 2445 5375 contineri.

2522 5457 2794 5515 Conclusio
2821 5459 3025 5531 psalmi.

2038 5602 2333 5659 Audiamus
2363 5616 2483 5674 quas
2513 5617 2609 5658 nos
2658 5603 2917 5674 propheta
2949 5611 3287 5660 commoneat
3337 5613 3559 5664 cantare

1961 5696 2210 5768 Domino,
2260 5699 2447 5755 alierte
2493 5700 2559 5755 ad
2605 5715 2729 5756 eum
2762 5701 2965 5755 hostias
3010 5704 3270 5759 viventes.
3314 5702 3430 5757 Non
3477 5701 3551 5756 sit

1959 5795 2113 5849 nobis
2144 5810 2268 5865 pars
2297 5809 2416 5849 cum
2447 5794 2684 5861 diabolo,
2718 5803 2772 5850 et
2799 5796 2901 5850 erit
2923 5796 3038 5850 sine
3062 5795 3397 5851 dubitatione
3425 5806 3547 5846 cum

1956 5888 2186 5946 Christo.
2220 5890 2369 5947 Tunc
2398 5891 2540 5947 enim
2574 5890 2736 5961 (sicut
2788 5889 2971 5945 titulus
3014 5889 3114 5959 ait)
3141 5897 3266 5958 post
3312 5885 3546 5957 captivi-

3030 5997 3111 6061 22
