4062 6344
614 377 719 434 685

1835 365 1910 424 Μ.
1949 357 2230 428 AURELII
2261 347 2664 431 CASSIODORI

3716 351 3795 412 684

615 499 782 548 mem
825 496 1161 558 peccatorum
1209 483 1423 542 Domini
1469 481 1662 540 domus
1715 496 1780 544 ex
1813 479 1979 547 nobis
2019 484 2199 550 potest
2222 463 2278 538 Α
2302 480 2348 526 et
2362 468 2622 542 judicium
2648 463 2896 520 correctio
2925 461 3061 558 sedis
3107 462 3240 558 ejus.
3271 457 3324 512 In
3354 459 3448 512 hoc
3495 472 3635 514 versu
3666 463 3795 532 qualis

617 585 895 651 aediﬁcari,
923 585 969 639 si
998 580 1355 638 meruerimus
1385 578 1493 634 vivi
1517 577 1728 648 lapides
1752 573 2006 644 inveniri.
2033 570 2206 626 Obse-

619 693 833 736 cremus
867 675 1087 748 iugiter,
1136 673 1490 744 deprecemur
1537 669 1908 726 incessanter:
1950 670 2206 736 agnoscet

627 773 904 834 humilem,
941 783 1062 824 cum
1091 766 1160 824 ad
1188 765 1551 822 damnandum
1581 761 1789 819 venerit
1811 768 2202 820 contumacem;

623 881 723 922 nec
747 863 933 935 puniet
955 871 1328 934 peccatorem,
1359 874 1484 918 cum
1510 857 1826 930 probaverit
1847 854 2046 926 iugiter
2072 865 2208 908 con-

623 961 884 1016 titantem.

885 1067 1252 1126 EX‘POSITIO
1291 1068 1356 1124 IN
1393 1065 1718 1126 PSALMUM
1758 1063 1942 1142 XC“.

695 1161 938 1217 Periimus
958 1163 1059 1232 ipsi
1083 1162 1272 1232 Dauid,
1298 1179 1414 1218 cum
1443 1173 1576 1217 terra
1596 1164 2018 1232 ejus:restaurata
2045 1167 2139 1212 est.

698 1276 940 1332 Psalmus
967 1277 1065 1358 ipsi
1089 1277 1278 1352 David,
1314 1277 1611 1352 constatad
1631 1273 1900 1332 Christum
1930 1271 2214 1352 Dominum

626 1386 745 1450 esse
774 1371 1134 1450 referendum.
1164 1372 1442 1442 Sequitur,
1464 1386 1582 1425 cum
1613 1379 1748 1424 terra
1780 1371 1895 1439 ejus
1931 1373 2216 1421 restaurata

626 1447 720 1530 est,
752 1447 806 1520 id
835 1473 938 1529 est,
961 1479 1082 1519 cum
1108 1473 1440 1533 peccatores,
1467 1461 1558 1531 qui
1585 1463 1652 1516 ab
1675 1461 1792 1531 ipso
1815 1459 2219 1534 declinaverant

628 1572 814 1634 errore
843 1556 1142 1630 pravitatis,
1190 1555 1359 1636 gratia
1389 1553 1712 1636 suﬁ'ra‘gante
1742 1552 1808 1608 ad
1856 1551 2029 1620 ipsum
2057 1547 2220 1604 delac-

628 1631 745 1706 cata
777 1650 972 1707 mentis
996 1649 1307 1722 sinceritate
1331 1631 1640 1713 redierunt;
1672 1646 1810 1702 sicut
1829 1643 2028 1722 factum
2055 1649 2139 1698 est
2164 1641 2222 1696 in

629 1729 851 1808 ludatis,
877 1741 967 1816 qui
991 1737 1110 1810 post
1137 1740 1282 1794 illam
1310 1740 1639 1820 ittipietatetii
1680 1737 2065 1812 cruciﬁxiouis,
2087 1750 2220 1790 con-

633 1813 897 1914 versionis
937 1843 1056 1888 sunt
1105 1834 1334 1904 gratiam
1382 1813 1674 1914 consecuti.
1727 1831 1912 1908 Potest
1958 1841 2011 1884 et
2051 1823 2219 1882 aliter

632 1911 824 1995 accipi,
847 1934 901 2005 ut
922 1934 1060 1980 terra
1086 1936 1378 2005 restaurata
1397 1911 1814 1988 -reSurrectionis
1836 1923 1952 2004 ejus
1973 1923 2220 1978 videatur

635 1999 873 2072 indicare
906 2017 1184 2090 mysteria.
1206 1999 1470 2074 Mor-tuum
1489 2027 1570 2074 est
1599 2018 1796 2090 quippe
1823 1999 2015 2088 (ἐυτριιε
2055 2014 2220 2084 ipsius

631 2106 752 2176 lege
769 2095 1038 2162 canimuni
1060 2090 1082 2172 ,’
1105 2109 1199 2164 sed
1222 2117 1580 2164 restauratum
1603 2117 1685 2164 est
1712 2108 1762 2162 iu
1790 2105 1974 2180 gloriae
1999 2103 2221 2186 munere

633 2187 910 2272 singulari.
933 2189 1281 2275 Quapropter
1326 2203 1732 2260 meminerimus
1767 2204 1907 2256 hunc
1955 2201 2219 2276 psalmum

633 2302 884 2364 quartum
931 2310 1051 2352 esse
1095 2297 1162 2352 de
1209 2298 1386 2372 primo
1431 2297 1550 2366 ejus
1593 2295 1866 2358 adventu,
1917 2279 2015 2362 per
2061 2304 2220 2362 quem

629 2385 867 2464 mundus
897 2385 1137 2442 noscitur
1159 2401 1282 2466 esse
1309 2371 1587 2444 liberatus.

745 2560 747 2563 .
1218 2503 1417 2566 Divisio
1441 2504 1647 2576 psalmi.

709 2591 766 2658 In
791 2593 965 2663 primo
989 2597 1237 2654 membro
1260 2598 1449 2668 psalmi
1469 2595 1734 2668 propheta
1758 2610 1856 2666 per
1878 2593 2228 2656 reSurrectio-

638 2697 762 2738 nem
831 2685 1088 2754 Domini,
1135 2689 1364 2745 virtutes
1419 2689 1536 2760 ejus
1586 2689 1800 2746 diversa
1847 2687 2226 2760 praedicatione

636 2773 988 2847 describens,
1043 2779 1306 2838 idolorum
1361 2784 1593 2840 cultores
1650 2782 1806 2852 digna
1857 2780 2225 2850 increpatione

623 2869 934 2944 .l'edarguit.
974 2871 1228 2930 Secundo
1273 2875 1338 2930 ad
1390 2876 1674 2932 Dominum
1722 2875 1883 2934 verba
1936 2873 2222 2942 convertit,

637 2962 873 3032 gaudens
923 2963 1221 3022 Ecclesiam
1284 2967 1605 3036 catholicam
1665 2966 1870 3022 auctori
1929 2980 2027 3020 suo
2078 2973 2226 3024 recte

639 3054 948 3112 credidisse.
999 3055 1316 3122 Commonet
1364 3059 1524 3113 etiam
1572 3059 1753 3114 ﬁdeles
1783 3068 1845 3116 ut
1897 3058 2145 3114 laetentur
2174 3059 2227 3116 in

640 3143 869 3221 Domino
887 3189 909 3215 ,,
959 3147 1084 3216 quia
1124 3150 1406 3220 consuevit
1449 3163 1544 3206 eos
1591 3149 1802 3219 eripere
1848 3149 1940 3220 qui
1981 3149 2230 3206 videntur

638 3236 936 3320 crudelium
961 3223 1383 3314 insecutionibus
1425 3239 1725 3311 subiacere.

1180 3352 1450 3423 Eapositio
1478 3355 1684 3425 psalmi.

713 3441 866 3502 Vere.
902 3444 954 3500 1.
1000 3442 1248 3502 Dominus
1274 3447 1525 3518 regnavit,
1555 3445 1776 3502 exsultet
1806 3455 1966 3512 terra,
1993 3445 2231 3502 lwtentur

648 3533 833 3590 inculte
860 3535 1054 3596 multae.
1088 3536 1288 3592 Videns
1309 3538 1570 3608 propheta
1612 3539 1866 3606 mundum
1900 3535 2230 3594 exsecranda

629 3626 918 3686 hominum
967 3629 1348 3697 superstitione
1409 3629 1726 3697 confusum,
1780 3631 1966 3708 laudes
2013 3628 2229 3686 Domini

633 3719 1148 3780 mirabilivarietate
1187 3721 1478 3790 describit,
1511 3731 1570 3777 ut
1603 3722 1845 3780 inﬁdeles
1876 3733 2226 3793 agnoscentes

631 3826 833 3870 verum
859 3811 1054 3880 Deum,
1087 3813 1308 3870 ulterius
1338 3829 1489 3882 spem
1519 3814 1571 3870 in
1600 3815 1762 3870 rebus
1786 3813 2092 3870 vanissimis
2120 3827 2228 3870 non

537 3923 546 3930 ·
643 3905 923 3962 haberent.
955 3905 1288 3977 Factuque
1325 3916 1409 3964 est
1439 3909 1672 3975 initium,
1703 3906 1846 3979 quod
1891 3915 1946 3961 et
1989 3905 2230 3962 breviter

649 4005 842 4054 cuncta
886 3997 1254 4067 concluderet,
1297 4006 1352 4056 et
1394 3999 1747 4056 deliramenta
1790 3997 1973 4058 omnia
2012 3997 2229 4052 submo-

641 4097 811 4156 veret.
861 4079 1113 4162 Dominus
1155 4093 1404 4164 regnauit.
1455 4093 1587 4162 Quis
1632 4107 1759 4163 ergo
1785 4093 1930 4163 alter
1970 4090 2230 4158 colendus

640 4189 748 4256 est.
769 4181 869 4240 nisi
889 4183 976 4238 ille
992 4185 1081 4253 qui
1099 4185 1250 4242 solus
1269 4186 1608 4256 cognoscitur
1629 4186 1929 4254 imperare?
1947 4184 2224 4254 Sequitur,

646 4272 882 4326 Exsultet
905 4282 1058 4328 terra.
1091 4274 1226 4342 Quid
1256 4275 1368 4346 jam
1403 4285 1680 4332 remaneat
1709 4275 1885 4342 idolis,
1908 4276 1954 4332 si
1979 4275 2228 4332 universa

643 4375 792 4422 terra
815 4381 1013 4422 nomen
1044 4378 1332 4438 veneretur
1379 4370 1647 4424 auctoris?
1677 4368 1840 4426 Terra
1865 4369 2008 4424 enim
2059 4368 2230 4424 sensi-

644 4457 773 4514 bilis
821 4459 1049 4528 lapidem
1093 4475 1199 4518 non
1227 4461 1387 4546 debet
1414 4463 1641 4532 adorare
1669 4463 2034 4528 brutissimum
2063 4479 2075 4515 :
2107 4461 2227 4532 quia

647 4551 768 4620 ipse
795 4549 898 4605 sibi
917 4559 1076 4620 negat
1101 4555 1347 4605 eﬂcctum
1375 4554 1505 4622 [ed.,
1535 4553 1808 4618 aﬁ‘ectuml
1830 4555 1917 4620 qui
1949 4554 2015 4612 ab
2043 4553 2227 4609 insen-

646 4643 779 4723 satis
808 4643 942 4712 petit
970 4641 1250 4697 auxilium.
1285 4640 1434 4696 Unus
1464 4648 1644 4694 tamen
1675 4637 1813 4707 lapis
1836 4645 1921 4692 est
1939 4636 2230 4706 angularis,

651 4738 742 4809 qui
804 4737 1158 4808 spiritualiter
1221 4737 1323 4792 coli
1378 4735 1572 4790 debeat
1627 4743 1684 4790 et
1745 4733 1938 4789 timeri.
1997 4733 2230 4802 Adjecit,

646 4829 884 4886 tutentur
910 4829 1096 4884 insula:
1122 4828 1317 4882 multae.
1367 4829 1642 4897 Regnante
1668 4826 1849 4895 itaque
1881 4825 2110 4882 Domino
2138 4839 2233 4893 per

646 4930 816 4978 totum
860 4923 1140 4989 mundum,
1189 4919 1464 4989 disposita:
1494 4920 1742 4976 laetentur
1771 4916 2063 4976 Ecclesiae:
2114 4931 2232 4988 quae

649 5015 843 5068 merito
885 5013 1075 5070 insulis
1119 5021 1524 5082 comparantur,
1572 5009 1695 5081 quia
1745 5009 1932 5068 mundi
1979 5009 2245 5065 ﬂuctibus-

649 5104 864 5161 ambitze
909 5104 1424 5162 circumlatrantium
1453 5103 1885 5174 persecutionum
1925 5101 2229 5157 numerosi-
2275 5129 2277 5132 ‹

645 5203 758 5264 tate
787 5195 1099 5252 tunduntur.
1132 5195 1237 5253 Sed
1282 5196 1420 5252 sicut
1449 5196 1566 5250 istae
1601 5192 1950 5251 saevientibus
1982 5192 2230 5248 ﬂuctibus

651 5285 898 5343 nesciunt
929 5287 1071 5353 laedi,
1106 5288 1178 5342 ita
1219 5302 1317 5342 nec
1337 5295 1544 5356 sancta:
1573 5286 1830 5342 Ecclesiae
1875 5283 2233 5356 perturbatio-

634 5380 809 5438 nibus
830 5379 1256 5436 adversariorum
1280 5380 1576 5450 probantur
1597 5381 1872 5447 imminui;
1904 5373 2232 5450 quin’potius

649 5473 772 5528 illos
797 5473 910 5528 suis
935 5472 1178 5528 cautibus
1200 5471 1469 5544 frangunt,
1501 5476 1593 5546 qui
1623 5476 1674 5530 in
1704 5489 1796 5530 eas
1845 5473 2066 5529 undosis
2112 5475 2230 5530 cul-

648 5568 884 5626 minibus
929 5567 1216 5624 irruerunt.
1251 5567 1314 5622 Et
1363 5568 1486 5624 vide
1518 5568 1644 5639 quia
1687 5568 1837 5636 dicit,
1869 5569 2064 5631 multa,
2095 5583 2227 5638 non,

649 5672 857 5727 omnes,
904 5665 1122 5730 propter
1149 5659 1432 5716 haereticas
1458 5661 1767 5732 pravitates,
1799 5675 1920 5730 quae
1945 5656 2224 5720 erroribus

649 5753 761 5812 suis
789 5755 1136 5812 ecclesiarum
1165 5771 1360 5811 nomen
1394 5757 1696 5824 imponunt.

718 5849 870 5906 Vera.
918 5847 971 5908 2.
1020 5847 1193 5910 Nubes
1219 5858 1264 5906 et
1292 5848 1458 5920 caligo
1497 5848 1552 5902 in
1599 5849 1811 5904 circuitu
1834 5850 1980 5920 ejus;
2019 5849 2229 5922 justitia

2307 562 2376 617 sit
2405 559 2665 616 Dominus
2695 555 2871 626 impiis
2898 552 3266 626 religiosisque
3293 559 3540 606 narratur.
3570 553 3796 612 Nubilosus

2308 663 2362 712 et
2389 652 2716 728 caliginosus
2763 649 3006 714 cernitur
3043 645 3325 720 indevotis,
3365 644 3484 699 dum
3525 645 3653 699 cordi
3690 655 3798 703 tene-

2310 748 2472 804 broso
2518 745 2662 800 nulla
2717 741 2956 800 claritate
2984 736 3314 814 resplendet;
3355 737 3483 792 sicut
3509 737 3644 810 lippis
3675 740 3800 796 oculis

2311 843 2392 896 sol
2424 839 2708 898 umbrosus
2731 835 2990 907 aspicitur
3015 851 3029 887 :
3063 833 3191 903 quia
3209 831 3422 904 nebulas
3442 829 3548 884 illas
3573 845 3663 884 non
3682 829 3801 890 habet

2312 934 2463 1006 origo
2496 932 2734 998 luminis,
2769 928 2864 984 sed
2891 927 3139 984 debilitas
3163 933 3431 1002 contracta
3460 925 3682 992 carnalis,
3704 927 3802 994 sicut

2313 1027 2428 1098 ipse
2456 1023 2588 1080 dicit
2614 1023 2668 1078 in
2717 1020 3010 1092 Evangelia
3041 1037 3054 1075 :
3090 1018 3202 1092 Ego
3226 1019 3281 1073 in
3309 1019 3436 1072 hunc
3475 1018 3688 1071 mundum
3709 1022 3800 1087 mi,

2313 1129 2369 1182 ut
2415 1117 2502 1190 qui
2533 1133 2635 1172 non
2677 1114 2846 1183 uident
2890 1113 3120 1180 videant,
3161 1123 3207 1167 et
3253 1111 3340 1182 qui
3384 1110 3538 1174 uident
3577 1112 3681 1182 caeci
3712 1113 3802 1181 ﬁant

2299 1208 2502 1282 '(Joan.
2533 1224 2609 1276 .tx,
2642 1207 2757 1278 40).
2786 1203 2985 1270 Contra
3031 1203 3387 1273 subsequitur,
3422 1201 3606 1274 justitia
3632 1211 3671 1257 et
3706 1205 3804 1272 indi.

2317 1305 2470 1360 cium.
2503 1301 2614 1358 Hoc
2642 1300 2752 1358 illis
2778 1300 2988 1355 videtur
3009 1297 3290 1365 Dominus,
3312 1295 3399 1370 qui
3426 1307 3540 1372 sunt
3558 1313 3674 1368 puro
3691 1298 3805 1353 corde

2319 1395 2678 1462 mundissimi,
2709 1406 2845 1464 quos
2889 1392 3028 1448 bene
3056 1391 3444 1446 correctionem
3489 1389 3686 1458 secarit,
3723 1391 3803 1458 quia

2319 1502 2504 1544 errore
2524 1487 2803 1560 pravitatis
2828 1483 2994 1547 exuti,
3026 1483 3184 1538 sedes
3206 1489 3332 1537 sunt
3350 1480 3549 1536 Domini
3570 1481 3803 1549 Salvatoris,

2321 1594 2459 1651 quos
2490 1578 2578 1634 ille
2603 1592 2696 1632 sua
2729 1576 3008 1647 majestate
3049 1573 3165 1648 jam
3209 1573 3461 1646 possidet,
3491 1572 3613 1628 sicut
3645 1574 3804 1643 legitur:

2323 1672 2482 1730 Sedes
2525 1671 2791 1745 sapientia:
2835 1671 3006 1724 anima
3037 1669 3191 1742 justi.
3243 1667 3385 1734 Ordo
3414 1673 3575 1740 autem
3601 1664 3806 1727 verborum

2326 1769 2445 1826 talis
2472 1777 2575 1834 est,
2599 1768 2736 1822 sedis
2759 1767 2870 1838 ejus
2896 1764 3174 1830 correctio;
3201 1777 3411 1832 revera,
3433 1759 3545 1831 quia
3564 1759 3690 1815 tortis
3704 1774 3809 1812 tuen-

2247 1862 2295 1936 B
2323 1862 2462 1919 tibus
2483 1860 2643 1932 325
2671 1875 2778 1914 non
2810 1867 2982 1929 potest
3015 1856 3252 1914 insidere
3269 1854 3492 1926 justitia.
3522 1852 3582 1907 Et
3600 1860 3697 1906 nota
3715 1850 3808 1920 quod

2329 1972 2424 2028 per
2441 1958 2598 2010 istum
2615 1955 2669 2009 el
2683 1963 2911 2024 quatuor
2927 1968 3112 2016 versus
3128 1952 3264 2010 alios
3285 1948 3373 2020 qui
3395 1955 3673 2018 sequuntur,
3686 1945 3812 2000 adven-

2331 2060 2417 2106 tus
2447 2048 2658 2104 Domini
2686 2048 2886 2118 primus
2917 2045 3082 2100 variis
3103 2037 3813 2108 allusionibusindicatur.Que

2329 2141 2498 2212 ﬁgura
2525 2141 2720 2196 dicitur
2751 2138 3220 2206 characterismos,
3255 2151 3373 2210 quae
3395 2135 3568 2210 Latine
3591 2130 3813 2188 inlormttio

2331 2237 2416 2296 vel
2446 2236 2737 2308 descriptio
2767 2243 3128 2304 nuncupatur.

2402 2329 2555 2384 Yers.
2598 2329 2648 2384 ὃ.
2686 2328 2830 2402 Ignis
2861 2336 2978 2382 ante
3011 2327 3181 2397 ipsum
3222 2323 3453 2400 praibit,
3489 2330 3533 2388 et
3565 2316 3816 2390 inﬂammati:

2328 2427 2383 2490 in
2411 2423 2627 2478 circuitu
2653 2420 2885 2476 inimicos
2909 2422 3044 2492 ejus.
3068 2417 3211 2472 Ante
3239 2417 3516 2490 adventum
3541 2413 3708 2468 Domini
3729 2408 3816 2482 ignis

2325 2517 2586 2590 prwcessit
2605 2555 2622 2590 ,
2653 2495 2868 2584 quando
2897 2511 3279 2583 praedicatione
3305 2511 3655 2582 prephetarum
3686 2504 3816 2568 inﬁde-

2327 2611 2461 2672 lium
2505 2609 2669 2666 corda
2709 2607 3082 2674 fremuerunt;
3125 2615 3183 2662 ut
3223 2605 3505 2668 iracundiae
3539 2603 3698 2656 ardore
3735 2611 3816 2658 suc-

2332 2705 2522 2772 censi,
2576 2703 2642 2760 dc
2681 2702 3088 2773 praedicantium
3149 2715 3287 2758 nece
3327 2705 3609 2766 tractarent.
3647 2697 3737 2764 Ipse
3765 2695 3819 2746 est

2331 2812 2460 2868 ergo
2503 2797 2636 2870 ignis
2680 2795 2770 2867 qui
2807 2805 2926 2850 ante
2966 2796 3134 2866 ipsum
3177 2794 3412 2866 prceibit,
3449 2791 3535 2858 sed
3573 2801 3675 2847 suos
3697 2781 3820 2858 potius

2333 2890 2664 2960 consumpsit
2689 2899 2935 2944 auctores
2954 2929 2971 2962 ,
3011 2888 3150 2942 sicut
3177 2887 3347 2942 Isaias
3373 2885 3604 2958 propheta
3629 2876 3749 2933 dicit:
3773 2871 3820 2926 Et

2335 3001 2469 3042 nunc
2495 2985 2629 3056 ignis
2657 2982 2975 3038 adversarios
2999 2987 3260 3034 consumet
3292 2975 3452 3047 (Isai.
3474 2988 3608 3036 xxvi,
3634 2969 3726 3038 ll).
3748 2965 3820 3020 Se-

2335 3079 2534 3150 quitur,
2567 3087 2612 3131 et
2642 3075 2978 3147 iuﬂammabit
3019 3073 3071 3128 in
3112 3072 3330 3127 circuitu
3374 3069 3584 3126 inimicos
3621 3064 3724 3134 ejus.
3756 3057 3822 3112 1n-

2335 3171 2619 3245 ﬂammabit
2668 3171 2843 3242 (sicut
2872 3166 3140 3238 diximus)
3193 3167 3264 3222 ad
3295 3161 3672 3237 indignationem
3707 3150 3821 3226 perti-

2341 3241 2428 3319 net
2448 3305 2462 3328 ,
2495 3271 2549 3318 et
2578 3241 2811 3317 subitum
2843 3260 3006 3316 animi
3035 3259 3276 3314 calorem
3298 3299 3314 3326 ,
3359 3270 3504 3326 quem
3535 3252 3618 3321 illo
3650 3256 3822 3329 tempore

2337 3366 2540 3416 sanctae
2596 3356 2848 3412 Ecclesia:
2897 3353 3243 3425 patiebantur
3287 3349 3500 3406 inimici.
3542 3344 3600 3400 In
3639 3338 3821 3408 circuitu.

2340 3448 2574 3518 undique
2599 3446 2856 3504 debemus
2887 3445 3195 3510 advertere,
3257 3444 3375 3514 quia
3403 3441 3519 3496 dum
3547 3433 3676 3502 pauci
3697 3431 3824 3486 essent

2339 3542 2753 3616 praedicatores,
2785 3539 3212 3598 adversariorum
3247 3546 3365 3598 erat
3389 3530 3684 3602 circumdant;
3703 3533 3745 3582 et
3769 3522 3824 3576 in-

2337 3633 2685 3692 numerabilis
2713 3631 3019 3690 multitudo.
3509 3615 3516 3623 ’

2408 3727 2560 3782 Vers.
2603 3724 2657 3780 4.
2701 3724 2997 3780 “luxerunt
3037 3722 3253 3795 fulgura
3291 3723 3402 3792 ejus
3419 3717 3522 3797 orbi
3553 3703 3822 3770 εεπωειείἀὶιι

2333 3830 2382 3878 et
2419 3828 2670 3875 commota
2709 3827 2784 3874 est
2822 3827 2977 3874 terra.
3021 3816 3397 3872 Pulcherrima
3443 3812 3588 3868 nimis
3629 3807 3735 3862 iacta
3765 3801 3826 3862 βα

2335 3921 2568 3983 aptaque
2619 3911 2978 3983 comparatio.
3034 3908 3168 3964 Nam
3221 3909 3367 3966 sicut
3418 3912 3662 3986 commotae
3701 3893 3826 3950 nubes

2332 4017 2491 4076 atque
2528 4006 2730 4061 collisae
2775 4003 2953 4077 (sicut
2982 4003 3192 4073 physici
3251 3999 3476 4072 dicunt)
3523 3997 3684 4067 fulgura
3712 3987 3825 4058 iacu-

2331 4100 2532 4166 lantur,
2562 4100 2636 4154 ita
2663 4099 3045 4170 prophetarum
3075 4097 3246 4154 verba
3274 4096 3510 4154 veritatis
3545 4087 3701 4148 indicia
3731 4083 3826 4136 lam-

2341 4201 2622 4261 paverunt.
2653 4189 2893 4261 Denique
2921 4205 3015 4246 eos
3045 4189 3098 4246 in
3133 4189 3427 4261 Scripturis
3452 4182 3626 4242 divinis
3649 4180 3826 4243 [παιων-

2341 4291 2422 4338 ter
2461 4284 2593 4354 legis
2633 4282 2863 4340 nubibus
2902 4290 3242 4354 comparatos
3269 4327 3285 4352 ,
3333 4290 3390 4348 ut
3417 4287 3493 4336 est
3519 4273 3629 4332 illud
3655 4287 3668 4326 :
3691 4265 3827 4354 El’f‘

2341 4376 2482 4432 bibus
2507 4348 2762 4430 mandabo
2782 4391 2845 4430 ne
2866 4348 3046 4445 platani
3066 4391 3223 4445 super
3245 4348 3358 4432 eam
3375 4373 3569 4430 imbrem
3587 4348 3824 4432 (Ῑεαίοννθλ

2341 4467 2686 4526 lutendamus
2727 4470 2892 4526 etiam
2935 4469 3080 4539 quod
3125 4468 3212 4514 hic
3257 4469 3452 4516 lterum
3495 4453 3683 4512 schema
3720 4455 3828 4539 terra

2339 4561 2519 4620 (sicut
2547 4563 2600 4604 in
2629 4551 2896 4620 superiori
2936 4534 3143 4619 psalmo
3167 4549 3280 4620 jam
3313 4551 3508 4606 dictum
3545 4542 3650 4612 est)
3677 4541 3717 4602 ill
3739 4534 3828 4592 οἵδε

2337 4643 2666 4712 descriptum
2711 4651 2815 4700 est.
2863 4643 2981 4710 Ipse
3017 4650 3102 4699 est
3141 4644 3286 4700 enim
3326 4644 3458 4699 orbis
3491 4640 3576 4710 qui
3610 4631 3828 4707 appellatur

2339 4744 2393 4790 et
2439 4735 2690 4791 circulus.
2743 4733 2988 4790 Circulus
3033 4743 3214 4792 autem
3260 4744 3342 4792 est
3392 4735 3563 4805 (sicut
3595 4714 3826 4800 geometrici

2337 4827 2704 4898 deﬁnierunt)
2735 4828 2906 4884 l‘orma
2935 4829 3094 4900 plana
3115 4869 3131 4897 ,
3163 4844 3285 4898 quae
3313 4843 3380 4884 ex
3416 4842 3514 4884 una
3551 4816 3827 4880 circumducta

2339 4919 2480 4976 linea
2522 4919 2866 4986 continetur,
2911 4917 2978 4976 ad
3024 4935 3186 4990 quam
3228 4920 3298 4976 ab
3342 4933 3446 4974 uno
3487 4925 3662 4988 puncto
3693 4901 3827 4964 dehis

2339 5026 2456 5081 quat
2483 5013 2534 5068 in
2563 5011 2742 5068 medio
2769 5011 2956 5067 formae
2979 5012 3266 5068 constituta
3291 5005 3438 5079 sunt,
3467 5021 3637 5067 omnes
3657 4999 3828 5059 deduci:

2341 5111 2502 5158 rectae
2531 5103 2688 5160 linea:
2716 5104 2949 5175 mquales
2977 5105 3081 5162 sibi
3109 5105 3335 5162 invicem
3365 5111 3505 5160 sunt.
3532 5105 3632 5169 Qua
3656 5087 3827 5158 comp!“

2339 5194 2498 5250 xione
2541 5196 2848 5266 recognita,
2897 5197 3052 5252 valde
3103 5208 3231 5254 nota
3275 5195 3432 5254 nobis
3477 5191 3681 5250 efﬁcitur
3712 5183 3828 5238 iam

2345 5299 2624 5344 terrarum.
2670 5289 3017 5358 Signiﬁcatur
3067 5291 3228 5348 etiam
3273 5298 3420 5348 totus
3455 5283 3662 5344 mundus
3692 5283 3736 5332 οι
3767 5280 3831 5338 lle"

2339 5383 2598 5446 directam
2631 5382 2826 5438 lineam
2878 5384 3037 5454 cali,
3091 5399 3210 5456 quae
3271 5383 3556 5442 diametros
3605 5368 3752 5434 mundi
3787 5360 3832 5416 εδ

2340 5474 2662 5529 astronomia
2691 5476 2980 5545 vocitatur,
3004 5483 3061 5530 ut
3087 5486 3170 5532 est
3193 5476 3359 5532 illud:
3387 5476 3432 5529 Α
3455 5472 3571 5530 satis
3597 5479 3695 5526 om

2338 5567 2404 5621 ad
2431 5583 2664 5622 occasum
2691 5567 2902 5624 laudate
2921 5584 3104 5624 nomen
3143 5569 3345 5626 Domini
3371 5566 3535 5638 (Paul.
3555 5575 3676 5624 cru,
3694 5553 3758 5623 5)ο
3775 5545 3832 5601 υ⁴

2339 5675 2437 5715 nea
2463 5670 2640 5716 autem
2669 5661 3019 5732 intelligibilis
3050 5672 3134 5720 est
3161 5661 3429 5732 longitudo
3455 5659 3564 5730 sine
3590 5645 3829 5710 latitudth

2335 5773 2366 5813 a
2406 5766 2602 5828 puncto
2625 5757 2915 5827 inchoans,
2959 5759 3013 5815 in
3054 5770 3300 5830 punctum
3341 5758 3596 5816 desinens.
3635 5745 3831 5830 Punctlll

2335 5863 2464 5908 vero
2493 5861 2569 5906 est
2606 5850 2754 5920 cujus
2784 5863 2907 5921 pars
2937 5829 3070 5908 nihil
3101 5859 3203 5909 est.
3243 5847 3542 5908 Meminisse
3579 5852 3690 5909 οτδο
3711 5829 3833 5888 δέ*
