4092 6344
319 313 416 370 ὓ8ἒὶ

1210 319 1573 379 EXPOSITIO
1611 311 1674 376 ΙΝ
1719 315 2182 376 l’SAL'I‘ERlUM.
2226 315 2418 373 PSAL.
2468 311 2652 370 XCVI.

3491 311 3598 369 686

323 447 440 492 mus
465 432 603 503 quod
634 431 749 490 haec
775 435 975 502 omnia,
1004 436 1119 494 sive
1148 446 1427 508 punctum,
1457 438 1569 494 sive
1595 437 1757 503 linea,
1789 435 1910 492 sive
1933 437 1992 498 Α
2012 430 2322 498 vindicant,
2353 442 2485 499 quos
2517 443 2701 482 eorum
2743 425 2993 496 iniquitas
3037 438 3142 480 non
3185 430 3420 479 meretur
3458 397 3636 479 acci-‘IT

323 527 548 586 circulus
570 569 586 595 ,
619 527 732 584 sive
763 528 1003 601 trigonus
1023 573 1039 600 ,
1073 532 1186 588 sive
1213 532 1644 612 quadrangulus,
1675 531 1759 587 vel
1800 531 1903 586 alia

324 619 620 693 huiusmodi
677 623 1046 692 theoremata,
1097 625 1308 697 quoties
1365 626 1430 681 ad
1481 635 1756 697 aspectum
1812 639 1902 682 ve-

323 715 507 782 niunt,
546 719 919 785 corporalibus
960 720 1358 776 deﬁnitionibus
1399 721 1808 787 concludantur,
1853 718 1907 774 id

321 817 404 864 est
431 809 776 865 sensibilibus
802 827 819 865 :
851 813 1061 882 quoties
1093 829 1217 868 vero
1247 815 1370 868 sola
1392 823 1570 869 mente
1600 813 1905 883 capiuntur,

321 901 664 973 intelliglbilia
707 913 910 960 tantum
953 920 1075 962 esse
1116 923 1224 961 non
1265 908 1482 963 dubium
1526 916 1626 963 est.
1669 906 1908 975 Quorum

325 995 561 1052 amittam
603 997 897 1067 pleniorem
939 999 992 1054 in
1037 1000 1188 1054 libris
1220 1001 1558 1070 geometrica:
1585 999 1906 1069 disciplinac,

321 1089 544 1161 diligens
572 1093 760 1163 lector,
790 1094 1054 1148 invenies.
1093 1093 1364 1164 Sequitur,
1404 1095 1529 1149 vidit
1571 1101 1618 1149 et
1656 1102 1911 1148 commota

318 1193 386 1238 est
418 1190 577 1238 terra.
621 1181 762 1238 Vidit
793 1192 966 1252 terra,
1002 1184 1134 1240 illud
1176 1187 1434 1256 signiﬁcat
1521 1185 1771 1260 quoniam
1813 1184 1911 1238 ho-

322 1278 489 1333 mines
521 1275 760 1332 Verbum
804 1277 1018 1333 Domini
1057 1277 1239 1333 cordis
1279 1277 1480 1332 lumine
1521 1285 1907 1346 cognoverunt.

319 1366 582 1424 Commota
596 1377 692 1436 est,
725 1384 930 1439 magna:
953 1369 1348 1438 praedicationis
1371 1370 1605 1423 novitate
1630 1369 1911 1444 perterrita

319 1469 430 1525 est;
462 1469 523 1515 ut
553 1461 981 1530 deprehenderet
1008 1477 1067 1517 se
1095 1462 1366 1517 insensata
1393 1460 1536 1515 idola
1554 1462 1731 1515 coiere
1752 1498 1766 1525 ,
1785 1459 1911 1514 dum

319 1551 546 1608 haberet
572 1553 905 1610 adorabilem
947 1552 1233 1608 Dominum
1275 1567 1544 1608 summum
1575 1550 1909 1628 Creatorem.

387 1641 548 1698 Vere.
588 1644 643 1700 5.
686 1642 890 1699 Montes
927 1645 1060 1698 sicut
1097 1661 1214 1699 cera
1253 1645 1515 1716 fluxerunt
1556 1659 1587 1696 a
1629 1642 1760 1714 facie
1799 1638 1913 1694 Do-

317 1738 482 1804 mini;
514 1754 550 1792 a
578 1738 713 1811 facie
743 1737 954 1792 Domini
981 1740 1185 1793 tremuit
1211 1738 1376 1792 omnis
1403 1745 1560 1790 terra.
1595 1735 1692 1790 llic
1723 1743 1916 1789 montes

2009 537 2138 596 pere
2157 565 2172 591 ,
2199 523 2320 580 vide
2342 523 2466 593 quid
2492 523 2736 593 sequitur
2761 539 2772 573 :
2806 519 3028 574 Adorate
3055 535 3170 573 eum
3191 557 3206 585 ,
3233 533 3405 572 omnes
3433 515 3604 587 angeli

2010 621 2144 692 ejus.
2177 617 2358 672 Bonus
2401 618 2544 674 enim
2594 616 2814 686 angelus
2858 615 3046 669 adorat.
3085 613 3410 680 Dominum,
3469 610 3594 682 quia

2013 718 2164 766 recto
2209 709 2374 766 corde
2413 725 2570 764 suum
2610 693 2888 779 cognoscit
2925 718 3243 774 auctorem;
3276 721 3376 761 nec
3424 720 3484 761 se
3533 703 3604 758 ab

2017 803 2328 858 hominibus
2375 802 2589 857 adorari
2643 801 2940 870 permittit,
2989 801 3128 854 sicut
3181 799 3233 852 in
3283 793 3608 869 Apocalypsi

2019 898 2243 969 angelus
2272 896 2464 953 Joanni
2500 896 2795 966 procidenti
2827 895 2894 952 ad
2924 894 3088 966 pedes
3115 909 3245 948 suos
3273 890 3401 946 dicit
3429 909 3442 945 :
3477 889 3614 946 Vide

2018 1006 2080 1044 ne
2123 992 2338 1061 feceris,
2382 1005 2652 1044 conservus
2693 990 2829 1044 enim
2867 997 2982 1042 tuus
3017 1003 3131 1043 sum
3170 993 3218 1040 et
3246 985 3469 1057 fratrum
3499 992 3610 1039 tuo-

2016 1099 2136 1136 rum
2153 1083 2342 1156 (Apoc.
2368 1099 2490 1154 xxx,
2526 1083 2654 1154 10).
2684 1083 2808 1138 Mali
2848 1081 2990 1138 enim
3034 1079 3356 1154 pmcipiunt
3393 1096 3453 1136 se
3483 1077 3610 1136 ado-

2016 1175 2155 1241 rari,
2187 1176 2324 1230 sicut
2355 1177 2406 1230 in
2440 1173 2732 1248 Evangelio
2763 1175 2992 1230 Satanas
3017 1171 3155 1229 dixit
3191 1171 3423 1242 Domino
3457 1169 3614 1228 Chri-

2019 1275 2127 1332 Sto,
2159 1279 2278 1320 cum
2312 1280 2434 1322 eum
2467 1265 2856 1336 assumpsisset
2886 1266 2938 1320 in
2969 1274 3236 1340 montem,
3267 1274 3320 1320 et
3349 1265 3612 1332 ostendis-

2025 1365 2108 1412 set
2135 1371 2295 1428 regua
2330 1357 2513 1412 mundi
2543 1375 2554 1409 :
2591 1355 2720 1412 Htec
2750 1359 2922 1412 omnia
2953 1357 3043 1412 tibi
3071 1357 3204 1424 dabo
3221 1401 3240 1428 ,
3273 1357 3319 1414 si
3349 1359 3616 1430 procitlens

2023 1451 2318 1506 adoraveris
2347 1467 2425 1506 me
2455 1449 2669 1519 (Matth.
2698 1465 2770 1517 Iv,
2798 1451 2878 1521 9).
3351 1435 3353 1438 ’

2099 1543 2251 1606 Vers.
2297 1544 2352 1599 8.
2388 1543 2634 1614 Audiuit,
2668 1550 2716 1598 et
2747 1544 2921 1598 laetata
2947 1551 3022 1598 est
3050 1542 3183 1599 Sion
3207 1559 3228 1612 ς
3255 1551 3306 1600 et
3328 1542 3617 1598 exsultave-

2024 1646 2146 1691 runt
2184 1636 2327 1720 [ilice
2352 1635 2505 1692 Iuda:
2549 1647 2753 1710 prapter
2797 1635 2991 1703 iudicia
3028 1643 3144 1706 tua,
3191 1625 3426 1689 Domine.
3465 1633 3620 1698 Venit

2027 1729 2094 1783 ad
2121 1729 2420 1784 secundum
2452 1739 2753 1785 membrum
2778 1769 2793 1795 ,
2829 1730 2883 1784 in
2927 1743 3034 1800 quo
3072 1742 3368 1794 conversus
3409 1725 3474 1780 ad
3517 1726 3620 1782 Do-

318 1809 626 1900 signiﬁcant
667 1829 912 1886 homines
951 1829 1044 1899 qui
1085 1838 1141 1885 et
1182 1830 1364 1885 saeculi
1407 1827 1568 1902 hujus
1605 1825 1918 1888 altitudines
1945 1809 1998 1884 Β
2022 1820 2225 1876 minum
2258 1821 2523 1893 pr0pheta
2554 1821 2708 1877 laetus
2747 1820 2979 1878 exsultat
3022 1819 3191 1894 :quia
3236 1818 3401 1884 Sion,
3445 1816 3496 1878 id
3539 1824 3622 1874 est

318 1931 617 1992 appetunt,
650 1934 704 1979 et
731 1927 1004 1980 insensata
1037 1921 1421 1994 superstitione
1462 1919 1778 1976 durescunt.
1819 1907 1918 1976 His

317 2016 640 2072 mirabiliter
695 2026 1005 2088 comparata
1055 2024 1138 2072 est
1189 2031 1307 2070 cera
1361 2015 1614 2085 liquens,
1665 2014 1916 2086 quoniam

319 2115 464 2164 tanto
495 2107 713 2164 facilius
743 2107 794 2162 in
826 2109 1196 2178 paenitentiam
1223 2093 1489 2174 deﬂuunt,
1513 2114 1714 2175 quanto
1743 2103 1912 2176 [mss.,

317 2198 556 2272 quanta]
586 2216 646 2256 se
673 2199 870 2255 duritia
900 2202 1203 2256 immobiles
1233 2215 1354 2257 esse
1385 2200 1749 2256 crediderunt.
1782 2197 1915 2252 Nam

315 2307 435 2348 cum
449 2293 603 2360 dicit,
624 2293 798 2365 afacie
811 2293 1040 2361 Domini,
1059 2292 1295 2348 ostendit
1318 2292 1603 2348 undesicut
1619 2305 1736 2344 cera
1747 2290 1917 2366 [luse-

314 2391 433 2440 runt
461 2393 699 2449 montes;
719 2384 872 2455 quod
899 2394 953 2441 et
981 2385 1037 2441 in
1061 2385 1170 2440 alio
1199 2385 1408 2456 psalmo
1438 2384 1635 2458 legitur
1659 2397 1673 2436 :
1705 2379 1818 2436 Nec
1845 2393 1920 2438 est

313 2481 401 2550 qui
426 2497 486 2536 se
509 2481 794 2537 abscondat
834 2497 868 2536 a
909 2481 1079 2537 calore
1119 2483 1230 2553 ejus
1272 2478 1456 2551 (Psal.
1485 2494 1648 2548 xvm,
1674 2477 1767 2550 7).
1810 2476 1919 2533 Sed

313 2584 443 2628 cum
490 2575 722 2643 repetit,
753 2591 784 2640 a
817 2573 947 2642 (acie
979 2573 1186 2627 Domini
1226 2573 1430 2627 tremuit
1461 2572 1628 2626 omnis
1659 2579 1825 2640 terra,
1858 2569 1920 2624 il-

314 2660 401 2719 los
449 2663 718 2734 signiﬁcat
765 2665 854 2738 qui
903 2665 1068 2734 ipsius
1111 2663 1454 2720 miseratione
1499 2661 1809 2734 conspecti,
1854 2660 1922 2718 ad

309 2754 708 2810 satisfactionis
751 2756 990 2811 remedia
1033 2764 1416 2826 pervenerunt.
1457 2756 1610 2824 Quod
1653 2754 1924 2834 hodieque

311 2841 437 2900 ﬁeri
467 2847 886 2916 comprobamus
911 2889 926 2915 ,
955 2863 1079 2904 cum
1113 2857 1408 2920 potestates
1439 2847 1624 2908 seaculi
1645 2890 1660 2920 ,
1705 2847 1789 2904 vel
1830 2862 1930 2918 pa-

313 2938 444 3009 gaui
473 2979 488 3003 ,
519 2942 604 2995 vel
631 2940 870 2996 haeretici
899 2945 1072 2997 vocati
1095 2985 1110 3012 ,
1139 2945 1458 2998 damnantes
1485 2940 1946 3020 superstitiosum

315 3041 512 3087 votum
539 3074 554 3101 ,
592 3031 834 3088 divinum
867 3035 1040 3104 magis
1069 3035 1277 3106 eligunt
1304 3034 1486 3089 subire
1513 3032 1813 3089 servitium.

391 3122 556 3180 Vers.
589 3123 642 3179 6.
675 3124 1119 3181 Annuntiaverunt
1153 3127 1266 3181 caeli
1285 3128 1548 3202 justitiam
1587 3128 1734 3195 eius,
1767 3135 1812 3180 et
1841 3125 1921 3178 υἱ-
1951 3165 1998 3230 C

315 3216 511 3270 derunt
543 3233 714 3272 omnes
744 3219 924 3290 pepuli
954 3219 1175 3292 gloriam
1205 3222 1338 3292 ejus.
1373 3221 1499 3276 Post
1530 3221 1702 3277 nubes
1731 3217 1924 3290 prtedi-

312 3320 460 3376 ctas,
505 3323 636 3378 quas
665 3310 888 3381 intelligi
928 3311 1164 3367 diximus
1205 3311 1259 3368 in
1300 3310 1614 3390 prophetis,
1662 3310 1812 3365 venit
1852 3309 1922 3364 ad

313 3402 470 3459 stelas
503 3444 519 3472 ,
551 3417 684 3474 quos
725 3405 1000 3484 apostolos
1045 3405 1307 3462 debemus
1335 3404 1641 3476 advertere,
1693 3417 1922 3475 quorum

315 3500 802 3569 praedicationibus
832 3501 1036 3558 sanctis
1054 3502 1265 3576 justitia
1298 3501 1515 3560 Domini
1546 3500 1748 3556 mundo
1779 3499 1924 3555 salu-

313 3593 448 3648 taris
509 3593 761 3650 innotuit.
809 3593 1089 3666 Sequitur,
1140 3605 1187 3650 et
1233 3595 1468 3650 viderunt
1511 3611 1682 3649 omnes
1744 3593 1926 3664 papuli

316 3682 555 3755 gloriam
583 3689 715 3753 eius.
749 3683 1003 3742 Viderunt
1045 3685 1168 3758 hic,
1213 3701 1318 3741 non
1366 3687 1674 3756 carnalibus
1716 3687 1922 3752 oculis,

317 3775 414 3830 sed
465 3776 655 3832 cordis
699 3777 905 3834 lumine
949 3778 1210 3834 debemus
1253 3780 1520 3855 accipere.
1563 3777 1742 3833 Gloria
1783 3777 1923 3842 enim

319 3871 539 3941 audiri,
574 3885 681 3926 non
709 3872 880 3932 videri
910 3874 1088 3940 solet;
1124 3887 1248 3926 nam
1280 3880 1334 3927 et
1372 3871 1503 3940 alibi
1547 3871 1740 3956 legitur
1784 3869 1925 3942 quod

319 3961 402 4018 sic
433 3963 846 4034 intelligendum
889 3975 971 4020 est
1001 3983 1016 4020 :
1041 3963 1109 4018 Et
1140 3965 1358 4019 vidimus
1389 3965 1608 4036 gloriam
1639 3965 1771 4036 ejus,
1814 3964 1927 4036 glo-

321 4058 462 4111 riam
493 4059 640 4128 quasi
670 4060 917 4130 unigeniti
948 4057 1142 4132 (Joan.
1170 4075 1221 4130 ι,
1247 4059 1369 4130 ll).
1415 4060 1538 4114 Sive
1558 4103 1573 4132 ,
1609 4069 1664 4113 ut
1708 4057 1926 4130 quidam

325 4148 568 4216 volunt,
601 4149 1092 4221 pra'conspicabilis
1123 4149 1265 4224 [ed.,
1292 4147 1688 4224 perspicabilis]
1720 4148 1933 4210 Domini

323 4241 674 4309 signiﬁcatur
705 4245 987 4300 adventus.
1021 4243 1331 4299 intueamur
1349 4243 1512 4306 etiam
1533 4241 1693 4312 hujus
1725 4240 1936 4310 Domini

325 4342 498 4404 quam
523 4333 751 4390 diversis
778 4335 954 4390 modis
972 4336 1176 4406 primus
1197 4335 1463 4390 indicetur
1487 4335 1773 4402 adventus.
1795 4334 1939 4400 Dixit

325 4420 545 4492 ignem,
599 4419 734 4476 dixit
785 4429 1028 4498 fulgura,
1087 4429 1222 4483 dixit
1273 4440 1498 4498 montes,
1553 4429 1690 4496 dixit
1747 4429 1939 4494 caelos;

2027 1915 2268 1972 Ecclesia
2301 1915 2566 1972 catholica
2595 1916 2792 1986 judicia
2828 1916 3044 1972 Domini
3075 1930 3210 1986 puro
3241 1914 3406 1978 corde
3433 1929 3622 1986 perce-

2023 2011 2122 2082 pit.
2153 2009 2287 2066 Nam
2318 2011 2540 2068 verbum
2573 2009 2664 2082 qui
2705 2011 3010 2068 crediturus
3054 2010 3237 2078 audit,
3283 1999 3346 2078 se
3387 2009 3624 2064 audiisse

2023 2103 2270 2169 laetatur;
2305 2103 2397 2174 qui
2440 2119 2569 2159 vero
2612 2102 2838 2162 subdola
2886 2114 3066 2160 mente
3111 2103 3451 2176 perceperit,
3495 2118 3624 2158 cou-

2026 2195 2269 2250 tristatus
2287 2195 2563 2250 abscedit:
2583 2196 2708 2266 quia
2729 2205 2915 2250 contra
2935 2196 3265 2264 voluntatem
3295 2210 3448 2260 suam
3477 2193 3623 2266 quod

2024 2303 2128 2345 non
2161 2297 2307 2345 esset
2345 2290 2646 2348 crediturus
2676 2289 2897 2344 audivit.
2937 2289 3070 2345 Sion
3101 2289 3279 2360 (sicut
3307 2303 3450 2357 smpe
3477 2288 3624 2342 dixi-

2024 2385 2181 2454 mus)
2209 2399 2362 2440 mons
2392 2394 2475 2438 est
2500 2379 2854 2455 Jerosolymis
2881 2383 3202 2454 constitutus
3225 2422 3241 2447 ,
3267 2381 3423 2452 cujus
3453 2381 3622 2444 inter-

2030 2479 2262 2548 pretatio
2291 2479 2558 2549 signiﬁcat
2580 2476 3040 2549 speculationem;
3088 2490 3206 2545 quae
3246 2474 3384 2554 bene
3415 2485 3622 2536 sancite

2027 2557 2182 2629 datur
2232 2573 2394 2650 326
2448 2571 2738 2636 Ecclesia,
2788 2571 3042 2642 quoniam
3099 2569 3155 2626 in
3208 2566 3625 2644 contemplativa

2033 2665 2231 2719 virtute
2273 2674 2596 2736 praisentem
2642 2661 2925 2717 Dominum
2971 2676 3185 2734 semper
3223 2669 3482 2730 aspectat.
3527 2659 3628 2716 Se-

2032 2756 2231 2826 quitur,
2259 2763 2306 2809 et
2333 2753 2715 2810 exsultaverunt
2743 2754 2866 2823 ﬁlia:
2893 2751 3067 2807 Judte.
3100 2737 3438 2816 Filiwiludaz
3463 2750 3626 2820 signi-

2032 2848 2194 2912 ﬁcant
2226 2849 2504 2920 religiosas
2535 2858 2748 2912 mentes
2779 2848 3143 2924 probatasiiue
3173 2861 3430 2926 personas
3457 2865 3471 2912 ;
3503 2861 3626 2918 qua:

2031 2946 2152 3010 ideo
2180 2946 2306 3016 ﬁlia:
2345 2944 2498 3000 Judw
2541 2945 2812 3012 dicuntur,
2855 2942 3108 3015 quoniam
3150 2941 3366 3008 Christo
3404 2939 3627 3012 credere

2031 3039 2368 3116 maluerunt,
2397 3052 2518 3108 quae
2556 3052 2623 3092 ex
2667 3036 2874 3106 origine
2905 3034 3059 3098 ludas
3090 3033 3439 3102 descendisse
3466 3048 3625 3088 mon-

2027 3143 2262 3188 strantur
2309 3133 2454 3206 [ms.
2501 3129 2591 3198 G.,
2653 3132 2780 3202 qui,
2834 3141 2968 3202 etc.,
3028 3126 3420 3200 monstratur],
3477 3128 3621 3182 unde

2029 3227 2156 3283 dicti
2189 3236 2316 3282 sunt
2346 3235 2401 3281 et
2430 3224 2628 3282 Judazi.
2661 3225 2728 3298 Et
2757 3239 2924 3296 quare
2950 3223 3124 3290 laetata
3164 3224 3229 3280 sit
3269 3222 3398 3280 Sion
3435 3236 3627 3278 conse-

2028 3328 2254 3392 quenter
2286 3319 2596 3389 exponitur,
2641 3331 2856 3390 propter
2889 3317 3098 3390 judicia
3137 3326 3250 3383 tua,
3289 3315 3544 3380 Domine;
3571 3313 3628 3370 id

2028 3420 2148 3479 est,
2183 3413 2304 3481 quia
2355 3411 2629 3480 tristitiam
2670 3424 2953 3466 servorum
2999 3419 3213 3465 tuorum
3257 3408 3526 3468 convertis
3570 3407 3626 3468 in

2030 3503 2281 3573 gaudium
2302 3544 2316 3569 ,
2349 3513 2404 3560 et
2432 3503 2732 3574 superbum
2764 3501 3042 3562 diabolum
3074 3500 3397 3568 humilitatis
3425 3498 3627 3564 virtute

2032 3597 2356 3668 prosternis.

2104 3689 2258 3746 Vers.
2292 3689 2346 3744 9.
2381 3689 2642 3758 Quoniam
2671 3700 2727 3746 tu
2765 3705 2817 3748 es
2856 3688 3110 3756 Dominus
3155 3687 3438 3750 altissimus
3471 3703 3629 3759 super

2030 3797 2232 3836 omnem
2262 3791 2483 3848 terram,-
2531 3782 2683 3835 nimis
2716 3782 2974 3846 exaltatas
3005 3797 3056 3850 es
3081 3794 3237 3848 super
3266 3795 3441 3842 optines
3485 3779 3623 3836 deos.

2032 3871 2214 3940 Supra
2241 3887 2440 3926 onmem
2468 3881 2689 3940 terram,
2737 3871 2824 3926 hic
2863 3872 3000 3926 bene
3041 3867 3392 3939 intelligimus
3433 3882 3627 3938 pecca-

2034 3976 2178 4020 tores
2203 3982 2218 4030 ;
2251 3981 2410 4034 supra
2439 3981 2613 4018 omnes
2646 3965 2765 4018 deos
2787 4003 2802 4032 ,
2827 3963 3004 4034 justos
3035 3963 3285 4018 homines
3315 3973 3626 4031 competen-

2033 4065 2119 4114 ter
2143 4057 2472 4112 advertimus
2494 4098 2508 4124 ,
2540 4072 2676 4128 quos
2708 4043 2830 4111 deos
2862 4055 3143 4111 recte‘dici
3174 4054 3444 4125 frequenti
3474 4071 3634 4126 expo~

2037 4150 2237 4205 sitione
2293 4150 2577 4221 probatum
2623 4158 2728 4206 est.
2773 4150 2900 4204 Sive
2938 4148 3190 4219 quoniam
3233 4163 3327 4221 per
3369 4149 3484 4203 haec
3523 4147 3633 4204 duo

2038 4245 2312 4314 signiﬁcat
2351 4259 2472 4299 eum
2528 4253 2582 4300 et
2635 4241 2868 4299 terrenis
2921 4245 3184 4298 creaturis
3227 4250 3282 4297 et
3322 4241 3634 4298 caelestibus

2037 4338 2347 4407 imperare;
2397 4337 2538 4391 sicut
2587 4346 2642 4392 ct
2689 4336 2826 4390 alius
2878 4336 3115 4406 psalmus
3163 4335 3334 4391 dicit:
3383 4334 3636 4402 Quoniam

2037 4430 2216 4483 omnia
2241 4430 2465 4484 serviant
2495 4429 2588 4484 tibi
2618 4427 2789 4501 (Psal.
2814 4444 2977 4486 cxvm
2994 4473 3008 4498 ,
3033 4428 3150 4500 9i).

328 4524 388 4570 θῑ
417 4529 522 4585 Per
553 4513 668 4570 Ῐιὶἓο
697 4513 876 4572 omnia
920 4529 1084 4570 unum
1123 4529 1306 4568 VOIum
1348 4533 1430 4569 est
1469 4523 1793 4592 annuntiare
1834 4519 2022 4582 Do-D
2119 4523 2272 4579 Vers.
2316 4524 2404 4580 lO.
2457 4523 2562 4590 Qui
2608 4523 2823 4594 diligitis
2866 4521 3184 4586 Dominum,
3233 4519 3369 4572 adite
3414 4517 3630 4571 malum.

329 4607 550 4661 minum
591 4605 949 4660 Salvatorem.
994 4603 1147 4672 Quod
1177 4603 1393 4660 schema
1442 4603 1638 4660 dicitur
1666 4605 1894 4676 aenigma
1917 4645 1935 4674 ,

331 4704 389 4758 id
419 4711 513 4758 est
541 4701 768 4757 obscura
798 4703 1085 4772 sententia,
1106 4702 1320 4774 quando
1349 4702 1492 4760 aliud
1522 4703 1676 4770 dicit,
1706 4713 1761 4761 et
1791 4703 1936 4760 aliud

332 4795 458 4850 vult
492 4793 738 4864 intelligi.

409 4885 577 4941 Vers.
605 4887 660 4941 7.
685 4882 1082 4958 Confundantur
1107 4904 1278 4956 omnes
1298 4888 1386 4958 qui
1409 4888 1625 4944 adorant
1651 4889 1822 4958 idola,
1850 4887 1938 4959 qui

330 4979 637 5052 gloriantur
679 4983 732 5049 in
779 4981 1071 5050 simulacris
1118 4983 1264 5050 suis:
1309 4983 1525 5052 adorata
1572 4999 1717 5052 eum,
1767 4999 1940 5038 omnes

332 5073 522 5146 angeli
575 5075 708 5152 ejus.
742 5074 987 5138 Adventu
1017 5075 1230 5142 Domini
1270 5075 1628 5152 praphetato,
1670 5077 1939 5142 idolorum

335 5149 866 5240 cultores‘increpat,
898 5166 987 5240 qui
1021 5176 1164 5224 tanta
1186 5149 1619 5234 manifestatione
1641 5169 1938 5241 declarata,

337 5272 461 5314 non
496 5260 817 5316 erubescunt
857 5261 1031 5316 adhuc
1071 5261 1250 5316 colere
1294 5261 1478 5317 nescio
1518 5279 1650 5332 quas
1692 5265 1939 5334 ineptias.

339 5349 567 5407 Idolum
593 5353 790 5426 quippe
820 5355 1018 5420 dictum
1058 5361 1177 5428 est,
1219 5353 1359 5422 quod
1397 5355 1570 5424 ipsum
1613 5356 1681 5412 sit
1721 5355 1942 5425 dolum,

341 5446 404 5504 id
437 5456 556 5514 est,
589 5448 866 5504 hominum
899 5448 1129 5504 falsitate
1159 5457 1451 5519 repertum.
1495 5448 1881 5518 Simulacrum,
1907 5465 1943 5514 a

342 5539 699 5594 simulatione
728 5554 882 5606 sacra
913 5542 1268 5612 compositum
1292 5581 1306 5606 ,
1337 5539 1478 5612 quod
1519 5540 1627 5598 illis
1658 5544 1816 5598 detur
1844 5542 1942 5598 ho-

345 5644 460 5682 nor
490 5630 714 5686 :ilienus.
745 5631 838 5690 Sic
867 5613 1090 5702 utraque
1115 5633 1362 5703 lugienda
1396 5635 1636 5702 ipsorum
1667 5635 1942 5700 nominum

346 5720 808 5790 interpretatione
829 5707 1190 5786 declarantur.
1217 5723 1284 5777 Et
1313 5724 1562 5793 quoniam
1595 5725 1813 5794 spiritus
1843 5725 1943 5782 im-

347 5811 545 5880 mundi
575 5831 635 5872 se
665 5817 884 5891 inpium
910 5816 1158 5887 adorari,
1191 5815 1317 5872 dum
1357 5813 1520 5873 falsos
1567 5818 1670 5873 sibi
1712 5818 1942 5873 honores

2043 4611 2282 4662 Custodit
2304 4610 2554 4664 Dominus
2580 4611 2779 4662 animas
2806 4619 3096 4663 sanctorum
3124 4625 3368 4677 suorum,
3397 4611 3459 4662 de
3483 4624 3639 4664 manu

2045 4711 2372 4771 peccatorum
2404 4701 2636 4756 liberabit
2680 4719 2786 4756 eos.
2823 4701 3045 4758 Videtur
3087 4711 3141 4758 et
3181 4703 3268 4757 hic
3305 4701 3639 4774 catcgoricus

2046 4797 2389 4868 syllogismus
2421 4799 2682 4867 ita‘possc
2714 4797 2936 4854 formari
2957 4816 2972 4854 :
2992 4799 3177 4854 Sancti
3203 4798 3428 4870 diligunt
3460 4799 3639 4855 Domi-

2047 4907 2210 4958 num,
2262 4892 2515 4961 quoniam
2564 4893 2800 4949 custodit
2847 4895 3108 4950 Dominus
3155 4894 3362 4950 animas
3410 4909 3637 4960 eorum,

2049 4994 2102 5040 et
2131 4985 2197 5040 de
2227 5000 2388 5040 manu
2420 4994 2762 5057 peccatorum
2794 4987 2956 5056 eripit
2985 5002 3110 5054 eos;
3151 5001 3340 5044 omnes
3381 4987 3471 5060 qui
3509 4987 3637 5047 dili-

2043 5088 2174 5149 gunt
2203 5079 2518 5147 Dominum,
2566 5081 2817 5149 quoniam
2859 5081 3094 5134 custodit
3134 5080 3393 5140 Dominus
3423 5081 3632 5152 animas

2044 5183 2234 5225 eorum
2258 5211 2274 5239 ,
2304 5177 2358 5226 et
2389 5171 2455 5226 de
2485 5186 2647 5226 manu
2695 5182 3036 5241 peccatorum
3083 5171 3241 5241 eripit
3275 5188 3371 5230 eos
3389 5213 3408 5241 ,
3449 5173 3641 5230 odium.

2047 5262 2286 5316 malum:
2319 5262 2497 5317 sancti
2543 5262 2708 5333 igitur
2751 5262 2942 5317 odiunt
2990 5265 3209 5320 malutn.
3250 5265 3402 5324 Nunc
3441 5266 3638 5340 psalmi

2047 5356 2212 5410 verba
2245 5363 2558 5412 tractemus.
2593 5356 2690 5411 llic
2719 5356 2890 5412 bonos
2921 5358 3213 5429 alloquitur
3238 5368 3294 5416 et
3325 5360 3547 5424 ﬁdeles,
3582 5366 3644 5412 ut

2049 5465 2080 5505 a
2111 5448 2310 5504 diaboli
2369 5450 2570 5504 malitia
2601 5461 2980 5522 segregantur;
3013 5455 3130 5523 ipse
3170 5456 3313 5510 enim
3353 5452 3477 5524 jure
3505 5451 3640 5507 dici-

2049 5551 2135 5599 tur
2173 5545 2384 5611 malus,
2429 5561 2524 5615 per
2566 5561 2724 5616 quem
2769 5548 2921 5600 venit
2962 5563 3122 5604 omne
3166 5557 3467 5618 peccatum.
3498 5544 3640 5614 Quid

2047 5646 2132 5695 est
2161 5653 2290 5709 ergo
2315 5633 2596 5694 Dominam
2626 5639 2839 5712 diligere
2859 5641 2884 5693 φ
2919 5640 3098 5697 odisse
3126 5641 3434 5706 diabolum;
3469 5639 3592 5706 quia
3614 5674 3634 5700 ,

2047 5728 2186 5792 sicut
2214 5730 2470 5797 scriptum
2503 5738 2584 5786 est
2612 5747 2624 5782 :
2662 5729 2827 5784 Nemo
2857 5739 3017 5801 potest
3047 5730 3246 5784 duobus
3275 5727 3498 5782 dominis
3526 5741 3638 5778 ser-

2052 5821 2154 5876 vire
2185 5821 2396 5893 (Matth.
2431 5839 2513 5892 γι,
2544 5824 2657 5894 ill).
2691 5824 2820 5889 Quae
2849 5821 3019 5894 ﬁgura
3059 5821 3254 5878 dicitur
3295 5821 3546 5890 pariSOu,
3583 5817 3634 5876 ill
