4062 6344
498 431 600 492 68⁷

1718 430 1790 486 u.
1841 429 2131 506 suumn
2157 428 2555 488 casswnom

3663 420 3770 476 688

497 549 586 599 est
621 538 852 611 aquatio
886 538 1193 602 sententias,
1238 546 1490 593 constans
1533 536 1884 592 dissimilibus
1911 554 2080 594 mem-
2107 542 2157 602 Α
2186 540 2363 597 eundo
2392 540 2626 594 adventu
2655 533 2893 605 psalmus
2921 532 3025 588 iste
3052 529 3296 587 dicturus
3337 536 3456 595 est;
3486 527 3578 597 qui
3619 535 3769 582 tanta

502 629 640 686 bris.
673 629 739 685 Et
768 644 837 685 ne
867 629 990 698 quis
1030 627 1297 683 diabolum
1343 629 1610 684 timuisset
1646 628 1954 696 oﬁ‘endere,
1997 643 2082 684 se-

503 721 708 792 quitur,
740 719 959 774 custodit
985 717 1234 773 Dominus
1269 721 1466 774 animas
1505 731 1796 774 sanctorum
1833 735 2040 774 suorum
2061 761 2078 787 ,

504 813 572 868 de
599 829 756 867 manu
781 819 1103 882 peccatorum
1130 811 1361 866 liberabit
1390 827 1494 866 eos.
1526 811 1643 867 Jam
1681 826 1838 868 nemo
1877 811 2084 867 dubitet

504 905 676 959 odisse
703 891 924 968 malum,
963 902 1176 972 quando
1216 902 1472 959 Dominus
1505 903 1706 958 animas
1741 903 2084 973 cognoscitur

505 992 758 1048 custodire
795 1001 1108 1047 sanctorum.
1131 992 1237 1048 Sed
1275 993 1397 1048 vide
1425 994 1550 1063 quia
1587 993 1718 1049 dicit
1746 997 1943 1047 animas
1963 1035 1978 1060 ,
2014 1007 2084 1048 ne

505 1090 560 1139 te
608 1091 818 1139 teneres
847 1083 977 1156 [ms.
1009 1084 1099 1151 A.,
1150 1099 1218 1139 ne
1248 1082 1528 1154 tenderes]
1571 1084 1639 1140 ad
1671 1098 1932 1155 corpora,
1968 1099 2086 1154 quae

506 1173 706 1242 passim
749 1172 914 1228 tradit
949 1171 1018 1228 ad
1056 1187 1276 1243 pinnas,
1315 1182 1376 1230 ut
1411 1174 1735 1246 martyribus
1771 1175 1959 1230 reddat
1991 1189 2086 1230 co-

419 1339 424 1342 _
507 1277 690 1320 ronas.
740 1262 946 1320 Liberet
994 1265 1138 1321 enim
1188 1267 1251 1320 de
1295 1282 1453 1321 manu
1488 1275 1809 1337 peccatorum
1855 1269 2086 1334 animas,

508 1355 727 1426 quando
756 1369 850 1413 eas
875 1371 984 1412 non
999 1357 1130 1414 sinit
1166 1357 1346 1428 aliqua
1376 1359 1642 1428 pravitate
1677 1358 1938 1425 subverti,
1993 1359 2089 1416 sed

506 1449 582 1503 ita
611 1447 811 1505 illaesas
837 1446 1068 1520 eripuit,
1105 1447 1555 1520 quemadmodum
1592 1448 1696 1506 sibi
1723 1448 2091 1520 beneplacitas

507 1553 629 1598 esse
655 1543 952 1614 cognoscit.

577 1632 737 1690 Vers.
766 1633 855 1688 11.
881 1632 1000 1689 Lua:
1024 1642 1138 1688 orta
1165 1643 1240 1689 est
1257 1638 1403 1706 justo
1420 1674 1436 1704 ,
1466 1641 1515 1690 et
1539 1635 1687 1692 rectis
1711 1634 1863 1691 corde
1892 1633 2091 1690 latitia.

507 1725 662 1781 Justo
686 1726 818 1783 dicit
844 1736 1012 1782 ortam
1037 1728 1231 1796 lucem,
1261 1728 1314 1782 id
1340 1736 1425 1784 est
1454 1727 1788 1786 verissimam
1817 1726 2005 1793 ﬁdem;
2036 1739 2097 1783 ut

2191 634 2474 688 varietatis
2509 629 2683 702 gratia
2722 627 3124 691 describuntur,
3165 632 3226 680 ut
3255 623 3382 678 licet
3432 621 3543 677 sint
3571 621 3768 690 saepius

2191 725 2469 794 praedicti,
2503 723 2627 778 novi
2667 734 2879 792 semper
2907 726 2964 775 et
3001 715 3276 776 mirabiles
3315 713 3565 770 humanis
3602 717 3772 768 sensi-

2188 811 2293 868 bus
2343 812 2670 869 elucescant.
2723 811 2876 880 Hunc
2921 810 3066 865 enim
3112 808 3182 865 de
3225 807 3309 862 his
3347 806 3510 862 rebus
3549 806 3767 861 tertium

2191 918 2314 960 esse
2342 918 2449 960 non
2477 903 2696 960 dubium
2722 908 2826 958 est.
2873 899 2978 956 Sed
3007 898 3101 956 isti
3141 897 3234 970 qui
3261 904 3549 967 utrumque
3575 894 3773 952 adven-

2191 1003 2306 1050 tum
2339 992 2550 1050 Domini
2590 993 2692 1050 sub
2720 1007 2824 1048 una
2854 991 3117 1048 relatione
3155 989 3423 1062 complexi
3461 994 3629 1056 sunt,
3670 1003 3771 1042 ma-

2184 1098 2288 1155 gna
2345 1083 2501 1139 nobis
2555 1089 2892 1140 sacramenta
2946 1080 3244 1138 declarant.
3302 1079 3359 1134 in
3413 1090 3523 1134 uno
3576 1078 3770 1147 quippe

2185 1181 2571 1240 commonent,
2628 1181 2686 1228 ut
2734 1171 3138 1228 misericordem
3189 1170 3478 1227 Dominum
3529 1185 3772 1241 quaerere

2185 1265 2484 1323 debeamus
2513 1282 2528 1334 ;
2561 1267 2615 1321 in
2644 1265 2846 1330 altero,
2879 1273 2938 1320 ut
2975 1272 3259 1320 venturum
3296 1263 3541 1320 iudicem
3581 1262 3769 1317 formi-

2187 1356 2398 1414 demus.
2431 1358 2523 1414 Sic
2561 1357 2662 1412 ista
2699 1355 2948 1412 salutaris
2991 1357 3334 1427 pretiosaque
3372 1354 3689 1426 conjunctio
3725 1364 3773 1409 et

2189 1451 2309 1522 spei
2336 1451 2496 1508 nobis
2524 1463 2716 1506 causas
2744 1449 2931 1505 tribuit
2957 1457 3013 1505 et
3049 1449 3281 1506 timoris.

2767 1541 2962 1597 Divisio
3000 1543 3206 1613 psalmi.

2266 1631 2371 1688 Per
2399 1639 2568 1688 totum
2601 1631 2864 1702 psalmum
2891 1635 3156 1704 propheta
3198 1634 3462 1705 loquitur.
3505 1634 3560 1690 In
3609 1635 3771 1705 prima

2196 1728 2357 1794 parte
2380 1732 2688 1780 commonet
2718 1731 2777 1779 ut
2803 1725 3035 1794 populus
3061 1724 3398 1783 Christianus
3423 1726 3623 1783 cantici
3653 1728 3773 1782 novi

509 1817 845 1874 illuminatus
869 1819 997 1875 talia
1021 1821 1233 1887 credat,
1258 1836 1378 1891 qua:
1403 1835 1526 1878 eum
1549 1821 1617 1878 ad
1643 1821 1906 1878 cmlorum
1931 1835 2097 1892 regna
2127 1883 2172 1892 _
2201 1817 2562 1873 exsultatione
2609 1817 2844 1886 laetetur,
2889 1819 3104 1888 quando
3149 1818 3412 1875 mirabilis
3454 1829 3540 1877 est
3584 1818 3774 1875 Christi

511 1910 829 1980 perducant.
869 1912 968 1970 Est
1003 1883 1228 1984 quidem
1261 1883 1318 1972 et
1359 1924 1666 1972 sanctorum
1693 1916 1784 1972 lux
1814 1916 1913 1972 ista
1955 1883 2101 1971 como
2127 1883 2181 1948 Β
2205 1912 2418 1968 Domini
2445 1926 2738 1969 concessus
2764 1883 3050 1968 adventus.
3099 1912 3344 1969 Secunda
3373 1921 3528 1984 parte
3556 1912 3780 1968 diversis

515 2003 716 2071 munis,
744 2019 903 2074 quam
931 2005 1224 2063 indiscrete
1251 2006 1435 2063 vident
1461 2015 1518 2063 et
1545 2007 1794 2065 homines
1817 2017 1874 2064 et
1897 2008 2103 2078 jumen-

519 2103 594 2149 ta.
627 2093 733 2151 Sed
770 2095 864 2152 illa
902 2097 996 2153 lux
1023 2111 1214 2154 eorum
1244 2098 1463 2170 prOpria
1495 2099 1712 2166 dicitur,
1742 2115 1862 2170 quae
1888 2098 2102 2155 Christo

518 2186 644 2242 Sole
671 2196 958 2259 praestatur
989 2206 1003 2242 :
1032 2188 1100 2245 de
1125 2205 1230 2261 qua
1270 2189 1462 2246 dicturi
1493 2200 1616 2246 sunt
1655 2191 1807 2261 impii
1841 2208 1853 2245 :
1885 2190 2102 2244 Erravi-

516 2295 631 2334 mus
657 2297 692 2334 a
719 2281 801 2336 uia
825 2282 1086 2351 veritatis,
1115 2290 1164 2336 et
1187 2283 1404 2355 justitite
1432 2285 1603 2339 lumen
1634 2301 1736 2338 non
1763 2283 1892 2338 luxit
1922 2284 2095 2348 nobis,

515 2379 566 2426 et
613 2371 709 2430 Sol
754 2388 864 2460 non
894 2382 968 2428 est
1005 2382 1145 2430 ortus
1181 2374 1327 2429 nobis
1365 2373 1530 2446 (Sap.
1552 2390 1619 2444 v,
1645 2374 1731 2448 6).
1763 2376 1934 2431 Rectis
1970 2389 2100 2431 vero

516 2466 668 2520 corde
713 2466 885 2522 oritur
933 2468 1051 2523 sine
1099 2467 1431 2525 dubitatione
1468 2470 1670 2536 latitia,
1703 2469 1937 2540 quando,
1985 2469 2100 2524 Deo

519 2566 833 2627 praeeunte,
866 2559 992 2616 talia
1030 2570 1262 2632 gerunt,
1291 2577 1414 2634 qua:
1442 2563 1544 2618 sibi
1585 2562 1864 2634 profutura
1903 2575 2104 2633 cogno-

521 2657 701 2704 scunt.
731 2650 820 2708 Sic
849 2659 906 2707 et
932 2653 987 2708 in
1015 2652 1121 2709 isto
1147 2653 1268 2710 loco
1300 2654 1592 2712 indicatum
1629 2663 1714 2712 est
1751 2656 1875 2725 quia
1916 2654 2102 2711 muudi
2151 2676 2156 2683 -

519 2748 785 2800 amatores
832 2757 935 2802 nec
981 2744 1139 2803 ﬁrma
1178 2746 1401 2816 laetitia,
1440 2762 1541 2806 nec
1570 2761 1700 2804 vero
1737 2745 1943 2804 lumine
1979 2762 2102 2818 per-

515 2832 787 2891 fruuntur.

589 2927 742 2986 Vera.
776 2929 864 2986 12.
894 2929 1196 3000 Ltetamini,
1221 2935 1388 3004 justi,
1431 2935 1488 2989 in
1527 2933 1781 3004 Domino,
1811 2946 1861 2991 et
1891 2937 2105 3004 conﬁte-

518 3021 644 3075 mini
681 3024 936 3078 memorite
964 3015 1248 3080 sanctitatis
1279 3029 1410 3097 ejus.
1450 3025 1583 3083 Cum
1624 3031 1870 3100 superius
1910 3029 2105 3086 dixerit

519 3125 641 3182 quae
668 3113 806 3168 bona
832 3115 962 3184 justi
989 3117 1241 3188 (Domino
1266 3118 1578 3190 praestante)
1605 3122 1932 3191 suscipiant,
1961 3136 2105 3178 nunc

2205 2007 2378 2064 modis
2405 2007 2623 2064 uberius
2661 2008 2792 2064 dicit
2836 2023 2958 2064 esse
2987 2007 3318 2064 laetandum:
3358 2008 3484 2078 quia
3515 2016 3782 2077 exspecta-

2205 2107 2318 2156 tum
2343 2099 2508 2170 justis
2534 2098 2651 2170 ejus
2688 2099 2930 2155 noscitur
2961 2101 3246 2169 provenire
3268 2097 3533 2170 judicium
3551 2138 3570 2164 ,
3599 2099 3656 2153 in
3684 2112 3784 2168 quo

2203 2198 2331 2248 sunt
2356 2189 2728 2247 misericordia
2753 2189 2966 2246 Domini
2992 2191 3213 2262 praemia
3243 2189 3400 2262 digna
3429 2190 3716 2262 sumpturi.

2739 2280 3010 2352 Expositio
3049 2283 3255 2352 psalmi.

2279 2373 2433 2430 Vers.
2458 2374 2514 2430 1.
2542 2372 2752 2428 Cantate
2775 2373 2990 2428 Domino
3013 2375 3268 2428 canticum
3291 2389 3493 2429 nouunt.
3525 2371 3790 2443 Propheta

2207 2461 2397 2520 ﬁdeles
2421 2463 2674 2519 admonet
2698 2462 3035 2519 Christianos
3052 2506 3068 2532 ,
3096 2472 3155 2520 ut
3184 2479 3335 2520 nova:
3361 2463 3786 2536 regenerationis

2206 2555 2543 2615 sacramenta
2585 2565 2886 2626 sumentes,
2931 2574 3113 2612 novum
3163 2559 3414 2612 canticum
3462 2558 3534 2614 de
3585 2555 3791 2613 Domini

2211 2651 2580 2708 incarnatione
2615 2652 3016 2707 concelebrent.
3057 2651 3238 2709 Novus
3275 2651 3418 2708 enim
3458 2651 3628 2706 homo
3671 2666 3790 2704 can-

2207 2753 2314 2799 tare
2365 2745 2527 2801 debet
2573 2747 2823 2800 canticum
2873 2762 3083 2813 novum,
3136 2761 3245 2802 non
3292 2746 3382 2802 ille
3421 2754 3669 2801 vetustus
3709 2743 3793 2814 qui

2212 2838 2441 2894 necdum
2485 2837 2616 2894 Adze
2655 2845 2871 2908 peccata
2914 2839 3224 2908 deponens,
3266 2838 3321 2894 in
3360 2839 3796 2909 praevaricatione

2208 2931 2410 2986 veteris
2460 2929 2696 2985 hominis
2757 2940 3083 3000 perseverat.
3141 2929 3345 2985 Novum
3399 2933 3620 3000 utique,
3649 2927 3796 2999 ‘quia

2209 3039 2484 3092 nunquam
2532 3023 2731 3094 aliquid
2781 3024 2958 3080 simile
3008 3025 3236 3080 mundus
3286 3025 3509 3081 audivit.
3555 3023 3792 3090 Novum,

2211 3116 2368 3187 327
2411 3115 2746 3186 quod'nulla
2790 3124 3054 3172 vetustate
3093 3117 3395 3186 sordescit,
3442 3117 3538 3173 sed
3582 3131 3800 3187 semper

519 3203 717 3260 iterum
765 3205 912 3276 ipsos
956 3216 1296 3276 commonet,
1350 3219 1408 3265 ut
1455 3212 1511 3264 in
1553 3210 1770 3272 Domino
1810 3214 1974 3269 laetari
2009 3216 2100 3272 de.
2125 3226 2174 3291 ο
2208 3205 2264 3262 in
2293 3221 2406 3262 sua:
2435 3207 2708 3275 dignitatis
2735 3207 2904 3278 gratia
2935 3217 3262 3277 perseverat.
3307 3208 3418 3264 Sed
3445 3209 3596 3266 unde
3621 3209 3800 3266 veniat

520 3295 715 3363 beant,
751 3297 942 3355 nonin
973 3301 1208 3358 humano
1250 3301 1555 3373 desiderio,
1588 3315 1680 3361 aut
1718 3308 1770 3362 in
1813 3308 1969 3378 hujus
1999 3323 2099 3364 sae-

521 3388 628 3443 culi
681 3391 896 3446 ruinosa
943 3393 1232 3462 jactantia,
1289 3397 1429 3452 sicut
1477 3398 1555 3453 ait
1593 3399 1756 3456 Isaias
1794 3405 2096 3471 propheta:

525 3477 648 3533 Non
676 3490 748 3536 est
778 3484 998 3553 gaudere
1025 3486 1228 3555 impiis,
1261 3489 1384 3542 dicit
1413 3488 1664 3546 Dominus
1697 3491 1868 3562 (Isai.
1899 3509 2098 3560 XLVIII,

523 3567 641 3639 22).
673 3570 1182 3641 Conﬁtenturautem
1205 3580 1338 3650 justi
1367 3584 1623 3637 memoria
1648 3587 1936 3641 sanctitatis
1964 3589 2097 3658 ejus,

525 3662 739 3732 quando
770 3663 824 3718 in
855 3663 949 3720 illo
977 3680 1144 3737 regno
1174 3680 1436 3741 perpetuo
1465 3672 1662 3731 fuerint
1699 3678 1941 3732 collocati
1973 3697 1985 3732 :
2018 3695 2105 3734 re-

525 3750 810 3808 cordantes
847 3753 916 3810 de
953 3765 1150 3827 quanta
1201 3760 1354 3818 clade
1399 3761 1558 3834 hujus
1603 3767 1785 3823 saeculi
1835 3769 2109 3839 (Domino

526 3842 849 3917 miserante)
880 3848 991 3904 sint
1016 3849 1296 3908 subtracti.

1056 3959 1327 4019 Conclusio
1370 3967 1576 4036 psalmi.

597 4071 1014 4132 Consideremus
1053 4074 1197 4133 hunc
1243 4079 1509 4149 psalmum
1561 4097 1719 4153 quam
1770 4084 1970 4140 salubri
2012 4100 2111 4144 nos

525 4163 861 4224 institutione
895 4179 1204 4240 componat.
1238 4172 1320 4228 Ab
1369 4173 1633 4230 idolorum
1679 4177 1903 4234 culturis
1927 4178 2109 4251 prohi-

524 4259 620 4318 bet
640 4302 655 4329 ,
687 4261 830 4318 unde
859 4271 1116 4318 aeternam
1146 4272 1376 4320 mortem
1407 4269 1770 4338 potuissemus
1810 4273 2106 4330 incurrere.

525 4348 741 4405 Laudes
795 4351 1004 4408 Domini
1055 4363 1425 4424 competenter
1477 4359 1752 4429 insinuat,
1807 4365 1951 4422 unde
2005 4367 2114 4423 vita

528 4447 714 4496 nostra
745 4440 863 4498 sine
900 4442 1234 4501 dubitatione
1273 4449 1549 4506 succedat.
1586 4452 1751 4509 Docet
1795 4457 2114 4515 alﬁictiones

529 4544 637 4635 non
675 4544 1006 4634 pavescere,
1048 4537 1326 4635 uec_mala
1368 4539 1526 4635 hujus
1569 4545 1752 4600 saeculi
1795 4547 2108 4606 formidare.
2139 4573 2194 4635 D

531 4620 724 4688 Omnia
773 4623 918 4678 enim
974 4621 1312 4691 periculosa,
1363 4631 1542 4681 omnia
1588 4637 1868 4686 mortifera
1919 4653 2114 4704 magno

531 4716 855 4787 compendio
908 4731 1194 4786 possumus
1249 4717 1517 4788 evadere,
1570 4722 1616 4776 si
1676 4723 1862 4779 salutis
1917 4735 2117 4784 nostra:

533 4806 816 4880 diligamus
844 4816 1121 4863 auctorem
1148 4824 1163 4874 ;
1197 4808 1337 4864 sicut
1362 4811 1494 4866 dicit
1523 4815 1813 4882 Apostolus
1843 4835 1856 4870 :
1899 4815 1967 4872 In
2004 4834 2118 4874 om-

534 4899 681 4954 nibus
707 4901 1080 4956 tribulationem
1108 4902 1354 4971 patimur,
1378 4905 1467 4958 sed
1494 4921 1596 4960 non
1622 4911 2011 4980 angustiamur;
2039 4913 2124 4967 de-

533 4988 734 5059 ﬁcimus
755 5033 770 5058 ,
794 4992 882 5046 sed
906 5007 1006 5047 non
1027 4993 1250 5063 perimus
1265 5008 1284 5047 :
1311 5010 1508 5066 semper
1532 5001 1974 5068 mortiﬁcationem
1997 5003 2123 5060 Jesu

533 5078 593 5134 in
618 5093 828 5150 corpore
855 5091 1029 5136 nostra
1055 5082 1588 5166 circumferenteshut
1628 5098 1676 5144 et
1711 5093 1814 5144 vita
1845 5092 1973 5148 Jesu
2012 5111 2120 5149 ma.

536 5169 808 5240 nifestetur
831 5171 887 5226 in
911 5188 1064 5231 carne
1085 5186 1262 5234 nostra
1285 5183 1488 5237 mortali
1514 5182 1604 5255 (II
1627 5185 1745 5240 Cor.
1767 5203 1839 5254 tv,
1860 5189 1912 5257 8,
1932 5190 2116 5263 9,10),

537 5267 596 5318 et
621 5267 818 5318 cetera
844 5278 965 5334 quae
994 5267 1197 5325 Doctor
1223 5275 1468 5343 egregius
1506 5277 1573 5331 ad
1613 5278 1985 5338 instruendum
2019 5283 2121 5340 hu-

535 5362 756 5410 manum
786 5368 956 5426 genus
984 5358 1293 5420 salutariter
1321 5367 1560 5424 noscitur
1588 5369 1856 5429 elocutus.

787 5470 1152 5532 EXPOSITIO
1189 5478 1254 5534 ΙΝ
1295 5479 1624 5539 PSALMUM
1664 5486 1868 5543 XCVII.

1038 5570 1277 5630 Psalmus
1301 5577 1399 5645 ipsi
1440 5575 1622 5634 David.

608 5677 895 5752 Simplices
943 5683 1032 5740 isti
1081 5686 1222 5741 tituli
1273 5687 1578 5754 planissima
1629 5693 1782 5748 nobis
1833 5696 2119 5752 verborum

541 5771 808 5843 positione
833 5773 1140 5832 subrident.
1183 5777 1510 5841 Rel‘eruntur
1537 5781 1679 5837 enim
1723 5786 1787 5839 ad
1834 5785 2119 5844 Dominum

543 5859 872 5923 Salvatorem
901 5903 916 5930 ,
966 5865 1034 5922 de
1081 5865 1233 5934 cujus
1282 5867 1664 5928 incarnationis
1711 5875 1878 5940 gloria
1926 5885 1980 5933 et
2033 5893 2120 5934 se-

2201 3301 2347 3359 istud
2375 3301 2628 3354 canticum
2657 3316 2842 3354 novum
2863 3341 2877 3366 ,
2907 3302 3092 3357 subter
3122 3303 3380 3372 aperitur.

2275 3389 2428 3446 Vers.
2458 3391 2513 3444 2.
2541 3391 2675 3458 Quia
2704 3391 2958 3445 mirabilia
2984 3393 3103 3462 fecit
3137 3393 3423 3460 Dominus;
3447 3395 3668 3449 saluauit
3689 3410 3798 3449 cum

2206 3483 2419 3538 dextera
2439 3485 2571 3555 ejus,
2602 3495 2650 3538 et
2667 3483 2928 3540 brachium
2948 3495 3180 3541 sanctum
3201 3489 3334 3560 ejus.
3357 3485 3534 3543 Causa
3561 3487 3804 3543 redditur

2206 3579 2404 3634 cantici
2453 3579 2598 3644 novi,
2636 3578 2772 3646 Quia
2816 3579 3072 3634 mirabilia
3110 3581 3228 3650 fecit
3273 3581 3567 3647 Dominus;
3596 3580 3805 3636 scilicet

2207 3671 2420 3742 quando
2461 3672 2617 3727 caacis
2652 3670 2855 3740 lumen,
2888 3673 3094 3728 claudis
3125 3687 3387 3743 gressum,
3426 3674 3606 3728 surdis
3643 3675 3804 3727 etiam

2220 3764 2441 3820 donavit
2469 3763 2730 3832 auditum,
2757 3773 2812 3820 et
2835 3773 3031 3819 caetera
3066 3764 3431 3834 hujuscemodi
3459 3780 3581 3834 qua
3618 3775 3805 3820 contra

2219 3871 2374 3911 usum
2396 3866 2602 3911 naturae
2626 3855 2872 3911 humanae
2898 3856 3058 3923 facta,
3085 3857 3498 3927 Evangeliorum
3525 3866 3706 3912 textus
3728 3859 3809 3911 in—

2219 3947 2414 4003 sinuat.
2439 3947 2545 4003 Sed
2567 3949 2666 4002 ista
2690 3948 2930 4004 iecerunt
2960 3958 3015 4004 et
3040 3949 3209 4004 sancti
3231 3947 3369 4019 ejus.
3393 3949 3536 4004 Audi
3558 3949 3697 4018 quod
3714 3962 3804 4003 se-

2219 4040 2434 4111 quitur,
2477 4049 2535 4095 ut
2575 4054 2770 4096 revera
2815 4041 3082 4111 intelligas
3130 4056 3244 4096 rem
3293 4041 3621 4110 singularem
3662 4051 3805 4094 novo

2220 4134 2430 4190 cantico
2469 4131 2634 4189 fuisse
2670 4148 2980 4190 concessam
3014 4151 3029 4192 :
3062 4135 3276 4189 calcavit
3313 4152 3428 4189 eum
3466 4134 3617 4200 dicit,
3649 4133 3702 4188 id
3729 4141 3811 4188 est

2219 4223 2494 4282 Christum
2515 4223 2826 4292 Dominum,
2854 4226 2983 4282 dum
3005 4227 3189 4282 mundi
3215 4228 3367 4283 istius
3389 4237 3612 4300 peccata
3636 4227 3810 4282 nesci-

2220 4317 2320 4384 vit,
2353 4317 2480 4373 dum
2512 4317 2757 4373 triduana
2789 4318 3074 4374 velocitate
3104 4320 3338 4375 surrexit
3364 4334 3394 4375 a
3423 4321 3677 4376 mortuis.
3707 4317 3807 4373 Sed

2225 4410 2315 4480 qui
2341 4426 2454 4465 eum
2479 4411 2710 4475 salvavit,
2731 4411 3095 4481 subsequitur,
3124 4412 3332 4466 dextera
3351 4413 3480 4482 ejus,
3505 4411 3563 4459 id
3583 4416 3672 4461 est
3697 4413 3809 4460 0m-

2228 4499 2479 4570 nipotens
2497 4501 2765 4568 Verbum;
2791 4517 2895 4556 non
2916 4503 3041 4572 quia
3060 4504 3195 4553 altor
3207 4510 3291 4551 est
3306 4496 3572 4564 Christus,
3600 4507 3660 4553 et
3679 4500 3806 4554 alter

2217 4592 2556 4653 omnipotens
2597 4592 2853 4651 Verbum,
2889 4585 3030 4654 quod
3060 4586 3158 4642 sibi
3187 4585 3502 4644 Nestoriana
3547 4590 3803 4662 conﬁngit

2219 4680 2462 4748 insania;
2506 4680 2602 4736 sed
2651 4681 2752 4736 hoc
2793 4680 2908 4736 vult
2949 4679 3196 4752 intelligi,
3242 4691 3300 4738 ut
3339 4683 3513 4752 ipsum
3564 4687 3804 4742 salvasse

2221 4786 2592 4842 cognosceres,
2616 4773 2707 4842 qui
2731 4771 2867 4827 dixit
2893 4790 2904 4825 :
2931 4771 3241 4829 Potestatem
3267 4773 3426 4830 habeo
3449 4778 3679 4846 ponendi
3699 4779 3806 4831 ani-

2223 4881 2361 4920 mam
2389 4881 2572 4930 meam,
2603 4875 2649 4920 et
2687 4874 2982 4936 potestatem
3015 4866 3175 4922 habeo
3203 4869 3386 4922 iterum
3423 4870 3665 4924 sumendi
3700 4887 3807 4926 eam

2223 4955 2403 5028 (Joan.
2447 4973 2502 5024 x,
2539 4956 2648 5028 18).
2715 4956 2993 5013 Brachium
3031 4973 3160 5015 vero
3195 4960 3335 5032 quod
3377 4961 3607 5029 addidit,
3641 4965 3723 5020 sic
3757 4972 3808 5019 et

2226 5053 2388 5108 Isaias
2417 5051 2677 5122 propheta
2707 5051 2774 5108 de
2805 5051 2944 5110 Filio
2981 5052 3110 5109 dicit
3137 5067 3153 5109 :
3181 5053 3251 5109 Et
3293 5055 3558 5110 brachium
3595 5055 3808 5112 Domini

2227 5145 2306 5199 cui
2329 5143 2603 5198 revelatum
2636 5152 2710 5198 est
2744 5141 2902 5216 (lsai.
2935 5160 3045 5213 un,
3089 5144 3186 5216 l)?
3215 5145 3438 5201 Dextera
3480 5147 3719 5217 pertinet
3743 5146 3805 5202 ad

2227 5235 2565 5304 operationes
2589 5233 2893 5302 mirabiles;
2924 5234 3189 5290 brachium
3207 5236 3275 5292 ad
3299 5235 3676 5294 fortitudinem
3703 5240 3807 5295 sin-

2225 5325 2485 5397 gularem.

2302 5417 2456 5474 Vers.
2499 5419 2552 5475 5.
2586 5418 2782 5475 Notum
2807 5419 2926 5490 fecit
2947 5418 3200 5476 Dominus
3223 5422 3448 5479 salutare
3481 5441 3661 5492 suum,
3697 5435 3812 5481 ante

2228 5522 2548 5582 conspectum
2584 5515 2810 5584 gentium
2837 5513 3073 5568 reuelauit
3090 5515 3351 5586 justitiam
3389 5533 3562 5574 suam.
3612 5517 3812 5573 Nolunt

2225 5603 2345 5671 fecit
2368 5603 2614 5659 Dominus
2634 5606 2861 5661 salutare
2887 5623 3060 5674 suum,
3094 5608 3145 5664 id
3172 5617 3256 5664 est
3297 5609 3582 5666 Dominum
3623 5611 3814 5668 Salva-

2225 5703 2428 5763 torem;
2461 5697 2574 5766 ipse
2612 5707 2694 5753 est
2723 5697 2868 5753 enim
2916 5699 3166 5756 salutaris
3195 5715 3355 5772 quem
3386 5702 3611 5760 Simeon
3641 5705 3814 5761 susci-

2224 5791 2372 5861 piens
2401 5791 2454 5848 in
2477 5793 2720 5849 manibus
2739 5794 2851 5850 suis
2877 5793 3006 5852 dicit
3031 5797 3084 5852 in
3108 5797 3308 5865 templo
3338 5815 3352 5854 :
3380 5797 3539 5852 Nunc
3565 5800 3809 5868 dimittis,

2230 5883 2461 5952 Domine,
2496 5901 2698 5943 servum
2718 5895 2861 5943 tuum
2891 5888 2944 5943 in
2968 5905 3110 5959 pace,
3133 5891 3373 5962 quoniam
3403 5891 3646 5950 viderunt
3675 5889 3810 5950 acati
