4092 6344
355 412 456 467 689

1250 411 1614 471 EXPOSITIO
1653 412 1717 470 IN
1757 408 2221 496 PSALTERIUM.
2256 409 2452 469 PSAL.
2490 410 2692 469 XCVII.

3517 407 3618 465 690

357 484 455 582 mei
492 527 717 582 salutare
761 542 902 582 suum
955 527 1105 593 (Luc.
1147 544 1207 596 ιι,
1234 527 1351 599 9.9).
1400 528 1480 584 Ad
1530 493 1934 599 exprimendam
1962 530 2018 592 Α
2038 530 2275 586 adventu
2301 528 2513 584 Domini
2547 542 2697 598 spem
2722 540 2873 584 suam
2904 526 3111 599 integra
3138 524 3424 583 devotione
3449 537 3613 593 repo-

354 633 563 688 quoque
582 620 658 673 rei
680 618 1030 676 clarissimam
1058 622 1360 687 veritatem,
1390 621 1653 691 sequitur,
1669 628 1785 675 ante
1809 636 1931 675 con-

352 720 578 783 spectum
620 712 883 783 gentium;
910 692 1130 769 sicut’et
1166 712 1427 769 Jeremias
1455 713 1584 767 dicit
1614 731 1624 764 :
1657 712 1784 767 Post
1822 712 1931 767 haec

352 802 405 855 in
443 802 591 856 terris
617 802 750 857 visus
788 811 886 871 est,
919 810 967 857 et
1014 819 1130 858 cum
1166 804 1455 859 hominibus
1493 814 1816 859 conversatus
1855 815 1933 859 est

353 890 576 961 (Bamch
611 909 689 961 ιιι,
749 894 862 967 38).
894 898 1133 966 Addidit,
1180 899 1420 953 reuelauit
1437 899 1697 967 justitiam
1743 914 1889 965 suam
1912 915 1931 953 :

352 988 475 1058 quia
521 988 670 1056 prius
708 989 808 1045 sub
836 991 1068 1061 quodam
1098 992 1364 1047 velamine
1395 992 1715 1061 praedicatus
1760 991 1933 1047 fuerat

354 1098 448 1152 per
471 1082 782 1151 prophetas,
816 1098 921 1148 quo
946 1085 1207 1140 subducto
1231 1086 1285 1140 in
1312 1084 1541 1141 advequ
1571 1084 1688 1155 ejus
1708 1084 1825 1154 ipsa
1854 1083 1935 1139 la-

351 1175 460 1230 cies
492 1176 736 1230 veritatis
782 1179 1046 1247 apparuit.
1097 1178 1162 1233 Et
1198 1187 1321 1234 nota
1353 1179 1496 1250 quod
1544 1180 1661 1248 ipse
1703 1178 1930 1246 dextera,

351 1266 467 1334 ipse
498 1265 781 1331 brachium,
815 1266 927 1335 ipse
949 1269 1196 1334 salutare,
1227 1269 1345 1339 ipse
1374 1268 1549 1325 Patris
1578 1269 1786 1325 dicatur
1815 1282 1936 1324 esse

344 1355 591 1426 justitia;
622 1363 679 1409 ut
717 1372 875 1412 unam
910 1358 1017 1413 illic
1056 1360 1428 1425 substantiam,
1473 1375 1632 1415 unam
1672 1360 1935 1429 intelligas

348 1462 469 1501 esse
501 1449 815 1516 potentiam.
831 1450 886 1504 ln
911 1466 1013 1530 qua
1035 1451 1176 1507 enim
1204 1461 1352 1521 parte
1374 1460 1683 1521 potestesse
1702 1451 1933 1517 divisus,

348 1541 439 1611 qui
470 1558 577 1597 non
610 1543 804 1597 similia
836 1542 954 1615 [ms.
974 1545 1066 1611 A.,
1096 1544 1417 1617 dissimilia],
1444 1544 1537 1599 sed
1562 1544 1738 1599 omnia
1770 1544 1938 1614 ipsius

349 1633 549 1688 habere
574 1633 849 1688 ﬁrmatur?
894 1634 1032 1689 sicut
1063 1634 1176 1704 ipse
1202 1636 1255 1690 in
1286 1635 1578 1703 Evangelio
1605 1634 1773 1689 dicit:
1809 1633 1937 1688 0m-

347 1730 435 1783 nia
475 1730 643 1783 Patris
682 1746 792 1783 mea
818 1738 958 1798 sunt,
989 1739 1037 1784 et
1069 1730 1242 1784 omnia
1271 1744 1378 1784 mea
1406 1729 1583 1783 Patris
1607 1738 1728 1783 sunt
1759 1727 1938 1799 (Joan.

348 1838 480 1887 xvn,
520 1821 627 1889 10).

416 1913 578 1968 V'ers.
608 1915 658 1967 Il.
698 1912 896 1967 Memor
928 1915 1023 1983 fuit
1056 1914 1420 1969 misericordia:
1447 1930 1554 1969 sua:
1576 1914 1759 1981 Jacob,
1782 1922 1830 1967 et
1855 1930 1941 1968 ve-

347 2006 515 2058 ritatis
559 2021 664 2059 sua:
702 2005 879 2059 domui
913 2005 1110 2069 Israel;
1152 2008 1386 2061 viderunt
1426 2024 1596 2062 omnes
1622 2008 1750 2075 ﬁnes
1792 2016 1940 2063 terra:

346 2095 577 2149 salutare
609 2095 701 2147 Dei
732 2098 910 2149 nostri.
949 2096 1145 2151 Mentor
1165 2098 1263 2167 fuit
1292 2097 1490 2152 dictum
1522 2107 1622 2165 est,
1663 2098 1783 2169 quia
1816 2113 1939 2168 pro-

349 2189 511 2240 missa
526 2187 835 2255 complevit.
860 2188 981 2241 llmc
997 2198 1076 2241 est
1093 2198 1271 2242 autem
1293 2189 1579 2256 promissio
1596 2204 1752 2257 quam
1775 2188 1939 2246 Isaias

348 2279 711 2347 prophetavit,
754 2278 977 2333 dicens:
1012 2279 1212 2333 Videbit
1242 2281 1403 2335 omnis
1438 2297 1557 2333 caro
1586 2282 1814 2334 salutare
1846 2280 1940 2336 Dei

347 2371 505 2443 (Isni.
537 2389 628 2437 LII,
653 2373 767 2441 10).
800 2373 930 2427 lluic
949 2384 1127 2427 autem
1159 2374 1497 2441 promissioni
1529 2384 1710 2443 aptum
1739 2391 1935 2432 nomen

348 2465 664 2533 impositum
716 2474 817 2532 est,
868 2467 1233 2521 misericordia:
1276 2483 1414 2532 sure;
1444 2475 1502 2522 ut
1542 2469 1767 2523 Creator
1814 2469 1937 2524 caeli

347 2570 618 2627 terraeque
642 2561 803 2614 homo
833 2560 945 2615 ﬁeri
984 2561 1313 2629 dignaretur,
1342 2570 1395 2617 et
1433 2562 1726 2615 humanum
1768 2577 1938 2631 genus

347 2659 692 2717 peccatorum
715 2650 941 2703 vinculis
967 2650 1257 2719 obligatum
1288 2651 1547 2705 adventus
1570 2652 1647 2705 sui
1674 2652 1938 2708 beneﬁcio

348 2740 630 2793 liberaret.
658 2739 819 2794 Iacob
858 2739 1018 2811 (sicut
1047 2756 1190 2810 saepe
1229 2740 1485 2810 diximus)
1518 2743 1772 2812 populum
1804 2743 1939 2799 Novi

348 2832 683 2887 Testamenti
723 2848 830 2888 non
877 2832 1168 2905 incongrue
1210 2834 1458 2891 videmur
1495 2837 1741 2907 accipere
1771 2854 1786 2892 :
1816 2839 1939 2909 quia

347 2924 495 2978 sicut
524 2924 687 2980 Iacob
717 2926 871 2980 fratri
896 2926 1269 2983 benedictione
1298 2929 1537 3007 anterior
1559 2931 1785 3000 exstitit,
1815 2946 1937 2988 cum

347 3027 536 3089 postea
568 3029 722 3075 natus
768 3022 941 3088 fuerit,
976 3022 1049 3077 ita
1088 3030 1143 3077 et
1186 3014 1488 3079 Christiana
1522 3025 1671 3095 plebs
1702 3027 1935 3096 priorem

344 3112 605 3183 populum
640 3112 934 3185 Synagogaa
965 3114 1090 3171 ﬁdei
1115 3117 1385 3185 gressibus
1424 3118 1736 3175 antecessit.
1770 3119 1840 3175 Et
1867 3136 1937 3177 ne

1966 1878 2017 1940 B

2043 623 2174 679 suit.
2208 621 2480 691 Sequitur,
2514 630 2732 686 cantate,
2758 628 2803 673 et
2824 618 3092 687 exsultatc,
3120 626 3167 673 et
3196 616 3418 686 psallite.
3440 614 3618 671 Verba

2040 715 2183 771 enim
2218 715 2333 769 haec
2359 714 2604 783 quamvis
2634 712 2914 769 videantur
2942 724 3064 767 esse
3092 709 3311 776 similia,
3334 708 3509 778 aliqua
3530 714 3619 762 ta-

2042 819 2166 860 men
2208 803 2532 859 discretione
2571 810 2908 872 separantur.
2942 801 3160 857 Cantars
3187 808 3272 856 est
3312 796 3617 870 gravissimi

2040 897 2333 954 Christiani
2383 897 2492 952 oris
2539 895 2715 951 olﬁcio
2764 894 2946 950 laudes
2994 893 3221 947 Domino
3272 902 3612 962 personare;

2040 988 2321 1055 exsultare,
2354 1003 2473 1043 cum
2499 1000 2688 1057 magna
2715 984 2997 1041 aﬁ'ectione
3023 982 3186 1039 animi
3216 991 3336 1038 vcta
3375 979 3618 1037 declara—

2040 1098 2135 1149 re;
2188 1083 2429 1152 psallere,
2468 1081 2624 1137 bonis
2658 1079 2909 1150 operibus
2944 1077 3156 1133 Domini
3189 1075 3436 1132 mandata
3465 1088 3620 1130 com-
3658 1124 3661 1131 .

2042 1175 2209 1245 plere.
2242 1173 2395 1241 Quod
2428 1173 2553 1229 ideo
2580 1178 2888 1228 commonet
2930 1168 3298 1239 multipliciter
3324 1166 3462 1232 ﬁeri,
3494 1163 3622 1235 quis

2043 1264 2254 1321 diversa
2284 1265 2356 1319 ibi
2392 1262 2727 1335 gaudendum
2752 1269 2835 1317 est
2876 1260 3135 1316 varietate
3163 1258 3441 1329 virtutum.
3491 1254 3623 1321 Quae

2045 1359 2216 1428 ﬁgura
2269 1356 2467 1412 dicitur
2517 1355 2888 1424 homoptoton,
2943 1352 3068 1423 quia
3114 1351 3170 1407 in
3211 1350 3413 1407 similes
3460 1363 3623 1407 sonos

2039 1450 2289 1505 exierunt
2326 1447 2490 1503 verba
2534 1446 2778 1516 diversa,
2824 1444 2879 1501 id
2914 1452 3019 1511 est,
3049 1442 3292 1516 jubilate,
3344 1440 3620 1507 exsultats,

2041 1550 2258 1609 cantate,
2290 1549 2337 1594 et
2358 1539 2579 1611 psallite.

2113 1632 2269 1687 Vers.
2300 1632 2353 1687 6.
2386 1630 2606 1686 Psallite
2650 1627 2874 1684 Domino
2904 1628 2959 1682 in
2986 1626 3205 1693 cithara,
3252 1627 3307 1695 in
3351 1624 3553 1681 cithara
3580 1631 3627 1678 et

2043 1740 2161 1780 voce
2186 1723 2390 1795 psalmi.
2424 1720 2786 1777 Pulcherrima
2815 1718 2919 1775 sibi
2938 1716 3277 1787 copulatione
3314 1714 3479 1771 verba
3520 1715 3624 1770 ista

2043 1815 2245 1869 sociata
2285 1821 2430 1880 sunt,
2460 1821 2518 1867 ut
2558 1809 2841 1882 quamdam
2871 1807 3203 1863 harmoniam
3244 1814 3299 1862 et
3327 1806 3440 1877 ipsa
3471 1804 3537 1861 de
3562 1818 3624 1861 se

2043 1914 2220 1968 lacere
2250 1911 2549 1967 videantur.
2583 1910 2919 1964 Adhibentur
2943 1909 3085 1963 enim
3113 1908 3466 1962 instrumenta
3489 1903 3623 1961 artis

2045 2008 2265 2062 musica:
2286 2005 2352 2060 ad
2378 2005 2733 2061 exercendum
2756 2018 2888 2071 Opus
2918 2006 3167 2070 caeleste;
3198 2002 3341 2073 quod
3368 2014 3597 2057 necessu
3624 2038 3629 2041 μ

2044 2101 2123 2156 rie
2145 2100 2358 2165 dicitur,
2402 2107 2461 2154 ut
2488 2098 2577 2153 illa
2608 2097 2873 2168 perfectio
2905 2112 2999 2167 per
3028 2096 3287 2167 quasdam
3318 2091 3625 2150 similitudi-

2044 2207 2141 2246 nes
2163 2191 2443 2247 indicetur.
2477 2190 2665 2245 Psallit
2687 2190 2828 2245 enim
2856 2188 3076 2243 Domino
3094 2190 3146 2242 in
3172 2188 3392 2255 cithara,
3417 2187 3507 2257 qui
3526 2200 3625 2256 per

2044 2295 2221 2341 actum
2273 2285 2543 2339 carnalem
2597 2285 2845 2339 mandata
2881 2282 3177 2337 Divinitatis
3206 2291 3480 2351 operatur,
3530 2279 3624 2350 qui

2044 2379 2299 2437 esurienti
2327 2394 2516 2449 panem
2541 2379 2719 2448 fregit,
2753 2378 2949 2431 nudum
2978 2377 3214 2442 vestivit,
3262 2374 3510 2446 praestitit
3536 2388 3627 2430 so-

2040 2472 2227 2527 latium
2251 2471 2531 2539 destituto,
2565 2480 2619 2527 et
2639 2481 2829 2527 caetera
2859 2486 2978 2541 quae
3002 2477 3225 2541 possunt
3254 2470 3501 2539 supernis
3518 2467 3629 2540 jus-

2042 2564 2283 2621 sionihus
2304 2564 2583 2634 applicari.
2607 2564 2879 2635 S'equilur,
2904 2566 2957 2619 in
2978 2564 3177 2618 cithara
3205 2574 3255 2617 et
3275 2578 3393 2616 voce
3414 2560 3620 2634 psalmi.

2042 2656 2243 2711 Eadem
2294 2664 2676 2726 praeposterata
2727 2657 2891 2712 verba
2943 2655 3259 2727 subiunxit,
3292 2664 3351 2711 ut
3396 2653 3624 2725 quodvis

2042 2750 2190 2820 prius
2215 2764 2403 2805 eorum
2437 2750 2619 2817 iacias,
2652 2758 2818 2806 totum
2850 2760 3026 2807 tamen
3053 2752 3122 2806 ad
3148 2751 3359 2806 Domini
3394 2748 3621 2820 gratiam

2041 2842 2312 2912 pertinere
2339 2856 2653 2913 cognoscas.

2114 2934 2269 2990 Vers.
2300 2934 2356 2988 7.
2406 2932 2472 2988 In
2504 2935 2635 2989 tubis
2666 2934 2942 2989 ductilibus
2971 2945 3019 2989 et
3032 2950 3161 3017 .voce
3203 2933 3337 2988 tuba:
3381 2946 3623 2997 cometa;

2033 3026 2256 3100 jubilate
2282 3027 2335 3080 in
2359 3036 2630 3095 conspectu
2659 3026 2811 3097 Regis
2838 3025 3064 3081 Domini.
3102 3025 3481 3096 Respiciamus
3508 3037 3627 3077 om-

2042 3119 2128 3173 nia
2154 3118 2269 3173 baac
2292 3118 2453 3174 verba
2479 3118 2673 3173 divinis
2700 3118 2973 3189 mysteriis
3001 3132 3123 3174 esse
3151 3115 3483 3188 plenissima.
3508 3114 3624 3169 Duo

346 3204 681 3259 intellectum
724 3211 965 3260 nostrum
993 3204 1203 3261 diversa
1234 3209 1513 3263 nominum
1544 3208 1931 3268 dissimilitudo
1956 3222 2003 3287 ο
2038 3225 2237 3281 genera
2263 3209 2425 3265 fuisse
2453 3209 2698 3266 tubarum
2737 3210 2803 3266 ad
2830 3210 3087 3283 quasdam
3115 3206 3496 3264 similitudines
3526 3220 3623 3261 ex-

345 3294 659 3361 cont‘undat,
685 3305 1081 3365 perscrutemur
1105 3311 1272 3367 quare
1292 3298 1530 3354 additum
1560 3300 1648 3366 sit,
1684 3309 1731 3354 et
1752 3302 1935 3355 verita-

344 3389 409 3442 tis
438 3402 548 3441 siue
573 3386 745 3441 domui
769 3386 971 3454 Israel;
1001 3396 1057 3443 ut
1087 3403 1194 3444 non
1225 3389 1395 3445 solum
1433 3390 1534 3446 hoc
1562 3390 1745 3447 datum
1768 3392 1930 3449 intel-

343 3478 637 3547 ligeremus
671 3479 867 3549 populo
919 3480 1005 3548 qui
1046 3489 1166 3550 post
1206 3480 1490 3536 adventum
1519 3481 1728 3538 Domini
1758 3483 1935 3541 dictus

343 3579 427 3626 est
461 3571 829 3641 Christianus,
871 3572 969 3628 sed
1009 3574 1171 3629 etiam
1217 3573 1305 3629 illi
1331 3574 1420 3643 qui
1460 3589 1583 3630 eum
1617 3574 1686 3631 de
1717 3575 1936 3649 Virgine

345 3664 676 3720 nasciturum
697 3680 817 3722 esse
836 3666 1204 3723 crediderunt.
1226 3666 1397 3722 Israel
1425 3668 1567 3724 enim
1600 3670 1936 3740 signiﬁcatur

345 3758 525 3821 omnis
548 3758 720 3815 ﬁdelis
744 3760 835 3832 qui
859 3761 1027 3816 Deum
1059 3778 1188 3831 pura
1222 3770 1399 3819 mente
1428 3766 1792 3835 conspexerit.
1831 3766 1931 3821 Mi-

345 3850 694 3907 sericordiam
747 3854 927 3923 posuit
956 3854 1007 3907 in
1035 3853 1221 3921 Jacob,
1268 3863 1323 3910 et
1350 3856 1628 3911 veritatem
1661 3858 1714 3912 in
1744 3857 1930 3915 Israel.

348 3940 714 3997 Misericordia
737 3945 933 4015 quippe
956 3945 1075 4011 fuit,
1092 3946 1307 4016 quando
1323 3946 1592 4004 hominem
1612 3948 1934 4006 liberaturus

348 4032 597 4093 advenit;
629 4036 832 4103 veritas,
867 4036 1081 4106 quando
1100 4038 1273 4092 sancti
1302 4038 1436 4093 facie
1457 4039 1525 4093 ad
1558 4040 1746 4095 faciem
1778 4040 1932 4110 vide-

350 4122 508 4190 bunt,
554 4141 709 4194 quem
740 4127 841 4191 fhic
874 4127 1035 4200 (sicut
1065 4128 1194 4185 dicit
1236 4131 1548 4201 Apostolus)
1580 4133 1633 4186 in
1666 4133 1934 4204 aenigmate

349 4231 440 4285 per
476 4219 738 4285 speculum
776 4219 828 4292 (Ι
874 4220 995 4275 Cor.
1026 4238 1144 4291 xm,
1181 4221 1268 4285 12)
1308 4233 1648 4281 contueutur.
1692 4227 1929 4296 Addidit,

348 4309 581 4362 viderunt
629 4327 801 4366 omnes
828 4314 956 4382 ﬁnes
996 4321 1146 4368 terrae
1190 4314 1414 4370 salutare
1458 4315 1557 4370 Dei
1584 4318 1769 4373 nostri.
1817 4319 1933 4387 Quo

348 4398 495 4453 dicto
544 4401 916 4460 luereticorum
963 4408 1198 4475 pravitas
1230 4410 1403 4465 omnis
1433 4410 1653 4465 exclusa
1697 4420 1799 4479 est,
1840 4413 1934 4484 qui

350 4503 544 4561 putant
587 4496 792 4551 Domini
825 4501 1117 4558 Salvatoris
1161 4506 1385 4562 localem
1415 4522 1725 4564 concessam
1773 4509 1933 4565 terris

2038 3302 2352 3373 primeudas
2390 3302 2533 3372 apud
2581 3302 2857 3369 Hebraeos,
2907 3302 3262 3358 Numerorum
3305 3299 3461 3356 nobis
3488 3297 3626 3354 liber

2037 3394 2274 3450 insinuat
2314 3393 2502 3465 (Num.
2545 3410 2600 3461 x,
2641 3393 2721 3465 2).
2759 3395 2931 3451 Unum
2979 3394 3121 3466 quod
3160 3401 3387 3466 argento
3430 3391 3623 3447 ductili

2039 3485 2413 3553 formabatur;
2457 3487 2557 3542 hoc
2579 3484 2647 3541 ad
2673 3486 2929 3557 Spiritum
2962 3496 3229 3553 sanctum,
3261 3484 3351 3557 qui
3383 3499 3478 3555 per
3502 3498 3626 3555 pro-

2041 3578 2234 3648 phetas
2262 3578 2472 3635 locutus
2513 3586 2616 3646 est,
2664 3588 3031 3651 competenter
3060 3587 3292 3649 aptatur.
3324 3578 3624 3648 Argeuteus

2046 3673 2186 3727 enim
2218 3686 2248 3727 a
2276 3672 2535 3729 munditia
2575 3672 2770 3729 dicitur
2797 3684 2847 3729 et
2861 3674 3109 3749 ,candore
3139 3674 3459 3737 verborum;
3488 3671 3627 3727 sicut.

2042 3762 2167 3818 alibi
2194 3763 2308 3833 ipse
2336 3765 2499 3820 dicit:
2534 3764 2754 3835 Elaquia
2783 3766 2992 3820 Domini
3020 3765 3224 3837 eloquia
3247 3773 3411 3829 casta,
3437 3780 3625 3835 argen-

2040 3863 2149 3910 tum
2172 3857 2289 3927 igne
2311 3857 2679 3927 examinatum,
2710 3866 2860 3912 terrte
2895 3865 3166 3927 purgatum
3194 3857 3485 3925 septuplum
3506 3852 3624 3925 (Ps.

2042 3961 2123 4015 xi,
2148 3944 2226 4017 7).
2256 3946 2547 4000 Ductilibus
2569 3955 2746 4002 autem
2788 3946 3055 4017 signiﬁcat
3083 3945 3205 4015 quia
3236 3944 3422 4000 ﬁdeles
3450 3944 3628 3999 diver-

2039 4039 2116 4094 sis
2143 4037 2484 4108 passionibus
2504 4040 2667 4111 328
2693 4038 2835 4093 tunsi
2866 4038 3118 4108 (Domino
3143 4037 3424 4108 largiente)
3456 4036 3623 4107 proﬁ-

2042 4130 2226 4197 ciunt,
2257 4139 2311 4185 et
2340 4137 2486 4184 tanto
2529 4130 2645 4199 plus
2683 4137 2955 4196 crescunt,
2997 4138 3198 4200 quanto
3234 4127 3465 4198 amplius
3505 4126 3627 4182 duri

2041 4220 2220 4275 mallei
2252 4218 2448 4276 fuerint
2485 4218 2769 4277 iteratione
2804 4221 3064 4290 percussi.
3098 4219 3321 4276 Malleus
3360 4218 3503 4274 enim
3544 4224 3632 4274 est

2043 4314 2319 4383 diabolus,
2355 4314 2420 4369 de
2437 4330 2542 4386 quo
2569 4314 2828 4386 propheta
2848 4312 3286 4369 dicit:Contritus
3315 4318 3389 4367 est
3413 4311 3630 4365 malleus

2042 4407 2288 4461 universa:
2316 4416 2461 4461 terra:
2492 4405 2623 4478 (Jer.
2660 4422 2710 4472 ι,
2740 4405 2859 4476 25).
2893 4404 3008 4460 Vox
3037 4413 3121 4461 est
3148 4412 3327 4462 autem
3358 4404 3492 4459 tuba:
3518 4419 3633 4458 cor-

2043 4514 2153 4554 neae
2181 4498 2448 4568 patientiae
2472 4497 2583 4553 ﬁxa
2613 4499 2914 4566 tolerantia,
2945 4513 3066 4569 qua:
3092 4498 3240 4554 velut
3271 4510 3465 4553 cornea
3494 4496 3626 4552 sub-

351 4585 517 4641 t‘uisse
534 4588 817 4647 culturam.
847 4589 1118 4659 Viderunt,
1144 4592 1292 4662 dicit,
1314 4605 1493 4650 mente
1517 4612 1934 4667 conspexerunt,
1960 4574 2020 4641 Ῑ)
2043 4593 2236 4648 stantia
2270 4593 2323 4648 in
2354 4593 2483 4648 viris
2530 4591 2773 4649 ﬁdelibus
2812 4606 2998 4647 amore
3044 4588 3257 4644 Domini
3298 4595 3629 4659 perseverat.

349 4678 493 4747 quod
542 4694 636 4747 per
666 4687 834 4735 totum
881 4684 1135 4739 mundum
1183 4694 1393 4739 constat
1420 4686 1693 4742 ell‘ectum.
1742 4689 1939 4757 Quanti

349 4780 478 4826 sunt
506 4774 646 4827 enim
678 4776 765 4843 qui
798 4790 919 4831 eum
949 4778 1256 4854 carnalibus
1284 4780 1451 4835 oculis
1483 4780 1533 4835 in
1566 4780 1747 4837 Judzea
1778 4791 1938 4853 gente

354 4864 543 4920 videre
570 4868 893 4934 potuerunt?
920 4867 1023 4925 Sed
1045 4885 1165 4924 cum
1192 4870 1278 4925 hic
1300 4872 1461 4943 dicat,
1490 4888 1660 4928 omnes
1684 4874 1812 4943 ﬁnes
1840 4882 1942 4929 ter-

350 4973 443 5026 m,
480 4958 700 5013 dubium
741 4975 849 5014 non
892 4970 972 5016 est
1012 4962 1077 5015 ad
1120 4961 1276 5017 ﬁdem
1319 4978 1439 5019 esse
1475 4964 1840 5034 referendum,
1883 4973 1942 5021 ut

350 5053 508 5107 nobis
534 5054 698 5123 possit
729 5056 924 5111 veritas
956 5066 1208 5111 constare
1233 5057 1541 5113 verborum.

427 5144 581 5200 Vers.
624 5146 676 5201 5.
726 5148 953 5201 Jubilate
1003 5146 1135 5213 Deo,
1188 5149 1347 5203 omnis
1402 5159 1575 5213 terra;
1623 5157 1847 5216 cantate,
1893 5156 1940 5205 et

350 5238 619 5305 exsultate,
652 5248 699 5294 et
738 5241 963 5313 psallite.
1012 5239 1166 5295 Venit
1201 5240 1267 5294 ad
1298 5240 1589 5296 secundam
1619 5251 1847 5310 partem,
1883 5242 1937 5297 in

353 5347 453 5400 qua
480 5347 785 5389 commonet
808 5334 1033 5389 diversis
1059 5334 1232 5389 modis
1258 5348 1287 5387 a
1319 5334 1525 5389 devotis
1552 5349 1675 5390 esse
1701 5335 1939 5405 gauden-

351 5424 498 5480 dum.
533 5428 640 5483 Sed
672 5429 740 5484 ad
772 5427 1029 5499 judicium
1065 5428 1274 5484 Domini
1314 5436 1686 5495 competenter
1716 5429 1815 5483 ista
1846 5443 1939 5485 re-

353 5514 616 5588 feruntur,
648 5521 703 5576 in
733 5536 841 5592 quo
861 5530 914 5575 et
940 5520 1174 5590 psalmus
1203 5521 1300 5574 iste
1328 5518 1567 5575 noscitur
1593 5520 1929 5574 terminatus.

353 5607 579 5668 Jubitate
606 5612 805 5669 dictum
830 5623 933 5682 est,
954 5629 1074 5669 cum
1105 5629 1292 5683 magna
1323 5612 1679 5669 delectatione
1706 5612 1758 5666 in
1783 5613 1933 5669 vocis

353 5706 600 5772 gaudium
630 5709 873 5780 prosilite
894 5751 909 5776 ,
944 5719 1000 5765 ut
1022 5708 1162 5779 quod
1195 5725 1299 5762 non
1326 5714 1503 5779 potest
1530 5708 1798 5776 explicare
1823 5722 1937 5763 ser-

356 5810 445 5850 mo
473 5800 896 5867 conlusmvocis,
933 5803 1165 5857 declaret
1185 5802 1395 5870 eruptio
1422 5800 1610 5865 devota
1632 5799 1933 5869 gaudentis.

353 5887 535 5950 Omnis
555 5898 711 5963 terra,
745 5896 1105 5953 universalcm
1130 5895 1373 5966 designat
1394 5892 1712 5961 Ecclesium,
1740 5907 1858 5963 qua:
1882 5892 1936 5950 in

2042 4687 2138 4743 His
2169 4700 2298 4756 ergo
2330 4685 2471 4742 tubis
2502 4684 2681 4755 psallit
2707 4684 2956 4748 Domino,
2975 4681 3065 4752 qui
3090 4682 3330 4751 utrisque
3348 4679 3634 4734 virtutibus

2043 4777 2269 4833 devotus
2298 4776 2552 4843 exsultat,
2585 4776 2670 4845 qui
2700 4782 2754 4830 et
2784 4774 3067 4830 Dominum
3092 4771 3295 4828 mundo
3323 4772 3484 4828 corde
3506 4786 3639 4841 prte-

2044 4869 2259 4936 dicavit,
2292 4877 2344 4923 et
2366 4868 2484 4937 ejus
2512 4864 2935 4922 misericordiam
2957 4864 3231 4935 patientia:
3256 4863 3451 4918 virtute
3472 4863 3634 4917 susti-

2045 4960 2183 5015 nuit.
2233 4959 2507 5030 Sequitur,
2550 4956 2780 5012 Jubilate
2807 4957 2862 5009 in
2904 4962 3177 5027 conspectu
3209 4954 3361 5027 Regis
3401 4953 3632 5009 Domini.

2045 5053 2325 5123 Completa
2359 5063 2440 5107 est
2475 5052 2527 5108 in
2566 5050 2670 5107 hoc
2700 5058 2987 5117 commate,
3026 5062 3146 5117 quae
3179 5047 3233 5103 in
3264 5046 3635 5117 superioribus

2045 5144 2289 5215 partibus
2312 5157 2570 5213 suspensa
2592 5142 2881 5198 ’videbatur
2906 5154 3030 5196 esse
3052 5139 3337 5196 sententia.
3369 5139 3467 5195 Hic
3489 5138 3635 5195 enim

2047 5237 2179 5293 dicit
2205 5236 2294 5292 ubi
2326 5238 2395 5291 sit
2434 5235 2788 5306 jubilandum,
2820 5233 2909 5289 ubi
2940 5232 3289 5301 cantandum,
3324 5232 3413 5288 ubi
3454 5232 3637 5289 exsul-

2046 5333 2288 5398 tandum,
2337 5332 2425 5387 ubi
2456 5330 2815 5401 psallendum,
2851 5328 2938 5384 ubi
2986 5330 3042 5384 in
3082 5329 3286 5399 psalmo
3313 5326 3636 5383 citharisan-

2048 5428 2193 5492 dum,
2227 5426 2316 5480 ubi
2358 5426 2411 5478 in
2442 5423 2648 5478 cithara
2690 5421 3136 5491 psalmizandum,
3184 5421 3273 5477 ubi
3300 5420 3635 5491 jubilandum

2040 5519 2093 5574 in
2129 5518 2271 5573 tubis
2324 5515 2612 5570 ductilibus
2643 5523 2698 5571 et
2725 5517 2967 5582 corneis;
3022 5515 3229 5570 scilicet
3270 5516 3324 5568 in
3363 5520 3639 5583 conspectu

2040 5612 2201 5681 Regis
2232 5609 2463 5677 Domini,
2484 5609 2698 5679 quando
2723 5611 2776 5663 in
2805 5609 2898 5663 illa
2915 5607 3244 5678 judicatione
3259 5605 3390 5679 justi
3418 5604 3638 5676 praemia

2039 5706 2310 5775 promissa
2349 5702 2624 5772 recipient.
2659 5702 2761 5757 Per
2807 5703 2902 5758 has
2930 5703 3074 5758 enim
3122 5703 3408 5756 varietates
3434 5693 3640 5767 signiﬁ-

2040 5806 2194 5854 catur
2214 5795 2441 5850 diversis
2464 5795 2663 5850 sanctis
2693 5796 2967 5864 operibus,
2995 5792 3227 5849 diversis
3248 5789 3404 5845 donis
3426 5788 3479 5842 in
3505 5800 3638 5841 con-

2040 5898 2229 5961 spcctu
2273 5886 2487 5945 Domini
2520 5901 2641 5944 esse
2686 5887 3047 5955 gaudendum.
3099 5884 3227 5940 Sive
3274 5882 3376 5937 ista
3404 5880 3480 5938 sic
3507 5874 3639 5935 dicit
