4092 6344
447 409 544 462 αξη

1669 405 1740 462 Μ.
1785 405 2066 466 AURELII
2103 405 2504 464 CASSIODORI

449 527 538 580 hic
565 537 686 582 esse
707 523 978 594 iacienda,-
995 531 1054 582 ιι
1075 537 1294 594 seraper
1317 521 1388 578 ad
1409 536 1532 578 eum
1553 525 1750 580 mensis
1777 523 2038 598 dirigatur
2065 527 2120 592 Α
2143 537 2368 600 propter
2393 541 2590 584 nomen
2631 524 2842 584 Domini
2879 525 3194 597 gravissima
3221 525 3460 598 pericula
3489 523 3736 596 pertule-

449 617 692 674 intentio:

521 703 680 768 Vero.
701 709 756 768 8.
789 703 1180 770 ﬂammantur
1203 729 1348 768 mare
1365 721 1416 768 et
1435 713 1700 785 plenitudo
1725 719 1836 789 ejus
1859 731 1880 774 :
1899 717 2036 772 orbis

449 813 722 874 terrarum,
753 813 804 858 et
817 805 1040 860 universi
1065 807 1154 876 qui
1173 806 1404 862 habitant
1425 809 1478 862 in
1499 825 1576 864 ea.
1607 811 1700 866 llic
1723 811 1834 880 jam
1865 821 2040 868 terror

449 894 616 952 iuuari
629 896 816 968 iudicii
839 907 894 954 et
923 899 1210 970 impiorum
1223 901 1456 958 formido
1467 901 1808 972 describitur,
1825 905 2038 976 quando

449 1001 596 1044 mare
617 985 754 1044 illud
781 989 922 1059 quod
951 999 1038 1046 est
1061 991 1112 1046 in
1145 993 1452 1062 pectoribus
1481 993 1790 1064 impiorum,
1815 995 2040 1050 delicto-

449 1095 572 1136 rum
605 1095 826 1138 suorum
867 1083 1338 1140 recordationibus
1361 1095 1722 1140 commovetur.
1765 1083 2042 1142 Plenitudo

449 1183 632 1230 autem
655 1174 768 1248 ejus
795 1173 996 1232 nerito
1023 1175 1164 1232 dicta
1191 1187 1298 1246 est,
1331 1177 1540 1233 scilicet
1563 1179 1694 1248 quia
1721 1177 1886 1232 multa
1921 1191 2044 1248 pec-

448 1272 566 1322 cata
599 1266 844 1338 ingentes
867 1267 1106 1324 excitant
1133 1269 1357 1336 ﬂuctus,
1389 1279 1446 1326 et
1479 1277 1610 1326 tunc
1639 1269 1808 1340 magis
1839 1269 2042 1340 plenis-

451 1357 588 1414 sime
623 1371 984 1430 commovetur,
1025 1363 1242 1434 quando
1279 1373 1342 1420 se
1377 1377 1506 1420 reus
1543 1365 1694 1418 novit
1728 1377 1848 1418 esse
1889 1361 2044 1418 dam—

451 1451 708 1508 nandmn.
759 1453 1040 1526 Sequitur,
1091 1457 1232 1511 orbis
1275 1465 1562 1524 terrorum;
1601 1457 1786 1528 utique
1823 1463 1878 1512 et
1933 1455 2048 1526 ipse

449 1548 846 1602 commovendus
897 1557 993 1616 est,
1039 1549 1258 1618 quando
1299 1549 1354 1604 in
1387 1561 1580 1604 novam
1635 1548 1826 1604 faciem
1859 1549 2046 1610 venire

447 1639 737 1708 praedictus
783 1651 900 1706 est,
949 1641 1090 1696 sicut
1131 1641 1368 1712 legitur:
1401 1643 1518 1698 Erit
1543 1643 1722 1698 mlunt
1765 1659 1952 1698 novum
1993 1653 2042 1698 et

450 1742 586 1790 terra
607 1747 738 1792 riora
763 1737 920 1810 (Isai.
947 1755 1072 1810 va,
1105 1741 1223 1813 l7).
1253 1743 1494 1810 Addidit,
1519 1751 1572 1799 et
1599 1745 1820 1800 universi
1837 1745 1926 1815 qui
1945 1745 2040 1798 Ita-

445 1829 610 1885 bitant
631 1833 684 1885 in
707 1847 768 1888 ea
789 1873 804 1902 ,
833 1841 890 1888 ut
923 1847 1114 1890 revera
1141 1833 1248 1889 hoc
1277 1833 1606 1904 intelligeret.
1633 1835 1704 1890 de
1733 1835 2038 1892 hominibus

445 1923 669 1992 dictum,
713 1927 780 1982 de
808 1925 1006 1998 quibus
1035 1927 1286 1999 superius
1323 1927 1594 2000 ligni-alim
1623 1927 1778 1996 dixit,
1809 1945 2034 1984 commo-

441 2027 618 2074 veatur
641 2013 802 2076 nraie.

513 2113 670 2170 Vere.
715 2115 772 2172 9.
817 2113 1070 2173 Flumina
1107 2119 1358 2190 plaudent
1397 2117 1634 2174 mortibus
1677 2119 1734 2174 in
1783 2119 2034 2190 idipsum,

443 2215 644 2266 montes
669 2209 998 2266 multaltunt
1024 2219 1142 2266 ante
1163 2211 1344 2284 facient
1373 2211 1600 2278 Domini,
1627 2214 1870 2282 quoniam
1901 2213 2038 2267 venit

432 2301 684 2374 judicare
709 2307 918 2360 terram.
951 2303 1290 2378 Frequenter
1309 2305 1544 2362 diximus
1565 2305 1868 2376 Scripturas
1897 2307 2036 2362 divi—

443 2403 544 2454 nus
591 2407 692 2470 per
739 2399 982 2457 diversas
1021 2401 1406 2456 similitudines
1457 2401 1636 2472 loqui,
1669 2411 1810 2456 utet
1857 2401 2038 2472 impiis

441 2491 614 2546 celata
643 2491 754 2548 sint
771 2505 894 2561 quae
921 2493 1198 2558 dicuntur,
1225 2501 1280 2548 et
1301 2493 1486 2548 ﬁdeles
1509 2493 1572 2548 ad
1599 2505 1662 2546 ea
1675 2493 2034 2562 perqttircntla

437 2583 740 2640 studiosius
763 2587 1076 2642 incitentnr.
1107 2587 1260 2642 Unde
1289 2597 1342 2642 et
1369 2587 1456 2642 hic
1483 2601 1580 2657 per
1598 2585 1878 2658 allegorias
1910 2587 2037 2642 mul-

319 2721 390 2794 +
436 2665 652 2746 tipliccs
679 2679 906 2734 Domino
935 2679 1066 2736 dicit
1095 2695 1216 2736 esse
1253 2681 1596 2736 cantandum.
1639 2671 1926 2752 Allegoria'
1951 2689 2034 2736 est

369 2799 372 2802 -
437 2771 584 2826 enim
614 2773 760 2830 aliud
788 2773 996 2840 dicens,
1041 2773 1182 2830 aliud
1223 2775 1552 2846 significans.
1583 2773 1726 2830 Marc
1767 2773 2032 2844 siquidem

437 2865 688 2936 superius
743 2869 1120 2939 peccatoribus
1169 2869 1544 2938 comparavit,
1597 2877 1742 2924 nunc‘
1819 2867 2038 2938 flumina

435 2963 656 3014 sanctos
685 2962 834 3016 viros
874 2961 1202 3032 signiﬁcant,
1245 2963 1334 3033 qui
1383 2947 1552 3018 bonas
1603 2969 1796 3032 operas
1827 2961 2036 3016 cmlesti

434 3047 684 3105 ubertate
729 3063 1102 3110 manavernnt.
1147 3053 1214 3107 In
1243 3053 1491 3124 idipsnm,
1523 3051 1574 3108 id
1609 3061 1692 3108 est
1723 3053 1774 3109 in
1805 3053 2034 3108 Domino

435 3137 741 3210 Salvatore,
787 3145 876 3200 cui
925 3145 1240 3216 praedictam
1265 3159 1484 3216 operam
1523 3143 1836 3200 exhibuisse
1877 3157 2034 3199 mon—

435 3239 699 3288 strantur.
733 3235 842 3292 Sed
865 3239 1074 3306 respice
1103 3237 1356 3306 quoniam
1400 3237 1516 3292 hmo
1541 3235 1722 3292 omnia
1765 3237 1864 3292 sub
1894 3233 2028 3290 allu-
2055 3251 2102 3316 ο

433 3323 592 3382 sione
637 3337 762 3384 sunt
797 3347 810 3382 :
845 3333 1058 3400 quando
1102 3331 1246 3386 enim
1287 3347 1476 3386 manus
1527 3329 1726 3384 habent
1773 3327 2026 3392 ﬂumina,

433 3415 542 3472 nisi
575 3415 776 3474 fuerint
805 3421 1006 3475 sanctis
1039 3421 1342 3476 hominibus
1371 3421 1716 3490 comparata?
1743 3419 1810 3476 de
1837 3419 2028 3490 quibus

433 3507 638 3566 dictum
665 3517 750 3566 est
781 3527 794 3566 :
833 3513 934 3580 Qui
975 3511 1136 3566 credit
1167 3513 1226 3567 in
1245 3529 1341 3580 me,
1385 3515 1604 3584 flumina
1633 3513 1696 3568 de
1723 3519 1894 3566 veutre
1919 3513 2028 3583 ejus

435 3603 598 3672 ﬂuent
637 3621 784 3676 aqua:
825 3607 950 3660 viva:
995 3604 1180 3676 (Joan.
1227 3619 1322 3676 VII,
1366 3605 1482 3678 38).
1517 3607 1794 3676 Sequitur,
1833 3613 2028 3660 montes

433 3697 764 3753 exsultabant
783 3709 900 3754 ante
925 3699 1108 3770 faciem
1135 3699 1365 3754 Domini.
1395 3697 1600 3756 Montes
1637 3707 1690 3756 et
1721 3699 1774 3754 in
1803 3699 1946 3755 bono
1976 3707 2032 3754 et

433 3787 490 3844 in
513 3789 656 3844 malo
687 3789 1000 3860 plerumque
1029 3791 1152 3861 poni
1183 3789 1530 3846 manifestum
1567 3795 1670 3846 est.
1705 3787 1854 3860 lmpii
1883 3789 2026 3844 en‘im

435 3881 688 3954 superbis
707 3881 912 3940 nisibus
935 3883 1316 3952 intumescunt,
1345 3893 1396 3939 et
1417 3883 1484 3940 ad
1503 3877 1754 3940 duritiam
1775 3885 2026 3940 seriarum

435 3975 708 4032 obstinato
735 3977 902 4034 corde
949 3977 1286 4048 perveniunt.
1331 3973 1594 4034 Mansueti
1623 3985 1800 4034 autem
1831 3977 2030 4032 mentis

433 4071 710 4128 soliditate
741 4069 1038 4128 ﬁrmissimi
1067 4079 1222 4138 sunt;
1254 4079 1312 4128 et
1337 4071 1582 4142 quamvis
1609 4071 1694 4142 pia
1725 4069 2030 4126 humilitate

436 4177 753 4236 curventur,
780 4181 877 4235 spe
903 4165 1094 4222 futura:
1121 4165 1466 4222 beatitudinis
1487 4167 1542 4221 in
1563 4165 1900 4222 summitates
1927 4179 2026 4222 so-

431 4259 722 4316 lidiSsimas
745 4262 1042 4330 eriguntur.
1075 4257 1136 4314 lli
1163 4267 1286 4314 sunt
1313 4259 1404 4330 qui
1437 4259 1666 4314 Domino
1705 4257 2026 4314 adveniente

431 4353 762 4425 gaudebunt,
805 4357 1058 4424 quoniam
1113 4355 1166 4410 in
1199 4355 1374 4410 futuro
1421 4355 1620 4424 judicio
1651 4353 2026 4424 promissionis

429 4449 601 4520 ipsius
627 4451 766 4505 dona
799 4451 1078 4520 recipient.
1111 4447 1348 4518 Addidit,
1373 4450 1612 4519 quoniam
1639 4449 1768 4502 venit
1783 4449 2026 4522 judicare

431 4551 640 4598 terram.
673 4541 770 4598 llic
795 4551 1006 4608 terram,
1039 4555 1252 4596 omnem
1285 4551 1622 4610 peccatorem
1653 4547 2024 4611 competenter

2147 635 2274 678 runt
2297 663 2314 689 ,
2355 621 2496 678 sicut
2537 621 2666 678 dicit
2717 621 3040 692 Apostolus:
3071 619 3258 674 Omnes
3303 619 3440 674 enim
3485 621 3734 678 stabimus

2145 725 2266 770 ante
2295 711 2524 768 tribunal
2547 711 2666 780 Dei,
2693 721 2748 766 stt
2771 713 2982 784 recipiat
3003 711 3354 782 unusquisque
3383 713 3602 781 proprio
3625 725 3734 770 cor-

2147 813 2310 884 poris,
2351 817 2504 881 prout
2531 807 2708 880 gessit,
2743 807 2852 864 sire
2877 801 3086 873 bonum,
3131 805 3238 862 sive
3267 805 3458 860 malum
3491 805 3576 876 (11
3613 807 3728 862 Cor.

2147 923 2204 972 v,
2237 905 2350 975 £0).
2379 905 2524 962 Istud
2567 913 2746 960 tamen
2771 902 3032 974 judicium
3067 899 3160 956 ubi
3201 901 3294 956 ﬁat
3331 901 3612 958 evidenter
3635 915 3742 958 ex-

2151 1009 2396 1070 pressum
2425 1005 2542 1064 est;
2577 997 2708 1054 dicit
2747 996 2894 1052 enim
2921 995 3040 1052 Joel
3069 993 3332 1066 propheta
3359 1013 3372 1048 :
3407 993 3740 1068 Congregabo

2149 1103 2324 1148 attines
2349 1101 2542 1164 gentes,
2573 1099 2622 1146 et
2641 1091 2854 1146 educam
2881 1105 2968 1144 eos
2991 1089 3046 1143 in
3075 1087 3360 1144 convallem
3384 1087 3660 1161 Iosophat,
3689 1097 3742 1144 et

2147 1187 2442 1254 disceptatio
2461 1201 2580 1242 eum
2603 1187 2712 1240 illis
2729 1185 2802 1240 ibi
2829 1201 2924 1258 pro
2945 1185 3136 1256 populo
3161 1199 3292 1250 meo,
3334 1189 3384 1238 et
3407 1199 3502 1256 pro
3525 1183 3741 1240 heredi-

2151 1287 2252 1334 tate
2277 1291 2392 1334 mea
2417 1275 2586 1332 Israel
2613 1273 2756 1348 (Joel
2781 1291 2860 1341 tu,
2884 1275 2964 1346 2).

2687 1389 2962 1446 Conclusio
2993 1387 3196 1460 psalmi.

2227 1510 2366 1578 Quid
2389 1517 2474 1566 est
2501 1509 2606 1566 hoc
2639 1507 2780 1578 quod
2811 1507 3168 1562 instrumenta
3197 1517 3400 1560 musxea
3431 1503 3740 1576 frequenter

2153 1610 2326 1676 posita
2359 1603 2658 1676 reperimus
2687 1603 2740 1658 in
2783 1601 3024 1674 psalmis,
3057 1614 3176 1670 qua:
3211 1613 3324 1654 non
3353 1609 3462 1654 tam
3491 1600 3744 1660 videntur

2149 1699 2390 1756 mulcere
2414 1697 2624 1752 aurium
2653 1709 2894 1762 sensum,
2921 1693 3014 1750 sed
3043 1707 3338 1762 provocare
3367 1693 3544 1762 potius
3565 1693 3744 1750 cordis

2149 1792 2431 1848 auditum?
2459 1789 2566 1846 Sed
2597 1788 2848 1860 quoniam
2877 1785 2968 1842 ille
2995 1801 3162 1840 sonus
3183 1794 3240 1840 et
3261 1783 3556 1840 modulatio
3585 1785 3744 1840 tibia-

2069 1881 2118 1956 Β
2145 1899 2266 1940 rum
2293 1899 2323 1938 a
2347 1881 2518 1938 sacris
2549 1881 2824 1954 mysteriis
2851 1889 3040 1934 nostra
3069 1877 3420 1932 nihilominus
3445 1887 3602 1932 aetate
3629 1877 3744 1932 dis-

2146 1975 2332 2040 cessit,
2367 1983 2532 2030 restat
2562 1981 2620 2028 ut
2649 1971 3062 2042 intelligentiam
3087 1969 3244 2040 hujus
3273 1969 3352 2024 rei
3390 1969 3744 2038 spiritualiter

2149 2069 2464 2138 perquirere
2493 2065 2808 2122 debeamus.
2839 2061 3040 2118 Musica
3069 2071 3154 2118 est
3197 2063 3476 2132 disciplina
3503 2079 3624 2134 qua:
3651 2079 3740 2118 re-

2147 2177 2264 2218 rum
2299 2161 2404 2218 sibi
2435 2159 2870 2232 congruentium,
2903 2157 2956 2212 id
2991 2165 3074 2212 est
3101 2171 3358 2212 sonorum
3405 2155 3740 2212 ditl‘erentias

2147 2265 2204 2310 et
2227 2253 2632 2312 convenientias
2661 2259 3046 2322 perscrutatur.
3073 2249 3200 2304 Hatc
3225 2247 3418 2304 merito
3439 2247 3654 2318 ponitur
3671 2245 3740 2302 ad

2147 2365 2328 2406 rerum
2377 2347 2738 2420 spiritualium
2765 2343 3142 2402 similitudines
3171 2341 3524 2414 explicandas
3557 2357 3572 2393 :
3601 2355 3736 2410 quo-

2141 2443 2284 2498 niam
2307 2451 2606 2500 concentus
2633 2441 2752 2510 ejns
2775 2439 2974 2494 virtute
3003 2435 3450 2492 inconvenientia:
3471 2433 3734 2490 subsistit.

2139 2535 2272 2590 Nam
2293 2537 2408 2592 sive
2435 2533 2652 2606 quando
2687 2530 3042 2604 psalmodiam
3071 2529 3302 2586 dicimus
3325 2569 3344 2592 .
3377 2527 3492 2584 sive
3521 2525 3736 2596 quando

2139 2629 2410 2684 mandatis
2451 2625 2666 2684 Domini
2701 2641 2922 2696 operam
2955 2629 3214 2678 navanter
3237 2621 3370 2696 [ed.,
3407 2617 3732 2692 voluntarie]

2141 2721 2528 2792 impendimus,
2559 2719 2886 2776 dulcissimae
2917 2715 3216 2772 harmonia:
3257 2713 3426 2784 aratis
3461 2719 3730 2782 tempera-

2143 2833 2282 2872 mur.
2309 2815 2380 2870 Et
2407 2815 2452 2870 si
2473 2827 2668 2870 causas
2685 2811 2840 2881 hujus
2861 2809 2940 2864 rei
2965 2809 3070 2864 alta
3091 2805 3480 2864 deliberatione
3505 2817 3732 2874 perpen-

2141 2909 2260 2974 das,
2309 2906 2566 2978 quaelibet
2600 2911 2850 2960 creatura
2881 2899 3240 2966 rationabilis,
3267 2897 3314 2950 si
3365 2895 3604 2952 auctoris
3643 2893 3728 2950 sui

2141 3001 2286 3056 vivat
2309 2999 2558 3069 imperio,
2587 2997 2658 3052 ab
2677 2995 2782 3052 hac
2809 2991 3188 3050 convenientia
3219 3005 3326 3048 non
3351 2987 3601 3060 probatur
3627 3003 3726 3042 ex-

2139 3103 2316 3164 cepta.
2361 3093 2556 3150 Merito
2601 3107 2730 3160 ergo
2765 3089 3100 3146 incessanter
3131 3083 3468 3154 praecipimur
3501 3079 3726 3136 Domina

2139 3189 2392 3260 psallere,
2437 3185 2490 3242 in
2523 3185 2728 3258 psalmo
2753 3183 3104 3246 citharizare,
3137 3180 3192 3236 in
3227 3179 3436 3234 cithara
3473 3175 3726 3246 psallere,

2131 3283 2362 3354 jnhilare
2383 3283 2434 3336 in
2455 3281 2600 3338 tubis
2629 3279 2924 3336 ducti-libus
2937 3287 2994 3332 et
3023 3275 3266 3341 corneis;
3296 3281 3356 3328 ut
3383 3270 3606 3328 dubium
3621 3283 3728 3324 non

2133 3375 2208 3430 sit
2253 3375 2370 3430 huc
2405 3373 2764 3430 instrumenta
2791 3369 3074 3426 dulcisona
3105 3365 3462 3438 probabilium
3513 3371 3728 3420 actuum

2135 3468 2294 3526 nobis
2311 3467 2552 3524 indicare
2573 3463 2940 3522 concordiam.

2391 3575 2758 3634 BXPOSITIO
2785 3575 2852 3630 IN
2873 3571 3206 3631 PSALMIM
3231 3567 3466 3628 XCVIII.-

2697 3667 2942 3722 Psalmus
2973 3663 3162 3720 David.

2209 3787 2538 3860 Dignitatem
2575 3785 2730 3842 istius
2759 3781 2992 3839 nominis
3021 3779 3154 3836 satis
3179 3777 3438 3834 admirari
3467 3785 3574 3834 non
3603 3791 3730 3848 pos-

2135 3887 2278 3946 sunt,
2329 3879 2472 3950 quod
2511 3879 2566 3934 in
2609 3877 2778 3932 titulis
2813 3887 3030 3944 semper
3069 3869 3284 3925 afﬁxam
3315 3869 3488 3924 aciem
3531 3873 3726 3923 nostra!

2135 3971 2334 4028 mentis
2355 3971 2512 4042 erigit
2533 3969 2600 4026 ad
2625 3965 2904 4025 Dominum
2932 3965 3228 4022 Christum.
3259 3959 3430 4034 Ipsius
3451 3963 3590 4017 enim
3619 3961 3718 4013 ho-

2135 4077 2236 4122 nor
2265 4067 2316 4120 in
2351 4063 2454 4120 hoc
2483 4063 2690 4134 psalmo
2721 4059 3064 4132 potentiaque
3101 4061 3368 4113 cantatur.
3399 4051 3506 4111 Sed
3527 4059 3722 4124 quanta

2136 4161 2256 4218 latis
2281 4171 2362 4214 est
2391 4157 2714 4214 sanctissimi
2749 4153 2870 4220 viri,
2905 4163 2962 4208 ut
2987 4167 3080 4220 per
3101 4149 3216 4220 ejus
3248 4161 3442 4204 nomen
3467 4147 3726 4202 eximium

2135 4261 2296 4312 tantae
2349 4251 2682 4324 signiﬁcetur
2733 4247 3030 4318 maiestatis
3079 4241 3504 4298 arcanumlPer
3551 4237 3724 4294 David

2133 4349 2275 4404 enim
2319 4347 2482 4418 329
2515 4355 2568 4400 et
2609 4355 2894 4415 personam
2937 4337 3206 4410 loquentis
3261 4333 3618 4400 advertimus,
3673 4339 3726 4386 et

2129 4437 2402 4494 Christum
2449 4449 2612 4492 manu
2649 4435 2844 4489 fortem
2887 4427 3410 4497 desiderabilemque
3437 4425 3722 4476 sentimus.

2131 4536 2491 4604 Quapropter,
2514 4529 2712 4586 eximio
2735 4541 2984 4598 prtccone
2997 4523 3292 4590 recogttito,
3323 4515 3500 4588 magni
3521 4513 3726 4572 iudicis

431 4633 792 4703 advertimus,
821 4635 945 4706 quia
965 4643 1178 4690 terrena
1203 4647 1420 4702 semper
1449 4631 1580 4686 vitia
1611 4609 2021 4700 concupiscunt.
2055 4609 2110 4670 Ῑ)
2133 4625 2509 4694 praestolamur
2533 4623 2844 4674 adventum.

433 4725 602 4782 Vides
627 4735 794 4782 totum
819 4741 1038 4782 sensum
1069 4726 1136 4780 ad
1161 4723 1288 4782 illud
1321 4723 1504 4796 indicii
1527 4733 1740 4792 tempus
1761 4737 1882 4778 esse
1905 4729 2030 4790 per-

431 4815 680 4886 ductum,
729 4827 788 4875 ut
835 4819 1014 4874 omnia
1063 4833 1184 4888 quae
1229 4817 1370 4874 dicta
1421 4825 1546 4873 sunt
1585 4815 1660 4878 illi
1699 4813 2028 4884 intelligeres

431 4903 590 4981 posse
617 4928 936 4984 congruere.

501 4997 660 5056 Vere.
695 5005 782 5060 10.
811 5005 1074 5060 Judicabit
1100 5005 1270 5062 orbem
1293 5015 1443 5061 terra:
1465 5005 1762 5077 injustitia,
1787 5013 1832 5060 et
1859 5019 2026 5078 papu-

435 5093 510 5147 tos
537 5095 590 5147 in
611 5097 864 5164 (equitate.
895 5097 992 5154 Hic
1015 5099 1150 5153 orbis
1173 5109 1424 5154 terrarum
1441 5089 1621 5168 impiis
1640 5107 1722 5153 est
1751 5095 2022 5152 nihilomi-

433 5205 534 5244 nus
577 5189 949 5262 applicandus,
997 5193 1088 5264 qui
1123 5193 1430 5265 frequenter
1473 5202 1621 5248 terra:
1665 5191 2026 5262 appellatione

432 5281 791 5339 declarantur.
815 5283 912 5340 ‘lsti
948 5283 1047 5340 sub
1069 5285 1278 5356 justitia
1305 5283 1580 5356 judicandi
1606 5291 1750 5348 sunt,
1783 5281 1874 5352 qui
1901 5297 2024 5352 per—

429 5375 628 5434 tinacia
655 5393 749 5434 sna
773 5379 914 5434 nulla
947 5379 1270 5436 remissione
1299 5373 1620 5436 liberantur.
1663 5375 1898 5444 Populos
1929 5391 2026 5431 au-

431 5477 542 5524 tem
573 5469 836 5540 signiﬁcat
855 5485 948 5526 eos
971 5469 1062 5540 qui
1087 5485 1150 5525 ex
1179 5471 1414 5526 Hebraeis
1437 5471 1628 5526 ﬁdeles
1649 5468 1858 5540 probati
1875 5475 2018 5536 sunt,

429 5571 486 5618 et
511 5563 600 5634 qui
623 5561 802 5618 devoti
822 5579 884 5620 ex
908 5563 1158 5636 gentibus
1187 5563 1544 5632 advenerunt,
1597 5563 1664 5616 de
1695 5560 1885 5632 quibus
1915 5561 2021 5614 ait:

427 5657 486 5718 Ἡ
493 5659 612 5714 abeo
639 5667 806 5714 autem
835 5669 882 5714 et
907 5661 1040 5714 alias
1067 5676 1201 5722 oves,
1229 5677 1342 5730 quae
1369 5677 1470 5714 non
1493 5667 1612 5714 sunt
1653 5673 1717 5712 ea:
1744 5657 1840 5710 hoc
1865 5655 2024 5720 ovili;

430 5763 628 5824 Oportet
657 5770 736 5806 me
762 5763 810 5808 et
851 5771 938 5810 eas
991 5753 1268 5820 adducere,
1297 5761 1352 5806 ut
1387 5753 1478 5820 ﬁat
1507 5769 1640 5806 unus
1659 5765 1786 5824 grex
1813 5757 1860 5804 et
1893 5763 2024 5802 unus

431 5855 610 5916 pastor
635 5845 814 5918 (Joan.
841 5865 896 5916 ι,
931 5847 1046 5920 16).
1073 5847 1162 5904 Isti
1185 5861 1311 5918 ergo
1332 5847 1510 5918 populi
1539 5845 1592 5900 in
1615 5845 1856 5914 aequitate
1879 5841 2026 5914 judi-

431 5941 586 5994 cavdi
629 5951 772 6008 sunt,
807 5943 1062 6012 quoniam
1105 5941 1174 5996 ibi
1225 5939 1442 6008 praemia
1491 5935 1772 6006 recipient,
1805 5933 1896 6004 qui
1939 5933 2024 5989 hic

2707 4729 2896 4784 Divisio
2935 4727 3142 4798 psalmi.

2207 4857 2264 4912 la
2298 4855 2468 4924 prima
2513 4847 2754 4906 sectione
2785 4819 3092 4900 commoitet
3136 4841 3398 4914 propheta
3445 4839 3730 4896 universos

2133 4949 2360 5022 populos
2391 4945 2610 5004 Christo
2651 4941 2880 4998 Domino
2919 4937 3182 5004 conﬁteri,
3237 4935 3642 5008 quiajndicium
3671 4941 3730 4990 et

2131 5043 2390 5116 justitiam
2425 5043 2476 5096 in
2509 5037 2674 5096 Jacob
2703 5035 2898 5090 iecisse
2927 5033 3252 5090 declaratur.
3283 5031 3532 5088 Secunda
3573 5045 3728 5086 com-

2137 5145 2322 5194 monet
2357 5133 2570 5204 plebem
2615 5139 2672 5186 ut
2719 5129 2904 5184 adoret
2937 5127 3222 5182 Dominum
3253 5123 3614 5188 Salvatorem,
3635 5121 3724 5190 qui

2135 5231 2304 5302 Moysi
2333 5239 2386 5286 et
2413 5235 2590 5282 Aaron
2618 5235 2676 5282 et
2701 5223 2920 5282 Samuel
2953 5221 3218 5292 propitius
3243 5219 3412 5274 fuisse
3457 5215 3726 5288 dignosci-

2137 5333 2262 5388 tur,
2309 5323 2436 5393 quia
2481 5327 2750 5392 przecepta
2795 5316 2914 5386 ejus
2965 5311 3292 5370 custodiisse
3335 5317 3720 5368 monstrantur.

2137 5417 2290 5472 Unde
2313 5415 2652 5474 exaltandum
2679 5423 2734 5470 et
2759 5407 3100 5468 adorandum
3119 5407 3250 5464 dicit
3275 5421 3398 5464 esse
3419 5403 3724 5468 Dominum,

2135 5509 2226 5580 qui
2255 5509 2442 5566 ﬁdeles
2471 5521 2598 5564 suos
2623 5503 2884 5562 exaudire
2911 5501 3162 5574 dignatus
3191 5507 3308 5556 est.

2662 5619 2934 5690 Ezpositio
2985 5617 3194 5690 psalmi.

2211 5733 2356 5792 Vers.
2394 5737 2444 5790 l.
2485 5733 2734 5788 Dominus
2777 5731 3042 5802 regnarit,
3069 5731 3360 5782 irascantur
3387 5723 3610 5798 populi;
3635 5717 3732 5790 qui

2133 5833 2274 5886 sedes
2295 5845 2448 5900 super
2465 5827 2746 5892 cherubim,
2766 5833 3028 5878 moveatur
3053 5831 3212 5878 terra.
3227 5819 3360 5876 Cum
3383 5817 3516 5873 dicit
3537 5813 3678 5872 enim
3705 5829 3722 5864 :

2139 5927 2396 5982 Dominus
2421 5921 2672 5994 regnavit,
2704 5917 2926 5990 exponit
2952 5905 3202 5990 quoniam
3245 5913 3470 5988 gloriam
3503 5925 3608 5968 sua:
3633 5907 3722 5962 res
