4062 6344
304 365 414 426 695

1136 346 1139 347 ί
1206 350 1569 426 exeosrrio
1602 364 1668 423 tN
1707 365 2164 425 PSALTERIUM.
2209 365 2403 421 PSAL.
2447 364 2674 422 cxvut.

3492 356 3593 423 6M

306 482 663 539 surroctionis
710 480 979 549 ostendit;
1010 495 1117 539 non
1152 489 1208 536 ut
1238 490 1362 536 ante
1407 482 1642 538 creditus
1666 491 1749 538 est
1788 497 1893 537 non
1922 484 1977 544 Α
2000 481 2200 537 dictum
2226 489 2309 537 est
2338 494 2520 536 nomen
2566 481 2718 549 eius,
2762 479 2886 553 quia
2918 480 3113 553 ubique
3160 482 3443 542 dilatatam
3484 499 3598 555 cst;

310 590 472 646 posse
492 590 740 647 regnare,
773 589 945 646 quem
969 574 1139 631 Judaei
1171 574 1489 629 videbantur
1518 574 1895 645 exstinguere;

307 670 409 728 sed
433 671 521 726 hic
550 671 687 727 illud
711 680 918 741 tempus
950 671 1253 726 ostenditur
1284 671 1497 740 quando
1528 672 1641 741 ipse
1670 682 1786 740 post
1816 686 1900 726 re-

305 764 702 819 surrectionem
732 778 886 820 suam
927 763 1058 819 dicit
1088 783 1099 817 :
1136 763 1269 817 Data
1296 770 1368 816 est
1396 764 1525 839 mihi
1551 766 1718 819 omnis
1758 773 1902 834 pote—

304 866 415 911 stas
434 858 487 910 in
518 857 643 911 creto
665 864 712 911 et
740 858 792 912 in
828 866 961 911 terra
1005 854 1219 929 (Matth.
1249 872 1442 925 xxvnt,
1477 857 1587 928 i8).
1621 857 1897 929 Sequitur,

305 949 598 1003 irascantur
635 951 816 1021 μοι)κῆ
838 990 853 1017 ,
893 948 1029 1005 nihil
1078 949 1218 1005 ultra
1244 951 1498 1007 nocituri.
1533 950 1723 1021 Magno
1754 953 1896 1007 enim

306 1041 588 1112 gravitatis
639 1040 878 1108 pondere
924 1041 1278 1111 deridentur,
1309 1058 1539 1114 quorum
1588 1043 1698 1099 doli
1742 1053 1899 1114 atque

307 1134 563 1191 versiitiae
613 1134 747 1189 nihil
797 1133 1009 1204 penitus
1054 1137 1310 1192 nocuisse
1349 1136 1710 1191 declarantur.
1768 1136 1899 1191 Nam

308 1226 453 1295 quod
484 1225 639 1293 dixit,
671 1226 983 1292 irascantur,
1019 1240 1127 1280 non
1152 1227 1396 1297 prmcipit
1420 1226 1679 1297 pr0pheta
1713 1226 1777 1282 ad
1808 1227 1903 1282 ali-

311 1317 459 1387 quod
486 1316 699 1372 facinus
723 1317 948 1387 populos
973 1318 1303 1373 commoveri
1335 1333 1351 1384 ;
1384 1317 1479 1373 sed
1509 1327 1565 1374 ut
1592 1318 1701 1372 sibi
1727 1318 1903 1387 potius

310 1412 648 1478 irascantur,
678 1411 768 1480 qui
808 1424 923 1466 rem
965 1410 1179 1480 probati
1224 1417 1349 1466 sunt
1382 1410 1573 1467 fecisse
1612 1411 1900 1477 nefariam;

310 1514 371 1559 nt
395 1504 505 1559 cito
527 1504 595 1558 ad
623 1504 1003 1560 conversionis
1027 1505 1257 1560 salutem
1279 1505 1519 1573 veniant,
1538 1520 1661 1560 cum
1691 1506 1903 1576 prepria

310 1597 597 1652 voluntate
634 1612 725 1651 sua
772 1597 1036 1667 cmperint
1068 1599 1205 1653 facta
1254 1599 1532 1654 damnare.
1582 1600 1733 1666 Quod
1765 1599 1809 1653 si
1839 1599 1903 1654 ad

320 1690 559 1744 litteram
588 1690 717 1745 velis
761 1691 1041 1761 accipere,
1083 1691 1327 1760 quaedam
1360 1691 1571 1746 videtur
1596 1692 1903 1746 urbanitas:

312 1784 455 1837 sicut
506 1789 559 1837 et
608 1783 661 1837 in
709 1782 931 1838 Actibus
987 1785 1352 1853 apostolorum
1416 1784 1611 1855 legitur
1667 1783 1905 1853 pontifici

2011 572 2250 638 terribile,
2299 574 2420 643 quia
2468 574 2584 641 ipse
2631 582 2887 643 venturus
2929 584 3019 629 est
3058 574 3302 645 judicare
3352 576 3498 631 vivos
3540 585 3596 630 ct

2012 673 2287 730 mortuos;
2328 673 2593 730 sanctum,
2626 663 2747 734 quia
2780 665 3114 720 immaculata
3146 676 3198 721 et
3230 666 3436 722 cmlesti
3470 680 3593 721 con-

2013 758 2321 813 versatione
2342 759 2636 827 permansit
2662 776 2675 811 :
2701 758 2840 813 sicut
2870 768 2924 813 et
2956 759 3083 814 alibi
3114 760 3308 816 dicitur
3337 760 3404 816 de
3434 761 3554 832 ipso
3579 779 3595 815 :

2013 847 2266 915 Quoniam
2285 848 2628 919 magniﬁcavit
2648 848 2898 904 Dominus
2913 860 3143 905 sanctum
3161 868 3312 906 suum
3330 848 3502 923 (Psal.
3520 864 3598 921 tv,

2009 940 2097 1010 4):
2128 942 2267 996 sicut
2292 951 2345 997 et-
2375 941 2552 995 Mariae
2576 942 2775 997 dictum
2810 949 2894 997 est
2930 943 2998 998 ab
3045 942 3239 1015 angelo
3269 962 3281 998 :
3313 932 3600 1015 Propterea

2009 1036 2147 1104 quod
2174 1042 2410 1090 nascetur
2428 1052 2490 1090 ex
2516 1046 2563 1090 te
2589 1036 3105 1091 sanctumvocabitur
3125 1033 3295 1092 Filius
3316 1033 3414 1092 Dei
3445 1035 3599 1107 (Luc.

2011 1142 2052 1195 ι,
2081 1126 2198 1197 35).

2084 1220 2237 1275 Vers.
2266 1220 2317 1275 4.
2346 1219 2410 1275 Et
2439 1223 2604 1276 honor
2628 1220 2789 1294 Regis
2799 1223 3058 1294 judicium
3088 1222 3259 1296 diligit
3283 1241 3302 1279 :
3326 1232 3380 1279 tu
3404 1227 3605 1295 parasti

2014 1317 2326 1389 a'quitatem.
2380 1318 2641 1387 Superius
2690 1318 2900 1374 dixerat
2948 1337 2959 1375 :
3004 1317 3363 1388 Con/iteantur
3413 1321 3601 1392 populi
3656 1313 3663 1365 ί

2010 1413 2205 1467 nomini
2236 1422 2322 1465 tuo
2356 1428 2375 1467 :
2408 1414 2567 1467 modo
2599 1414 3052 1482 quemadmodum
3092 1415 3343 1471 conﬁteri
3368 1415 3603 1471 debeant
3656 1477 3662 1483 _

2015 1508 2292 1563 evidenter
2323 1506 2561 1576 exponit.
2600 1504 2785 1560 Honor
2814 1508 2957 1560 enim
2995 1508 3148 1579 Regis
3182 1517 3266 1564 est
3293 1510 3605 1578 przcdicatio

2014 1600 2270 1668 glorima,
2304 1612 2461 1667 quam
2486 1598 2558 1651 illi
2592 1611 2807 1666 semper
2835 1595 3110 1651 oll'erimus
3142 1597 3468 1654 conﬁtendo.
3502 1594 3605 1650 Ju-

2017 1691 2206 1744 dicinm
2231 1690 2419 1757 diligit,
2442 1688 2543 1741 hoc
2564 1696 2668 1754 est,
2694 1698 2749 1742 ut
2772 1687 3120 1743 deliberando
3141 1696 3305 1757 atque
3327 1686 3608 1742 tractando

2015 1784 2304 1837 debeamus
2342 1780 2566 1852 diligere
2595 1779 2930 1838 Creatorem.
2962 1781 3080 1836 Non
3113 1782 3254 1837 enim
3289 1782 3377 1835 ille
3408 1790 3499 1835 aut
3528 1781 3606 1835 la-

271 1902 275 1905 Α
311 1876 535 1929 Paulum
566 1876 768 1930 dixisse
816 1892 1133 1946 percussum
1169 1895 1182 1931 :
1213 1877 1392 1933 Feriat
1424 1890 1469 1933 te
1507 1878 1680 1944 Deus,
1731 1880 1903 1948 paries
1932 1876 1982 1935 B
2010 1876 2100 1930 bili
2133 1876 2442 1941 voluntate,
2492 1883 2584 1929 aut
2627 1875 2721 1928 cad
2736 1889 2828 1927 nea
2864 1883 3049 1929 mente
3074 1870 3334 1928 colendus
3362 1882 3476 1937 est;
3510 1871 3607 1928 sed

310 1968 570 2021 dealbare.
607 1968 674 2021 Et
700 1969 857 2039 paulo
887 1977 1007 2039 post
1033 1970 1343 2040 increpatus
1370 1970 1541 2025 dixit:
1576 1969 1906 2039 Nesciebam,

309 2063 519 2133 fratres,
549 2064 690 2133 quod
711 2066 945 2135 princeps
971 2066 1147 2137 pepuli
1170 2075 1317 2119 esset.
1343 2065 1617 2136 Scriptum:
1636 2078 1709 2119 est
1734 2065 1908 2121 enim:

309 2154 609 2223 Principem
626 2158 809 2228 populi
825 2157 899 2210 tui
929 2174 991 2211 ne
1012 2158 1345 2213 maledixeris
1369 2160 1506 2231 (Act.
1526 2175 1680 2226 xxiii,
1703 2159 1736 2214 5
1757 2150 1804 2212 et
1836 2160 1902 2225 5;

312 2246 489 2304 Exod.
522 2266 656 2315 χχιι,
686 2250 809 2321 28);
842 2266 949 2305 non
990 2253 1116 2323 quia
1149 2254 1463 2320 nesciebat,
1490 2255 1587 2307 scd
1616 2255 1739 2323 quia
1766 2256 1912 2323 prin—

314 2341 493 2409 cipem
524 2356 645 2396 eum
678 2343 863 2413 populi
892 2344 992 2399 sub
1021 2345 1248 2415 quadam
1279 2346 1579 2403 urbanitate
1605 2346 1907 2415 denegavit.

316 2433 398 2487 lta
429 2445 482 2489 et
512 2436 597 2489 hic
628 2435 829 2491 dictum
870 2448 951 2492 est
1000 2456 1012 2491 :
1047 2437 1302 2493 Dominus
1330 2441 1557 2511 regnavit
1578 2482 1590 2505 ,
1625 2441 1912 2494 irascantur

313 2529 515 2600 populi,
544 2530 596 2584 id
632 2539 736 2596 est,
769 2530 903 2585 nihil
933 2532 1069 2586 ultra
1099 2533 1365 2599 nocituri;
1399 2534 1541 2603 quod
1575 2550 1679 2588 non
1713 2532 1776 2587 ad
1811 2549 1908 2587 cx-

316 2619 683 2677 hortation‘em
706 2663 721 2688 ,
753 2623 844 2677 sed
875 2623 941 2677 ad
974 2624 1298 2680 derisionein
1342 2625 1555 2680 videtur
1584 2626 1759 2694 potius
1790 2641 1911 2694 per-

309 2714 511 2769 tinere.
561 2717 691 2782 Qua:
724 2718 893 2786 figura
922 2718 1119 2773 dicitur
1160 2720 1434 2784 astismos,
1485 2718 1673 2773 Latine
1705 2719 1906 2773 urbana

306 2803 503 2870 dictio,
534 2810 832 2864 venustatis
861 2819 917 2864 et
941 2808 1150 2867 facetia:
1178 2822 1341 2866 causa
1368 2810 1686 2881 composita.
1720 2812 1908 2880 Sequi-

307 2908 428 2968 tur,
459 2903 547 2973 qui
580 2904 724 2958 sedes
747 2920 903 2975 super
931 2904 1212 2973 cherubim,
1238 2914 1499 2960 moveatur
1529 2914 1684 2959 terra.
1713 2907 1755 2959 Τ
1762 2921 1793 2958 ιι
1821 2906 1908 2974 qui

307 2996 489 3063 sedes,
521 2998 839 3053 indicativus
871 3001 1060 3057 modus
1098 3009 1182 3056 est
1227 3000 1476 3055 secunda:
1524 3015 1804 3071 personat;
1839 2999 1903 3054 ad

310 3087 494 3158 ipsum
521 3091 663 3145 enim
712 3089 997 3146 Dominum
1032 3093 1191 3149 verba
1223 3103 1544 3148 convertens
1595 3093 1732 3147 hanc
1782 3106 1906 3147 seu-

316 3182 542 3236 tentiam
574 3183 706 3237 ﬁnit.
738 3182 1016 3238 Cherubin:
1048 3185 1332 3240 Hebrazum
1383 3200 1578 3239 nomen
1619 3196 1701 3241 est
1743 3186 1909 3253 signi-

2017 1967 2117 2020 lixa
2169 1975 2225 2021 et
2272 1966 2611 2037 perspicabili
2666 1965 3053 2041 deliberatione
3106 1957 3427 2033 sentcntiae,
3476 1967 3611 2020 sicut

2016 2062 2156 2115 solet
2185 2073 2398 2129 semper
2436 2059 2581 2126 puris
2610 2059 2863 2114 cordibus
2895 2072 3175 2129 apparere.
3227 2057 3482 2129 Sequitur
3507 2100 3522 2123 ,
3559 2064 3612 2111 tu

2017 2153 2215 2224 parasti
2258 2152 2547 2222 (equitatem
2578 2193 2591 2217 ,
2623 2164 2680 2206 ut
2710 2160 3068 2221 agnoscerent
3116 2151 3360 2206 homines
3400 2151 3466 2205 ab
3495 2149 3612 2219 ipso

2020 2244 2123 2301 hoc
2149 2260 2339 2300 munus
2367 2245 2608 2312 attribui,
2636 2261 2741 2316 quo
2772 2247 2981 2316 possint
3011 2248 3145 2300 hanc
3174 2245 3497 2315 intelligere,
3527 2244 3612 2299 vel

2020 2338 2199 2393 facere
2229 2347 2541 2393 constanter
2566 2339 2878 2409 (equitatem.
2916 2338 3154 2409 Denique
3190 2351 3407 2391 sensum
3450 2338 3612 2391 istum

2018 2432 2317 2489 evidentius
2347 2446 2577 2502 sequens
2610 2447 2796 2485 versus
2830 2431 3089 2487 ostendit.
3121 2430 3246 2485 Sive
3280 2430 3361 2500 (ut
3392 2431 3611 2499 quibus-

2019 2528 2141 2583 dam
2188 2528 2384 2597 placet)
2417 2525 2582 2579 honor
2612 2524 2764 2597 Regis
2793 2532 2877 2581 est
2915 2523 3189 2579 damnatio
3219 2526 3359 2593 justa
3412 2538 3612 2577 nocen-

2021 2624 2150 2677 tium
2171 2664 2184 2686 ,
2218 2620 2469 2690 quOniam
2501 2620 2780 2689 iniquitate
2822 2620 3007 2689 punita
3030 2618 3197 2691 gloria
3231 2618 3370 2691 regis
3401 2626 3612 2686 semper

2019 2727 2262 2785 augetur.

2098 2808 2247 2862 Vers.
2284 2806 2337 2861 5.
2370 2804 2635 2860 Iudicium
2682 2814 2729 2859 et
2762 2805 3027 2875 justitiam
3054 2806 3108 2858 in
3136 2802 3300 2858 Iacob
3338 2811 3395 2855 tu
3426 2801 3611 2872 fecisti.

2018 2900 2285 2956 Judicium
2315 2901 2433 2971 fecit
2457 2901 2508 2955 in
2537 2900 2733 2971 populo
2757 2899 2920 2966 fideli,
2949 2901 3163 2970 quando
3192 2900 3239 2954 ei
3262 2898 3483 2953 donavit
3516 2898 3610 2951 bo-

2022 3010 2146 3050 num
2180 2994 2483 3063 malumque
2524 2992 2861 3059 discernere;
2889 2993 3152 3063 justitiam
3182 3006 3309 3046 vero
3331 3032 3345 3056 ,
3378 3006 3497 3045 cum
3524 3005 3613 3045 re-

2023 3090 2161 3144 lictis
2185 3089 2340 3144 idolis
2366 3087 2605 3142 Creatori
2629 3101 2727 3143 suo
2754 3088 2947 3142 meruit
2973 3085 3158 3140 humili
3186 3086 3471 3141 devotione
3500 3097 3613 3139 ser-

2024 3184 2156 3238 vire.
2190 3182 2257 3236 In
2315 3180 2483 3235 Jacob
2525 3190 2703 3235 autem
2730 3221 2745 3247 ,
2790 3180 2842 3233 in
2888 3192 3210 3250 unoquoque
3257 3176 3400 3231 ﬁdeli
3460 3175 3609 3240 dicit,

313 3276 489 3331 ticans
541 3278 927 3347 plenitudinem
982 3279 1263 3343 scientiae;
1315 3281 1409 3337 ubi
1449 3281 1600 3351 quasi
1634 3282 1683 3335 in
1721 3283 1913 3336 throno
1942 3274 1988 3337 C
2022 3277 2143 3348 quia
2168 3273 2400 3331 nominis
2419 3274 2572 3330 istius
2594 3272 3108 3329 commemoratione
3133 3271 3359 3343 populus
3381 3270 3612 3324 devotus

313 3380 423 3423 suo
454 3369 733 3425 Dominum
766 3371 1002 3426 insidere
1029 3372 1354 3427 manifestat.
1401 3374 1533 3427 Nam
1564 3383 1617 3429 et
1664 3375 1912 3430 homines

312 3460 518 3517 insidet
554 3462 681 3537 [ed.,
723 3464 1015 3537 insident],
1064 3465 1154 3535 qui
1226 3466 1534 3536 plenissima
1601 3467 1703 3524 tide
1750 3480 1912 3540 atque

318 3566 544 3625 operum
592 3557 856 3626 probitate
891 3559 1249 3628 complentur.
1300 3561 1591 3629 Adjunxit,
1645 3572 1908 3617 moveatur

318 3656 474 3703 terra.
507 3649 638 3705 Sive
668 3650 797 3705 illud
834 3653 1101 3722 signiﬁcat
1138 3654 1279 3722 quod
1314 3656 1560 3724 superius
1595 3655 1767 3722 dixit,
1800 3658 1909 3710 ira-

298 3754 527 3805 .scantur
556 3742 764 3811 pepuli,
802 3745 915 3800 sive
939 3745 1105 3815 magis
1130 3747 1194 3801 ad
1222 3748 1627 3803 conversionem
1668 3758 1912 3819 peccato-

319 3848 412 3887 res
444 3836 682 3906 postulat
710 3839 1075 3904 commoveri,
1106 3840 1199 3910 qui
1240 3839 1402 3911 (sicut
1426 3841 1539 3910 jam
1570 3842 1771 3896 dictum
1804 3841 1908 3910 est)

320 3938 461 3983 terra
488 3930 680 3986 merito
710 3940 1105 4003 nuncupantur,
1148 3933 1274 4003 quia
1300 3942 1514 3989 terrena
1556 3934 1682 3988 vitia
1714 3948 1911 3991 concu-

317 4025 553 4095 piscnnt.

396 4116 547 4172 Vers.
570 4118 627 4175 2.
652 4118 904 4173 Dominus
933 4119 986 4172 in
1017 4117 1147 4173 Sion
1175 4134 1412 4189 magnus,
1440 4129 1486 4173 et
1507 4121 1740 4174 excelsus
1762 4136 1916 4189 super

323 4228 502 4267 omnes
530 4215 766 4285 papulas.
803 4213 872 4269 Ut
904 4213 1068 4269 Deum
1101 4214 1245 4267 illum
1271 4227 1428 4283 quem
1454 4212 1597 4267 dixit
1626 4212 1798 4266 sedere
1826 4230 1913 4267 su-

317 4321 413 4374 per
446 4304 727 4369 cherubim,
764 4305 1050 4360 Dominum
1083 4304 1360 4360 Christum
1392 4304 1672 4359 evidenter
1714 4304 1914 4359 adver-

319 4403 465 4450 teres
490 4439 504 4461 ,
537 4397 842 4465 expressit,
889 4394 1142 4451 Dominus
1176 4398 1227 4451 in
1260 4397 1391 4453 Sion
1440 4412 1656 4467 magnus
1682 4441 1695 4464 ,
1731 4396 1821 4466 qui
1861 4397 1914 4451 in

317 4490 789 4565 Jcrosolymitanis
811 4494 1053 4561 partibus
1076 4493 1236 4546 homo
1259 4506 1523 4561 apparere
1542 4492 1789 4562 dignatus
1811 4500 1909 4546 est.

2018 3370 2340 3425 ostenditur.
2387 3368 2466 3421 Tu
2510 3368 2695 3439 fecisti,
2740 3367 2862 3437 quia
2920 3380 3077 3421 nemo
3106 3374 3189 3421 est
3232 3365 3370 3419 alius
3418 3368 3613 3432 praeter

2018 3465 2194 3534 ipsum
2224 3463 2312 3534 qui
2344 3462 2571 3517 instituit
2602 3472 2656 3517 et
2681 3461 2909 3515 ﬁrmavit
2934 3459 3055 3535 [ηις.
3081 3459 3175 3525 Λ.,
3201 3454 3471 3527 formavit]
3508 3452 3613 3507 Ec-

2019 3556 2268 3617 clesium;
2306 3556 2444 3609 sicut
2484 3553 2610 3608 dicit
2643 3554 2931 3622 Apostolus
2978 3571 2990 3605 :
3026 3549 3449 3604 Fundamentum
3477 3546 3612 3601 enim

2019 3646 2165 3700 aliud
2196 3663 2342 3700 nemo
2369 3654 2530 3717 potest
2552 3661 2761 3717 ponere,
2797 3653 2983 3714 praeter
3013 3643 3068 3697 id
3095 3643 3231 3714 quod
3258 3643 3481 3712 positum
3510 3649 3614 3710 est,

2023 3739 2255 3806 quodest
2289 3735 2522 3790 Christus
2547 3736 2703 3789 Jesus
2738 3733 2821 3804 (II
2854 3734 2974 3788 Cor.
3006 3748 3085 3799 ιιι,
3119 3733 3229 3804 H).

2096 3826 2253 3883 Yers.
2294 3829 2343 3882 6.
2381 3827 2621 3882 Exaltate
2651 3826 2925 3881 Dominum
2955 3827 3120 3880 Deum
3136 3836 3388 3893 nostrum,
3418 3834 3465 3880 et
3491 3826 3615 3879 ado-

2019 3931 2129 3975 rate
2151 3920 2426 3975 scabellum
2449 3920 2639 3990 pedum
2668 3922 2797 3990 ejus,
2822 3920 3065 3988 quoniam
3087 3928 3323 3972 sanctum
3347 3926 3440 3971 est.
3459 3914 3618 3970 Venit

2021 4014 2091 4068 ad
2132 4013 2426 4068 secundam
2458 4013 2750 4066 sectionem
2796 4010 3092 4080 propheta,
3144 4011 3198 4064 in
3244 4026 3346 4078 qua
3394 4008 3617 4078 populos

2022 4107 2248 4163 devotos
2269 4115 2580 4161 commonet
2603 4115 2663 4159 ut
2686 4118 2879 4160 nomen
2900 4104 3113 4159 Domini
3140 4103 3485 4176 magnificare
3511 4119 3614 4159 non

2027 4198 2307 4263 desinant;
2353 4207 2619 4268 quatenus
2664 4197 2815 4251 illum
2861 4195 3241 4265 praedicando,
3287 4196 3385 4267 ipsi
3439 4197 3653 4267 potius,

2025 4291 2252 4347 exaltari
2286 4305 2446 4361 posse
2492 4289 2794 4345 videantur.
2838 4290 3105 4344 Caeterum
3140 4289 3229 4346 ille
3257 4289 3508 4344 humanis
3538 4289 3619 4343 vis

2024 4383 2174 4439 ribus
2202 4383 2364 4454 (sicut
2398 4382 2542 4454 s:r‘pe
2571 4382 2775 4439 dictum
2803 4385 2907 4453 est)
2939 4398 3045 4438 non
3089 4384 3292 4453 indiget
3334 4382 3615 4455 adjuvari,

2024 4478 2116 4547 qui
2145 4486 2226 4532 est
2255 4491 2462 4532 summa
2492 4479 2685 4545 virtus,
2724 4487 2777 4532 et
2806 4477 2972 4531 totius
3013 4476 3307 4546 Maiestatis
3346 4474 3616 4531 adoranda

319 4582 387 4638 Ει
420 4582 637 4638 intende
662 4583 829 4637 verba
854 4600 970 4654 qua}
995 4584 1145 4649 dicit,
1169 4581 1420 4638 Dominus
1448 4600 1683 4652 magnus,
1713 4600 1776 4637 ne
1797 4584 1915 4653 quis
1944 4592 1997 4653 D
2024 4571 2301 4641 perfectio.
2333 4574 2603 4643 Sequitur,
2635 4584 2680 4627 et
2716 4573 2930 4628 adorato
2959 4573 3242 4627 scabellum
3272 4574 3458 4642 pedum
3483 4575 3611 4643 ejus,

321 4693 443 4731 eum
476 4692 573 4747 pro
600 4677 867 4745 passionis
915 4677 1215 4732 humilitate
1246 4686 1456 4747 putaret
1498 4691 1616 4732 esse
1659 4676 1911 4731 tetnnibi-

319 4772 451 4828 1cm.
484 4772 719 4840 Addidit,
746 4782 791 4827 et
812 4772 1038 4827 excelsus
1075 4788 1227 4843 super
1250 4788 1422 4825 omnes
1466 4770 1683 4841 populos
1717 4787 1734 4826 :
1781 4784 1915 4841 quo-

322 4867 464 4921 niam
499 4866 589 4921 ille
608 4882 764 4935 quem
786 4866 1084 4937 irreligiosa
1117 4874 1299 4921 mente
1319 4875 1774 4935 contempserant,
1803 4864 1914 4917 ilex

322 4960 553 5015 excelsus
580 4977 733 5031 super
779 4977 952 5015 omnes
982 4960 1201 5031 papulas
1230 4960 1523 5015 eminebat.
1561 4958 1689 5015 Sion
1735 4967 1915 5011 autem

325 5046 713 5120 interpretatur
740 5053 1039 5122 speculatio
1063 5094 1076 5117 ,
1107 5052 1246 5121 quod
1290 5060 1373 5107 est
1401 5052 1644 5106 Ecclesia
1669 5092 1684 5117 ,
1730 5052 1781 5103 in
1811 5066 1914 5119 qua

327 5142 586 5201 Dominus
613 5145 967 5215 Spiritualiter
1009 5146 1185 5199 inesse
1216 5141 1512 5198 reverenda
1544 5156 1757 5210 semper
1787 5155 1920 5195 con-

328 5237 680 5309 templatione
708 5244 1057 5292 monstratur.

403 5328 557 5385 Vers.
589 5329 642 5384 5.
671 5328 1024 5398 Conﬁteantur
1052 5325 1249 5380 nomini
1277 5333 1362 5378 tuo
1392 5340 1579 5397 magno
1602 5333 1651 5379 et
1682 5323 1919 5389 terribili,

328 5422 571 5491 quoniam
602 5428 835 5474 sanctum
866 5428 959 5474 est.
996 5418 1126 5473 Post
1154 5416 1547 5487 apparitionem
1594 5416 1773 5472 carnis
1803 5431 1920 5484 qua:

331 5514 469 5569 facta
496 5522 580 5568 est
606 5514 658 5568 in
693 5514 823 5571 Sion
845 5558 859 5582 ,
892 5509 1257 5579 conﬁtendum
1285 5507 1415 5569 dicit
1445 5508 1656 5578 populis
1688 5507 1917 5561 Domino

331 5604 615 5669 Salvatori,
638 5604 706 5659 de
734 5603 928 5673 quibus
972 5603 1215 5671 superius
1246 5599 1445 5654 dictum
1471 5608 1555 5653 est
1574 5640 1589 5667 ,
1622 5600 1918 5652 irascantur

334 5698 535 5768 populi.
565 5697 652 5752 Sic
680 5699 823 5752 enim
855 5697 908 5751 in
945 5695 1182 5751 Ecclesia
1226 5693 1488 5748 catholica
1521 5693 1757 5763 quotidie
1804 5693 1919 5747 fieri

338 5788 607 5855 videmus,
641 5798 697 5843 ut
722 5791 805 5858 qui
837 5790 983 5859 prius
1011 5788 1223 5842 fuerunt
1256 5786 1575 5855 blasphemi,
1611 5786 1768 5855 paulo
1798 5794 1921 5856 post

336 5882 448 5941 sint
476 5883 739 5956 (Domino
781 5880 1105 5953 iirmstante)
1138 5880 1387 5937 correcti.
1444 5872 1692 5952 Magnum
1737 5887 1917 5936 autem

2023 4666 2266 4734 quoniam
2309 4677 2547 4719 sanctum
2589 4676 2680 4720 est.
2725 4667 2987 4732 Quoniam
3039 4667 3226 4720 beatus
3264 4665 3615 4735 Augustinus,

2024 4757 2470 4827 diligentissimus
2503 4760 2800 4827 exquisitor
2825 4800 2837 4823 ,
2871 4772 3065 4827 corpus
3104 4757 3317 4812 Domini
3358 4756 3499 4828 quod
3545 4756 3612 4812 de

2027 4856 2190 4910 Maria
2222 4855 2439 4925 Virgine
2462 4859 2706 4926 sumpsit,
2732 4858 3007 4912 scabellum
3050 4857 3345 4913 divinitatis
3379 4857 3492 4929 ejus
3524 4874 3613 4913 as-

2026 4949 2191 5002 seruit
2215 4947 2402 5019 (Enar.
2438 4950 2491 5002 in
2528 4951 2661 5022 psal.
2703 4966 2885 5015 xcvm,
2911 4960 3026 5004 ante
3048 4951 3208 5022 med.)
3232 4951 3395 5023 330
3414 4951 3614 5008 debere

2028 5043 2251 5106 sentire,
2280 5052 2499 5111 propter
2530 5052 2776 5098 naturam
2811 5043 3156 5098 humanitatis
3183 5088 3197 5113 ,
3232 5060 3388 5114 quam
3421 5052 3506 5099 est
3532 5044 3617 5099 di-

2028 5140 2219 5204 gnatus
2259 5149 2536 5189 assumere
2560 5151 2577 5187 ηε
2604 5135 2681 5189 illi
2726 5136 2866 5190 enim
2915 5134 3097 5189 virtuti
3143 5150 3263 5191 esse
3313 5137 3611 5206 subjectum

2026 5233 2185 5294 atque
2217 5226 2422 5281 unitum
2445 5266 2459 5291 ,
2491 5227 2740 5281 omnibus
2769 5229 3033 5282 creaturis
3064 5236 3275 5285 constat
3307 5222 3607 5301 excelsius,

2028 5320 2163 5375 sicut
2193 5319 2321 5373 dicit
2348 5319 2675 5385 Apostolus:
2709 5320 2858 5385 Quod
2888 5321 3152 5390 inﬁrmum
3185 5332 3259 5377 est
3294 5324 3391 5380 Dei
3423 5327 3613 5397 fortius

2029 5423 2102 5468 cst
2123 5412 2411 5467 horninibus
2430 5410 2483 5483 (1
2498 5413 2614 5468 Cor.
2638 5413 2805 5480 1,25);
2822 5423 2877 5470 et
2892 5414 3017 5471 alibi
3031 5416 3098 5472 de
3116 5417 3303 5475 eodem
3323 5420 3618 5479 Mediatore

2030 5506 2124 5560 Dei
2148 5517 2197 5560 et
2219 5506 2491 5559 hominum
2518 5505 2732 5561 homine
2753 5506 2969 5563 Christo
2990 5507 3117 5565 Jesu
3141 5510 3430 5580 Apostolus
3449 5515 3614 5573 dicit:

2032 5595 2252 5663 Pmpter
2280 5596 2419 5665 quod
2448 5597 2580 5650 Deus
2610 5598 2849 5651 exultavit
2878 5600 3047 5667 illum,
3096 5610 3144 5655 et
3184 5604 3391 5657 donauit
3415 5606 3494 5659 illi
3524 5625 3615 5661 no-
3662 5584 3665 5587 Ι
3744 5634 3751 5641 -

2030 5706 2145 5744 men
2184 5689 2319 5758 quod
2348 5696 2422 5742 est
2452 5706 2601 5759 super
2632 5706 2782 5745 omne
2827 5708 3008 5747 nomen
3048 5708 3065 5747 :
3098 5704 3152 5747 ut
3182 5696 3233 5747 in
3258 5697 3459 5749 nomine
3484 5698 3614 5753 Jesu

2033 5796 2182 5838 onme
2211 5794 2343 5849 genu
2371 5781 2609 5850 ﬂectatur
2638 5779 2928 5850 ccclestium,
2992 5786 3311 5839 terrestrium
3354 5796 3401 5837 et
3452 5786 3585 5855 infer

2033 5890 2215 5930 norum
2242 5872 2473 5945 (Philip.
2503 5890 2560 5941 ιι,
2590 5876 2678 5945 9):
2710 5892 2851 5931 nunc
2879 5877 3161 5933 dicendum
3190 5879 3342 5934 nobis
3368 5889 3451 5934 est
3479 5879 3608 5948 quid
