4062 6344
498 310 604 368 695
1727 302 1799 360 Μ.
1844 301 2102 360 AURELI

2179 303 2570 366 BASSIODORI
3672 306 3783 368 δικ

494 426 557 486 in
583 427 689 488 isto
706 443 870 488 versu
892 430 1048 505 pedes
1067 431 1183 502 eius
1211 429 1516 504 signiﬁcare
1533 428 1844 498 videantur,
1872 429 2082 486 scilicet
2108 432 2165 492 Α
2187 427 2277 484 ille
2299 429 2593 484 scabellum
2610 427 2825 498 dicitur,
2849 426 2940 500 qui
2963 440 3026 484 se
3044 429 3236 494 vermi,
3262 426 3562 496 scarabteo,
3593 425 3782 486 herba:

498 521 846 579 stabilitatem
883 523 1205 588 Divinitatis,
1243 537 1363 593 quae
1387 536 1613 599 semper
1639 523 1695 578 in
1723 531 1930 579 natura
1949 530 2082 580 ‘sua‘.
2195 521 2478 586 fullonum,
2511 531 2566 575 et
2589 519 2829 592 angulari
2849 519 3011 591 lapidi
3035 522 3388 592 comparavit,
3415 535 3522 576 non
3553 521 3778 576 vilitatis

499 614 852 685 omnipotenti
879 615 1046 686 gloria
1072 623 1327 686 tanquam
1368 615 1566 688 pedum
1608 613 1878 670 indefecta
1909 614 2079 670 stabi-
2194 617 2326 691 [ed.,
2353 614 2620 688 utilitatis]
2651 615 2870 684 intuitu,
2894 615 2988 671 sed
3020 614 3338 671 humilitatis
3362 613 3590 681 aﬂ'ectu;
3615 629 3774 686 quam

500 705 622 762 litas
661 716 992 778 perseverat.
1026 709 1197 778 Hujus
1225 724 1354 780 ergo
1386 707 1546 766 Verbi
1591 716 1928 778 assumptum
1957 721 2079 763 cor-
2191 708 2456 764 sumendo
2498 716 2706 763 tantum
2739 707 2864 763 fecit
2893 707 3182 775 excelsam,
3211 718 3470 780 quantum
3501 706 3650 777 prius
3681 705 3780 760 fuit

493 811 620 868 pus,
653 799 897 867 quamvis
918 799 1236 870 gloriosum,
1266 799 1512 870 quamvis
1537 813 1808 870 magnum,
1833 797 2080 869 quamvis
2187 802 2244 856 in
2277 801 2378 858 hoc
2406 802 2606 857 mundo
2633 801 2990 872 parvissima?
3035 801 3316 873 Sequitur,
3362 801 3482 871 quia
3523 799 3779 854 custodie-

473 883 568 946 ‘sit
595 889 902 958 adorabile;
930 899 1111 948 tamen
1139 901 1360 962 propter
1391 891 1744 948 humilitatem
1777 890 2079 946 humanita-
2185 893 2307 948 bant
2333 895 2622 950 testimonia
2649 896 2782 967 ejus,
2815 904 2860 948 et
2891 902 3144 966 praecepta
3170 896 3284 967 ejus
3303 935 3320 961 ,
3343 909 3459 962 quce
3487 892 3628 946 dedit
3655 892 3776 945 illis.

473 985 596 1064 ptis,
637 983 916 1039 scabellum
954 983 1146 1056 pedum
1171 993 1542 1056 competenter
1586 983 1901 1054 accipimus.
1940 981 2074 1037 Nam
2185 983 2387 1040 Reddit
2425 1000 2618 1040 causas
2666 999 2833 1056 quare
2863 999 2958 1040 eos
3001 985 3263 1040 exaudire
3294 983 3554 1040 Dominus
3591 982 3780 1050 digna-

487 1091 608 1133 cum
639 1079 754 1148 ipse
781 1077 927 1134 dicat
959 1097 971 1133 :
1007 1077 1204 1136 Caelum
1245 1080 1374 1134 mihi
1411 1081 1556 1135 sedes
1599 1088 1702 1146 est;
1736 1089 1877 1134 terra
1903 1087 2078 1134 autem
2184 1086 2333 1134 retur
2359 1097 2371 1134 :
2405 1078 2526 1149 quia
2557 1078 2672 1148 ipse
2700 1079 2851 1133 illum
2880 1093 3010 1133 vere
3039 1077 3234 1147 diligit,
3261 1076 3354 1146 qui
3380 1074 3498 1145 ejus
3531 1074 3782 1128 mandata

487 1171 771 1226 scabellum
799 1173 988 1242 pedum
1015 1187 1246 1226 meorum
1275 1171 1432 1244 (Isai.
1461 1187 1609 1240 var,
1635 1170 1723 1243 i);
1746 1187 1942 1243 corpus
1971 1183 2077 1228 ter-
2185 1172 2451 1242 custodit,
2481 1173 2621 1227 sicut
2667 1171 2783 1242 ipse
2812 1171 3092 1241 discipulis
3122 1169 3253 1226 dicit
3285 1188 3298 1223 :
3333 1168 3395 1226 Si
3425 1185 3504 1223 me
3545 1167 3776 1238 diligitis,

491 1280 682 1322 renum
715 1267 856 1334 quod
879 1267 947 1323 de
973 1267 1136 1322 Maria
1163 1267 1384 1336 Virgine
1409 1265 1658 1337 sumpsit,
1688 1267 1824 1322 bene
1849 1268 1932 1336 (ut
1959 1265 2078 1336 opi-
2183 1267 2432 1322 mandata
2481 1282 2592 1322 mea
2641 1275 2837 1321 servate
2881 1264 3071 1337 (Joan.
3113 1282 3227 1332 xiv,
3259 1263 3380 1337 15).
3411 1263 3782 1318 Testimonium

484 1356 610 1429 nor)
635 1357 823 1413 eadem
874 1359 1222 1416 similitudine
1269 1358 1548 1414 scabellum
1592 1358 1781 1428 pedum
1813 1358 1925 1428 ejus
1951 1371 2078 1426 pro-
2191 1368 2276 1416 est
2321 1375 2418 1430 per
2456 1360 2608 1430 signa
2636 1359 2810 1430 aliqua
2861 1359 3214 1428 praecedentis
3248 1360 3325 1415 rei
3358 1359 3531 1430 posita
3580 1356 3784 1426 signiti-

485 1447 646 1504 batur
671 1449 922 1521 intelligi.
974 1449 1044 1506 Et
1071 1461 1198 1505 nota
1242 1451 1364 1520 quia
1412 1463 1520 1503 non
1564 1447 1704 1503 dixit
1747 1467 1760 1500 :
1811 1449 2073 1515 Quoniam
2187 1451 2362 1519 catio,
2396 1451 2537 1508 sicut
2565 1452 2622 1507 in
2667 1451 3040 1522 Heptateucho
3061 1452 3194 1508 dicit
3227 1469 3244 1508 :
3274 1451 3391 1506 Hoc
3420 1452 3521 1505 erit
3561 1451 3701 1504 vobis
3731 1451 3779 1504 in

470 1548 706 1615 sanctus
731 1533 842 1606 est;
887 1542 1005 1612 sed,
1035 1543 1279 1612 quoniam
1325 1550 1561 1596 sanctum
1605 1549 1716 1607 est;
1765 1539 1972 1595 scilicet
2017 1547 2076 1594 ut
2185 1545 2842 1616 testimonium.Praecepta
2865 1546 3010 1601 enim
3037 1546 3310 1615 pertinent
3332 1543 3398 1598 ad
3419 1543 3598 1613 legem
3622 1557 3778 1612 quam

467 1646 686 1708 corpus
715 1649 744 1688 a
776 1624 974 1688 deitate
1002 1634 1198 1688 mentis
1227 1633 1684 1702 contemplatione
1712 1631 2069 1696 discerneres,
2171 1653 2281 1710 per
2307 1639 2527 1711 Moysen
2559 1639 2658 1694 visi
2689 1647 2814 1694 sunt
2841 1639 3137 1710 accepisse.
3165 1638 3318 1693 Unde
3339 1635 3644 1692 ostenditur
3663 1636 3777 1690 elli-

448 1717 457 1734 ”
487 1726 585 1782 sed
613 1729 679 1784 ad
711 1742 870 1783 "nam
923 1743 1208 1798 Personam
1250 1729 1505 1795 Υθῖθττθδν
1543 1728 1595 1782 id
1623 1734 1707 1782 εει
1737 1726 1798 1782 ad
1849 1719 2072 1780 Verbum
2103 1780 2150 1803 π
2184 1733 2466 1788 cacissime
2494 1732 2707 1802 placere
2728 1731 2859 1802 Deo,
2884 1731 3098 1803 quando
3119 1747 3149 1787 a
3173 1729 3327 1786 nobis
3343 1729 3460 1799 ejus
3483 1728 3780 1798 completur

481 1817 624 1888 quod
653 1835 774 1873 caro
801 1821 993 1890 factum
1020 1829 1136 1886 est,
1168 1827 1216 1874 et
1246 1820 1492 1874 habitavit
1521 1820 1576 1874 in
1601 1818 1748 1873 nobis
1791 1817 1978 1888 (Joan.
2016 1834 2068 1883 ι,
2102 1817 2152 1841 ³³
2183 1826 2493 1897 imperium,

481 1908 598 1981 ﬂ).
635 1909 803 1967 Pedes
841 1913 1002 1968 etiam
1046 1912 1344 1969 Divinitatis
1385 1929 1479 1984 per
1511 1912 1866 1982 tropologiam
1896 1910 2062 1976 dicit,
2170 1989 2172 1991 ὶ
2261 1919 2412 1975 vers,
2452 1919 2506 1976 9.
2547 1917 2773 1974 nomine
2811 1918 2946 1972 Deus
2978 1926 3182 1983 noster,
3235 1924 3291 1968 tu
3314 1913 3630 1969 mudiebas
3662 1926 3771 1976 eos;

477 2002 620 2065 sicut
652 2012 707 2058 et
731 2003 1012 2060 scabellum
1035 2005 1233 2062 dictum
1267 2016 1368 2061 est.
1401 2005 1578 2060 Etiam
1611 2005 1689 2060 sic
1715 2003 1941 2059 forsitan
1971 2002 2068 2058 de-
2180 2011 2341 2079 Deus,
2369 2021 2424 2066 ιιι
2449 2011 2705 2080 propitius
2729 1997 3016 2082 fumium,
3043 2019 3090 2062 ρι
3113 2009 3380 2062 vindicum
3400 2007 3456 2060 in
3480 2005 3655 2062 οηιιιία
3673 2012 3779 2057 ειη-

479 2095 674 2152 bemus
733 2100 1019 2169 accipere,
1069 2108 1126 2155 ut
1178 2108 1418 2157 extrema
1479 2100 1737 2170 temporis
1781 2098 2065 2168 designet,
2179 2105 2269 2159 dia
2289 2120 2488 2159 eorum.
2518 2105 2779 2174 Dicendo,’
2805 2112 2862 2157 tu
2882 2102 3292 2170 exaudiebas,et
3314 2110 3369 2154 tu
3398 2101 3505 2155 illis
3527 2099 3778 2170 propitias

481 2189 696 2258 (Ιυθηάί)
743 2191 1002 2248 Dominus
1053 2194 1323 2249 illcal‘llal‘i
1371 2194 1622 2264 dignatus
1661 2203 1764 2248 eSl-
1816 2191 1971 2248 Unde
2013 2199 2072 2247 et
2183 2199 2351 2270 fuisti,
2377 2197 2848 2268 ostenditquidem
2875 2195 3144 2250 desideria
3181 2204 3492 2249 sanctorum
3537 2192 3595 2247 in
3627 2191 3778 2246 bonis

480 2281 714 2338 Joannes
755 2287 1084 2359 evangelista
1137 2287 1268 2342 dicit
1301 2304 1314 2340 :
1350 2285 1532 2340 Filioli
1555 2327 1569 2352 ,
1617 2286 1892 2341 novissima
1941 2285 2068 2338 hora
2182 2289 2536 2358 petitionibus
2567 2288 2732 2344 fuisse
2755 2287 3046 2357 completa,
3072 2301 3274 2357 eosque
3305 2285 3565 2342 beneﬁcia
3599 2299 3780 2340 susce-

479 2383 552 2430 est
579 2371 632 2448 (ι
652 2375 812 2436 Joan.
841 2395 899 2446 ιι,
934 2380 1055 2453 18);
1090 2379 1286 2435 Paulus
1329 2395 1542 2451 quoque
1571 2379 1846 2448 apostolus
1888 2377 2019 2432 dicit
2048 2392 2064 2432 :
2182 2380 2347 2451 pisse,
2383 2396 2502 2449 quae
2534 2379 2858 2435 videbantur
2888 2379 3198 2434 necessario
3229 2379 3508 2448 postulari.
3541 2375 3654 2432 Sed
3684 2378 3775 2431 ad-

479 2468 611 2526 Cum
637 2473 848 2528 venisset
888 2473 1156 2544 plenitudo
1181 2486 1501 2545 temporum,
1527 2474 1662 2528 misit
1694 2473 1833 2528 Deus
1870 2470 1917 2524 F
1921 2471 2069 2526 ilium
2184 2469 2350 2538 didit,
2380 2482 2427 2525 et
2456 2471 2723 2525 vindicans
2765 2471 2818 2524 in
2861 2471 3033 2525 omnia
3062 2469 3233 2523 studia
3261 2484 3454 2524 eorum.
3506 2467 3625 2522 Hoc
3653 2481 3776 2538 pro-

478 2577 631 2616 suum
648 2563 841 2634 factum
863 2581 926 2619 ea:
947 2565 1180 2628 muliere,
1206 2570 1400 2636 factum
1421 2566 1514 2620 sub
1542 2564 1653 2637 lege
1675 2562 1821 2635 (Gal.
1851 2579 1924 2631 tv,
1954 2563 2030 2630 4).
2185 2573 2370 2634 pterea
2392 2565 2626 2634 positum
2658 2573 2762 2633 est,
2793 2579 2860 2619 ne
2894 2578 3109 2635 semper
3148 2577 3246 2618 nos
3289 2575 3660 2634 quaereremus
3688 2575 3778 2616 an-

553 2653 708 2712 Vers.
743 2656 796 2714 7.
841 2657 1044 2730 Moyses
1083 2667 1130 2712 et
1165 2659 1338 2713 Aaron
1377 2659 1430 2714 in
1467 2657 1816 2713 sacerdotibus
1859 2657 1990 2726 eius,
2022 2664 2072 2711 et
2187 2656 2324 2724 diri,
2357 2655 2570 2727 quando
2615 2664 2902 2726 utrumque
2952 2658 3004 2710 in
3051 2655 3184 2725 ipsis
3235 2655 3442 2710 videtur
3476 2655 3774 2725 impletum.

479 2746 700 2804 Samuel
725 2749 858 2805 inter
883 2767 967 2805 eos
993 2752 1080 2824 qui
1113 2752 1352 2807 invocant
1376 2768 1560 2807 nomen
1588 2753 1735 2824 ejus;
1768 2750 2072 2806 invocabant
2183 2750 2570 2821 Cognoscimus
2594 2751 2737 2806 enim
2769 2765 2885 2816 eos,
2915 2759 2966 2806 et
2995 2749 3265 2805 interdum
3293 2748 3582 2804 exauditos
3614 2748 3776 2806 fuisse

480 2837 784 2910 Dominum,
817 2851 866 2897 et
903 2843 1012 2915 ipse
1041 2843 1345 2899 exaudiebat
1373 2861 1480 2900 eos.
1511 2842 1637 2899 Ideo
1663 2842 1856 2914 priscae
1885 2848 2072 2896 aucto-
2183 2857 2305 2898 cum
2353 2850 2601 2914 peterent
2647 2857 2934 2914 prospera,
2962 2851 3019 2899 et
3048 2844 3242 2898 iterum
3282 2842 3335 2896 in
3378 2843 3554 2896 studia
3602 2857 3775 2896 eorum

478 2932 657 2990 ritatis
689 2949 912 3007 magnos
943 2937 1090 2993 viros
1117 2937 1337 3008 posuit,
1367 2939 1557 3008 eisque
1583 2937 1815 3007 gratiam
1855 2935 2071 3011 Domini
2183 2936 2498 2990 vindicatum
2519 2978 2534 3003 ,
2567 2951 2635 2992 ne
2661 2935 2892 2991 humana
2939 2935 3046 2990 illis
3077 2934 3240 2991 elatio
3268 2935 3543 3005 surripere
3567 2933 3776 3004 potuis-

479 3027 678 3082 asserit
699 3025 866 3085 fuisse
895 3043 1232 3095 concessam,
1267 3039 1326 3086 ut
1369 3029 1437 3085 ad
1467 3029 1700 3085 similem
1725 3029 2070 3086 devotionem
2181 3035 2286 3084 set.
2318 3027 2451 3083 Nam
2482 3029 2725 3098 quamvis
2751 3027 2911 3098 aliqui
2941 3026 3128 3082 ﬁdeles
3149 3026 3278 3094 sint,
3311 3034 3366 3081 ct
3395 3040 3582 3095 magna
3608 3024 3774 3080 devo-

455 3103 670 3175 ‘fideles
719 3121 943 3191 populos
991 3122 1260 3178 incitaret.
1310 3121 1378 3178 Et
1405 3129 1532 3176 nota
1575 3121 1704 3192 quia
1736 3121 1824 3176 hic
1851 3118 2069 3190 Moysen
2097 3163 2145 3231 C
2182 3121 2333 3179 tione
2365 3121 2681 3188 venerandi,
2710 3131 2925 3192 oportet
2976 3120 3028 3176 in
3076 3134 3169 3176 eos
3200 3135 3297 3190 pro
3339 3128 3584 3188 tempore
3611 3119 3776 3172 vindi-

478 3211 800 3268 sacerdotem
829 3213 983 3281 dicit,
1014 3215 1142 3270 dum
1174 3215 1255 3271 sic
1281 3213 1336 3270 in
1368 3213 1742 3284 Heptateucho
1767 3227 1874 3268 non
1918 3213 2066 3285 lega-
2100 3211 2145 3231 “
2180 3214 2288 3269 cari
2317 3229 2338 3269 :
2369 3229 2435 3270 ne
2463 3229 2558 3269 cur
2599 3228 2787 3270 eorum
2836 3213 2902 3268 ad
2956 3211 3267 3282 superbiam
3319 3211 3568 3267 videatur
3620 3225 3777 3280 posse

478 3314 600 3376 tur;
632 3310 724 3380 qui
750 3311 853 3366 etsi
874 3311 1077 3367 hostias
1105 3326 1210 3366 non
1235 3309 1518 3377 offerebat,
1541 3309 1680 3366 sicut
1697 3309 1877 3364 Aaron
1901 3308 2068 3364 frater
2180 3305 2402 3371 deduci,
2442 3307 2582 3361 sicut
2631 3316 2686 3362 et
2722 3307 3012 3378 Apostolus
3055 3306 3186 3361 dicit
3217 3323 3233 3362 :
3261 3303 3332 3360 Et
3375 3321 3440 3358 ne
3470 3303 3777 3376 magnitudo

476 3399 649 3470 ipsius
672 3443 690 3468 ,
716 3410 844 3457 vota
890 3413 1068 3459 tamen
1109 3403 1426 3474 populorum
1468 3416 1652 3458 coram
1699 3401 1812 3458 Deo
1851 3415 2068 3472 semper
2179 3403 2546 3458 revelationum
2568 3401 2780 3458 extollat
2799 3419 2900 3470 me,
2918 3403 3070 3456 datus
3091 3412 3167 3457 est
3184 3400 3312 3456 mihi
3331 3397 3574 3454 stimulus
3606 3397 3776 3452 carnis

480 3489 754 3560 exhibuit,
784 3494 925 3565 quod
955 3495 1250 3551 sacerdotis
1276 3494 1516 3550 officium
1556 3507 1679 3550 esse
1709 3500 2066 3553 monstratur.
2179 3513 2307 3554 mea:
2334 3498 2548 3568 angelus
2581 3496 2814 3562 Satame,
2839 3497 2925 3565 qui
2954 3513 3032 3548 me
3057 3494 3366 3562 cotaphiset.
3387 3490 3616 3562 Propter
3643 3488 3778 3560 quod

482 3585 820 3658 Quapropter
844 3589 1039 3644 merito
1058 3598 1114 3644 et
1140 3588 1228 3644 hic
1245 3589 1488 3644 sacerdos
1509 3587 1722 3652 dicitur,
1747 3587 1838 3656 qui
1863 3587 2070 3657 magnis
2183 3599 2257 3646 ter
2279 3588 2560 3644 Dominum
2579 3590 2755 3660 rogavi
2781 3597 2836 3641 ut
2858 3589 3138 3643 discederet
3159 3605 3191 3642 a
3214 3603 3294 3642 me
3315 3601 3337 3649 ,'
3367 3595 3414 3639 et
3444 3583 3578 3638 dixit
3609 3584 3776 3638 mihi:

479 3678 757 3747 precibus,
785 3681 1051 3737 irascente
1077 3681 1330 3750 Domino,
1363 3697 1462 3752 pro
1493 3681 1690 3751 populo
1723 3677 2066 3750 supplicavit.
2183 3681 2384 3752 Sufﬁcit
2428 3680 2516 3734 tibi
2538 3681 2706 3752 gratia
2729 3697 2841 3734 mea
2863 3694 2886 3735 :
2915 3697 3035 3734 nam
3053 3680 3214 3734 virtus
3249 3681 3298 3733 in
3321 3679 3629 3748 inﬁrmitate
3661 3693 3773 3746 per-

479 3766 699 3828 Samuel
728 3779 906 3826 autem
940 3771 993 3826 in
1015 3773 1222 3844 templo
1254 3771 1467 3828 Domini
1501 3769 1834 3842 praedicabili
1864 3771 2070 3826 sancti-
2180 3773 2356 3845 ﬁcitur
2382 3771 2472 3845 (11
2501 3773 2623 3829 Cor.
2653 3789 2750 3839 xtl,
2776 3775 2831 3840 7,
2861 3775 2928 3839 8,
2960 3773 3044 3846 9).
3092 3773 3432 3844 Quapropter
3474 3753 3782 3828 audivimus

480 3869 594 3920 tate
620 3874 974 3922 conversatus
1003 3873 1106 3932 est,
1141 3865 1230 3936 qui
1258 3864 1426 3920 David
1453 3866 1604 3920 unxit
1625 3865 1678 3918 in
1711 3877 1915 3934 regem.
1959 3861 2069 3919 Sed
2181 3864 2484 3929 exauditos,
2518 3873 2572 3921 et
2603 3865 2658 3920 in
2680 3864 2760 3921 eis
2788 3865 3151 3937 intelligamus
3191 3864 3353 3922 etiam
3401 3863 3769 3926 vindicatum;

477 3957 732 4026 quoniam
779 3957 1076 4014 sacerdotis
1121 3943 1227 4012 non
1259 3958 1466 4028 accepit
1508 3955 1742 4012 ofﬁcium
1776 3954 1922 4026 (quia
1953 3963 2072 4011 erat
2180 3966 2243 4014 ut
2281 3973 2671 4030 cognoscamus
2717 3958 3122 4016 misericordem
3166 3957 3444 4016 Christum
3489 3966 3770 4027 utrumque

479 4045 550 4103 de
573 4048 713 4105 tribu
736 4049 1014 4118 Ephraim,
1041 4049 1181 4106 unde
1205 4049 1518 4106 sacerdotes
1548 4048 1666 4104 ﬁeri
1692 4061 1801 4103 non
1823 4046 2066 4118 licebat),
2184 4050 2380 4108 fecisse
2413 4052 2726 4122 propitium.
3433 4071 3438 4076 ’

479 4140 688 4199 addidit
726 4144 795 4200 de
839 4146 957 4216 ipso
976 4191 992 4217 ,
1024 4146 1158 4200 inter
1184 4161 1273 4201 eos
1312 4147 1416 4224 qui.
1434 4145 1674 4200 invocant
1699 4159 1886 4198 nomen
1910 4145 2023 4215 ejus
2051 4157 2073 4198 :
2255 4143 2412 4200 Vers.
2438 4144 2524 4200 10.
2549 4143 2794 4200 Exaltate
2818 4144 3096 4201 Dominum
3117 4144 3283 4201 Deum
3302 4152 3554 4212 nostrum,
3579 4152 3630 4199 et
3654 4145 3777 4199 ado-

479 4241 601 4311 quia
635 4242 951 4298 nominatim
979 4259 1299 4315 percurrere
1328 4259 1437 4299 non
1473 4250 1716 4314 poterat,
1759 4257 1895 4314 quos
1926 4242 2069 4298 mul-
2181 4246 2292 4293 rate
2320 4239 2373 4293 in
2398 4248 2570 4293 monte
2592 4249 2770 4294 sancto
2801 4242 2957 4310 ejus:
2983 4240 3225 4312 quoniam
3260 4247 3466 4294 sanctus
3493 4245 3569 4293 cst
3595 4237 3776 4291 Domi-

477 4331 655 4386 titudo
680 4333 887 4388 inﬁnita
930 4334 1213 4391 dilatabat.
1260 4335 1511 4406 Adjecit,
1541 4337 1851 4391 invocabant
1881 4335 2068 4390 Domi—
2179 4347 2278 4385 nus
2329 4328 2469 4384 Dens
2515 4341 2710 4386 noster.
2765 4330 2832 4385 Et
2872 4331 3120 4403 superius
3167 4330 3380 4403 quidem
3411 4345 3538 4400 pars
3587 4344 3774 4386 versus

474 4440 622 4490 num,
656 4434 704 4480 et
728 4427 838 4498 ipse
877 4429 1179 4501 exaudiebat
1208 4446 1312 4484 eos.
1337 4431 1607 4496 Quantum
1631 4430 1810 4485 valeat
1843 4430 2068 4486 sinceri—
2178 4420 2334 4478 ίεῑίυε
2361 4423 2578 4493 legitur,
2617 4422 2705 4476 “bi
2736 4421 2876 4477 fama
2920 4423 3112 4479 άῖνίείο
3143 4432 3228 4478 εει
3257 4441 3272 4490 ;
3306 4423 3400 4478 Sed
3446 4423 3523 4476 ibi
3553 4423 3773 4490 ευδὶυηο

476 4524 564 4572 tas
589 4519 846 4574 orationis
875 4519 929 4575 in
969 4521 1233 4577 brevitate
1260 4523 1592 4578 declaratum
1642 4530 1749 4590 est,
1783 4522 1907 4592 quia
1934 4522 2068 4578 (ide.
2091 4519 2147 4582 ι)
2175 4525 2320 4569 ctum
2351 4523 2452 4581 est,
2486 4523 2532 4570 et
2555 4515 2768 4569 adorate
2790 4514 3065 4568 scabellum
3086 4515 3271 4583 pedum
3295 4517 3443 4586 ejus;
3472 4512 3563 4568 hic
3591 4521 3768 4568 autem

477 4607 604 4665 liter
626 4611 991 4681 supplicantes
1023 4613 1316 4670 efficaciter
1349 4615 1622 4670 audiebat.
2175 4624 2285 4663 non
2317 4617 2575 4675 montem,
2607 4609 2702 4664 sed
2734 4609 2788 4663 in
2815 4616 2982 4662 monte
3009 4617 3186 4662 sancto
3209 4606 3488 4661 Dominum
3512 4607 3771 4677 praecepit

546 4701 704 4760 Vers.
741 4703 794 4760 8.
825 4703 893 4759 In
920 4707 1158 4761 columna
1186 4708 1334 4761 nubis
1363 4706 1663 4776 loquebatur
1689 4709 1756 4763 ad
1783 4725 1870 4764 eos
1895 4727 1914 4764 :
1941 4711 2068 4782 quia

2175 4700 2406 4755 adorari.
2463 4699 2615 4768 Quod
2645 4699 2712 4754 ad
2757 4709 2991 4754 montem
3039 4699 3170 4756 Sion
3199 4699 3318 4771 (qui
3362 4707 3446 4753 est
3485 4698 3767 4769 Ecclesia)

474 4789 830 4853 custodiebant
881 4801 1171 4856 testimonia
1220 4804 1332 4873 ejus
1360 4844 1374 4864 ,
1409 4812 1454 4856 et
1486 4814 1746 4873 prcecepta
1792 4807 1906 4878 ejus
1952 4821 2070 4877 qum

2171 4789 2364 4848 referri
2409 4805 2568 4862 posse
2611 4805 2717 4844 non
2762 4790 2982 4844 dubium
3036 4798 3159 4856 est,
3207 4805 3325 4860 qua:
3367 4799 3450 4843 est
3499 4790 3764 4845 montium

479 4885 618 4965 dedit
661 4891 784 4946 tua.
837 4891 952 4946 Non
986 4902 1141 4948 vacat
1169 4894 1311 4962 quod
1346 4892 1552 4949 dictum
1582 4908 1694 4961 est,
1744 4899 1798 4952 in
1825 4899 2069 4954 columna
2177 4900 2351 4952 mons,
2383 4896 2437 4940 et
2466 4893 2649 4940 sancta
2679 4897 3010 4950 sanctorum.
3044 4884 3196 4953 cuius
3227 4883 3341 4954 ipse
3371 4883 3650 4939 habitator
3691 4891 3772 4940 est

473 4978 625 5032 nubis
646 5019 662 5045 ,
702 4983 825 5052 quia
855 4998 1068 5055 semper
1097 4985 1198 5040 ista
1247 4985 1299 5040 in
1347 4986 1707 5044 adiﬁcationc
1735 4991 1927 5048 domus
1967 5007 2064 5062 ριιο
2181 4976 2450 5034 Christus.
2483 4977 2572 5034 Sic
2601 4989 2882 5049 utrumque
2906 4977 2958 5032 in
2983 4987 3168 5032 sancta
3199 4977 3445 5032 Ecclesia
3486 4976 3623 5032 dicit
3649 4992 3770 5034 esse

475 5067 790 5127 fortitudine
820 5077 1035 5142 ponitur
1064 5084 1121 5132 et
1147 5076 1364 5133 decore.
1392 5077 1448 5134 In
1481 5079 1580 5135 hac
1611 5096 1741 5152 ergo
1771 5085 1956 5154 specie
1985 5085 2070 5140 lo-
2180 5069 2503 5126 ῖίιοῖθηάυωο
2538 5069 2838 5125 Νοῑδηάυιη
2871 5080 2954 5125 θδι
3003 5079 3178 5125 autem
3205 5069 3347 5140 (11³οά
3380 5081 3628 5125 5300mm
3663 5069 3765 5124 δυ’

476 5161 742 5231 quebatur
770 5164 875 5222 illis
903 5167 1183 5248 nginus,
1211 5185 1330 5240 quae
1355 5179 1636 5229 venturam
1669 5173 1927 5230 fabricam
1962 5176 2068 5233 Ec-

2180 5167 2381 5221 miuum
2416 5166 2467 5219 in
2499 5172 2684 5222 sancto
2714 5173 2895 5220 monte
2924 5165 3180 5235 praecepit
3209 5164 3571 5231 adorandum,
3629 5177 3767 5234 quo-

473 5255 654 5312 clesia‘.
681 5261 981 5317 nuntiabat.
1008 5262 1115 5318 Sed
1141 5264 1264 5333 quia
1289 5265 1396 5320 illis
1419 5275 1548 5323 tunc
1571 5283 1666 5337 per
1692 5269 1876 5324 nubem
1899 5270 2066 5327 verba

2183 5259 2324 5314 niam
2355 5258 2492 5314 sicut
2525 5258 2638 5314 laus
2666 5257 2786 5328 ejus
2817 5272 2924 5313 non
2949 5256 3200 5314 convenit
3226 5258 3306 5313 ori
3333 5273 3522 5328 pravo,
3559 5256 3634 5314 ita
3669 5270 3766 5313 nec

470 5346 620 5418 fecit,
649 5353 806 5410 nobis
835 5369 930 5425 per
955 5365 1198 5410 sanctum
1229 5355 1523 5413 scabellum
1564 5374 1744 5427 suum,
1777 5361 1828 5416 id
1863 5373 1946 5418 est
1973 5377 2067 5432 per
2181 5353 2298 5423 ejus
2328 5353 2554 5409 culturae
2576 5352 2678 5409 loci
2703 5361 2881 5424 potest
2905 5367 3200 5423 congruere
3231 5352 3528 5424 turpitudo.

469 5437 906 5524 incarnationem
933 5455 990 5500 et
1020 5445 1165 5515 loqui
1205 5447 1543 5518 evidentius,
1595 5460 1652 5508 et
1679 5467 1945 5522 apparere
1988 5454 2072 5510 di-

470 5542 664 5604 gnatus
692 5544 799 5592 est.
833 5536 878 5591 Ο
906 5535 1201 5592 scabellum
1235 5539 1487 5598 omnibus
1512 5543 1734 5613 templis
1761 5544 2064 5612 excelsius,

471 5626 729 5680 omnibus
755 5627 1124 5695 spiritualibus
1157 5634 1425 5689 creaturis
1455 5634 1625 5690 multo
1667 5638 2018 5704 prmstantius
2047 5638 2060 5692 !
2244 5637 2660 5695 Consideremus
2683 5637 2875 5695 faciem
2904 5639 3063 5710 hujus
3104 5639 3336 5710 psalmi,
3368 5639 3522 5711 quasi
3553 5639 3768 5697 duobus

475 5715 618 5769 sicut
666 5717 794 5773 dicit
823 5718 1120 5788 Apostolus
1167 5739 1183 5778 :
1225 5723 1318 5778 Cui
1359 5734 1530 5780 autem
1558 5727 1690 5780 dixit
1718 5728 2021 5799 angelorum
2047 5745 2067 5783 :
2172 5729 2464 5786 luminibus
2489 5731 2774 5802 splendere
2795 5732 3192 5802 pulcherrimis.
3226 5731 3535 5788 lncredulos
3563 5738 3761 5800 terret,

477 5807 616 5865 Sede
635 5828 666 5866 a
696 5813 892 5870 dextris
920 5816 1043 5872 meis
1071 5815 1261 5889 (Hebr.
1293 5833 1333 5886 I,
1365 5818 1457 5888 5)?
1479 5818 1586 5876 Sed
1607 5821 1737 5889 quid
1767 5823 1990 5893 mirum,
2019 5823 2068 5880 si
2171 5831 2232 5878 ut
2255 5822 2322 5880 ad
2346 5824 2793 5895 supplicationem
2829 5825 3240 5885 devotissimam
3266 5827 3425 5899 331
3459 5827 3765 5898 perducan-

2709 5493 2982 5552 Conclusio
3017 5497 3226 5568 psalmi.
