4062 6344
262 377 370 433 697

260 590 390 661 quia
425 588 543 657 ipse
572 586 720 643 novit
766 583 1027 640 exaudire
1074 596 1211 653 quos
1252 579 1447 651 diligit.
1493 579 1655 636 Beata
1706 579 1856 648 plebs

264 688 388 747 quae
422 679 490 739 de
540 677 631 733 tali
662 675 860 747 gaudet
889 672 1119 744 imperio
1153 690 1165 727 :
1197 672 1359 728 vitale
1408 673 1607 742 quippe
1636 670 1854 727 deside-

264 776 409 831 rium
436 781 521 829 est
547 784 845 842 agnoscere
872 776 929 824 et
953 782 1136 823 amare
1155 767 1492 823 Creatorem.
1517 765 1857 836 Quapropter

261 869 683 926 exsultationem
716 867 872 923 nobis
896 871 1111 923 moveat
1137 864 1353 919 auditus
1396 862 1658 918 Dominus
1692 862 1853 917 Chri-

260 972 400 1019 stus.
431 960 632 1018 Fidelis
656 960 798 1025 servi
830 966 916 1015 est
937 958 1163 1029 diligere
1187 957 1579 1013 dominantem.
1603 956 1736 1011 Nam
1761 956 1854 1027 qui

260 1070 369 1109 non
400 1054 561 1108 habet
589 1051 965 1109 charissimum
991 1050 1406 1121 gubernatorem
1444 1062 1623 1117 suum,
1650 1050 1766 1119 ipse
1795 1063 1855 1104 se

261 1147 544 1219 proﬁtetur
572 1146 925 1204 horrendum.
975 1144 1179 1201 Natura
1204 1144 1403 1215 quippe
1429 1159 1611 1199 rerum
1640 1138 1763 1209 est,
1795 1150 1856 1198 ut

260 1241 331 1297 ab
366 1255 433 1296 eo
484 1249 539 1297 te
584 1239 733 1310 diligi
771 1251 934 1309 posse
982 1236 1292 1292 nullatenus
1325 1235 1607 1291 arbitreris
1632 1275 1646 1298 ,
1692 1248 1852 1304 quem

261 1332 422 1389 chara
443 1338 621 1400 mente
649 1344 758 1386 non
786 1328 1017 1400 appetis.
1073 1328 1369 1399 Diligamus
1396 1328 1581 1400 igitur,
1612 1337 1674 1384 ut
1703 1342 1854 1384 ame-

259 1440 417 1493 mur;
449 1438 758 1494 quaeramus
779 1463 794 1488 ,
837 1432 894 1477 ut
924 1422 1293 1489 inveniamus;
1327 1422 1606 1493 pulsemus
1633 1462 1649 1490 ,
1700 1431 1758 1478 ut
1783 1422 1853 1479 ad

258 1534 380 1574 eum
409 1519 674 1574 accedere
700 1516 994 1573 valeamus.
1026 1516 1226 1573 Contra
1253 1530 1445 1572 omnes
1473 1516 1741 1573 amentias
1766 1524 1852 1573 est

258 1626 384 1666 eum
413 1611 594 1681 tepide
613 1624 872 1681 quaerere,
901 1623 1060 1681 quem
1092 1609 1189 1665 tibi
1220 1609 1505 1682 cognoscis
1531 1619 1734 1667 aeterna
1755 1610 1851 1668 be-

259 1704 456 1762 neﬁcia
488 1718 646 1774 posse
674 1712 951 1774 praestare.

519 1845 882 1903 EXPOSITIO
918 1846 984 1903 IN
1022 1846 1349 1905 PSALMUM
1386 1846 1571 1904 XCIX.

707 1964 948 2021 Psalmus
974 1966 1028 2021 in
1056 1966 1397 2036 confessione.

322 2076 457 2134 Cum
498 2077 812 2150 frequenter
842 2080 895 2135 in
935 2081 1158 2151 psalmis
1196 2082 1368 2152 posita
1413 2084 1483 2137 sit
1522 2099 1620 2153 pro
1663 2098 1845 2140 rerum

257 2172 654 2243 opportunitate
683 2175 971 2245 confessio,
1004 2174 1093 2230 hic
1126 2184 1301 2231 tamen
1332 2175 1385 2230 in
1416 2176 1571 2233 titulo
1603 2178 1841 2247 singula-

259 2264 389 2319 riter
412 2265 664 2334 probatur
679 2266 908 2336 ascripta
932 2284 943 2319 :
972 2282 1186 2336 revera,
1208 2268 1330 2339 quia
1356 2277 1496 2324 lotus
1514 2270 1599 2324 hic
1610 2270 1847 2340 psalmus

258 2358 326 2414 ad
369 2370 619 2430 utrasque
654 2360 886 2430 pertinet
922 2361 1312 2419 confessiones.
1363 2363 1473 2420 Una
1520 2375 1601 2421 est
1632 2367 1849 2436 quando

258 2462 475 2522 peccata
507 2463 689 2508 nostra
723 2454 1065 2523 deplorantes
1108 2455 1238 2529 [ed.,
1274 2455 1699 2530 depromentes],
1737 2460 1853 2513 θυι.

257 2545 463 2618 pabiles
503 2561 602 2601 nos
647 2560 875 2618 reosque
926 2548 1266 2618 proﬁtemur,
1315 2562 1369 2605 et
1423 2553 1850 2609 misericordiam

261 2638 468 2693 Domini
514 2639 915 2695 concedendam
948 2641 1099 2696 nobis
1138 2642 1238 2711 piis
1282 2642 1500 2699 ﬂetibus
1542 2659 1848 2701 exoramus.

257 2734 467 2800 Altera,
502 2749 624 2790 cum
655 2735 769 2789 sive
812 2735 966 2791 nobis
994 2736 1257 2792 beneﬁcia
1297 2736 1491 2792 collata
1533 2737 1849 2805 laudamus,

260 2827 368 2881 sive
396 2827 520 2881 aliis
561 2828 796 2897 praestita
831 2842 953 2883 cum
996 2843 1183 2899 magna
1232 2829 1589 2887 exsultatione
1628 2846 1851 2888 venera-

259 2935 400 2975 mur.
429 2918 711 2976 Confessio
737 2921 879 2975 enim
902 2922 1052 2991 quasi
1074 2921 1312 2978 conlatio
1345 2924 1556 2993 dicitur,
1587 2925 1702 2981 sive
1735 2940 1852 2996 pte-

259 3015 507 3082 nitentia,
543 3016 657 3071 sive
685 3015 803 3071 laus
832 3016 1120 3071 multorum
1146 3031 1241 3073 ore
1263 3017 1562 3087 celebrata;
1587 3035 1706 3089 quae
1728 3020 1847 3079 ideo

258 3109 337 3164 sic
368 3108 584 3178 dicitur,
623 3117 680 3166 ut
719 3108 788 3166 ad
818 3108 1079 3181 plurimos
1108 3110 1383 3180 pertinere
1422 3122 1769 3170 monstretur.

840 3251 1036 3309 Divisio
1060 3254 1265 3326 psalmi.

329 3394 389 3451 In
419 3396 591 3466 prima
615 3404 765 3466 parte
794 3396 986 3468 psalmi
1014 3398 1271 3469 propheta
1298 3408 1607 3457 commonet
1634 3401 1849 3458 univer-

258 3488 473 3545 sitatem
494 3529 511 3555 ,
540 3499 600 3544 ut
638 3489 920 3546 Dominum
946 3490 1143 3547 debeat
1166 3491 1269 3547 sub
1296 3506 1487 3563 magna
1510 3493 1850 3564 jucunditale

259 3581 501 3649 laudare,
526 3582 649 3652 quia
674 3583 807 3638 tanti
826 3582 1037 3639 Domini
1061 3585 1213 3640 triste
1234 3599 1340 3641 non
1365 3586 1521 3643 decet
1544 3589 1845 3644 servitium.

259 3676 328 3733 Et
359 3691 427 3732 nc
452 3690 672 3747 semper
700 3677 801 3733 hoc
830 3693 1029 3749 genere
1056 3680 1413 3737 confessionis
1440 3683 1698 3738 utendum
1729 3698 1851 3739 cre-

186 3771 207 3787 '
258 3770 413 3824 deret
459 3767 817 3842 Christianus,
848 3772 1080 3828 secunda
1114 3782 1266 3844 parte
1293 3775 1451 3841 dicit,
1501 3786 1556 3831 ut
1584 3778 1847 3834 malorum

258 3869 565 3918 nostrorum
611 3863 807 3921 delicta
856 3867 1179 3935 pmnitentes
1208 3907 1225 3934 ,
1282 3868 1627 3940 indulgentia:
1680 3871 1848 3941 ipsius

258 3961 447 4024 portas
495 3956 699 4012 intrare
752 3972 1091 4030 mereamur,
1137 3960 1263 4032 quia
1319 3962 1690 4020 misericordia
1730 3964 1848 4034 ejus

259 4057 541 4120 permanet
577 4050 631 4105 in
662 4058 945 4108 aeternum.

798 4192 1067 4267 Expositio
1101 4196 1308 4267 psalmi.

338 4336 493 4392 Vers.
530 4336 580 4391 l.
610 4334 840 4391 Jubilate
879 4337 1009 4407 Deo,
1038 4339 1204 4394 omnis
1233 4349 1387 4395 terra.
1419 4339 1691 4398 Sollicitus
1726 4357 1851 4414 pro-

260 4431 428 4501 pheta
449 4429 517 4485 de
540 4432 735 4500 populo
754 4430 916 4495 ﬁdeli,
946 4447 1014 4488 ne
1034 4447 1093 4489 se
1112 4442 1325 4503 putaret
1338 4435 1439 4492 sub
1457 4436 1730 4493 anxietate
1754 4437 1853 4492 tri-

263 4525 430 4581 stitiae
466 4523 683 4581 Christo
710 4525 937 4581 Domino
958 4529 1313 4597 serviturum,
1332 4531 1564 4600 primum
1606 4547 1635 4586 a
1657 4532 1853 4601 jubila—

1187 366 1551 428 EXPOSITIO
1587 364 1657 425 IN
1694 362 2155 426 PSALTERIUM.
2197 364 2389 421 PSAL.
2431 363 2623 423 XCIX.

263 504 381 562 tur;
417 490 664 549 ﬁdelibus
692 488 970 548 Christum
999 486 1285 543 Dominum
1315 485 1546 541 adorare
1591 482 1855 554 prazcipit,
1887 484 1945 544 Α
1968 478 2256 547 allegorice
2279 485 2491 532 constat
2511 476 2756 548 intelligi.
2789 474 3059 547 Allegoria
3093 482 3177 535 est
3207 476 3350 533 enim
3382 477 3552 549 ﬁgura
3603 454 3674 529 4⁵

3443 364 3548 428 698

1960 568 2109 625 aliud
2140 567 2348 633 dicens,
2380 576 2435 623 et
2466 567 2610 623 aliud
2639 568 2997 638 signiticans..

2028 658 2186 714 Vers.
2216 658 2270 713 2.
2305 658 2505 714 Servite
2541 658 2763 713 Domino
2793 660 2848 712 in
2878 660 3092 727 laetitia;
3131 660 3315 715 intrate
3341 661 3393 714 in
3424 676 3549 715 con-

1955 758 2129 823 spectu
2146 751 2257 822 ejus
2282 751 2333 803 in
2359 749 2725 806 exsultatione.
2749 749 2902 805 Licet
2915 750 3130 806 servitia
3150 751 3553 808 Dominidiver—

1956 844 2031 899 sis
2061 842 2341 898 videantur
2371 841 2564 898 ofllciis
2591 843 2869 914 expediri,
2902 854 2960 899 ut
2983 852 3107 899 sunt
3134 844 3355 917 ordines
3374 844 3556 903 eccle-

1956 934 2184 1002 siastici,
2228 934 2551 990 monasteria
2579 934 2839 1004 ﬁdelium,
2864 937 3108 992 eremitai
3136 936 3394 1003 solitarii,
3426 937 3552 995 laici

1956 1028 2166 1095 devoti;
2192 1030 2369 1085 omnia
2405 1037 2581 1085 tamen
2612 1029 2675 1083 ad
2712 1030 2810 1084 ista
2844 1031 2942 1085 tria
2964 1030 3127 1087 verba
3162 1031 3378 1103 proprie
3402 1032 3547 1087 refo-

1957 1131 2170 1187 runtur,
2195 1129 2255 1176 ut
2276 1122 2505 1177 Domino
2526 1122 2626 1178 sub
2652 1122 2837 1177 laetitia
2868 1123 3157 1190 serviatur,
3183 1139 3289 1180 non
3317 1124 3371 1180 in
3401 1139 3548 1181 mur-

1955 1213 2263 1270 muratione
2299 1224 2389 1271 aut
2420 1216 2781 1273 amaritudine
2809 1218 3035 1284 mentis,
3061 1218 3202 1275 sicut
3230 1219 3428 1275 factum
3460 1230 3551 1278 est

1958 1302 2010 1359 in
2031 1304 2268 1372 deserto,
2292 1307 2507 1378 quando
2529 1316 2717 1363 contra
2742 1309 3024 1364 Dominum
3043 1310 3299 1368 Judaicus
3319 1313 3549 1382 populus

1955 1399 2331 1454 murmuravit.
2364 1398 2471 1455 Sed
2497 1400 2599 1454 ista
2623 1400 2801 1455 lwtitia
2824 1402 3006 1471 utique
3027 1404 3264 1459 charitas
3293 1412 3398 1471 est,
3430 1392 3549 1474 quae

1956 1491 2119 1558 (sicut
2142 1491 2273 1547 dicit
2293 1492 2734 1564 Apostolus).non
2751 1495 2986 1564 inﬂatur,
3011 1512 3114 1551 non
3134 1498 3237 1567 agit
3255 1515 3547 1569 perperam,

1954 1599 2056 1638 non
2083 1592 2156 1638 est
2177 1584 2446 1639 ambitiosa
2476 1585 2526 1658 (1
2557 1584 2677 1639 Cor.
2703 1602 2818 1655 xm,
2850 1585 2931 1659 5),
2962 1594 3017 1642 et
3037 1588 3243 1659 reliqua
3265 1605 3385 1660 qua:
3409 1590 3549 1645 hanc

1953 1676 2206 1732 virtutem
2252 1680 2522 1749 egregiam
2574 1678 2807 1736 mirabili
2853 1682 3164 1737 narratione
3213 1681 3542 1740 describunt.

1953 1771 2291 1842 Quapropter
2323 1773 2399 1829 illi
2426 1773 2527 1828 sub
2555 1773 2741 1829 lectitia
2776 1774 3004 1831 Domino
3031 1776 3277 1832 serviunt
3301 1778 3390 1847 qui
3421 1793 3545 1834 eum

1879 1884 1930 1947 Β
1955 1877 2116 1935 supra
2154 1874 2344 1919 cuncta
2386 1865 2638 1936 diligunt,
2672 1876 2726 1922 et
2754 1868 2981 1922 invicem
3012 1884 3071 1924 se
3100 1868 3340 1925 fraterna
3372 1871 3548 1925 chari-

1960 1965 2074 2012 tate
2098 1958 2411 2028 respiciunt.
2445 1959 2489 2013 0
2535 1958 2702 2014 libera
2732 1960 2991 2016 servitus!
3027 1976 3060 2016 o
3086 1963 3365 2018 servitium
3389 1974 3549 2032 supra

1952 2059 2171 2106 cunctas
2210 2050 2600 2107 dominationes
2648 2052 2901 2107 eximium
2928 2094 2942 2120 ,
2973 2053 3166 2123 quibus
3199 2055 3320 2111 talis
3364 2055 3548 2110 laetitia

1954 2144 2241 2214 tribuitur,
2290 2145 2463 2215 qualis
2512 2145 2566 2201 in
2616 2162 2904 2216 regnorum
2933 2148 3100 2217 gloria
3146 2164 3252 2205 non
3288 2150 3542 2205 habetur!

1956 2236 2062 2293 Sed
2101 2239 2259 2292 istam
2308 2239 2550 2294 Iustitiam
2582 2256 2702 2311 quas
2730 2244 2784 2296 in
2825 2241 2927 2297 hoc
2968 2243 3171 2299 mundo
3208 2245 3545 2315 praecipitur,

1957 2330 2079 2385 vide
2097 2331 2253 2399 quale
2273 2333 2553 2401 praemium
2574 2335 2955 2405 subsequatur.
2977 2336 3117 2391 Dicit
3141 2339 3283 2392 enim
3310 2354 3324 2392 :
3350 2336 3550 2392 Intrate

1959 2424 2013 2476 in
2058 2434 2330 2495 conspectu
2369 2429 2482 2496 ejus
2524 2427 2578 2480 in
2622 2428 2980 2483 exsultatione.
3030 2430 3195 2485 Multo
3244 2430 3547 2499 difﬁcilius,

1958 2520 2127 2574 multo
2155 2524 2500 2589 praestantius
2520 2529 2603 2577 est
2628 2532 2753 2577 ante
2770 2526 2904 2578 tanti
2928 2523 3122 2593 judicis
3149 2524 3385 2597 gaudere
3414 2540 3545 2581 con-

1959 2622 2226 2686 spectum,
2260 2616 2348 2670 ubi
2379 2617 2458 2671 sic
2478 2617 2769 2674 convenire
2791 2619 3121 2676 conscientia
3145 2629 3542 2689 commonetur,

1962 2716 2019 2763 ut
2054 2708 2247 2779 gaudia
2295 2720 2419 2766 tunc
2462 2720 2639 2766 sumat
2666 2712 3004 2780 humilitatis,
3048 2714 3259 2784 quando
3292 2713 3540 2783 superbis

1960 2800 2213 2856 omnibus
2241 2801 2500 2870 probatur
2521 2817 2641 2858 esse
2667 2802 2941 2859 terribilis.

2031 2890 2185 2946 Vers.
2227 2892 2281 2947 '5.
2317 2891 2512 2948 Scitote
2539 2894 2675 2963 quod
2705 2891 2833 2966 [ms.
2866 2898 2958 2961 A.,
2982 2891 3248 2966 quoniam]
3290 2891 3548 2949 Dominus

1953 2982 2061 3052 ipse
2089 2992 2163 3037 est
2187 2982 2356 3051 Deus;
2385 2985 2493 3055 ipse
2509 2985 2631 3054 fecit
2655 3000 2769 3054 nos,
2794 2993 2842 3041 et
2860 3002 2960 3040 non
2983 2987 3081 3056 ipsi
3099 3003 3190 3041 nos
3218 3002 3238 3042 :
3260 3002 3353 3042 nos
3372 2994 3546 3042 autem

1955 3077 2178 3147 pepulus
2211 3079 2355 3150 ejus,
2403 3088 2449 3133 et
2480 3095 2592 3135 oves
2635 3096 2842 3150 pascua:
2870 3083 3001 3153 ejus.
3043 3081 3099 3135 In
3143 3081 3323 3152 capite
3360 3096 3551 3138 versus

1957 3167 2114 3240 hujus
2140 3180 2330 3226 contra
2359 3171 2637 3241 perﬁdiam
2666 3173 2906 3244 loquitur
2934 3171 3268 3242 Judrcorum,
3311 3175 3402 3245 qui
3434 3175 3544 3231 Do-

1872 3274 1920 3339 c
1957 3259 2163 3315 minum
2188 3260 2523 3318 Salvatorem
2547 3277 2654 3318 non
2676 3262 2911 3333 putan‘do
2939 3263 3129 3333 Deum,
3159 3264 3212 3320 in
3234 3264 3547 3321 Creatorem

1955 3376 2111 3417 suum
2144 3374 2336 3416 manus
2366 3360 2591 3431 injicere
2620 3372 3100 3433 praesumpserunt.
3134 3364 3354 3428 Scitote,
3383 3362 3545 3430 dixit,

1955 3453 2271 3525 intelligite,
2302 3454 2439 3526 quod
2472 3455 2572 3512 iste
2604 3453 2850 3512 Dominus
2882 3472 3042 3529 quem
3075 3457 3169 3513 Dei
3213 3457 3404 3514 Filium
3447 3457 3552 3515 ml-

1956 3547 2103 3603 nime
2149 3545 2488 3612 credidistis,
2525 3548 2635 3617 ipse
2678 3557 2751 3604 est
2790 3547 2930 3603 Deus
2973 3550 3064 3621 qui
3097 3549 3224 3606 fecit
3254 3550 3450 3607 ctelum
3494 3557 3553 3608 et

1955 3647 2189 3707 terram,
2239 3640 2327 3710 qui
2354 3656 2453 3696 nos
2491 3656 2703 3712 quoque
2742 3642 2809 3699 ad
2843 3658 2993 3701 suam
3026 3644 3315 3716 imaginem
3358 3643 3553 3701 simili-
3602 3682 3611 3687 -

1956 3730 2309 3803 tudinemque
2362 3732 2666 3802 plasmavit.
2720 3732 2788 3789 Et
2840 3749 2909 3791 ne
2954 3744 3205 3806 putarent
3260 3736 3549 3792 humanam

1958 3824 2287 3880 creationem
2316 3834 2525 3895 patrum
2553 3826 2747 3882 semini
2774 3842 2895 3884 esse
2915 3829 3272 3899 deputandam
3292 3870 3307 3896 ,
3334 3830 3553 3900 adjecit,

1956 3926 2007 3973 at
2033 3933 2134 3971 non
2175 3918 2275 3987 ipsi
2315 3933 2428 3971 nos.
2474 3916 2605 3972 Nam
2638 3920 2883 3987 quamvis
2913 3920 3181 3976 nativitati
3213 3930 3411 3976 nostrae
3448 3919 3552 3975 mi-

1956 4008 2237 4064 nisterium
2286 4008 2527 4078 praebeat
2556 4011 2792 4066 carnalis
2820 4014 3099 4082 operatio,
3132 4021 3313 4070 tamen
3356 4013 3445 4068 ille
3497 4013 3551 4070 in

1958 4100 2100 4154 hunc
2145 4098 2406 4155 mundum
2460 4115 2565 4156 nos
2606 4102 2867 4171 probatur
2896 4103 3162 4159 adducere
3188 4146 3203 4172 ,
3241 4104 3331 4176 qui
3358 4115 3550 4162 cuncta

1956 4193 2088 4249 facit
2115 4192 2182 4248 ad
2220 4191 2560 4249 existentiam
2591 4197 2895 4265 pervenire.
2935 4195 3219 4268 Sequitur,
3257 4215 3348 4255 nos
3377 4208 3546 4254 autem

1894 4288 1901 4295 '
1956 4285 2180 4356 papulas
2207 4287 2342 4358 ejus,
2375 4295 2422 4340 et
2449 4302 2563 4341 oves
2593 4304 2799 4355 pascua:
2826 4293 2957 4363 ejus.
2993 4290 3152 4347 Venit
3181 4292 3246 4348 ad
3288 4293 3544 4364 populum

1957 4375 2170 4432 ﬁdelem
2214 4391 2307 4446 per
2347 4362 2783 4449 conﬁiarationes
2826 4362 3260 4455 pulcherrimas,
3305 4362 3429 4459 quid
3480 4388 3553 4445 sit

1957 4466 2270 4524 ostendens.
2307 4467 2456 4537 Oves,
2503 4470 2627 4542 quia
2658 4472 2931 4545 simplices
2961 4484 3107 4545 sunt,
3140 4486 3195 4533 et
3220 4478 3333 4547 ipse
3362 4493 3547 4534 earum

1958 4567 2139 4629 pastor
2192 4567 2275 4615 est
2330 4575 2511 4616 verus.
2557 4560 2761 4618 Pascua
2812 4568 2950 4637 ejus,
3004 4567 3056 4623 id
3112 4578 3195 4624 est
3241 4571 3547 4627 divinarum

260 4617 605 4686 tioneceepit,
628 4619 748 4686 quia
774 4619 886 4688 ipsa
902 4627 986 4674 est
996 4619 1129 4690 justi
1150 4621 1381 4691 perfecta
1395 4622 1610 4679 devotio
1629 4624 1853 4682 Domino

263 4709 360 4734 -“L
395 4711 588 4734 _...-.a:..
622 4710 947 4734 2..-“...lh-.-
984 4713 1229 4734 12...--I-_!
1313 4716 1443 4734 -9A._.
1486 4724 1526 4734 A.
1577 4717 1594 4734 Α
1629 4732 1636 4734 _
1660 4727 1729 4734 η.
1773 4719 1785 4734 1
1834 4732 1847 4734 _

1962 4652 2359 4722 Scripturarum
2405 4654 2624 4724 copiosa
2674 4664 2730 4712 et
2753 4617 2927 4715 dulcis
2966 4661 3226 4729 epulatio.
3271 4663 3386 4734 Ipsa
3424 4673 3550 4720 sunt

261 4709 362 4764 sub
395 4711 591 4765 mentis
618 4710 952 4781 iucunditate
983 4713 1266 4781 famulari,
1310 4716 1448 4771 sicut
1476 4724 1532 4772 et
1563 4717 1855 4786 Apostolus

258 4811 450 4858 monet
482 4821 495 4857 :
526 4803 740 4875 Semper
768 4808 1012 4877 gaudete,
1052 4810 1163 4863 sine
1189 4809 1565 4866 intermissione
1594 4823 1769 4881 orate,
1803 4816 1856 4867 in

220 4920 228 4925 -
262 4896 499 4951 omnibus
521 4899 717 4969 gratias
749 4901 885 4971 agile
915 4899 969 4971 (Ι
999 4899 1176 4957 Thess.
1211 4918 1267 4971 v,
1296 4904 1382 4970 16,
1427 4906 1513 4972 l7,
1549 4907 1661 4977 l8).
1696 4906 1761 4961 Et
1792 4922 1859 4962 ne

260 4991 385 5059 quis
410 5004 470 5045 se
510 4990 730 5047 minime
765 4992 1012 5047 crederet
1058 5004 1370 5061 evocatum,
1407 4996 1645 5063 addidit,
1695 5000 1861 5053 omnis

266 5091 441 5148 terra;
473 5090 533 5137 ut
562 5083 674 5153 ipse
716 5084 857 5139 inter
886 5085 1129 5141 homines
1160 5101 1265 5143 non
1297 5087 1544 5144 videatur
1587 5090 1857 5159 existere,

263 5173 356 5243 qui
385 5173 523 5228 hanc
551 5190 738 5231 vocem
773 5176 1034 5233 detrectat
1069 5181 1278 5236 audire.
1308 5180 1562 5236 Jubilatio
1603 5192 1686 5239 est
1715 5185 1857 5240 enim

265 5267 432 5339 (sicut
474 5282 619 5338 szepe
647 5269 904 5341 diximus)
945 5286 1139 5343 magno
1165 5276 1366 5330 mentis
1398 5275 1594 5346 gaudio
1618 5292 1860 5335 commo-

266 5363 408 5429 veri,
432 5371 738 5419 nontamen
762 5365 813 5419 in
837 5365 1121 5421 articulate
1142 5366 1304 5422 verba
1323 5383 1699 5439 prorumpere.
1727 5372 1858 5428 Nam

264 5453 408 5524 quod
448 5453 613 5521 dixit,
638 5454 887 5525 jubilate,
920 5465 976 5511 et
1016 5456 1324 5527 subjunxit,
1363 5461 1526 5514 omnis
1555 5470 1715 5529 terra,
1748 5464 1863 5520 fre-

264 5556 497 5617 quenter
525 5557 579 5603 et
608 5563 703 5619 per
731 5564 886 5604 casus
912 5552 1186 5607 nominum
1217 5554 1604 5626 discrepantes,
1639 5571 1861 5626 magnos

265 5635 474 5692 indicat
515 5653 729 5695 sensus.
778 5640 910 5696 Nam
957 5658 1079 5699 cum
1138 5654 1275 5699 terra
1323 5646 1579 5717 singulari
1637 5662 1861 5705 numero

268 5729 637 5799 denuntietur,
662 5735 883 5806 jubilatc
910 5736 1069 5805 dicit,
1105 5740 1247 5811 quod
1278 5741 1345 5796 ad
1379 5743 1640 5813 pluralem
1673 5761 1863 5803 nume-

267 5835 392 5880 rum
408 5835 613 5881 certum
633 5835 716 5883 est
731 5832 1031 5899 pertinere;
1058 5844 1116 5890 ut
1134 5834 1271 5891 hanc
1290 5846 1479 5893 terram
1500 5840 1566 5896 ad
1591 5841 1857 5914 homines,

271 5929 383 5974 non
412 5917 480 5976 ad
521 5919 767 5980 tellurem
807 5925 1105 5987 aestimares
1149 5943 1270 5989 esse
1310 5931 1682 6006 referendam,
1714 5933 1859 6007 quod

1963 4761 2157 4815 pascua
2183 4746 2379 4814 quibus
2420 4745 2595 4801 ﬁdelis
2626 4749 2803 4803 anima
2834 4751 3144 4822 saginatur,
3178 4759 3232 4807 et
3267 4752 3330 4806 ad
3358 4751 3552 4809 futurm

1963 4839 2312 4897 beatitudinis
2344 4854 2558 4896 ammna
2584 4842 2920 4911 perducitur.
2967 4844 3055 4900 Sic
3084 4844 3203 4899 istis
3231 4846 3400 4900 tribus
3430 4862 3551 4903 ver-

1967 4931 2115 4985 sibus
2144 4930 2460 5001 complexus
2492 4941 2575 4988 est
2604 4933 2728 5003 quid
2760 4949 2940 5007 agere,
2973 4936 3100 5007 quid
3130 4938 3391 5008 credere,
3420 4939 3548 5012 quid
3589 5010 3597 5021 ‘

1963 5019 2264 5091 intelligere
2292 5022 2487 5079 debeat
2517 5023 2873 5083 Christianus.

2034 5113 2189 5170 Vers.
2221 5114 2276 5172 4.
2307 5116 2510 5171 Intrate
2540 5127 2715 5187 portas
2744 5122 2856 5191 ejus
2884 5123 2937 5177 in
2974 5126 3345 5196 confessionem
3368 5171 3383 5197 ,
3417 5133 3551 5188 atria

1964 5209 2073 5278 ejus
2118 5208 2175 5260 in
2222 5210 2424 5280 hymnis
2473 5213 2869 5281 confessionum.
2914 5214 3150 5274 Laudato
3190 5238 3372 5277 nomen
3416 5228 3547 5298 ejus.

1964 5298 2123 5353 Venit
2146 5299 2211 5354 ad
2242 5302 2531 5357 secundam
2564 5312 2771 5373 partem
2792 5346 2806 5371 ,
2843 5317 2899 5363 ut
2926 5310 3045 5379 quia
3074 5315 3319 5384 superius
3341 5316 3552 5375 dixerat

1964 5392 2023 5448 in
2053 5393 2262 5449 Domini
2311 5395 2557 5453 laudibus
2587 5411 2709 5453 esse
2744 5398 3086 5470 jubilandum
3109 5449 3126 5476 ,
3159 5425 3303 5466 nunc
3334 5412 3551 5469 doceret

1966 5484 2415 5554 quemadmodum
2478 5487 2560 5543 illi
2612 5493 2982 5566 unusquisque
3034 5498 3227 5556 debeat
3280 5484 3546 5561 conﬁteri.

1966 5575 2144 5635 Porta:
2194 5578 2401 5633 Domini
2442 5588 2569 5635 sunt
2600 5580 2816 5640 humilis
2851 5589 3193 5659 pcenitentia,
3225 5595 3547 5665 baptismum

1966 5685 2210 5734 sacrum,
2236 5669 2472 5727 charitas
2501 5684 2718 5742 sancta,
2745 5676 3127 5753 eleemosynze,
3157 5685 3543 5756 misericordia,

1967 5772 2269 5835 caeteraque
2302 5766 2571 5833 mandata,
2605 5782 2700 5837 per
2729 5784 2846 5838 qua:
2875 5770 2942 5827 ad
2973 5772 3091 5843 ejus
3114 5790 3397 5845 possumus
3427 5794 3548 5849 per-

1965 5854 2150 5909 venire
2189 5865 2558 5925 conspectum.
2617 5858 2873 5915 Hortatur
2908 5878 3035 5932 ergo
3087 5866 3346 5935 propheta
3388 5870 3547 5944 332

1966 5954 2023 6002 ut
2050 5960 2145 6015 per
2176 5947 2315 6006 hanc
2344 5947 2661 6010 humilitatis
2700 5951 3124 6025 confessionem,
3154 5957 3330 6025 primo
3353 5959 3545 6029 ianuas
