4062 6344
529 415 632 476 eos
1129 363 1138 370 ’
1747 401 1816 458 Μ.
1859 389 2138 460 AURELII
2173 387 2580 458 cassmnout
3701 399 3808 454 7m

525 529 908 590 misericordia:
961 527 1166 598 Domini
1217 525 1416 578 intrare
1471 519 1764 576 debeamus
1815 535 1830 574 :
1887 535 1956 574 ne
2007 515 2318 579 nosASed
2345 515 2464 568 ideo
2487 513 2644 568 verba
2669 511 2908 568 noscitur
2929 511 3258 583 prmmisi~se
3281 513 3582 578 notissima,
3607 517 3804 584 utejus

527 631 682 678 extra
711 623 868 678 ovilia
899 615 1168 676 saevientis
1195 613 1304 684 lupi
1335 611 1504 682 possit
1535 611 1804 680 rapacitas
1837 609 2107 666 invenire.

527 711 760 784 Adiecit,
787 713 918 766 atria
941 713 1050 782 ejus
1073 711 1124 764 in
1148 707 1350 776 hymnis
1375 703 1778 776 confessionum.
1803 701 1950 756 Atria
1973 707 2110 774 ejus,

527 817 584 864 et
611 807 696 862 hic
723 805 1004 870 subaudis,
1039 805 1248 856 intrate.
1293 799 1574 870 Significat
1607 797 1750 854 enim
1787 797 2112 868 prephetas,

527 897 908 966 evangelistas,
959 905 1014 950 et
1055 895 1358 966 quicunque
1397 893 1646 966 (Domino
1689 887 1984 960 aspirante)
2011 889 2114 946 do-

527 997 774 1046 euerunt.
825 987 970 1044 Dicta
1021 987 1166 1042 enim
1207 985 1418 1040 illorum
1477 983 1684 1038 Domini
1731 989 1944 1038 constat
1989 996 2110 1038 esse

527 1079 750 1152 palatia,
769 1077 981 1150 quando
1010 1077 1196 1148 ipsein
1225 1077 1304 1132 eis
1329 1075 1618 1142 invenitur,
1643 1075 1688 1132 si
1715 1075 1904 1130 devota
1935 1081 2114 1130 mente

527 1173 874 1244 perquiritur.
921 1171 1026 1228 Sed
1071 1179 1128 1226 ut
1167 1171 1304 1226 hanc
1345 1169 1736 1224 confessionem
1767 1168 2042 1224 divideres
2081 1183 2114 1224 a

527 1265 726 1336 priore,
781 1263 992 1334 posuit,
1043 1265 1096 1318 in
1139 1263 1372 1334 hymnis,
1419 1263 1594 1334 qualis
1638 1263 1738 1316 fuit
1767 1263 1856 1316 illa
1905 1259 2114 1316 Domini

530 1355 823 1414 Salvatoris
854 1371 974 1412 cum
1019 1355 1156 1410 dixit
1187 1373 1200 1408 :
1237 1355 1528 1422 Conﬁtebor
1557 1355 1676 1422 tibi,
1707 1353 1868 1408 Pater
1897 1353 2115 1410 Domine

529 1449 638 1504 cali
669 1459 714 1502 et
743 1457 888 1502 terra:
911 1447 1124 1518 (Matth.
1159 1463 1236 1512 χι,
1261 1445 1376 1518 25).
1401 1447 1516 1500 Non
1549 1447 1692 1500 enim
1729 1461 1824 1516 pro
1855 1447 1968 1502 suis
1992 1461 2120 1516 pee-

529 1539 664 1592 eatis
689 1537 894 1608 aliquid
933 1535 1212 1592 confessus
1239 1545 1340 1602 est,
1375 1535 1466 1590 sed
1499 1535 1684 1592 laudes
1723 1537 1868 1594 Patri
1909 1539 2118 1594 sincera

529 1629 814 1684 dilectione
855 1611 1136 1698 persolvit.
1189 1625 1468 1700 Congruus
1515 1629 1660 1682 enim
1709 1629 1844 1684 ordo
1875 1641 2120 1688 servatus

527 1727 654 1786 est,
705 1719 830 1788 quia
861 1719 988 1774 dum
1035 1719 1120 1774 illa
1153 1719 1300 1789 prius
1341 1717 1584 1786 oliertur,
1629 1721 1728 1776 ista
1769 1721 1880 1791 jam
1931 1737 2120 1778 secura

528 1813 892 1882 subsequitur.
921 1813 1170 1880 Addidit,
1215 1811 1426 1868 laudate
1469 1831 1650 1868 nomen
1705 1815 1852 1886 ejus;
1891 1815 1980 1872 ubi
2025 1829 2122 1884 po-

2223 609 2390 663 virtus
2433 607 2658 676 simplex
2703 615 2862 678 atque
2895 607 3170 676 perspicua
3213 619 3404 662 sensus
3445 605 3804 664 lucidissima

2225 717 2290 758 ac
2321 702 2478 756 nimis
2511 701 2848 756 honorabiles
2881 699 3162 756 indicaret.
3207 699 3448 754 Psalmus
3497 701 3640 754 enim
3681 715 3808 756 san-

2225 807 2362 852 ctam
2395 795 2660 868 signiﬁcat
2689 797 3082 864 operationem.
3113 793 3224 866 Ipsi
3251 787 3420 848 David
3449 793 3536 848 ubi
3569 795 3804 863 ponitur,

2225 887 2392 944 totum
2423 887 2622 944 Christi
2653 885 2940 944 virtuti‘bds
2991 887 3316 958 applicatur,
3343 895 3401 942 ut
3431 881 3566 942 nihil
3593 887 3664 942 de
3703 887 3808 942 ista

2227 989 2442 1036 terreno
2469 993 2594 1048 rege
2625 977 2930 1048 intelligas,
2981 977 3078 1034 sed
3129 979 3310 1034 omnia
3351 977 3420 1035 de
3477 979 3808 1036 illo‘dmlesti

2221 1071 2360 1128 dicta
2407 1069 2574 1126 fuisse
2607 1083 2922 1142 cognoscas.

2795 1161 2992 1234 Divisio
3019 1161 3228 1234 psalmi.

2291 1251 2648 1324 Congregatio
2681 1249 2768 1306 illa
2797 1261 3108 1308 sanctorum
3145 1267 3304 1323 quam
3353 1259 3452 1324 per
3499 1253 3808 1308 universum

2227 1347 2482 1402 mundum
2513 1345 2776 1400 catholica
2799 1347 2942 1416 parit
2964 1355 3018 1400 et
3037 1347 3358 1416 multiplicat
3377 1361 3610 1418 semper-
3629 1347 3814 1402 Eccle-

2223 1439 2320 1492 sia.
2357 1437 2410 1492 In
2459 1437 2632 1508 prima
2667 1447 2818 1506 parte
2859 1437 3051 1508 psalmi
3083 1449 3290 1494 cantare
3323 1451 3381 1494 se
3415 1439 3550 1494 dicit
3591 1437 3812 1492 Domino

2223 1531 2626 1586 misericordiam
2657 1541 2704 1586 et
2719 1531 2998 1602 judicium,
3021 1533 3396 1600 consortioque
3419 1533 3672 1602 refugere
3697 1543 3812 1598 pes-

2223 1625 2504 1676 simorum.
2535 1623 2780 1676 Secunda
2819 1629 2976 1692 parte‘
3019 1623 3204 1678 fideles
3245 1637 3306 1678 se
3335 1625 3530 1678 asserit
3559 1623 3810 1692 diligere,

2225 1723 2282 1770 et
2311 1729 2432 1770 cum
2463 1715 2546 1768 eis
2573 1715 2876 1786 gratissima
2905 1715 3238 1772 habitatione
3273 1717 3510 1784 versari;
3545 1717 3814 1772 daemones

2227 1823 2410 1862 amem
2433 1823 2556 1862 cum
2575 1809 2684 1862 suis
2699 1809 3124 1866 immissionibus
3139 1809 3206 1866 de
3225 1825 3324 1866 suo
3343 1811 3508 1866 corde
3531 1811 3814 1882 repellere,

535 1907 704 1962 nenda
731 1907 1106 1964 subdistinctio
1137 1917 1242 1978 est,
1273 1909 1396 1980 quia
1421 1909 1664 1980 sequenti
1695 1909 1874 1964 versui
1903 1917 2116 1966 constat

2228 1915 2366 1970 quos
2417 1899 2568 1954 novit
2607 1915 2728 1954 cum
2777 1901 2872 1956 Dei
2915 1901 3128 1958 famulis
3161 1919 3264 1956 non
3315 1901 3514 1958 habere
3549 1903 3816 1960 ullatenus

529 2015 650 2056 esse
683 1999 1034 2070 jungendum.

601 2089 754 2146 Vers.
783 2091 836 2146 5.
871 2091 1126 2158 Quoniam
1165 2093 1344 2146 suavis
1361 2101 1432 2148 est
1468 2091 1752 2160 Dominus,
1787 2093 1842 2146 in
1867 2101 2114 2148 aeternum

531 2185 880 2240 misericordia
919 2192 1030 2257 eius
1049 2231 1064 2256 ,
1095 2197 1142 2244 et
1173 2207 1336 2262 usque
1377 2191 1428 2246 in
1459 2195 1702 2246 uetulum
1727 2192 1908 2248 staculi
1933 2193 2118 2250 veritas

531 2279 658 2348 ejus.
685 2277 760 2334 Ne
785 2283 904 2350 qu's
933 2295 992 2336 se
1019 2287 1230 2350 putaret
1259 2281 1522 2338 laudando
1555 2285 1790 2356 fatigari,
1815 2293 1909 2340 aut
1935 2287 2114 2340 conti-

529 2387 636 2426 nuo
673 2371 852 2428 labore
883 2375 1230 2438 ﬂaccescere,
1263 2389 1476 2432 causam
1511 2377 1744 2432 reddidit
1771 2394 1938 2448 quare
1979 2393 2116 2446 pra:-

529 2461 810 2518 dicandum
841 2473 922 2546 est
946 2480 1140 2522 nomen
1165 2467 1314 2536 ejus;
1349 2467 1400 2522 id
1425 2475 1538 2536 est,
1571 2471 1812 2538 quoniam
1839 2471 2010 2524 suavis
2040 2481 2114 2526 est

533 2549 803 2608 Dominus.
827 2553 1052 2622 Quando
1073 2559 1212 2612 enim
1235 2559 1478 2628 provenit
1497 2561 1546 2614 in
1567 2561 1828 2616 suavitate
1851 2561 2118 2632 defectus,

531 2653 622 2698 aut
651 2653 826 2712 potest
851 2647 1062 2702 animus
1087 2649 1288 2716 eXpIeri
1311 2691 1328 2716 ,
1363 2649 1450 2704 ubi
1479 2665 1694 2720 semper
1719 2651 1928 2720 proficit
1959 2667 2122 2722 appe-

531 2735 694 2792 titus?
719 2737 1008 2794 Delectatio
1039 2741 1138 2796 ἰδίει
1171 2743 1342 2798 nescit
1369 2741 1566 2798 habere
1595 2743 1894 2810 fastidium,
1923 2745 2014 2800 ubi
2043 2745 2122 2801 sic

533 2841 684 2884 mens
731 2833 1006 2886 consolata
1059 2829 1330 2902 reficitur,
1375 2841 1434 2888 ut
1461 2833 1762 2890 nullatenus
1799 2845 1972 2890 tamen
2005 2835 2120 2908 eius

533 2919 800 2976 desideria
829 2921 1184 2994 deponantur.
1223 2925 1288 2980 Et
1317 2941 1382 2982 ne
1411 2927 1754 2992 suavitatem,
1777 2943 1936 2996 quam
1963 2927 2115 2996 dixit,

535 3009 784 3066 crederes
827 3027 950 3068 esse
1009 3013 1398 3086 temporalem,
1451 3019 1504 3070 in
1543 3029 1790 3072 mter-num
1837 3019 1964 3074 dicit
2009 3025 2120 3094 eius

537 3101 941 3158 misericordiam
973 3121 1289 3175 permanere
1313 3147 1328 3174 ,
1361 3109 1484 3179 quia
1510 3125 1628 3166 cum
1661 3113 1826 3168 semel
1857 3115 2118 3180 praestite—

537 3195 612 3248 rit
657 3195 830 3250 futura
861 3195 1032 3264 bona,
1064 3199 1130 3252 ab
1175 3199 1292 3270 ipso
1325 3205 1500 3256 tamen
1543 3213 1796 3272 pet-pelue
1839 3215 2120 3258 servantur

2219 1993 2552 2062 portionem;
2597 2001 2656 2048 ut
2681 1993 2774 2048 tali
2809 1993 3142 2050 institutione
3173 1993 3418 2064 formati,
3449 2005 3508 2050 et
3541 2005 3796 2068 appetere

2221 2089 2383 2154 bona,
2415 2093 2470 2144 et
2499 2087 2639 2144 mala
2663 2101 2892 2144 renuere
2921 2088 3232 2144 debeamus.

2769 2181 3046 2252 Expositio
3077 2185 3284 2254 psalmi.

2291 2277 2450 2334 Vers.
2483 2277 2532 2332 Ι.
2573 2275 2978 2332 Misericordiam
3011 2289 3058 2332 et
3087 2281 3342 2350 judicium
3365 2279 3588 2334 cantabo
3631 2295 3654 2336 :
3693 2279 3810 2350 tibi,

2223 2369 2464 2434 Domine,
2495 2369 2730 2440 psallam.
2763 2369 3016 2426 Caelestis
3043 2371 3098 2426 in
3129 2377 3268 2426 terra
3313 2373 3602 2428 multitudo
3629 2373 3816 2428 beato-

2217 2479 2345 2518 rum
2377 2463 2596 2533 protulit
2625 2463 2858 2530 initium,
2881 2463 3024 2532 quod
3049 2465 3284 2520 breviter
3311 2473 3500 2520 cuncta
3525 2465 3820 2522 conclude-

2227 2563 2330 2611 ret.
2365 2555 2608 2612 Potestas
2661 2556 2804 2610 enim
2851 2555 3064 2610 Domini
3105 2569 3322 2626 semper
3367 2567 3460 2612 aut
3507 2557 3818 2626 miseretur,

2229 2657 2320 2704 aut
2331 2649 2556 2718 judicat.
2577 2647 2682 2704 Sed
2707 2663 2880 2718 neque
2901 2649 3256 2703 misericordia
3273 2649 3440 2720 ipsius
3463 2651 3582 2706 sine
3603 2651 3814 2719 iudicio,

2231 2753 2404 2810 neque
2419 2739 2678 2808 judicium
2717 2739 2840 2794 sine
2866 2741 3222 2795 misericordia
3243 2743 3542 2810 reperitur;
3591 2749 3816 2812 utraque

2229 2835 2372 2888 enim
2417 2845 2476 2888 se
2527 2841 2708 2886 mutua
2753 2831 3014 2888 societate
3053 2835 3416 2906 eonjungunt;
3461 2849 3560 2890 nec
3623 2833 3818 2890 factum

2227 2925 2344 2996 ejus
2367 2925 2578 2996 aliquod
2611 2927 2884 2994 provenit,
2915 2927 3062 2996 quod
3081 2941 3188 2982 non
3219 2929 3432 2996 plenum
3457 2929 3663 2982 cunctis
3693 2941 3818 2984 esse

2225 3019 2514 3072 virtutibus
2557 3019 2838 3074 sentiatur.
2877 3019 3008 3075 Nam
3041 3023 3182 3076 sicut
3209 3023 3295 3077 hic
3319 3021 3484 3090 dixit,
3515 3023 3816 3076 eriserit-or-

2228 3113 2366 3164 dum:
2397 3123 2444 3166 et
2478 3113 2736 3182 judicium
2756 3153 2771 3178 ,
2803 3113 2926 3168 alibi
2955 3115 3088 3170 dicit
3113 3129 3210 3184 pro
3235 3115 3318 3170 his
3341 3115 3546 3172 duobus
3573 3115 3816 3170 nomini-

2229 3205 2346 3266 bus.
2365 3207 2570 3278 justitia
2601 3215 2650 3260 et
2679 3223 2814 3274 pax;
2837 3215 2891 3262 et
2914 3207 3126 3274 iterum,
3163 3209 3512 3262 misericordia
3533 3219 3584 3264 et
3605 3209 3812 3272 ueritas;

533 3283 725 3340 illmsa.
753 3287 982 3356 Adjeeit,
1003 3297 1048 3342 et
1070 3307 1224 3361 usque
1244 3291 1296 3344 in
1319 3291 1560 3346 naculum
1583 3293 1758 3348 stt’culi
1779 3295 1964 3348 veritas
1986 3299 2117 3368 ejus.
2149 3311 2194 3374 ρ
2227 3297 2332 3362 vel,
2361 3297 2566 3368 justitia
2585 3307 2632 3350 et
2647 3299 2900 3370 judicium
2925 3303 3232 3370 praeparatio
3249 3301 3384 3356 sedis
3405 3311 3524 3366 tute;
3543 3311 3606 3356 ut
3617 3301 3814 3372 ubique

535 3373 796 3430 Secutum"
818 3381 1016 3444 s'teculi,
1047 3387 1104 3434 et
1131 3379 1272 3436 istud
1297 3383 1562 3452 signiﬁcat
1587 3387 1730 3455 quod
1759 3387 1898 3440 nunc
1919 3387 2114 3456 agitur,

537 3471 594 3520 et
619 3465 750 3520 illud
785 3467 926 3536 quod
957 3469 1226 3526 credimus
1261 3483 1380 3528 ease
1405 3481 1690 3528 venturum
1727 3493 1738 3528 :
1775 3477 2026 3546 quoniam
2065 3487 2120 3533 et

535 3555 624 3610 llic
653 3565 738 3612 est
755 3561 938 3612 eet-itas
965 3561 1206 3630 Domini,
1237 3563 1376 3619 sicut
1401 3565 1596 3636 legitur
1627 3571 1640 3622 :'
1673 3567 1872 3624 Veritas
1893 3569 1956 3622 de
1985 3579 2119 3624 terra

539 3657 652 3700 om
693 3657 768 3702 est
817 3649 988 3720 (Paul.
1029 3665 1250 3718 ωηεν,
1295 3651 1406 3726 12),
1441 3663 1497 3712 et
1525 3657 1578 3712 in
1621 3657 1714 3712 illo
1753 3661 1982 3730 saeculo,
2029 3659 2118 3716 ubi

533 3741 950 3810 promissionum
987 3743 1106 3814 ejus
1151 3745 1290 3800 dona
1317 3749 1686 3818 complentur,
1739 3761 1790 3806 et
1831 3751 1948 3822 ipse
1995 3765 2116 3808 cum

535 3837 736 3892 sanctis
765 3839 876 3894 suis
910 3839 1140 3912 εισι-ἰθέα
1175 3843 1510 3912 perennitate
1541 3847 1802 3918 regnabit.

1067 3953 1334 4012 Conclusio
1375 3955 1582 4028 psalmi.

611 4067 922 4126 Mirabiliter
953 4071 1040 4128 hic
1067 4075 1308 4144 psalmus
1335 4085 1594 4148 utrasque
1625 4093 1724 4134 nos
1753 4079 2120 4138 confessiones

537 4161 784 4230 edocuit,
808 4173 866 4218 ut
893 4173 952 4220 et
977 4167 1182 4222 alacres
1215 4167 1436 4224 Omnino
1455 4171 1770 4240 jubilcmus,
1797 4181 1854 4228 et
1877 4183 2122 4244 peccato-

535 4265 656 4306 rum
703 4265 1010 4310 nostrorum
1053 4257 1276 4312 vulnera
1303 4259 1422 4316 sine
1461 4261 1864 4320 intermissione
1911 4265 2124 4334 planga-
2167 4281 2176 4290 '

537 4357 680 4398 mus.
711 4343 768 4398 ln
795 4345 896 4402 hoc
923 4349 1062 4402 enim
1085 4349 1286 4406 mundo
1311 4353 1986 4424 tltrtunquOuecessarium
2015 4365 2118 4424 est,

539 4443 602 4490 ut
631 4451 730 4492 nec
761 4437 812 4490 in
849 4438 1066 4496 tristitia
1091 4443 1344 4512 desperet
1389 4445 1482 4500 Dei
1519 4461 1742 4512 servus,
1789 4463 1888 4504 nee
1925 4449 2120 4506 iterum

539 4527 748 4580 anitnus
797 4521 914 4597 ejus
959 4533 1228 4599 prosperis
1271 4533 1518 4590 reddatur
1559 4537 1750 4592 elatus.
1797 4539 1930 4594 Nam
1981 4543 2122 4596 sicut

535 4619 734 4672 sanitas
765 4619 996 4674 hominis
1037 4623 1318 4680 humerum
1351 4639 1478 4694 pace
1501 4629 1770 4696 consistit,
1813 4631 1886 4686 ita
1939 4633 2118 4701 perfe-
2151 4647 2200 4718 ι)

533 4719 652 4764 etus
701 4719 786 4766 est
837 4711 1166 4770 Christianus
1203 4719 1292 4786 qui
1323 4719 1480 4774 fuerit
1519 4721 1658 4776 inter
1701 4723 1894 4778 barum
1937 4741 2116 4782 rerum

533 4801 950 4858 vicissitudinem
977 4803 1320 4864 immobiliter
1351 4821 1698 4878 temperatus.
1741 4815 2114 4887 Suscipiamus

533 4909 664 4964 ergo
689 4897 848 4952 alacri
875 4909 1052 4954 mente
1073 4917 1192 4970 quae
1215 4897 1356 4956 dicta
1379 4917 1520 4960 sunt.
1547 4907 1730 4974 Qualis
1751 4911 1892 4964 enim
1917 4913 1986 4966 sit
2013 4912 2116 4968 ista

537 4985 828 5052 deploratio
857 5007 922 5044 ex
955 4991 1054 5046 hoc
1077 4993 1496 5066 daturintelligi,
1527 5007 1584 5054 ut
1615 4999 1666 5054 iu
1689 5015 1752 5054 ea
1783 5003 2118 5072 praecipiatur

539 5077 790 5134 Dominus
811 5097 932 5138 esse
957 5085 1282 5156 laudandus;
1305 5091 1518 5158 merito,
1537 5093 1662 5162 quia
1685 5094 1808 5148 inde
1831 5107 2118 5164 provectus

535 5167 735 5256 evenit,
771 5185 873 5226 non
923 5185 1140 5244 reatus;
1189 5195 1298 5234 non
1343 5195 1522 5252 pcena,
1571 5183 1664 5238 sed
1711 5187 1958 5256 praemia;
2005 5203 2114 5246 non

529 5255 792 5332 deformis
817 5267 1068 5330 servitus,
1095 5271 1188 5322 sed
1219 5271 1436 5338 pulchra
1465 5275 1706 5334 libertas.

845 5375 1210 5436 EXPOSITIO
1245 5381 1314 5438 IN
1351 5383 1684 5446 PSALMUM
1725 5391 1788 5447 C.

1033 5467 1276 5528 Psalmus
1301 5475 1404 5546 ipsi
1433 5477 1625 5536 Dauid.

605 5581 860 5648 Quamvis
891 5585 1032 5640 tituli
1067 5587 1136 5643 ab
1163 5589 1398 5648 historiis
1427 5597 1580 5652 tracti
1609 5597 1862 5656 virtutem
1895 5601 2114 5658 videan-

535 5679 626 5730 tur
667 5671 904 5728 indicare
951 5677 1310 5746 psalmorum,
1361 5691 1538 5740 tamen
1573 5695 1629 5742 et
1657 5689 1930 5760 simplices
1973 5693 2112 5749 idem

533 5765 814 5822 continere
843 5779 1152 5826 noscuntur.
1183 5767 1276 5830 Est
1305 5777 1566 5846 siquidem
1595 5791 1770 5838 textus
1811 5783 1910 5840 iste
1957 5785 2118 5842 mira-

537 5863 696 5926 bilis,
743 5871 796 5914 et
823 5861 878 5916 in
909 5859 1078 5918 forma
1113 5867 1362 5934 perlecta
1391 5871 1686 5928 sanctitatis
1717 5875 1986 5944 inclusus,
2022 5879 2114 5948 qui

537 5953 902 6010 uetituuarium
927 5953 1156 6014 fructum
1179 5959 1376 6016 debeat
1401 5969 1714 6032 exspectare
1741 5971 2108 6036 praemiorum.

2225 3387 2394 3442 Deum
2437 3388 2582 3458 pium
2627 3389 2962 3444 demonstret
3009 3400 3062 3444 et
3087 3391 3494 3460 justum.Quod
3531 3405 3706 3458 genus
3735 3391 3808 3446 lo-

2223 3475 2456 3532 cutionis
2483 3477 2624 3532 inter
2651 3479 2868 3550 propria
2897 3479 3190 3550 Scriptum
3215 3481 3410 3536 diris-te
3429 3483 3814 3536 connumerari

2225 3583 2386 3640 posse
2419 3585 2524 3626 non
2571 3571 2796 3628 dubium
2835 3581 2940 3628 est.
2989 3575 3122 3628 Nam
3147 3583 3202 3630 et
3231 3575 3286 3630 in
3315 3575 3406 3630 illo
3429 3577 3702 3632 adventu
3739 3577 3820 3632 sui

2227 3671 2472 3732 tempore
2529 3665 2800 3736 glorioso,
2853 3667 3028 3736 primo
3059 3667 3180 3722 loco
3225 3671 3630 3724 misericordiam
3657 3669 3818 3736 facit,

2227 3753 2442 3822 quando
2483 3755 2614 3810 dicit
2665 3771 2682 3810 :
2715 3755 2924 3826 Vertite,
2979 3757 3226 3814 bertcdicti
3251 3759 3426 3816 Patris
3465 3763 3568 3814 ursi
3605 3761 3820 3830 (Matth.
3855 3763 3872 3776 ⁶

2225 3861 2354 3912 xxv,
2401 3847 2516 3916 54),
2571 3857 2626 3904 et
2673 3857 2898 3916 cratera;
2939 3851 3034 3908 sed
3071 3867 3180 3906 non
3217 3853 3338 3908 sine
3363 3855 3656 3922 aequitate,
3691 3859 3820 3924 alia

2225 3937 2468 3996 ﬁdelibus
2489 3940 2600 3994 suis
2621 3941 2884 4012 promissa
2911 3943 3162 3998 restituit.
3187 3943 3378 3998 Postea
3403 3959 3536 4000 vero
3551 3945 3814 4014 indm

2223 4033 2490 4102 sequitur,
2513 4047 2634 4088 cum
2657 4032 2856 4088 dixerit
2885 4031 3066 4104 impiis
3097 4050 3112 4088 :
3151 4033 3410 4092 Discedite
3429 4053 3464 4090 α
3505 4052 3616 4100 me,
3643 4039 3810 4090 ntale-

2221 4123 2372 4185 dicti,
2425 4123 2478 4176 in
2507 4125 2676 4192 ignem
2705 4133 2950 4176 aeternum
2995 4123 3252 4196 (Ibidem,
3281 4125 3398 4198 41);
3449 4127 3596 4196 quod
3637 4135 3816 4184 tamen

2227 4229 2334 4270 non
2381 4225 2462 4270 est
2493 4217 2608 4270 siue
2639 4217 2858 4286 pietate,
2889 4217 3138 4287 quoniam
3183 4229 3302 4288 post
3345 4221 3566 4276 multam
3601 4223 3814 4290 patien-

2229 4307 2356 4362 tiam
2393 4309 2634 4364 uoscitur
2667 4311 2908 4378 proferre
2958 4311 3268 4368 vindictam.
3315 4313 3476 4370 Vides
3525 4331 3660 4386 ergo
3707 4315 3816 4370 haec

2225 4401 2332 4456 duo
2361 4411 2416 4458 et
2437 4409 2802 4462 consentanea
2823 4404 2926 4460 sibi
2947 4419 3088 4472 esse,
3113 4413 3168 4460 et
3189 4407 3300 4460 suis
3325 4405 3610 4462 ordinibus
3647 4409 3814 4464 collo-

2223 4505 2342 4550 cata
2367 4495 2596 4552 radiare.
2633 4497 2868 4552 Audiant
2891 4497 3070 4566 itaque
3089 4499 3494 4554 misericordem
3529 4499 3814 4554 Dominum

2221 4597 2562 4656 peccatores,
2591 4587 2680 4658 qui
2713 4589 2780 4644 de
2809 4605 2906 4644 sua
2933 4589 3094 4660 333
3125 4589 3370 4660 nequiter
3399 4591 3574 4646 salute
3609 4591 3810 4660 despe-

2225 4687 2376 4744 rant;
2409 4681 2708 4750 intelligant
2737 4679 2952 4750 superbi
2987 4679 3230 4736 .ludicem
3253 4721 3268 4748 ,
3299 4681 3390 4752 qui
3415 4683 3620 4738 malum
3663 4697 3812 4738 suum

2221 4785 2328 4826 non
2353 4771 2624 4828 mstimant
2645 4785 2764 4828 esse
2783 4772 3132 4842 puniendum.
3155 4771 3234 4828 lta
3259 4773 3344 4828 hic
3367 4783 3538 4830 totum
3559 4789 3816 4846 compen-

2219 4863 2372 4920 diose
2401 4865 2820 4934 planissimeque
2869 4873 3142 4920 cautatum
3187 4875 3300 4932 est,
3349 4869 3606 4936 quoniam
3651 4867 3704 4922 in
3737 4867 3814 4922 his

2221 4957 2426 5012 duobus
2449 4959 2806 5022 sermonibus,
2831 4965 2888 5014 et
2907 4967 3100 5014 cuncta
3121 4973 3284 5030 opera
3307 4959 3540 5028 Domini,
3567 4969 3630 5016 et
3657 4961 3814 5016 totius

2225 5045 2478 5102 Ecclesia
2507 5049 2790 5104 aediﬁcatio
2821 5053 3076 5118 probatur
3103 5065 3224 5106 esse
3257 5061 3498 5106 narrata.
3561 5051 3808 5122 Adjecit:

2222 5139 2332 5204 tibi,
2365 5139 2602 5206 Domine,
2629 5139 2868 5212 psallunt.
2903 5141 3124 5198 Domino
3145 5145 3322 5212 psallit
3345 5145 3436 5214 qui
3469 5143 3636 5200 bouis
3657 5145 3812 5200 factis

2221 5231 2334 5286 suis
2363 5247 2484 5286 eum
2517 5231 2727 5302 placare
2749 5233 3048 5290 contendit.
3077 5235 3198 5306 ipsa
3213 5245 3298 5292 est
3321 5235 3468 5292 enim
3489 5237 3810 5292 suavissima

2221 5321 2389 5378 virtus
2427 5323 2750 5392 harmoniai,
2783 5325 3000 5396 quando
3029 5341 3136 5382 vos
3175 5329 3520 5398 cognoscitur
3555 5329 3812 5400 operibus

2220 5431 2538 5474 consonare.
2593 5417 2724 5472 Nam
2753 5417 2798 5474 si
2825 5419 2906 5476 lue
2937 5419 3058 5476 dum
3085 5437 3172 5478 res
3203 5423 3550 5494 discrepabili
3587 5425 3694 5482 sibi
3721 5439 3812 5482 va-

2219 5505 2412 5564 rietate
2457 5509 2808 5580 dissentiant,
2859 5527 3192 5584 nequaquam
3237 5525 3464 5586 possunt
3493 5519 3808 5588 psalmodim

2223 5611 2570 5672 temperatam
2593 5605 2810 5666 efﬁcere
2823 5608 3172 5678 cantilenam,
3195 5625 3296 5668 nec
3323 5613 3390 5668 ad
3417 5629 3576 5672 aures
3593 5613 3814 5672 Domini

2217 5695 2387 5764 venit,
2417 5697 2560 5768 quod
2589 5713 2652 5754 se
2683 5709 2864 5754 mutua
2887 5703 3276 5760 contrarietate
3299 5705 3602 5764 confundit.

2295 5789 2447 5844 Vers.
2479 5791 2534 5847 2,
2571 5789 2636 5846 Et
2665 5793 2948 5866 intelligam
2987 5797 3044 5850 in
3071 5797 3150 5852 via
3191 5799 3558 5866 intruaculuta,
3601 5801 3812 5870 quando

2217 5883 2384 5936 venies
2400 5883 2468 5936 ad
2489 5901 2584 5938 me.
2617 5887 2710 5940 llic
2731 5901 2918 5944 versus
2941 5889 3010 5946 de
3037 5893 3406 5960 superioribus
3427 5893 3648 5964 pendet.
3677 5895 3808 5950 Nam

2217 5971 2266 6030 si
2288 5971 2696 6046 disciplinabilis
2713 5977 2804 6036 illa
2831 5981 3127 6052 psalmodia
3151 5995 3524 6056 competenter
3543 5985 3808 6058 dirigatur
