4092 6344
252 415 353 473 'iM

1218 354 1581 464 exrosrno
1620 402 1683 459 IN
1724 397 2189 461 PSALTERIDM.
2232 401 2426 461 PSAL.
2467 402 2528 459 c.

3416 398 3529 458 70!

259 534 328 591 ad
353 528 666 591 Dominum,
696 522 816 579 vide
844 520 969 595 quid
1004 530 1261 594 prastat;
1294 529 1355 576 ut
1378 522 1639 595 intelligat
1667 522 1721 575 in
1759 520 1841 573 via
1870 522 1922 582 Α
1940 518 2242 589 judicatur;
2285 532 2411 572 nam
2441 512 2688 586 quamvis
2733 517 2859 570 ante
2901 510 3093 571 facient
3136 517 3379 593 nostram
3425 524 3521 566 ve-

260 622 614 685 immacutata,
647 617 860 688 quando
892 618 957 675 ad
984 630 1044 671 se
1074 615 1333 670 Dominus
1360 614 1549 668 venire
1566 612 1839 680 dignetur,

263 734 421 792 quem
453 726 781 784 magnopere
808 708 1126 765 sustinebat.
1161 704 1454 776 Intelligam
1485 704 1646 767 dicit,
1676 701 1727 756 id
1758 712 1842 756 est

262 812 476 869 credam
522 822 658 877 puro
685 805 863 859 cordis
894 802 1114 865 affectu;
1149 809 1206 853 ut
1234 799 1375 868 quod
1406 799 1575 852 oculis
1605 796 1841 851 carnali-

262 909 361 964 bus
389 920 495 959 non
518 901 755 965 videbat,
781 898 1036 952 vivaciter
1056 896 1389 964 conspiceret
1415 892 1606 945 animus
1629 890 1841 945 deside.

262 998 433 1056 rantis
464 993 678 1050 adnisu.
710 991 777 1045 Et
805 990 1053 1059 quoniam
1089 986 1193 1040 tale
1221 984 1546 1039 desiderium
1588 982 1843 1052 spiritus;

264 1091 386 1146 liter
435 1086 543 1156 jam
573 1082 805 1137 videntis
836 1090 981 1144 erat,
1013 1080 1143 1133 dicit
1181 1075 1629 1146 quemadmodum
1658 1074 1849 1127 venire

264 1181 546 1248 disponat;
595 1177 651 1229 in
694 1175 776 1228 cia
805 1172 1009 1227 scilicet
1048 1170 1409 1233 immaculata,
1450 1169 1570 1236 quia
1602 1165 1845 1220 Christus

263 1271 523 1324 Dominus
550 1272 767 1336 peccata
796 1278 901 1317 non
942 1260 1154 1324 habuit,
1178 1261 1266 1330 qui
1298 1269 1353 1316 et
1384 1275 1476 1328 per
1505 1259 1646 1312 hunc
1687 1272 1848 1311 mun-

262 1362 391 1418 dum
422 1358 771 1415 immaculatis
799 1354 1070 1426 gressibus
1101 1352 1411 1408 ambulavit.
1437 1352 1551 1407 Hoc
1578 1358 1664 1405 est
1698 1347 1842 1403 enim

261 1454 405 1525 quod
437 1452 589 1516 dicit,
622 1450 689 1503 Et
715 1447 1001 1515 intelligam
1026 1447 1081 1500 in
1126 1446 1210 1499 via
1231 1445 1590 1509 immaculata,
1639 1441 1849 1512 quando

259 1548 430 1601 venies
459 1546 524 1598 ad
552 1559 648 1597 me.

340 1638 494 1691 Vers.
528 1635 580 1688 5.
612 1632 1039 1688 Perambulabam
1082 1632 1134 1685 in
1178 1630 1469 1685 innocentia
1498 1630 1670 1684 cordis
1708 1630 1808 1684 mei
1830 1669 1847 1695 ,

259 1732 313 1785 in
360 1730 526 1784 medio
556 1730 735 1781 domus
761 1734 905 1781 anew.
946 1725 1335 1793 vaotheticus
1379 1725 1557 1779 denuo
1595 1725 1846 1793 syllogis-

260 1838 388 1879 mus
415 1820 652 1891 aperitur
695 1838 707 1871 :
747 1819 801 1873 Si
845 1819 1021 1887 justus
1065 1818 1401 1886 perambulat
1442 1818 1494 1871 in
1544 1817 1848 1871 innocentia

1944 588 2125 678 niant,
2152 617 2331 664 tamen
2366 609 2419 663 in
2451 612 2745 676 conspectu
2776 606 2975 661 mentis
3003 615 3202 661 nostrae
3229 588 3344 660 non.
3365 613 3520 669 sunt,

1946 715 2064 770 quae
2110 699 2458 755 abominabili
2505 696 2878 754 exsecratione
2917 697 3228 767 refugimus.
3271 695 3520 761 Addidit,

1945 811 2047 847 non
2091 793 2307 847 adhasit
2352 791 2501 846 mihi.
2537 792 2648 846 Hoc
2689 805 2901 846 comma
2940 791 3161 845 omnino
3205 802 3523 859 suspensum

1946 896 2059 950 est;
2109 885 2382 941 desiderat
2410 885 2550 939 enim
2583 893 2744 953 caput
2784 898 2973 938 versus
3003 884 3300 952 sequentis,
3331 882 3383 937 id
3411 890 3523 948 est,

1946 995 2034 1032 cor
2060 994 2305 1047 prauum;
2332 978 2473 1047 quod
2500 976 2809 1045 frequenter
2850 976 3042 1029 iactum
3084 973 3375 1031 secundum
3418 972 3525 1026 lle-

1945 1068 2122 1123 brtees
2184 1069 2237 1123 in
2283 1067 2529 1123 Psalterii
2568 1066 2813 1121 versibus
2858 1063 3184 1119 invenimus.
3235 1062 3333 1117 Cor
3383 1062 3524 1117 enim

1947 1175 2159 1228 prauum
2189 1160 2450 1215 adha'rere
2476 1174 2582 1213 non
2614 1167 2809 1227 potest,
2836 1158 2936 1212 nisi
2964 1167 3304 1227 peccatorum
3335 1155 3529 1225 iniqui-

1949 1262 2059 1308 tate
2090 1252 2352 1307 distortis.
2379 1252 2611 1307 lnvicem
2644 1251 2841 1320 quippe
2868 1249 2969 1303 sibi
3002 1248 3226 1317 aequalia
3264 1258 3386 1301 vota
3408 1246 3527 1317 glu-

1950 1344 2209 1408 tinantur,
2238 1353 2291 1397 et
2315 1357 2345 1396 e
2365 1342 2583 1396 diverso
2611 1340 2922 1394 dividuntur
2946 1351 3280 1408 quaecunque
3308 1346 3525 1391 contra—

1949 1437 2026 1492 ria
2059 1445 2213 1501 sunt;
2260 1451 2359 1490 nec
2391 1449 2610 1503 pravum
2640 1441 2790 1487 recto
2818 1434 3103 1497 convenit,
3150 1431 3274 1500 quia
3316 1444 3525 1485 morum

1950 1529 2207 1585 varietate
2240 1527 2512 1583 dissentit.
2562 1525 2661 1580 Hic
2690 1532 2867 1578 autem
2898 1532 3071 1578 status
3114 1522 3302 1577 incidit
3347 1522 3529 1590 conje-

1950 1619 2191 1685 cturalis,
2225 1620 2315 1673 ubi
2352 1618 2610 1689 quaeritur
2636 1624 2730 1671 aut
2757 1630 2879 1671 cum
2908 1615 3106 1684 quibus
3140 1614 3407 1682 convivat,
3439 1619 3531 1666 aut

1952 1714 2221 1784 quomodo
2251 1713 2414 1766 vivat.

2025 1824 2178 1879 Vers.
2212 1824 2261 1877 5.
2290 1823 2390 1877 Cor
2410 1837 2622 1893 pravum
2637 1838 2655 1887 ;
2671 1819 2987 1874 declinantes
3006 1836 3039 1873 a
3061 1836 3137 1874 me
3159 1816 3411 1888 malignos
3428 1832 3532 1871 non

260 1915 443 1971 cordis
482 1913 535 1968 in
575 1912 750 1966 medio
787 1912 980 1966 domus
1010 1908 1250 1975 Domini,
1292 1925 1403 1964 non
1431 1909 1683 1979 proponit
1720 1918 1843 1963 ante
1874 1917 1920 1976 Β
1947 1915 2301 1986 agnoscebam.
2361 1915 2599 1967 Diximus
2640 1929 2726 1966 tor
2765 1928 2977 1983 pravum
3015 1910 3382 1981 superioribus
3412 1924 3535 1964 esse

259 2008 451 2063 oculos
478 2019 603 2061 suos
639 2020 749 2060 rem
780 2004 1007 2067 malam;
1041 2012 1279 2058 attamen
1309 2005 1484 2070 justus
1514 2001 1848 2071 perambulat

260 2102 315 2155 in
363 2098 668 2154 innocentia
699 2097 881 2151 cordis
910 2097 961 2150 in
1003 2096 1180 2150 medio
1209 2096 1400 2150 domus
1452 2095 1665 2149 Domini
1694 2112 1707 2148 :
1740 2110 1847 2148 non

261 2192 517 2261 proponit
552 2191 711 2260 igitur
749 2198 874 2243 ante
901 2189 1091 2243 oculos
1129 2201 1254 2241 suos
1291 2203 1406 2242 rem
1448 2187 1664 2241 malam.
1700 2186 1851 2243 Nunc

258 2283 545 2353 sequentia
577 2282 875 2336 videamus.
904 2280 1160 2347 Dicenda,
1205 2280 1641 2349 perambulabam,
1671 2289 1855 2332 osten-

258 2375 343 2430 dit
374 2376 537 2428 vitan')
567 2372 751 2427 mundi
788 2372 943 2426 istius
969 2386 1077 2425 non
1110 2386 1171 2425 se
1205 2370 1600 2425 studiosissime
1630 2369 1853 2438 perqui-

258 2470 446 2536 siisse,
472 2469 563 2523 sed
589 2477 841 2537 tanquam
866 2467 1225 2521 transitoriam
1253 2465 1417 2519 fuisse
1436 2464 1741 2518 deenrsam.
1775 2465 1853 2517 Ac

257 2558 493 2623 deinde,
525 2557 651 2627 quid
685 2557 852 2626 possit
881 2556 1169 2611 innocentia
1201 2556 1381 2625 paucis
1410 2555 1590 2610 verbis
1621 2553 1854 2611 absolvi-

257 2663 386 2717 tur;
443 2661 501 2706 ut
548 2654 601 2705 in
651 2651 817 2704 medio
862 2652 1044 2703 domus
1092 2650 1186 2704 Dei
1233 2649 1472 2704 habitare
1518 2656 1850 2714 mereretur;

256 2756 539 2815 quatenus
586 2751 641 2796 et
677 2742 897 2812 reliquis
938 2742 1138 2796 bonum
1170 2741 1473 2809 exemplum
1505 2739 1769 2809 praebeat,
1800 2747 1857 2794 et

256 2839 385 2909 ipsa
413 2836 711 2889 honorabili
732 2834 1142 2891 conversatione
1162 2833 1421 2887 relucent.
1443 2832 1581 2888 Nam
1598 2840 1851 2902 quantum

260 2931 449 2986 valeat
479 2929 769 2982 innocentia
801 2928 925 2981 hinc
944 2927 1099 2981 datur
1121 2926 1378 2995 intelligi,
1408 2934 1466 2979 ut
1492 2934 1711 2995 propter
1735 2939 1856 2993 gra-

263 3022 533 3077 tissimam
579 3019 980 3089 simplicitatem
1008 3018 1062 3073 in
1094 3018 1358 3072 columbae
1397 3016 1579 3085 specie
1625 3016 1856 3084 Spiritus

265 3126 493 3171 sanctus
522 3124 826 3184 appareret,
852 3118 907 3167 et
926 3120 1141 3181 propter
1160 3113 1628 3167 mansuetudinem
1646 3110 1854 3166 beatam

268 3213 482 3281 Agrum
513 3224 574 3264 se
619 3222 813 3263 vocare
856 3208 950 3262 Dei
994 3207 1162 3261 Filius
1206 3206 1459 3276 elegisset
1502 3221 1521 3261 :
1569 3203 1856 3273 designans

270 3307 531 3376 quoniam
553 3303 642 3358 illa
674 3302 912 3359 caelestis
934 3311 989 3357 et
1021 3316 1147 3356 vera
1177 3300 1435 3370 sapientia
1466 3299 1519 3353 in
1550 3297 1857 3369 pectoribus
1884 3303 1933 3368 ο

271 3398 505 3467 placidis
535 3407 695 3468 atque
728 3396 1019 3452 humilibus
1040 3394 1409 3465 conquiescat.

350 3490 505 3547 Vers.
540 3491 596 3546 4.
643 3488 765 3544 Non
815 3489 1162 3560 proponebam
1185 3496 1307 3541 ante
1348 3487 1524 3543 oculos
1572 3503 1709 3542 meos
1752 3502 1859 3542 rem

270 3583 497 3647 malum;
530 3583 772 3651 facientes
816 3580 1256 3648 pramaricationes
1295 3580 1449 3633 odivi.
1486 3578 1611 3637 Non
1644 3579 1862 3633 adltwsit

272 3674 423 3729 mihi.
455 3673 718 3741 Quoniam
748 3673 993 3740 superius
1033 3671 1173 3726 dixit
1201 3671 1491 3726 ambulasse
1518 3687 1573 3725 se
1603 3672 1655 3725 in
1694 3671 1862 3724 medio

273 3764 535 3819 Ecclesia
579 3766 630 3817 in
657 3764 946 3818 innocentia
983 3763 1155 3816 cordis
1184 3764 1298 3827 sui,
1332 3777 1473 3817 nunc
1511 3778 1605 3831 per
1642 3764 1861 3832 ﬁguram

275 3854 638 3924 etiologiam,
675 3871 793 3923 quae
830 3853 1021 3908 Latine
1050 3854 1349 3924 appellatur
1379 3868 1556 3909 causa:
1606 3854 1859 3923 redditio,

273 3947 382 4004 hoc
413 3947 621 4004 duobus
661 3950 837 4006 modis
867 3950 1087 4019 exponit
1121 3968 1134 4003 :
1179 3949 1350 4018 primo
1380 3948 1565 4005 dicens
1597 3964 1762 4019 usque
1795 3947 1863 4004 ad

275 4043 513 4111 positam
566 4043 886 4100 divisionem
933 4060 1052 4099 cum
1099 4044 1304 4098 vitiosis
1351 4059 1413 4099 se
1463 4058 1569 4097 non
1614 4043 1864 4097 habuisse

275 4137 652 4203 consortium;
692 4137 890 4193 deinde
918 4153 1089 4209 usque
1118 4137 1183 4191 ad
1226 4136 1385 4191 ﬁnem
1419 4135 1643 4205 psalmi,
1675 4136 1867 4190 asserit

246 4242 402 4284 ‘cum
436 4229 686 4287 ﬁdelibus
715 4245 871 4286 suam
900 4246 958 4287 se
1001 4232 1243 4297 posuisse
1285 4229 1634 4284 nihilominus
1667 4229 1867 4299 portio-

278 4334 440 4389 nem,
485 4328 541 4375 et
569 4320 635 4376 de
663 4323 831 4378 corde
858 4338 957 4377 suo
985 4322 1185 4377 diaboli
1217 4322 1424 4391 fugasse
1458 4321 1742 4376 versutias.
1779 4321 1867 4376 Sic

279 4414 573 4468 maximam
612 4426 817 4483 partem
844 4414 1001 4483 huius
1031 4414 1219 4483 psalmi
1251 4416 1363 4468 haec
1392 4413 1557 4483 ﬁgura
1588 4412 1868 4485 cognosci-

282 4512 375 4560 tur
398 4518 521 4561 esse
548 4505 851 4575 complexa.
884 4504 1037 4559 Nune
1062 4505 1126 4560 ad
1151 4505 1465 4573 exponenda
1492 4506 1650 4560 verba
1674 4506 1865 4562 redea-

281 4610 421 4649 mus.
467 4596 567 4663 Qui
614 4597 780 4651 Deum
811 4596 985 4651 credit
1036 4598 1296 4663 ultorem,
1334 4613 1445 4653 rem
1497 4600 1691 4653 malam
1744 4608 1868 4653 ante

1948 2004 2329 2079 jungendum"
2390 2013 2447 2057 ut
2508 2004 2749 2057 absoluta
2808 2003 3074 2058 sententia
3142 2002 3521 2069 substernatur.

1952 2095 2285 2151 Declinantes
2328 2114 2359 2150 a
2398 2113 2479 2150 me
2516 2095 2769 2166 malignos
2812 2113 2915 2150 non
2951 2096 3305 2167 agnoscebam.
3359 2094 3530 2149 Decli-

1951 2202 2132 2247 nsntes
2161 2210 2193 2245 a
2247 2209 2327 2247 me
2354 2191 2605 2260 malignos
2627 2234 2641 2260 ,
2692 2190 2975 2245 hmreticos
3034 2189 3188 2256 dicit,
3234 2190 3322 2258 qui
3354 2188 3534 2258 pravis
3562 2172 3571 2177 ’

1952 2283 2289 2351 dogmatibus
2318 2298 2345 2336 a
2376 2283 2637 2336 catholica
2665 2281 3053 2351 prmdicatione
3072 2281 3403 2335 dissentiunt
3427 2322 3444 2350 ,
3482 2291 3538 2336 et

1954 2374 2270 2427 declinantes
2300 2375 2520 2428 semitas
2548 2381 2743 2437 rectas,
2784 2388 2880 2442 per
2907 2374 3020 2426 vias
3053 2373 3314 2441 pessimas
3342 2388 3401 2427 se
3444 2387 3538 2427 au-

1954 2465 2269 2534 ditoresque
2291 2465 2582 2520 deducunt.
2609 2463 2733 2518 Non
2752 2464 3085 2537 agnoscebam
3106 2464 3261 2531 dixit,
3287 2463 3535 2533 quoniam

1955 2573 2079 2613 cum
2110 2574 2170 2613 se
2193 2559 2489 2621 baptizatos
2511 2569 2670 2626 atque
2692 2558 2931 2626 signatos
2954 2564 3218 2625 asserant,
3250 2571 3355 2610 non
3384 2556 3437 2609 in
3460 2557 3538 2611 eis

1959 2649 2269 2718 agnoscitur
2297 2648 2478 2703 divina
2521 2648 2761 2713 dilectio,
2791 2649 2879 2719 qui
2910 2648 3210 2716 blasphemi
3249 2647 3541 2716 probantur

1960 2742 2013 2795 in
2047 2741 2297 2795 Domino.
2343 2741 2425 2795 llli
2457 2742 2601 2796 enim
2646 2742 2935 2795 Christiani
2976 2742 3240 2797 veraciter
3286 2754 3536 2811 recogno-

1957 2843 2207 2898 scuntur,
2241 2835 2331 2903 qui
2355 2848 2413 2888 se
2442 2833 2563 2888 ﬁdei
2597 2834 2853 2901 pravitate
2881 2848 2986 2887 non
3019 2832 3283 2901 polluunt.

2030 2947 2188 3002 Vers.
2219 2946 2271 3000 6.
2303 2945 2663 3001 Detrahentem
2688 2947 2929 3001 adversus
2959 2947 3248 3016 proximum
3276 2958 3429 2999 suum
3455 2958 3546 2998 oo-

1962 3043 2119 3109 culte,
2146 3041 2281 3094 hunc
2305 3042 2659 3110 persequebar.
2681 3040 2922 3093 Detrahit
2949 3037 3229 3093 hrereticus
3256 3036 3541 3107 catholico,

1967 3135 2180 3204 quando
2211 3134 2488 3189 absentem
2519 3132 2695 3202 aliqua
2733 3132 3079 3188 oblocutione
3120 3131 3406 3195 dilacerat;
3447 3143 3545 3185 nec

1963 3228 2128 3283 audet
2176 3227 2345 3296 palam
2381 3226 2743 3289 contendere,
2775 3226 2865 3295 qui
2897 3240 2955 3279 se
2983 3225 3125 3278 novit
3155 3222 3546 3278 irrationabilia

1964 3322 2259 3377 vindicare.
2312 3320 2422 3373 Hos
2473 3317 2603 3373 dicit
2649 3316 3082 3387 persequendos,
3117 3325 3174 3371 ut
3198 3316 3264 3371 ad
3304 3316 3548 3372 veritatis

1966 3413 2141 3471 studia
2189 3414 2558 3479 concitentur,
2590 3411 2682 3483 qui
2709 3409 2919 3483 decepti
2953 3411 3115 3467 variis
3157 3410 3549 3481 quaestionibus

1966 3506 2275 3564 eluduntur.
2315 3507 2616 3561 Proximum
2646 3507 2788 3561 enim
2830 3505 3061 3561 dicimus
3089 3510 3144 3559 et
3190 3504 3368 3557 carnis
3399 3501 3550 3557 nobis

1967 3603 2230 3657 societate
2264 3601 2607 3669 conjunclum
2628 3639 2642 3665 ,
2672 3607 2726 3654 et
2773 3597 2953 3667 aliqua
2993 3596 3126 3665 legis
3161 3595 3441 3650 vicinitate
3467 3608 3550 3649 so-

1968 3694 2189 3749 ciatum.
2220 3691 2351 3746 Nam
2381 3692 2508 3745 dum
2538 3690 2752 3760 quidam
2778 3703 2963 3745 eorum
2994 3688 3268 3743 nobiscum
3296 3687 3461 3742 Vetus
3489 3702 3551 3742 ac

1968 3786 2175 3842 Novum
2218 3785 2626 3840 TeSIamentum
2659 3784 2933 3853 suscipere
2964 3782 3264 3846 videantur,
3300 3790 3447 3835 recte
3476 3789 3551 3833 ta-

1969 3895 2093 3935 men
2138 3879 2436 3949 intelligere
2465 3878 2769 3947 Scripturas
2805 3876 3013 3929 divinas
3042 3872 3342 3929 detestabili
3366 3872 3551 3927 volun-

1970 3978 2081 4026 tate
2111 3978 2487 4024 contemnunt.

2045 4060 2199 4115 Vers.
2231 4060 2281 4112 7.
2318 4057 2548 4127 Superbo
2571 4056 2718 4109 oculo
2744 4063 2794 4107 et
2819 4053 3099 4107 insatiabili
3119 4054 3293 4120 corde,
3320 4068 3437 4107 cum
3457 4052 3552 4107 hoc

1970 4154 2124 4207 simul
2154 4164 2255 4204 non
2285 4148 2509 4202 edebant.
2546 4148 2659 4201 Duo
2681 4160 2803 4201 esse
2822 4143 2951 4199 dicit
2976 4158 3173 4214 genera
3201 4143 3551 4214 perﬁdorum.

1972 4245 2146 4299 Unum
2170 4244 2331 4310 (sicut
2348 4240 2596 4309 superius
2618 4238 2820 4307 posuit)
2846 4239 2985 4306 quod
3011 4236 3268 4307 proximis
3295 4237 3547 4301 detrahit;

1972 4336 2064 4391 sed
2093 4335 2219 4389 illud
2239 4336 2368 4403 jam,
2396 4331 2851 4402 quemadmodum
2875 4330 3052 4385 curari
3080 4331 3267 4399 possit,
3295 4329 3549 4385 ostendit.

1973 4427 2130 4483 Aliud
2158 4438 2285 4482 vero
2316 4425 2459 4495 quod
2483 4423 2701 4493 superbo
2723 4423 2893 4489 oculo,
2920 4422 2971 4476 id
3004 4432 3085 4477 est
3116 4423 3387 4477 voluntate
3420 4438 3553 4489 prte-

1973 4520 2171 4576 tumida
2202 4528 2249 4573 et
2296 4517 2576 4572 insatiabili
2619 4514 2769 4569 corde
2798 4530 2827 4569 a
2862 4514 3209 4583 blasplremiis
3248 4529 3357 4568 non
3392 4510 3555 4582 33h

1974 4613 2215 4679 recedit,
2242 4613 2323 4666 sic
2352 4611 2485 4666 dicit
2514 4626 2633 4665 esse
2660 4609 2934 4663 vitandum
2954 4649 2968 4673 ,
3001 4618 3057 4660 ut
3082 4607 3193 4677 jam
3240 4621 3337 4661 nec
3381 4607 3553 4675 ipsum

279 4688 464 4743 cordis
491 4689 574 4742 sui
606 4690 803 4745 lumina
832 4706 939 4744 non
971 4691 1221 4759 proponit
1247 4708 1263 4745 :
1293 4691 1417 4759 quia
1443 4705 1666 4746 necesse
1699 4700 1782 4745 est
1808 4700 1858 4745 ut

1971 4722 2090 4761 cum
2145 4705 2333 4761 eodem
2383 4703 2675 4757 debeamus
2728 4701 2866 4754 inire
2914 4700 3249 4764 convivium,
3290 4711 3361 4753 ne
3398 4712 3555 4752 aures

279 4778 548 4849 despiciat
573 4790 782 4836 terrena
825 4784 915 4851 qui
950 4782 1187 4836 noscitur
1222 4783 1568 4838 considerare
1597 4783 1863 4837 coelestia.

281 4872 389 4930 Sed
415 4873 507 4943 qui
540 4874 595 4928 in
623 4875 825 4929 mundo
857 4884 1005 4941 erat,
1037 4891 1145 4929 rem
1176 4876 1366 4929 malam
1394 4886 1511 4930 ante
1539 4877 1713 4931 oculos
1743 4890 1870 4931 suos

282 4967 555 5038 quomodo
581 4977 788 5037 poterat
819 4981 924 5021 non
969 4967 1187 5033 habere,
1220 4968 1322 5023 nisi
1349 4970 1470 5038 quia
1504 4969 1577 5022 illi
1603 4969 1727 5022 talia
1756 4968 1865 5041 dis-7

282 5057 597 5127 plieebant,
636 5074 736 5114 nec
767 5073 953 5115 eorum
998 5058 1191 5113 vitiosa
1230 5060 1589 5116 delectatione
1619 5061 1867 5130 capieba-

282 5153 405 5209 tur?
434 5153 593 5209 iuste
612 5168 745 5225 ergo
764 5154 902 5209 dixit
922 5163 1105 5209 sancta
1127 5156 1496 5224 congregatio,
1531 5164 1655 5209 ante
1676 5155 1865 5209 oculos

282 5243 465 5301 cordis
493 5245 577 5300 sui
607 5261 669 5302 se
706 5262 815 5301 non
848 5247 1094 5317 posuisse
1126 5247 1411 5314 nequitias,
1441 5262 1574 5316 quas
1602 5248 1669 5303 de
1695 5263 1861 5317 pene-

290 5337 517 5394 tralibus
549 5355 662 5395 suae
688 5341 886 5396 mentis
908 5340 1232 5395 excluserat.
1258 5339 1422 5394 Recte
1450 5340 1717 5409 siquidem
1736 5341 1868 5395 .illas

285 5444 377 5486 res
411 5430 603 5488 videre
644 5449 752 5488 non
778 5433 1027 5497 dicimur,
1058 5446 1195 5503 quas
1228 5432 1391 5486 nullis
1418 5431 1868 5489 delectationibus

284 5525 575 5584 intuemur.
619 5530 893 5600 Sequitur,
942 5530 1182 5599 facientes
1225 5527 1664 5598 prtcvztricatioues
1707 5528 1863 5582 adici.

287 5616 549 5689 Exposuit
576 5622 1035 5693 quemadmodum
1060 5624 1197 5677 mala
1229 5623 1293 5676 ad
1316 5622 1431 5691 ejus
1453 5638 1561 5676 non
1593 5622 1867 5690 potuerint

284 5710 527 5771 iaternos
555 5718 743 5771 oculos
772 5719 1057 5787 pervenire
1088 5738 1103 5772 :
1139 5719 1257 5787 quia
1297 5716 1735 5787 prtetmrirationes
1768 5717 1863 5771 ho-

283 5808 485 5863 minum
510 5812 711 5882 ju’giter
757 5812 941 5867 habuit
974 5812 1208 5868 odiosas.
1259 5813 1378 5867 lllas
1406 5812 1547 5867 enim
1587 5827 1673 5866 res
1696 5826 1860 5865 unus-

286 5898 505 5970 quisque
553 5904 818 5975 respicese
866 5905 1091 5973 dicitur,
1145 5920 1283 5975 quas
1330 5914 1384 5961 et
1427 5905 1651 5976 diligere
1701 5918 1862 5975 posse

1970 4798 2400 4854 Christianorum
2464 4793 2840 4846 abominandis
2879 4791 3222 4846 sermonibus
3276 4790 3555 4860 inquinen-
3654 4822 3657 4823 ν

1974 4899 2077 4945 tur.
2110 4889 2214 4943 Sed
2244 4899 2297 4942 et
2328 4888 2448 4951 hoc,
2474 4887 2656 4940 acrius
2684 4885 2899 4953 quidem
2927 4893 3103 4938 tamen
3128 4896 3296 4950 genus
3324 4880 3556 4936 curatio-

1975 4983 2065 5036 nis
2089 4981 2353 5033 indultum
2389 4988 2503 5045 est,
2528 4989 2583 5031 ut
2606 4993 2727 5032 cum
2751 4994 2809 5032 se
2832 4990 2984 5031 mens
3011 4975 3170 5042 impia
3196 4976 3396 5028 sanctis
3425 4975 3557 5029 viris

1978 5072 2369 5126 exsecrabilem
2392 5070 2589 5125 viderit
2620 5070 2685 5123 fat
2706 5077 2835 5132 tam,
2865 5081 3104 5121 errorem
3134 5079 3289 5121 suum
3320 5065 3555 5121 adhibita

1975 5164 2337 5219 satislactione
2389 5163 2700 5230 recorrigat.
2748 5159 2879 5214 Nam
2919 5160 2963 5213 si
2995 5158 3286 5227 Apostolus
3321 5158 3452 5213 dicit
3490 5159 3557 5214 de

1974 5255 2297 5312 Christianis
2335 5257 2472 5311 male
2505 5255 2840 5319 viventibus,
2887 5266 3008 5306 cum
3037 5251 3118 5306 his
3145 5269 3236 5306 nec
3263 5252 3425 5307 cibum
3470 5270 3554 5308 su»

1974 5349 2170 5419 mare“
2201 5349 2323 5403 Cor.
2348 5365 2403 5415 ν,
2426 5348 2537 5419 ll),
2560 5356 2761 5417 quanto
2783 5349 2949 5418 magis
2970 5346 3070 5401 hoc
3090 5344 3206 5400 ﬁeri
3226 5346 3477 5402 convenit
3493 5347 3559 5402 de

1972 5443 2289 5500 truculentis
2319 5450 2479 5512 atque
2498 5440 2783 5499 obstinatis
2818 5441 3119 5497 haereticis!
3149 5440 3279 5496 Sive
3310 5440 3414 5495 hoc
3446 5438 3559 5508 Spi-

1974 5534 2235 5589 ritualiter
2263 5532 2670 5604 intelligendum
2699 5532 2870 5589 estde
2896 5547 3122 5600 corpore
3148 5530 3355 5586 Domini
3377 5530 3556 5585 Salva-

1966 5628 2124 5693 toris,
2150 5636 2205 5681 nt
2226 5640 2345 5682 cum
2367 5627 2471 5682 illis
2499 5627 2917 5682 communicatio
2944 5642 3049 5681 non
3072 5624 3284 5689 edatur,
3308 5637 3337 5676 a
3366 5622 3557 5691 quibus

1974 5719 2109 5774 ﬁdes
2128 5718 2432 5773 Christiana
2463 5719 2806 5789 discerpitur.
2838 5719 2903 5773 Et
2933 5716 3150 5773 intende
3178 5714 3300 5787 quia
3335 5714 3447 5768 sive
3467 5726 3556 5766 su-

1974 5813 2185 5881 periora
2235 5828 2354 5881 quae
2403 5811 2546 5867 dicta
2577 5822 2721 5877 sunt,
2748 5812 2862 5867 sive
2891 5825 3011 5881 qua:
3058 5810 3111 5865 in
3144 5805 3376 5864 secunda
3400 5801 3555 5863 .divi—

1968 5906 2125 5962 sione
2156 5903 2385 5965 dicenda
2410 5915 2555 5972 sunt,
2586 5909 2768 5965 omnia
2795 5903 3069 5975 pertinent
3093 5902 3163 5963 ad
3197 5908 3397 5959 statum
3422 5910 3551 5956 con-
