4092 6344
519 367 628 426 703

1746 362 1818 422 Il.
1859 360 2142 420 AURELll
2177 313 2576 424 CASSIODORi

3695 365 3800 420 704

519 485 872 566 iecturalem,
899 490 955 546 in
992 501 1101 560 quo
1130 484 1364 543 maxime
1395 483 1597 542 diserta
1627 492 1906 542 oratorum
1952 499 2110 541 cxer-
2137 486 2190 548 Α
2214 487 2480 558 coeperint
2507 501 2768 560 apparere
2790 531 2806 556 ,
2849 493 2973 543 tunc
2995 486 3238 544 oratione
3265 485 3468 544 debent
3490 484 3636 557 eiici,
3669 493 3794 540 tunc

521 597 719 646 cantur
745 586 977 658 ingenia.

596 679 754 736 νει-ε.
783 678 839 734 8.
882 676 1037 732 Oculi
1075 676 1177 732 mei
1204 690 1358 747 super
1388 674 1568 744 ﬁdeles
1597 683 1772 744 terres,
1807 686 1865 730 ut
1902 675 2110 732 sedeant

523 773 578 828 lii
600 787 827 838 mecum;
872 769 1141 825 ambulans
1169 770 1222 824 in
1247 769 1330 823 uia
1350 769 1680 824 immaculata
1699 813 1713 838 ,
1747 771 1830 824 hic
1854 769 1980 823 mihi
2006 770 2107 824 mi-

525 863 792 920 nistrabat.
823 863 1020 920 Sancta
1049 863 1136 918 illa
1159 863 1504 933 congregatio
1535 863 1685 918 venit
1712 863 1779 918 ad
1814 865 2104 918 secundam

523 965 761 1028 partem,
792 965 848 1013 et
875 957 1013 1012 sicut
1041 956 1287 1026 superius
1319 955 1708 1011 abominabiles
1737 955 1838 1010 sibi
1871 955 2106 1010 reddidit

521 1047 792 1114 infideles,
821 1048 891 1103 ita
919 1063 1064 1103 nunc
1092 1055 1240 1102 recte
1260 1045 1593 1102 credentium
1625 1046 1865 1100 virorum
1893 1046 2104 1102 deside-

522 1149 606 1194 rat
627 1139 826 1195 habere
851 1139 1204 1195 consortium.
1235 1138 1358 1193 lllos
1379 1137 1522 1193 enim
1554 1137 1737 1192 cordis
1763 1138 1948 1194 oculos
1970 1154 2105 1210 quos

519 1231 793 1287 avertebat
811 1246 841 1286 a
883 1230 1152 1299 pessimis,
1183 1244 1324 1284 nunc
1360 1243 1418 1284 se
1443 1229 1726 1298 proﬁtetur
1745 1230 1954 1285 sociare
1981 1245 2104 1286 cum

443 1332 449 1336 ‘
521 1323 742 1378 sanctis.
791 1321 1002 1376 Fideles
1032 1331 1182 1376 terra:
1207 1320 1371 1389 dicit,
1404 1321 1493 1390 qui
1525 1335 1622 1391 per
1652 1329 1821 1375 totum
1847 1321 2105 1378 mundum

523 1419 763 1474 habitant
783 1418 1096 1474 Christiani.
1125 1417 1347 1472 Sedeant
1372 1426 1549 1472 autem
1581 1432 1800 1482 mecum,
1834 1416 1885 1470 id
1916 1425 2018 1486 est,
2052 1417 2107 1472 in

517 1510 642 1566 fidei
693 1510 898 1567 unitate
925 1519 1295 1580 permaneant.
1330 1509 1434 1566 Per
1483 1509 1624 1564 hunc
1663 1509 1808 1564 enim
1854 1510 2017 1563 situm
2051 1517 2108 1566 et

519 1604 732 1673 requies
752 1601 1081 1672 designatur,
1107 1611 1162 1656 et
1183 1601 1530 1656 immobilitas
1557 1600 1754 1655 mentis
1777 1599 2102 1657 ostenditur.

519 1693 718 1748 Volunt
761 1693 862 1749 hoc
889 1694 1050 1762 aliqui
1081 1701 1301 1763 propter
1329 1691 1703 1748 excellentiam
1749 1690 2019 1745 dictorum
2049 1698 2106 1747 et

517 1784 734 1840 Christo
784 1784 1011 1839 Domino
1053 1785 1330 1839 evidenter
1369 1791 1586 1853 aptare;
1631 1781 1725 1838 sed
1771 1781 1951 1838 subito
1995 1796 2102 1836 non

516 1888 599 1935 est
626 1878 943 1948 permutatio
973 1876 1244 1945 facienda,
1285 1878 1377 1932 ubi
1416 1893 1476 1952 se
1497 1886 1703 1932 tantum
1732 1875 1862 1948 [ed.,
1894 1877 2094 1949 tamen]

515 1971 818 2026 introducta
848 1977 1024 2040 potest
1061 1971 1333 2041 explicare
1381 1986 1634 2042 persona.
1681 1969 1958 2039 Sequitur,
1990 1988 2103 2024 am-

515 2067 694 2122 bulam
723 2067 777 2120 in
803 2072 886 2121 uia
912 2067 1264 2136 immaculata,
1300 2069 1382 2120 hic
1409 2066 1535 2120 mihi
1577 2065 1917 2119 ministrabat.
1975 2066 2102 2124 Haec

513 2172 598 2219 est
627 2177 814 2219 revera
843 2161 1084 2218 ﬁdelium
1109 2161 1539 2216 Christianorum
1575 2161 1855 2216 manifesta
1904 2160 2100 2231 proba-

513 2255 609 2320 tio,
642 2264 696 2310 et
723 2268 819 2310 sua
847 2255 954 2310 vita
977 2255 1305 2320 clarescere,
1329 2260 1384 2309 et
1408 2253 1777 2308 ministrorum
1809 2266 2101 2308 conversa-

514 2348 663 2403 tione
693 2347 966 2415 relucere,
1001 2352 1141 2402 sicut
1167 2346 1276 2415 iam
1305 2345 1358 2400 in
1389 2344 1602 2400 decimo
1631 2345 1862 2413 septimo
1889 2343 2100 2414 psalmo

511 2439 710 2494 dictum
725 2450 807 2496 est
823 2458 835 2492 :
852 2440 980 2494 Cum
991 2449 1164 2494 sancto
1175 2447 1382 2492 sanctus
1395 2438 1516 2503 eris,
1532 2446 1578 2491 et
1591 2453 1704 2489 cum
1716 2437 1822 2490 viro
1835 2437 2103 2490 innocente

511 2531 750 2585 innocens
773 2533 893 2599 eris,
917 2543 964 2586 et
990 2548 1108 2586 cum
1127 2533 1286 2586 electo
1311 2532 1497 2586 electus
1515 2531 1635 2598 eris,
1660 2540 1710 2585 et
1731 2546 1845 2584 cum
1867 2543 2100 2602 peruerso

511 2627 814 2682 subverteris
845 2624 1017 2696 (Psal.
1049 2642 1184 2694 xv",
1214 2625 1332 2696 28).
1365 2625 1469 2683 Sed
1498 2625 1742 2697 quamvis
1784 2623 1886 2679 hoc
1915 2638 2016 2679 nec
2065 2639 2096 2680 a

510 2718 660 2773 laicis
685 2719 928 2774 videatur
954 2729 1264 2790 exceptum,
1298 2727 1476 2776 tamen
1510 2717 1818 2788 specialiter
1841 2716 2096 2773 sacerdo-

511 2809 653 2866 tibus
696 2815 954 2882 probatur
1000 2811 1338 2881 impositum,
1401 2816 1462 2866 ut
1489 2809 1624 2866 tales
1677 2809 1954 2864 ministros
2000 2807 2098 2864 ba-

511 2903 704 2970 beant,
733 2903 825 2975 qui
852 2903 1049 2960 divinis
1078 2903 1281 2976 regnlis
1311 2917 1416 2960 non
1449 2912 1767 2974 repugnent.

579 2997 736 3052 Vers.
768 2996 822 3052 9.
857 2996 984 3052 Non
1027 2996 1276 3052 habitabit
1328 2997 1384 3050 in
1412 2997 1579 3050 medio
1618 2997 1799 3049 domus
1843 3011 1968 3074 mete
2014 2996 2102 3067 qui

510 3091 638 3160 facit
662 3091 972 3162 superbiam.
1001 3089 1194 3148 Adhuc
1223 3091 1279 3146 in
1327 3090 1483 3147 dictis
1514 3090 1883 3162 superioribus
1912 3106 2100 3165 perse-

2213 580 2557 636 abominabili
2586 580 2960 637 exsecratione
2980 580 3190 636 detrudi
3216 596 3229 634 :
3255 595 3324 636 ne
3350 579 3606 650 paulatim
3636 578 3795 634 noxie

2211 682 2523 730 crescentes
2549 715 2564 740 ,
2618 673 2764 729 velut
2806 673 2924 729 dies
2953 687 3050 728 nos
3091 671 3504 728 nebulosissima
3549 684 3796 740 compre-

2211 765 2429 822 hendat.
2479 766 2783 821 Peccatores
2825 774 3000 820 autem
3039 773 3188 820 teme
3215 772 3341 820 sunt
3366 765 3672 831 daemones,
3699 761 3794 834 qui

2211 861 2517 915 universam
2541 875 2756 915 carnem
2781 859 3052 915 deducunt
3077 859 3255 930 pravis
3279 859 3698 916 immissionibus
3722 859 3791 915 ad

2209 964 2440 1010 reatum.
2496 954 2797 1010 Peccatores
2847 955 2988 1010 enim
3017 955 3160 1024 iuste
3203 953 3480 1018 dicuntur,
3531 953 3788 1024 quoniam

2214 1058 2529 1119 peccatores
2559 1049 2780 1104 faciunt.
2834 1049 2939 1118 Ipsi
2967 1063 3092 1117 ergo
3122 1061 3243 1102 cum
3281 1047 3394 1102 suis
3426 1046 3679 1116 operibus
3704 1045 3788 1100 in-

2210 1143 2565 1210 terficiuntur,
2619 1144 2815 1197 animze
2840 1141 3117 1196 hominum
3155 1139 3273 1194 sine
3309 1137 3642 1194 dubitatione
3679 1136 3790 1192 sal-

2210 1244 2424 1290 vantur.
2473 1234 2586 1290 Hoc
2640 1243 2817 1290 autem
2867 1235 2984 1290 ﬁeri
3028 1233 3368 1288 manifestum
3423 1238 3538 1296 est,
3577 1228 3790 1300 quando

2211 1327 2366 1382 nobis
2404 1328 2747 1397 compunctio
2783 1327 3140 1399 lacrymarum
3191 1325 3356 1380 divini
3389 1322 3529 1378 roris
3561 1321 3789 1376 misera-

2217 1421 2360 1476 tione
2391 1422 2684 1477 confertur.
2732 1421 2917 1491 Neque
2944 1421 3090 1476 enim
3117 1435 3268 1485 eam,
3299 1415 3516 1488 quando
3540 1414 3785 1468 volumus

2213 1515 2440 1580 ollerre,
2496 1514 2878 1584 prarvalemus;
2912 1513 3007 1568 sed
3032 1522 3159 1568 tunc
3197 1509 3545 1582 impenditur,
3573 1504 3784 1577 quando

2213 1607 2385 1676 ipsius
2416 1606 2662 1675 largitate
2688 1613 2991 1675 praestatur.

2281 1699 2437 1755 Vers.
2460 1699 2548 1754 η.
2578 1697 2646 1754 Ut
2669 1698 2960 1769 disperdam
2976 1697 3039 1750 de
3061 1696 3262 1750 civitate
3282 1692 3495 1747 Domini
3517 1705 3686 1744 omnes
3706 1687 3790 1758 qui

2209 1800 2484 1862 operantur
2505 1790 2842 1860 iniquitatem.
2869 1786 3148 1842 Civitatem
3171 1785 3382 1840 Domini
3402 1784 3632 1837 animam
3648 1779 3786 1850 piam

2207 1882 2394 1936 Patres
2435 1894 2553 1936 esse
2598 1880 2847 1933 dixerunt
2889 1896 2902 1931 :
2946 1877 3087 1933 unde
3134 1876 3382 1932 diabolus
3421 1873 3784 1943 disperditur,

2205 1972 2418 2043 quando
2448 1986 2478 2026 a
2529 1986 2622 2025 sua
2653 1969 2948 2024 intentione
2991 1976 3319 2024 removetur.
3361 1966 3406 2021 Ο
3434 1965 3706 2030 crudelis,
3755 1978 3789 2018 o

2205 2063 2494 2135 tyrannicae
2523 2060 2811 2117 voluntatis
2842 2061 3124 2130 iniquitas!
3159 2059 3278 2116 Non
3307 2058 3506 2113 sufﬁcit
3535 2058 3660 2129 quia
3691 2056 3788 2112 ho-

2204 2155 2376 2211 mines
2407 2154 2542 2209 mori
2595 2154 2747 2220 fecit,
2796 2152 2890 2210 sed
2921 2153 3096 2208 adhuc
3126 2169 3194 2209 ne
3233 2154 3534 2226 recuperati
3578 2154 3790 2222 possint

2202 2255 2383 2309 vivere
2406 2294 2421 2319 ,
2474 2250 2826 2307 vehementer
2861 2250 3079 2306 insistit.
3118 2250 3224 2307 Sed
3267 2259 3355 2320 tu,
3387 2251 3644 2315 Domine,
3694 2248 3788 2319 qui

2209 2347 2356 2402 vides
2385 2345 2905 2416 impudentissimum
2933 2345 3164 2413 hostem,
3197 2354 3394 2414 prtesta
3423 2343 3656 2400 validam
3695 2341 3790 2398 de-

2211 2440 2536 2504 fensionem,
2585 2455 2652 2495 ne
2696 2438 2786 2493 ille
2808 2437 2875 2493 ad
2899 2445 3081 2492 votum
3107 2452 3262 2493 suum
3291 2438 3598 2508 perveniat,
3625 2435 3790 2506 quite

2209 2535 2367 2590 nobis
2390 2534 2657 2591 infensum
2687 2532 2867 2587 facere
2897 2530 3186 2586 insatiabili
3227 2531 3520 2586 calliditate
3547 2529 3782 2585 festinat.

2209 2629 2338 2684 Tuis
2383 2637 2436 2683 te
2467 2627 2681 2692 verbis,
2723 2625 2832 2679 tuis
2881 2623 3389 2679 commonitionibus
3437 2633 3724 2678 exoramus
3770 2633 3785 2671 :

2205 2719 2416 2787 Judica,
2440 2719 2673 2784 Domine,
2694 2721 2931 2770 nocentes
2943 2730 3042 2780 me,
3064 2730 3300 2786 expugna
3315 2715 3665 2784 impugnantes
3687 2725 3782 2764 me.

2205 2811 2545 2882 Apprehende
2567 2823 2712 2864 arma
2735 2816 2783 2862 et
2811 2815 3044 2876 scutum,
3075 2815 3124 2861 et
3151 2822 3367 2878 exsurge
3390 2806 3445 2861 in
3471 2803 3788 2876 adjutorium

2204 2904 2352 2959 nti/ti.

2746 3062 3015 3120 Conclusio
3039 3061 3248 3134 psalmi.

511 3191 697 3283 Vera};
733 3191 892 3254 τιθείη
922 3182 1064 3239 enim
1090 3198 1213 3283 c_“m
1242 3183 1493 3254 ευρθτδῖε
1522 3184 1624 3283 sibi
1656 3185 1823 3243 Ῑυῖεεθ
1869 3187 2100 3260 aliquam
2129 3182 2178 3248 ο
2279 3205 2638 3283 Cognovimus
2667 3207 2842 3282 qualis
2871 3205 3034 3265 fuerit
3065 3205 3166 3262 iste
3192 3201 3568 3262 sanctissimus
3607 3201 3698 3275 qui
3729 3201 3783 3258 in

505 3262 817 3348 portionem
851 3294 864 3330 :
900 3291 967 3331 ne
990 3277 1304 3334 crederetur
1330 3292 1424 3333 eos
1456 3277 1738 3348 probasse,
1763 3297 1993 3351 quorum
2023 3283 2102 3340 fa-

515 3368 882 3424 miliaritatem
913 3368 1021 3426 sibi
1063 3368 1348 3426 videbatur
1376 3370 1690 3442 adiungere.
1736 3373 1881 3430 istud
1919 3384 2099 3433 autem

511 3462 657 3532 quod
687 3463 884 3532 posuit,
914 3463 968 3516 in
997 3463 1164 3517 medio
1191 3463 1371 3518 domus
1393 3480 1538 3532 mete,
1573 3465 1674 3522 hoc
1696 3467 1809 3522 vult
1833 3468 2058 3541 intelligi
2084 3487 2097 3526 :

511 3553 636 3624 quia
685 3552 819 3609 nihil
866 3554 1214 3611 commissum
1263 3556 1382 3611 talis
1423 3556 1646 3624 habuit,
1699 3560 1845 3615 nullo
1893 3561 2101 3620 honore

511 3645 852 3716 praeminuit,
877 3646 1024 3702 nulla
1051 3645 1552 3718 potestatelattatus
1589 3657 1699 3715 est;
1753 3658 1812 3706 ut
1851 3653 2004 3723 quasi
2045 3655 2101 3709 in

513 3741 680 3794 medio
707 3739 889 3793 domus
910 3753 1032 3794 csse
1061 3738 1356 3809 videretur,
1393 3739 1479 3794 cui
1511 3740 1907 3810 patrisfamilias
1948 3760 2098 3803 sere-
2135 3791 2138 3794 .

518 3847 622 3888 nus
650 3832 863 3888 animus
911 3831 1206 3888 arridebat.
1248 3831 1400 3888 Unde
1429 3833 1801 3903 cognoscimus
1831 3837 1958 3893 talia
1999 3853 2098 3896 nos

507 3924 708 3981 habere
755 3923 953 3980 debere
1004 3924 1056 3980 in
1087 3922 1352 3992 susceptis
1395 3923 1631 3994 iudicia,
1685 3935 1742 3980 ut
1792 3927 2097 3986 nullatenus

507 4019 758 4090 pessimis
803 4017 1114 4074 hominibus
1165 4017 1466 4084 faveamus;
1519 4031 1621 4072 nec
1666 4018 1821 4074 nobis
1853 4022 1987 4090 grati
2015 4022 2096 4076 vi-

510 4110 739 4168 deantur
771 4123 914 4176 esse,
946 4108 1036 4180 qui
1069 4121 1278 4163 morum
1310 4107 1578 4179 pravitate
1606 4108 1812 4164 vitandi
1841 4118 1982 4165 sunt.

582 4201 735 4258 Vers.
761 4201 851 4258 10.
887 4200 986 4268 Qui
1015 4201 1239 4270 loquitur
1263 4201 1472 4270 iniqua,
1525 4217 1626 4254 non
1657 4201 1844 4255 direxit
1895 4203 1948 4256 in
1977 4219 2099 4257 con-

509 4302 686 4364 spectu
725 4292 992 4347 oculorum
1042 4307 1310 4346 meorum.
1325 4291 1393 4346 Et
1439 4290 1526 4347 hic
1556 4305 1770 4362 quoque
1807 4305 1992 4347 versus
2031 4291 2098 4347 ad

514 4390 796 4460 superiora
835 4388 1148 4459 respondet.
1178 4387 1316 4442 Dicit
1345 4387 1490 4443 enim
1515 4387 1614 4442 sibi
1645 4403 1754 4442 non
1791 4386 2058 4458 placuisse
2083 4428 2099 4454 ,

2208 3301 2385 3358 medio
2444 3301 2636 3356 domus
2683 3301 2880 3356 divinae
2938 3297 3366 3354 misericordiam
3422 3304 3479 3352 et
3525 3295 3791 3365 judicium

2207 3394 2416 3450 Domini
2446 3408 2578 3465 pura
2615 3401 2796 3450 mente
2822 3390 3100 3456 cantavit;
3131 3385 3588 3458 quemadmodum
3621 3385 3794 3442 malos

2205 3486 2453 3543 absolute
2479 3485 2752 3552 vitaverit,
2783 3485 2939 3541 bonis
2973 3491 3151 3539 autem
3183 3479 3343 3536 fuerit
3366 3479 3677 3549 gratissima
3709 3493 3797 3533 so-

2205 3578 2405 3635 cietate
2429 3577 2782 3649 coniunctus;
2813 3572 3277 3646 concupiscentias
3301 3569 3485 3626 cordis
3511 3571 3598 3625 sui
3649 3569 3793 3626 salu-

2205 3670 2443 3727 berrima
2467 3671 2854 3727 deliberatione
2879 3669 3185 3739 proiecerit,
3206 3675 3264 3722 ut
3285 3668 3484 3720 merito
3511 3663 3658 3719 hunc
3690 3679 3791 3718 nu-

2205 3776 2412 3816 merum
2470 3760 2769 3816 obtinuisse
2807 3759 3074 3824 videatur,
3115 3757 3206 3827 qui
3245 3754 3481 3826 speciem
3511 3754 3795 3810 desidera-

2202 3851 2329 3907 bilis
2373 3865 2588 3907 corona:
2631 3851 2951 3921 digitorum,
2997 3849 3236 3904 dexterae
3271 3861 3464 3902 manus
3497 3846 3796 3904 inﬂexione

2201 3945 2465 4017 designat.
2502 3946 2616 4001 Hoc
2655 3945 2854 4001 donum
2903 3951 3192 4015 martyrum
3215 3980 3232 4008 ,
3264 3941 3366 3998 hoc
3409 3951 3489 3999 est
3516 3942 3793 4011 virginum

2201 4053 2427 4106 munus,
2474 4046 2530 4094 et
2571 4037 2830 4109 quidquid
2884 4047 2968 4092 est
3010 4037 3261 4092 eximium
3293 4035 3349 4091 in
3379 4033 3654 4102 Ecclesia,
3691 4035 3792 4092 tali

2203 4130 2382 4187 fructu
2431 4131 2710 4200 pervenire
2753 4130 3152 4186 demonstratur
3193 4128 3258 4184 ad
3289 4129 3599 4200 pramium;
3653 4127 3796 4183 sicut

2202 4221 2333 4278 dicit
2375 4222 2663 4293 Apostolus
2703 4239 2716 4275 :
2756 4221 2832 4276 De
2862 4223 3058 4293 reliquo
3082 4222 3308 4291 reposita
3335 4228 3412 4275 est
3439 4219 3566 4272 mihi
3596 4235 3793 4274 corona

2194 4314 2435 4386 justitiaz,
2466 4329 2618 4384 quant
2643 4313 2820 4368 reddet
2845 4315 2970 4368 mihi
3010 4311 3262 4368 Dominus
3291 4313 3344 4366 in
3379 4313 3472 4366 illa
3502 4311 3588 4365 die
3609 4314 3792 4382 justus

2201 4405 2364 4474 iudex
2417 4404 2500 4477 (ll
2556 4405 2691 4460 Tim.
2739 4421 2822 4474 tv,
2875 4405 2952 4478 8).
3007 4406 3164 4462 Orbis
3207 4406 3324 4476 ipse
3371 4412 3642 4459 terrarum
3692 4405 3792 4461 hoc

511 4483 604 4554 qui
629 4491 720 4536 aut
748 4479 944 4550 iniquis
965 4479 1412 4548 detractionibus,
1444 4491 1536 4534 aut
1565 4481 1750 4550 pravis
1777 4478 2101 4536 noscebatur
2129 4528 2181 4590 υ
2205 4495 2478 4551 schemate
2509 4495 2680 4551 fertur
2709 4495 2921 4552 ambiri,
2941 4496 3100 4568 335
3125 4495 3333 4551 ςωιυω
3357 4496 3662 4551 innumeris
3689 4512 3787 4551 au-

479 4577 725 4632 ‘studerc
771 4575 1076 4646 colloquiis.
1110 4573 1359 4645 Iniquum
1385 4575 1526 4631 enim
1561 4575 1628 4629 ad
1661 4583 1831 4631 totum
1868 4576 2098 4646 pertinet

503 4669 645 4741 quod
669 4668 847 4723 divina
873 4666 1042 4737 pietas
1068 4675 1402 4720 exsecratur.
1430 4665 1553 4719 Non
1575 4666 1782 4735 direxit,
1808 4666 2093 4736 significat,

507 4783 611 4820 non
643 4766 889 4836 profecit.
911 4764 1034 4819 Illos
1055 4764 1196 4818 enim
1223 4762 1377 4832 dirigi
1401 4762 1649 4830 dicimus,
1674 4765 1764 4833 qui
1787 4765 2094 4822 accedeudo

505 4857 809 4926 prolicium,
837 4864 931 4912 aut
953 4853 1128 4922 aliqua
1152 4852 1511 4923 prosperitate
1535 4853 1915 4922 meliorantur;
1951 4858 2093 4928 quod

507 4951 687 5020 utique
718 4967 822 5006 non
853 4949 988 5007 solet
1010 4947 1088 5004 eis
1120 4947 1434 5019 contingere
1465 4946 1560 5018 qui
1588 4949 1848 5004 tortuosis
1875 4951 2095 5008 student

509 5050 716 5105 semitis
745 5050 1045 5104 ambulare.

579 5141 729 5196 Vers.
767 5142 853 5195 Η.
883 5140 952 5196 In
995 5141 1256 5195 matutinis
1295 5137 1664 5208 interﬁciebam
1713 5153 1883 5192 omnes
1915 5153 2093 5208 pecca-

505 5245 637 5291 tores
665 5243 830 5288 terrm.
873 5233 1159 5304 Postquam
1184 5233 1320 5288 dixit
1351 5233 1612 5286 malorum
1643 5245 1700 5286 se
1728 5231 1925 5302 fugisse
1955 5245 2090 5286 con-

505 5331 670 5386 sortia
695 5371 710 5397 ,
766 5327 907 5383 unde
946 5329 1256 5398 plerumque
1306 5333 1530 5397 possunt
1564 5325 1782 5381 evenire
1840 5331 2083 5395 peccata,

503 5438 647 5480 nunc
671 5421 739 5478 ad
764 5421 959 5476 mentis
986 5434 1099 5474 suae
1129 5419 1384 5474 interiora
1417 5430 1729 5483 conversus,
1774 5417 1916 5471 illam
1966 5431 2088 5487 pes-

503 5526 610 5572 tem
644 5512 999 5585 tyrannicam,
1027 5510 1366 5566 vastatricem
1397 5509 1614 5581 generis
1644 5507 1894 5575 humani,
1923 5506 1974 5560 id
2007 5516 2093 5564 cst

502 5619 722 5676 pravam
746 5605 1049 5660 daemonum
1081 5603 1504 5674 suggestionem,
1539 5597 1989 5672 quemadmodum
2020 5600 2088 5656 de

503 5703 866 5774 penetralibus
914 5699 1025 5755 suis
1078 5698 1381 5769 expulerit,
1435 5698 1696 5778 deceu'ter
1731 5695 1972 5766 exponit.
2017 5693 2088 5750 In

501 5797 795 5864 matutinis,
841 5795 898 5850 in
939 5793 1070 5864 ipsis
1099 5791 1348 5848 videlicet
1397 5791 1563 5847 initiis
1587 5791 1748 5858 dicit,
1779 5791 1997 5862 quando
2031 5793 2085 5848 in

503 5890 660 5948 nobis
683 5887 1052 5962 suggestiones
1079 5883 1358 5944 diabolicae
1387 5883 1537 5943 velut
1577 5883 1740 5942 dubia
1768 5883 2088 5961 crepuscula

2203 4587 2443 4642 ctoribus
2499 4586 2724 4658 legimus
2775 4600 2894 4642 esse
2934 4602 3255 4643 convexum.
3301 4587 3498 4644 Stellas
3543 4587 3794 4642 videmus

2199 4678 2466 4750 Sphaerica
2503 4677 2834 4733 rotunditate
2864 4678 3159 4754 fulgentes;
3194 4679 3364 4734 solem
3395 4679 3574 4748 ipsum
3603 4679 3794 4734 circuli

2202 4772 2604 4843 pulchritudine
2635 4773 2875 4838 radiare;
2922 4773 3097 4828 lunam
3123 4788 3338 4844 quoque
3381 4783 3588 4828 certum
3623 4783 3710 4828 est
3739 4775 3793 4829 in

2200 4868 2338 4921 hanc
2366 4867 2553 4922 venire
2580 4865 2808 4920 formam
2828 4907 2843 4933 ,
2877 4866 3094 4937 quando
3118 4865 3360 4921 noscitur
3383 4879 3505 4922 esse
3529 4867 3789 4936 perfecta.

2198 4959 2268 5015 Et
2291 4959 2417 5014 ideo
2447 4957 2857 5013 consideremus
2879 4957 3032 5028 cuius
3053 4958 3168 5013 haec
3195 4971 3425 5028 persona
3474 4958 3548 5013 sit
3572 4960 3786 5028 meriti,

2201 5051 2355 5122 cuius
2386 5051 2670 5122 elegantiae
2713 5049 3128 5120 comprobatur;
3183 5050 3315 5105 utin
3362 5049 3576 5106 calculo
3614 5051 3786 5121 posita

2200 5159 2320 5200 esse
2349 5144 2620 5212 videatur,
2650 5143 2742 5213 qui
2769 5152 2823 5198 et
2852 5141 3196 5212 praemiorum
3225 5143 3522 5213 ingentium
3549 5143 3790 5198 continet

2197 5237 2533 5309 dignitatem,
2567 5244 2622 5292 et
2641 5243 3012 5290 creaturarum
3043 5235 3353 5291 coelestium
3385 5243 3570 5305 portat
3599 5234 3790 5304 imagi-

2197 5345 2342 5386 nem.
2375 5329 2545 5384 Pudet
2566 5329 2708 5384 enim
2740 5327 2924 5383 dicere
2951 5328 3190 5397 peccatis
3204 5326 3500 5383 obnoxium
3531 5336 3791 5384 centena-

2196 5424 2266 5480 rii
2296 5424 2506 5480 numeri
2532 5420 2862 5478 fecunditate
2875 5427 3210 5491 provectum;
3231 5429 3287 5476 et
3308 5421 3452 5491 quod
3476 5431 3788 5477 sanctorum

2195 5516 2427 5571 diximus
2452 5514 2660 5571 meritis
2687 5513 3037 5584 applicatum,
3061 5513 3285 5584 indigno
3315 5512 3446 5568 mihi
3476 5512 3644 5568 fuisse
3673 5513 3786 5568 col-

2194 5609 2381 5663 latum.
2410 5606 2515 5662 Sed
2545 5612 2764 5677 praestet
2792 5605 2970 5660 divina
3005 5605 3244 5678 potentia
3273 5646 3290 5674 ,
3320 5615 3382 5661 ut
3403 5605 3470 5662 ad
3493 5604 3787 5676 iudicatio-

2200 5713 2325 5755 nem
2368 5713 2520 5753 suam
2541 5696 2778 5767 gaudere
2817 5710 2917 5752 nos
2940 5695 3102 5753 iaciat
3131 5699 3452 5755 remissione
3481 5697 3672 5768 procul
3693 5697 3788 5752 du-

2195 5790 2284 5847 bio
2333 5799 2704 5861 peccatorum,
2731 5797 2786 5846 et
2815 5803 2920 5844 non
2945 5804 3042 5860 pro
3073 5790 3282 5847 meritis
3303 5793 3505 5850 nostris
3531 5791 3783 5858 damnet,

2196 5884 2292 5956 qui
2320 5883 2555 5944 liberare
2579 5882 2727 5942 solus
2755 5883 3014 5955 praevalet
3031 5886 3366 5944 conﬁtentes.
