4092 6344
275 400 386 460 ’105

1269 404 1635 465 EXPOSITIO
1674 404 1741 463 IN
1778 401 2241 462 PSALTERIUM.
2282 403 2477 460 PSAL.
2511 402 2598 459 Cl.

3458 404 3563 462 706

278 533 3565 565 ww

1527 644 1818 734 PARS
1894 641 2360 727 TERTIA.

613 870 776 942 336
811 870 1107 930 TITULUS
1144 872 1393 930 PSALMI
1428 870 1517 929 Cl.

278 961 456 1017 Oratio
483 965 746 1035 pauperis,
784 981 902 1038 cum
926 968 1116 1022 anxius
1144 968 1323 1038 fuerit,
1355 976 1402 1022 et
1431 983 1606 1023 coram
1640 967 1868 1024 Domino

739 1036 981 1105 effuderit
1012 1036 1209 1109 precem
1232 1055 1401 1095 suam.

344 1152 598 1220 Quamvis
628 1153 790 1223 aliqui
813 1163 1134 1224 praesentem
1158 1156 1418 1227 psalmum
1445 1159 1656 1216 Domini
1685 1161 1870 1217 Salva-

273 1244 379 1298 tori
420 1244 711 1314 aptandum
757 1259 880 1301 esse
929 1248 1257 1315 putaverint,
1314 1254 1641 1309 conveniens
1689 1261 1871 1311 tamen

270 1337 485 1393 videtur
514 1337 697 1393 afﬂicti
725 1341 896 1410 magis
923 1348 978 1396 et
1023 1343 1284 1412 gementis
1333 1346 1605 1416 pauperis,
1635 1347 1775 1404 sicut
1816 1354 1875 1403 et

271 1428 462 1485 titulus
514 1429 631 1499 ipse
657 1432 915 1498 continet,
967 1433 1313 1492 introducere
1358 1437 1414 1492 in
1467 1437 1568 1494 hac
1610 1440 1873 1496 relatione

268 1537 584 1593 personam,
613 1524 738 1595 quia
761 1526 927 1581 multa
954 1536 1083 1582 sunt
1110 1542 1230 1599 qum
1259 1529 1336 1599 illi
1366 1531 1723 1588 immaculatze
1744 1547 1871 1589 san-

267 1625 372 1672 ctae
422 1618 783 1675 incarnationi
831 1633 1106 1692 nequeunt
1153 1625 1465 1682 convenire.
1499 1627 1568 1682 Et
1610 1627 1866 1698 primum,

266 1709 416 1781 quod
444 1712 629 1766 anxius
658 1727 919 1783 nusquam
967 1715 1135 1772 fuisse
1168 1716 1366 1787 legitur
1406 1718 1666 1776 Dominus
1710 1720 1871 1777 Chri-

266 1809 403 1857 stus.
442 1804 637 1858 Anxius
664 1813 737 1858 est
764 1806 910 1861 enim
940 1808 1033 1877 qui
1058 1807 1112 1863 in
1144 1811 1292 1879 gravi
1320 1811 1632 1877 discrimine
1660 1815 1867 1871 consti-

270 1899 442 1958 tutus,
478 1895 677 1952 nullam
708 1905 941 1967 partem,
966 1915 1128 1971 quam
1159 1904 1313 1974 sequi
1340 1905 1556 1971 debeat,
1586 1908 1737 1964 novit
1774 1908 1874 1965 eli-

270 2000 425 2057 gere.
478 1989 681 2046 Deinde
707 1992 852 2062 quod
900 1993 955 2049 in
1006 2003 1159 2053 textu
1207 1999 1397 2068 psalmi
1426 2001 1632 2058 habet:
1669 2003 1871 2060 Oblitus

268 2096 389 2135 sum
414 2085 723 2139 manducare
751 2102 935 2155 partem
960 2105 1165 2157 meum;
1189 2099 1248 2148 et
1268 2091 1402 2148 illud
1436 2111 1450 2149 :
1485 2094 1620 2163 Quia
1647 2098 1869 2154 cinerem

266 2172 403 2226 sicut
442 2172 575 2245 [ed.,
618 2175 882 2249 tanquam]
932 2196 1115 2246 partem
1158 2165 1552 2251 manducabam,
1597 2196 1644 2241 et
1694 2198 1873 2259 potum
1903 2194 1951 2257 Β

262 2279 442 2318 meum
469 2282 586 2349 cum
610 2270 734 2337 ﬂetu
762 2274 1127 2338 temperabam.
1182 2275 1226 2327 Α
1273 2275 1407 2343 facie
1435 2277 1529 2331 ira:
1549 2286 1598 2332 et
1625 2278 1869 2351 indigna-

261 2354 428 2408 tionis
454 2364 555 2411 tute
579 2372 598 2409 :
637 2359 754 2425 quia
782 2362 982 2415 elevans
1002 2361 1211 2418 allisisti
1236 2380 1335 2419 me.
1382 2367 1451 2421 Et
1469 2367 1571 2422 alia
1596 2384 1723 2440 qua
1742 2385 1866 2427 cum

260 2443 457 2503 labore
485 2448 721 2503 maximo
744 2450 1106 2519 vindicantur,
1135 2457 1182 2510 si
1221 2456 1324 2526 ipsi
1356 2456 1586 2515 Domino
1630 2475 1865 2519 consen-

260 2539 465 2595 tiamus
496 2543 690 2611 aptari.
724 2543 833 2600 Sed
861 2548 1119 2616 quoniam
1150 2551 1399 2619 graviter
1418 2552 1781 2623 vulneratum,
1814 2565 1869 2613 et

258 2630 422 2686 duris
444 2634 841 2692 calamitatibus
883 2640 1125 2709 plenum,
1159 2646 1443 2699 orationem
1487 2647 1712 2705 fundere
1739 2665 1870 2706 con-

255 2724 524 2779 veniebat
549 2727 839 2795 assiduam,
871 2734 1017 2786 anxii
1044 2738 1285 2804 pauperis
1307 2752 1535 2807 persona
1564 2755 1869 2812 congruen-

253 2824 349 2873 ter
392 2820 638 2888 apposita
679 2831 792 2888 est;
836 2823 990 2894 cujus
1020 2842 1206 2884 vocem
1250 2845 1349 2885 nec
1391 2833 1719 2890 verecundia
1758 2835 1867 2891 ulla

255 2912 677 2983 comprimeret,
709 2931 810 2972 nec
858 2917 1168 2990 indigentia:
1210 2926 1510 2982 necessitas
1547 2927 1866 2985 abstineret.

257 3000 406 3058 Nam
451 3019 573 3059 cum
623 3007 775 3077 dicit,
831 3026 1003 3065 coram
1052 3011 1294 3083 Domino,
1352 3016 1515 3072 talem
1566 3019 1866 3081 orationem

260 3095 386 3150 vult
411 3095 660 3167 intelligi,
696 3114 817 3166 quae
859 3099 928 3156 de
954 3103 1183 3158 sacculis
1212 3105 1405 3161 animae
1434 3116 1560 3163 ante
1591 3110 1755 3176 pedes
1784 3126 1870 3167 re-

264 3187 390 3258 gios
418 3191 571 3259 quasi
601 3191 754 3247 aurei
778 3194 983 3249 metalli
1014 3197 1167 3265 copia
1210 3196 1404 3253 decora
1448 3200 1718 3257 tundatur.
1766 3202 1869 3258 Vix

263 3280 413 3336 enim
439 3284 679 3349 reperies
710 3286 873 3351 (sicut
899 3288 1116 3359 quidam
1143 3288 1302 3360 dixit)
1334 3300 1393 3346 ut
1417 3294 1592 3348 oranti
1621 3296 1872 3366 cuiquam

265 3386 379 3427 non
406 3373 610 3445 aliquid
642 3376 801 3433 inane
824 3388 879 3434 et
906 3380 1098 3435 aliena:
1128 3383 1471 3452 cogitationis
1504 3384 1748 3443 incurrat
1774 3389 1874 3444 ob-

265 3465 563 3533 staculum,
596 3476 650 3523 et
679 3470 1033 3528 intentionem
1074 3489 1179 3543 qua
1206 3474 1259 3530 in
1285 3476 1457 3531 Deum
1488 3493 1642 3534 mens
1682 3480 1871 3551 dirigi-

1889 880 1950 941 Α
1971 870 2193 937 habuit;
2223 868 2317 925 sed
2346 868 2633 925 humanam
2661 878 2908 926 naturam
2928 870 2998 926 ab
3022 869 3439 928 adversitatibus
3460 872 3562 928 hu-

1973 965 2063 1037 jus
2091 962 2274 1020 saeculi
2305 962 2541 1032 postulat
2571 963 2807 1031 liberari,
2833 978 2992 1035 quam
3022 971 3107 1020 est
3137 964 3385 1035 dignatus
3411 979 3568 1021 assu-

1979 1070 2157 1124 mere,
2190 1055 2331 1110 sicut
2355 1054 2409 1109 in
2424 1062 2581 1110 sexto
2606 1054 2817 1110 decimo
2838 1055 3067 1125 psalmo,
3092 1063 3147 1111 et
3166 1056 3219 1112 in
3241 1058 3569 1127 octogesimo

1980 1150 2168 1221 quinto
2196 1156 2410 1205 constat
2437 1148 2706 1205 eﬂ‘ectum.
2758 1149 2917 1205 Aliud
2947 1164 3073 1206 vero
3103 1164 3224 1206 cum
3265 1152 3321 1206 in
3361 1151 3569 1223 psalmo

1978 1242 2309 1313 octogesimo
2338 1257 2479 1298 nono
2510 1242 2864 1299 introducitur
2903 1242 3100 1315 Moysis
3149 1257 3379 1313 persona
3407 1260 3564 1301 reve-

1972 1334 2141 1391 renda
2170 1333 2226 1389 in
2255 1341 2385 1405 typo
2412 1332 2755 1401 sacerdotali,
2788 1334 2876 1405 qui
2908 1349 3003 1405 pro
3030 1337 3266 1405 peccatis
3314 1346 3422 1392 tam
3452 1338 3564 1393 suis

1975 1441 2133 1497 quam
2167 1425 2512 1497 generalibus
2555 1425 2905 1496 deprecatur;
2953 1442 3053 1482 nec
3080 1441 3186 1482 non
3215 1429 3269 1483 in
3313 1430 3569 1498 praesenti

1976 1521 2188 1591 psalmo
2236 1531 2466 1590 persona
2513 1519 2766 1590 pauperis
2808 1519 3117 1590 adhibetur,
3149 1523 3238 1592 qui
3268 1522 3369 1578 sub
3397 1525 3573 1593 pceni-

1977 1612 2163 1669 tentize
2191 1611 2492 1669 humilitate
2512 1612 2703 1668 anxius
2718 1612 2916 1668 clamat
2934 1612 3002 1667 ad
3027 1612 3331 1668 Dominum.
3362 1613 3430 1667 Et
3448 1613 3570 1670 ideo

1978 1706 2155 1761 omnis
2178 1705 2496 1775 poenitentia
2519 1714 2605 1762 est
2629 1704 2826 1769 oratio,
2860 1718 2968 1761 non
2996 1713 3174 1761 autem
3202 1705 3375 1762 omnis
3396 1706 3569 1764 Oratio

1977 1798 2295 1869 poenitentia
2323 1807 2428 1865 est,
2457 1796 2673 1868 quando
2697 1804 2752 1852 et
2780 1796 2870 1851 ille
2906 1795 3080 1851 oravit
3107 1796 3197 1866 qui
3226 1795 3362 1851 nihil
3391 1796 3569 1853 admi-

1978 1891 2217 1962 sitquod
2245 1891 2403 1962 337
2435 1890 2605 1946 reatui
2629 1888 2892 1961 potuisset
2910 1887 3127 1944 ascribi.
3154 1887 3243 1944 Sic
3263 1887 3353 1943 isti
3381 1889 3574 1959 psalmi

1979 1985 2072 2055 qui
2099 1982 2360 2039 orationis
2390 1981 2549 2037 titulo
2572 1989 2964 2052 prauotantur,
2994 1994 3115 2036 cum
3139 1980 3253 2037 suis
3279 1980 3575 2052 proprieta-

1978 2077 2123 2134 tibus
2150 2077 2449 2149 probantur
2477 2074 2734 2146 expliciti.

2553 2168 2752 2225 Dioisio
2786 2168 2991 2237 psalmi.

2052 2265 2265 2336 Pauper
2293 2264 2399 2320 iste
2437 2262 2724 2319 mundanis
2751 2261 2952 2318 divitiis
2980 2276 3167 2334 egens,
3200 2263 3293 2319 sed
3323 2261 3573 2334 supernis

1977 2362 2264 2420 virtutibus
2288 2361 2499 2417 abunde
2528 2359 2846 2427 ditissimus,
2879 2359 2935 2415 in
2961 2359 3186 2415 exordio
3213 2357 3407 2429 psalmi
3435 2358 3575 2412 mul-

1977 2454 2234 2525 tipliciter
2266 2453 2552 2509 Dominum
2583 2460 2756 2522 rogat,
2804 2460 2865 2505 ut
2912 2452 3029 2521 ejus
3059 2451 3266 2508 clamor
3300 2451 3367 2505 ad
3398 2452 3572 2520 ipsum

1976 2546 2262 2618 pervenire
2297 2553 2612 2602 mereatur:
2642 2543 2897 2616 quoniam
2925 2542 3036 2615 iugi
3057 2542 3349 2599 afﬂictione
3373 2541 3575 2598 contri-

1977 2650 2090 2707 tus,
2120 2654 2243 2696 ossa
2270 2654 2366 2695 sua
2397 2640 2537 2694 sicut
2561 2639 2615 2694 in
2637 2637 2863 2694 frixorio
2890 2636 3021 2692 dicit
3048 2650 3168 2692 esse
3193 2634 3455 2691 confrixa.
3480 2633 3576 2689 Se-

1976 2731 2157 2802 quitur
2197 2730 2394 2786 ﬂebilis
2426 2730 2586 2786 nimis
2633 2738 2690 2785 et
2736 2728 2965 2785 dolenda
3020 2727 3279 2793 narratio,
3326 2742 3447 2798 qua;
3493 2733 3576 2781 est

1976 2822 2343 2878 manifestatio
2370 2821 2755 2878 necessitatum
2788 2828 2842 2875 et
2862 2820 3219 2890 probabilium
3250 2820 3429 2889 lingua
3450 2832 3575 2872 cau-

1980 2930 2185 2973 sarum.
2219 2915 2292 2971 Et
2317 2930 2386 2971 ne
2416 2923 2538 2986 post
2584 2923 2661 2970 tot
2686 2928 2906 2983 asperas
2946 2912 3281 2969 calamitates
3310 2912 3378 2967 de
3413 2912 3575 2966 casti~

1978 3012 2195 3083 gatione
2236 3025 2333 3066 sua
2365 3010 2643 3065 videretur
2684 3008 2948 3077 ingratus,
2981 3005 3136 3060 tertia
3176 3012 3328 3075 parte
3359 3002 3573 3058 Domini

1979 3105 2169 3162 laudes
2190 3104 2497 3160 dulcissima
2524 3101 2685 3158 nimis
2713 3102 3011 3157 intentione
3030 3100 3394 3171 prosequitur,
3412 3097 3566 3165 cujus

1981 3199 2216 3255 adventu
2241 3190 2660 3253 construendum
2688 3193 2819 3251 dicit
2861 3191 3154 3249 Ecclesiam
3181 3207 3196 3256 ;
3237 3199 3290 3246 et
3317 3205 3438 3246 cum
3465 3188 3576 3244 sint

1981 3292 2163 3348 omnia
2203 3288 2582 3362 permutanda,
2614 3289 2728 3359 ipse
2756 3297 2936 3344 tamen
2969 3295 3284 3357 permaneat
3328 3284 3381 3339 in
3412 3290 3575 3339 mter-

1982 3399 2132 3439 num.
2179 3383 2414 3440 lnfertur
2438 3383 2600 3438 etiam
2629 3381 2731 3437 sub
2758 3381 3029 3437 hilaritate
3057 3379 3219 3436 nimis
3247 3379 3424 3435 votiva
3449 3392 3575 3433 con-

1984 3475 2174 3543 clusio,
2217 3485 2529 3532 sanctorum
2574 3490 2759 3532 semen
2806 3475 2880 3530 ibi
2913 3489 3033 3530 esse
3078 3472 3440 3545 dirigendum,
3488 3471 3574 3526 ubi

266 3566 381 3622 tur,
415 3558 652 3615 declinet
677 3577 740 3617 ac
771 3562 999 3633 frangat.
1035 3565 1103 3620 Et
1143 3566 1265 3623 ideo
1306 3577 1584 3625 certamen
1617 3586 1869 3643 magnum
1902 3567 1947 3631 C
1983 3567 2189 3623 habitat
2238 3569 2500 3624 Dominus
2547 3569 2599 3623 in
2643 3568 2812 3638 gloria
2845 3567 3191 3638 sempiterna.
3240 3565 3329 3623 Sic
3374 3567 3458 3621 lex
3488 3566 3575 3621 illa

267 3662 435 3721 atque
458 3653 869 3711 saluberrimum
898 3666 984 3714 est
1004 3659 1234 3715 orationi
1258 3673 1452 3731 coepta:
1474 3662 1674 3733 jugiter
1694 3664 1865 3719 immi-

267 3756 423 3807 nere,
457 3756 511 3800 et
538 3762 659 3800 cum
702 3748 974 3818 adjutorio
1007 3752 1099 3808 Dei
1132 3753 1401 3810 obsistere
1430 3756 1689 3813 vivaciter
1734 3772 1864 3829 sug-

269 3839 608 3907 gestionibus
658 3842 882 3913 inimici,
912 3855 1174 3915 quatenus
1202 3846 1308 3903 fixa
1336 3864 1553 3921 semper
1597 3851 1667 3905 ad
1698 3852 1863 3907 Deum

267 3943 429 3984 mens
456 3933 637 3988 stabili
666 3934 965 3991 intentione
1014 3939 1338 4006 contendat;
1373 3950 1435 3996 ut
1474 3942 1671 3998 merito
1700 3944 1872 4013 possit

270 4022 463 4079 dicere
490 4026 630 4095 quod
655 4028 731 4081 ait
770 4030 1062 4099 Apostolus
1091 4049 1103 4086 :
1133 4031 1398 4086 Certamen
1443 4034 1626 4088 bonum
1658 4036 1868 4101 certaui,

271 4132 487 4169 cursum
513 4123 881 4186 consummavi,
930 4123 1085 4189 ﬁdem
1130 4125 1319 4177 servavi
1367 4122 1455 4193 (II
1492 4124 1632 4180 Tim.
1672 4142 1747 4192 tv,
1792 4127 1870 4195 7).

269 4206 437 4264 Tales
468 4220 595 4266 sunt
623 4227 873 4282 pauperes
900 4213 1121 4281 Christi,
1154 4215 1242 4285 qui
1272 4230 1377 4271 non
1408 4217 1582 4272 solum
1621 4233 1718 4287 pro
1758 4218 1869 4275 suis

269 4300 455 4366 malis,
486 4317 673 4358 verum
702 4305 864 4360 etiam
896 4321 994 4377 pro
1035 4306 1199 4362 totius
1245 4308 1431 4363 mundi
1476 4308 1869 4366 calamitatibus

271 4392 614 4450 intercedere
642 4400 1088 4468 comprobantur.
1114 4404 1286 4473 Egent
1308 4402 1363 4458 in
1390 4402 1494 4459 hoc
1522 4405 1744 4471 saeculo,
1774 4405 1869 4463 sed

269 4495 399 4541 sunt
455 4487 753 4559 locupletes
801 4492 944 4559 Deo;
994 4495 1143 4551 vitiis
1194 4498 1380 4564 vacui,
1432 4499 1528 4553 sed
1578 4498 1869 4556 virtutibus

271 4578 452 4648 pleni;
503 4581 743 4651 despecti
776 4585 1102 4655 hominibus,
1136 4588 1231 4643 sed
1264 4591 1621 4661 acceptabiles
1649 4591 1868 4647 Christo

273 4668 394 4741 [ms.
430 4671 518 4739 A.,
555 4671 705 4744 Deo].
740 4674 870 4730 Nam
921 4677 1023 4732 iste
1069 4679 1160 4749 qui
1191 4693 1250 4734 se
1278 4680 1506 4750 primum
1541 4681 1869 4738 lamentabili

274 4762 569 4821 afﬂictione
596 4767 905 4839 discruciat,
942 4782 1085 4827 tanta
1115 4774 1282 4844 gloria
1329 4775 1623 4845 prophetiae
1651 4776 1706 4830 in
1736 4777 1868 4832 sub-

273 4858 628 4925 sequentibus
654 4861 900 4931 retulget,
931 4870 990 4917 ut
1019 4863 1296 4920 evidenter
1322 4867 1491 4935 possit
1518 4870 1733 4939 agnosci
1763 4882 1870 4938 quo

1973 3662 2348 3733 pmnitentium
2361 3662 2622 3733 regularis
2644 3661 2954 3732 plenissime
2977 3661 3217 3717 noscitur
3239 3659 3404 3715 fuisse
3428 3674 3574 3714 com-

1975 3754 2151 3825 pleta;
2183 3753 2459 3811 inchoavit
2485 3754 2629 3809 enim
2654 3769 2685 3808 a
2714 3754 2987 3825 lacrymis,
3023 3753 3195 3808 finivit
3222 3752 3275 3807 in
3308 3752 3524 3824 gaudio.

2510 3844 2785 3915 Expositio
2820 3845 3026 3915 psalmi.

2055 3938 2207 3994 Vers.
2238 3938 2291 3992 ‘l.
2323 3937 2564 4005 Domine,
2605 3938 2791 3991 exaudi
2836 3938 3121 3992 orationem
3150 3953 3337 4003 meam,
3382 3946 3430 3991 et
3466 3939 3573 3993 cla-
3608 3992 3613 3995 Α

1975 4046 2090 4083 mor
2109 4046 2251 4083 meus
2280 4029 2348 4081 ad
2375 4038 2422 4083 te
2444 4029 2723 4097 perueniat.
2760 4027 2962 4083 Videns
3011 4029 3269 4099 propheta
3300 4037 3429 4085 ante
3466 4029 3569 4083 ad-

1978 4131 2198 4177 ventum
2229 4121 2441 4176 Domini
2484 4121 2750 4177 humanos
2798 4135 3042 4177 crescere
3084 4120 3456 4180 indesinenter
3486 4140 3573 4181 er-

1981 4228 2157 4277 rores.
2189 4226 2476 4282 personam
2527 4211 2780 4283 pauperis
2828 4214 3212 4270 convenienter
3255 4218 3569 4287 assumpsit,

1981 4306 2073 4377 qui
2102 4304 2439 4361 calamitates
2466 4304 2652 4362 mundi
2700 4304 3029 4375 paenitentia:
3060 4306 3360 4365 humilitate
3406 4310 3572 4368 deﬂe-

1981 4408 2094 4465 ret;
2125 4409 2181 4455 ut
2203 4399 2313 4455 cito
2335 4400 2412 4454 illi
2443 4399 2754 4457 misericors
2780 4399 3115 4471 subveniret,
3138 4417 3299 4474 quem
3327 4411 3407 4459 tot
3427 4404 3569 4459 mala

1979 4495 2214 4551 adunato
2268 4494 2413 4551 fasce
2472 4495 2867 4566 deprimebant.
2922 4496 3066 4552 Dicit
3110 4495 3566 4564 enimtbomine,

1978 4587 2169 4642 exaudi
2194 4588 2477 4641 orationem
2507 4602 2693 4653 meam,
2716 4588 2922 4642 scilicet
2949 4601 3067 4643 eam
3099 4601 3260 4657 quam
3292 4587 3408 4657 pius
3435 4588 3568 4643 alle~

1974 4687 2129 4749 gator
2157 4693 2255 4749 pro
2284 4679 2449 4734 totius
2474 4678 2661 4734 mundi
2687 4678 3008 4735 liberatione
3028 4678 3306 4735 fundebat.
3337 4678 3567 4737 Sancto-

1977 4788 2096 4828 rum
2127 4776 2270 4829 enim
2304 4772 2637 4828 consuetudo
2664 4782 2750 4828 est
2774 4774 2857 4827 sic
2876 4772 3059 4829 dolere
3078 4773 3413 4828 calamitates
3438 4771 3569 4830 alie-

1973 4880 2072 4921 nas
2101 4874 2157 4919 ut
2185 4865 2451 4935 proprias,
2480 4864 2621 4921 sicut
2646 4863 2937 4934 Apostolus
2964 4866 3071 4921 ait:
3096 4865 3223 4932 Quis
3250 4865 3566 4935 inﬁrmatur,

276 4945 428 5022 [πως.
450 4953 539 5022 Α.,
568 4951 658 5018 F.,
685 4952 775 5020 B.,
798 4953 962 5026 quod]
982 4956 1053 5012 ibi
1079 4973 1304 5015 munere
1324 4968 1635 5029 coronetur,
1658 4960 1871 5032 quando
1898 4953 1951 5014 Ι)
1975 4965 2026 5013 et
2051 4974 2142 5028 ego
2181 4974 2286 5012 non
2334 4958 2605 5027 inﬁrmor?
2649 4957 2776 5025 Quis
2820 4957 3225 5024 scandalizatur,
3256 4966 3305 5011 et
3328 4972 3420 5029 ego
3462 4974 3566 5014 non

269 5041 388 5115 jam
415 5044 504 5100 hic
533 5062 628 5117 spe
657 5057 805 5103 tanta
831 5050 1088 5106 reficitur.

350 5140 419 5196 Et
441 5151 568 5196 nota
594 5144 718 5213 quia
744 5144 870 5201 dum
895 5146 1093 5216 ubique
1120 5148 1172 5203 in
1204 5148 1374 5205 titulis
1401 5151 1616 5207 nomina
1643 5151 1752 5207 sint
1773 5166 1872 5222 po-

273 5234 400 5302 sita,
428 5235 515 5291 hic
545 5254 742 5309 pauper
771 5238 889 5295 sine
917 5242 1133 5297 nomine
1164 5242 1614 5300 introducitur'ad
1646 5246 1869 5316 loqueno

275 5329 431 5393 dum;
463 5332 671 5389 scilicet
697 5343 755 5389 ut
777 5349 899 5389 cum
927 5336 1020 5391 uni
1050 5335 1230 5403 datur,
1262 5351 1450 5393 omnes
1471 5339 1571 5394 sibi
1603 5354 1865 5409 pauperes

276 5421 475 5479 Christi
521 5437 911 5497 cognoscerent
955 5430 1291 5485 attributum.
1363 5431 1555 5488 Animo
1604 5441 1864 5504 praeterea

276 5515 618 5572 condendum
667 5528 752 5574 est
793 5518 936 5575 hunc
963 5520 1228 5591 psalmum
1256 5530 1503 5591 quartum
1534 5537 1656 5578 esse
1682 5539 1743 5579 ex
1778 5524 1867 5580 his

278 5605 368 5673 qui
420 5615 670 5662 notantur
703 5608 902 5678 Oratio,
950 5613 1193 5680 quamvis
1223 5611 1597 5681 pmnitentium
1646 5612 1866 5682 quintus

278 5709 401 5754 esse
437 5700 700 5758 videatur.
765 5702 1052 5759 Sciendum
1101 5715 1186 5761 est
1238 5705 1397 5776 plane
1424 5706 1727 5759 orationum
1758 5706 1865 5762 duo

279 5801 402 5847 esse
439 5808 657 5864 genera.
705 5795 878 5853 Unum
925 5799 1138 5868 quando
1170 5799 1429 5856 Dominus
1455 5798 1700 5856 Christus
1747 5808 1864 5854 orat

284 5887 348 5943 ad
374 5887 611 5961 Patrem,
644 5907 748 5949 non
780 5907 877 5964 pro
906 5895 1139 5964 peccatis
1167 5897 1300 5964 suis,
1346 5912 1467 5969 quae
1490 5897 1711 5956 omnino
1750 5908 1862 5953 non

1976 5067 2098 5107 uror
2125 5049 2214 5123 (11
2245 5050 2367 5107 Cor.
2396 5067 2511 5119 nt,
2543 5050 2671 5123 29)?
2701 5051 2972 5121 Sequitur,
3004 5059 3050 5105 et
3093 5051 3285 5106 clamor
3324 5068 3467 5108 meus
3496 5053 3566 5108 ad

1975 5157 2023 5204 te
2049 5147 2330 5219 perveniat.
2358 5145 2591 5202 Noverat
2620 5146 2706 5201 hic
2734 5159 2936 5215 pauper
2961 5142 3160 5199 doctus
3199 5144 3316 5216 lege
3359 5146 3562 5217 divina,

1975 5238 2227 5310 precibus
2277 5246 2620 5308 peccatorum
2666 5235 2863 5291 nubem
2911 5234 3198 5306 quamdam
3251 5235 3568 5308 frequenter

1975 5331 2207 5403 opponi;
2238 5330 2308 5387 de
2334 5343 2439 5401 qua
2464 5330 2729 5386 Jeremias
2758 5327 2922 5384 dicit:
2954 5328 3252 5400 Opposuisti
3282 5330 3488 5398 nubem,
3504 5345 3569 5386 ne

1974 5433 2201 5480 transeat
2230 5425 2398 5479 oratio
2421 5431 2597 5478 nostra
2631 5423 2845 5495 (Thren.
2881 5438 2961 5491 tn,
2989 5422 3107 5496 44).
3137 5424 3386 5481 Habacuc
3424 5438 3564 5496 quo-

1972 5536 2079 5593 que
2099 5521 2362 5590 propheta
2381 5519 2523 5574 idem
2544 5517 2702 5574 dicit:
2725 5516 3022 5590 Usqurquo,
3040 5516 3278 5584 Domine,
3307 5518 3564 5585 clamabo,

1974 5623 2023 5670 et
2060 5630 2162 5669 non
2200 5612 2459 5678 exaudies,
2492 5612 2805 5683 rociferabor
2834 5613 2902 5667 ad
2930 5621 2977 5667 te
3004 5613 3251 5685 injuriam
3279 5614 3563 5685 accipiens,

1974 5716 2149 5763 etnon
2190 5707 2419 5761 intendes
2466 5705 2687 5777 (Habac.
2729 5722 2771 5777 ι,
2814 5706 2872 5777 2)
2908 5706 2931 5761 ll
2970 5707 3307 5778 QUapropter
3352 5719 3562 5763 memor

1974 5802 2197 5857 istarum
2243 5815 2422 5856 rerum
2452 5800 2642 5855 anxius
2670 5798 3129 5857 suumclamorem
3172 5796 3459 5855 festinabat
3486 5798 3554 5855 ad

1974 5893 2257 5952 Dominum
2287 5893 2570 5967 pensenire,
2603 5907 2671 5950 ne
2696 5892 2909 5950 delictis
2936 5890 3349 5964 impedientibus
3377 5904 3559 5948 reme~
