4062 6344
481 321 582 394 ἰον
613 401 620 406 ,

1703 325 1773 384 tt.
1817 305 2098 400 Antistii
2119 327 2532 388 CASSIODOBI

3649 313 3764 376 108

485 439 633 506 dium
657 453 689 504 .3
723 438 949 502 Domino
979 439 1214 496 tardaret
1240 439 1505 508 accipere,
1543 441 1632 511 qui
1657 441 1842 497 multis
1871 442 2066 512 proba-
2091 443 2294 506 Aetati
2333 460 2432 496 eis.
2467 442 2740 509 Quantum
2783 454 2846 496 se
2881 441 2942 495 in
2989 438 3299 494 humilitate
3333 436 3606 507 penitens
3651 437 3766 496 iste

488 532 646 585 batur
663 533 1060 586 calamitatibus
1079 531 1378 599 subiacere.
1402 533 1581 588 Primo
1597 534 1737 588 enim
1755 535 2067 606 posuitpra:

489 624 698 687 tionem,
729 639 866 679 nunc
893 623 1089 691 adjecit
1109 621 1422 687 clamorem;
1449 632 1508 678 ut
1533 625 1710 680 studia
1729 625 2072 696 supplicatio-

491 716 572 769 nis
589 715 825 769 crevisse
837 729 1191 783 cognosceres
1201 758 1214 782 ,
1236 716 1390 784 cujus
1402 718 1699 772 orationem
1715 719 1765 772 in
1778 719 2070 773 clamorem

491 807 779 868 maximum
802 807 1116 876 prorupisse
1153 809 1407 864 sentires.
1455 809 1607 865 Hunc
1641 819 1824 866 autem
1855 811 2070 867 modum

487 909 685 956 sanctae
707 899 966 962 orationis
985 901 1313 968 servandum
1333 901 1717 958 devotissimus
1733 901 2072 962 Christianus

485 992 773 1061 intelligat.
799 1003 860 1046 ut
901 991 1131 1063 idipsum
1159 995 1365 1063 cogitet
1411 995 1554 1066 quod
1601 1004 1740 1063 orat,
1773 997 1948 1064 ipsum
1983 1011 2071 1052 rc-

484 1085 676 1149 spiciat
703 1092 883 1142 mente
905 1085 992 1140 cui
1030 1086 1328 1156 supplicat,
1351 1101 1548 1142 omnes
1591 1087 1888 1157 superﬂuas
1927 1087 2075 1156 cogi-

488 1177 717 1240 tationes
744 1178 1013 1242 excludat,
1031 1177 1175 1236 aliud
1204 1193 1311 1235 non
1345 1179 1598 1235 admittat
1623 1167 1976 1235 extraneum:
2007 1192 2076 1234 ne

489 1269 506 1338 (
517 1277 573 1322 ut
593 1269 674 1334 ait
697 1269 940 1338 quidam)
991 1270 1292 1339 purissimis
1321 1269 1560 1326 fontibus
1587 1285 1748 1340 apros
1785 1271 2076 1327 immittere

488 1361 734 1418 videatur
762 1361 1112 1430 improvidos.
1144 1362 1279 1417 Hinc
1303 1362 1465 1418 etiam
1491 1367 1667 1418 sancti
1697 1362 1969 1420 Ambrosii
1992 1377 2076 1418 se-

485 1453 720 1510 cundum
751 1454 1068 1520 Apostolum
1100 1453 1150 1525 (Ι
1175 1453 1294 1509 Cor.
1325 1470 1435 1522 xiv,
1465 1453 1582 1524 .15),
1613 1454 1761 1509 horai
1789 1462 1956 1510 sexta:
1985 1468 2074 1508 re-

487 1557 614 1606 seus
639 1543 873 1615 hymnus
902 1545 992 1600 ille
1018 1549 1034 1568 '
1059 1546 1324 1612 redoluit;
1357 1547 1432 1601 ait
1452 1546 1628 1602 enim:
1659 1565 1678 1600 ι
1700 1546 1877 1600 Orabo
1897 1552 2080 1600 mente

488 1633 800 1704 Dominum,
824 1637 992 1693 orabo
1016 1637 1175 1696 simul
1205 1639 1434 1708 spiritu:
1459 1654 1529 1696 ne
1558 1654 1662 1694 vox
1700 1638 1812 1694 sola
1847 1639 1960 1694 Deo
1981 1653 2078 1692 ca-

490 1737 604 1798 nat,
631 1746 931 1801 sensusque
957 1740 1142 1788 noster
1172 1732 1298 1789 alibi
1325 1735 1521 1789 ductus
1548 1732 1763 1788 aberret
1789 1732 2077 1799 ﬂuctuans,

489 1824 642 1882 vanis
693 1833 995 1892 praeventus
1029 1827 1265 1884 casibus.
1298 1845 1317 1881 ι
1363 1826 1514 1882 Tunc
1551 1826 1694 1882 enim
1726 1825 1837 1880 Deo
1860 1833 2081 1894 accepta

487 1926 576 1980 est
597 1918 774 1978 oratio
795 1920 1128 1989 cantantium,
1157 1920 1201 1976 si
1229 1935 1366 1990 pura
1408 1935 1560 1976 mens
1588 1919 1728 1975 idem
1751 1926 1904 1989 gerat
1935 1916 2080 1988 quod

491 2010 721 2080 explicat
748 2026 849 2064 vox
881 2012 1098 2066 cantici.

554 2101 720 2156 'Vers.
746 2102 801 2156 2.
836 2101 920 2156 Ne
939 2115 1135 2158 avertas
1162 2105 1345 2174 faciem
1361 2112 1505 2158 tuam
1528 2121 1560 2158 a
1578 2120 1677 2170 me,
1705 2105 1759 2157 in
1783 2118 2084 2174 quacunque

495 2195 578 2250 die
615 2194 850 2254 tribulor.
901 2196 1192 2264 itecolebat
1222 2211 1423 2268 pauper
1464 2199 1564 2253 iste
1603 2197 1964 2265 beatissimus,
1995 2211 2083 2252 re-

495 2289 676 2350 nuisse
713 2289 996 2354 Dominum
1025 2306 1124 2361 per
1149 2291 1335 2348 Isaiam
1367 2291 1682 2361 prophetam
1731 2291 2083 2360 pertinacium

495 2399 715 2448 munera
749 2396 1111 2456 peccatorum,
1135 2402 1259 2444 cum
1285 2387 1448 2446 dicit:
1469 2387 1793 2460 Sanguinem
1811 2388 2089 2442 vitulorum

493 2484 815 2547 stagnorum
842 2492 888 2536 et
915 2483 1176 2544 hircorum
1199 2482 1343 2538 uoto.
1371 2481 1500 2536 Cum
1541 2483 1776 2536 veneritis
1803 2490 1921 2534 ante
1963 2496 2088 2534 con-

495 2580 719 2637 spectum
761 2589 948 2641 meum,
979 2576 1093 2644 quis
1131 2575 1362 2644 quesivit
1391 2577 1500 2629 lucc
1528 2574 1593 2629 de
1629 2576 1866 2636 manibus
1903 2574 2088 2628 castris

499 2658 656 2730 (Isai.
687 2677 726 2730 ι,
761 2662 851 2732 il,
884 2663 1017 2737 1‘2)?
1058 2666 1203 2721 Talia
1253 2676 1500 2722 metuens
1530 2668 1634 2722 iste
1677 2675 1838 2738 autne
1879 2664 2091 2736 recogi-

500 2763 642 2821 tans,
675 2757 812 2825 petit
833 2773 900 2814 ne
927 2758 1246 2830 sacriﬁcium
1269 2760 1410 2829 quod
1435 2761 1767 2826 immolabat,
1791 2759 1845 2815 id
1864 2769 1948 2815 est
1971 2775 2089 2831 poe-

497 2849 777 2908 nitentiam
818 2861 968 2909 suam
1011 2854 1090 2910 ita
1114 2855 1456 2926 despiceret,
1485 2856 1626 2911 sicut
1651 2871 1813 2924 supra
1844 2854 2092 2910 meminit

500 2940 568 2996 de
596 2942 1055 3002 immolationibus
1085 2947 1466 3016 pessimorum.
1519 2947 1610 3003 Sic
1633 2956 1689 3002 et
1712 2946 2093 3017 quinquagesi-

503 3049 622 3090 mus
652 3037 890 3104 pealmus
919 3039 996 3093 ait
1021 3057 1034 3092 :
1064 3039 1168 3096 Cor
1190 3043 1468 3096 contritum
1501 3049 1548 3095 et
1587 3039 1916 3095 humiliatum
1953 3039 2092 3096 Deus

2176 551 2340 605 prona
2363 544 2546 604 mepte
2571 539 2952 604 prostraverat,
2983 541 3192 587 tantum
3237 531 3290 585 in
3327 531 3444 601 ipsa
3488 529 3760 598 supplica-

2174 631 2387 684 catione
2410 627 2706 683 crescebat.
2741 626 2872 681 Nam
2915 626 3041 680 dum
3089 627 3240 696 prius
3267 623 3520 688 dixisset,
3559 621 3766 675 inclina

2175 721 2243 772 ad
2266 735 2346 771 me
2373 734 2552 772 aurem
2580 728 2737 783 tuam,
2767 716 2879 786 jam
2907 716 3265 772 confidentius
3285 716 3420 786 petit
3453 720 3512 768 ut
3529 713 3765 770 celerius

2175 819 2450 868 mereatur
2484 809 2688 874 audiri;
2725 824 2847 863 nam
2877 807 2970 877 qui
3015 806 3358 887 velocitatem
3391 808 3650 878 postulat,
3695 803 3767 861 de

2175 907 2554 977 impetratione
2573 918 2801 958 securus
2825 911 2931 958 est.

2253 1000 2406 1055 Vers.
2435 1000 2488 1052 4.
2539 998 2672 1063 Quia
2712 997 3008 1067 defecerunt
3051 996 3179 1051 sicut
3211 998 3381 1066 fumus
3421 993 3529 1046 dies
3552 993 3674 1057 mei,
3715 1002 3766 1046 et

2177 1107 2295 1147 eam
2333 1106 2445 1144 utea
2473 1089 2606 1143 sicut
2649 1089 2705 1142 in
2749 1088 2968 1158 fricat-io
3005 1087 3243 1156 confrixa
3285 1093 3424 1140 sunt.
3475 1083 3770 1153 Subiunxit

2175 1197 2392 1240 causam
2439 1179 2834 1250 deprecationis
2861 1195 2976 1234 suae
2995 1221 3010 1244 ,
3059 1188 3120 1234 ut
3151 1178 3282 1233 illud
3310 1176 3619 1233 orationum
3653 1183 3768 1229 tam

2180 1277 2372 1344 ingens
2401 1273 2730 1330 desiderium
2763 1273 3100 1328 miseriarum
3142 1277 3558 1340 cognosceretur
3601 1265 3774 1322 fuisse

2182 1369 2469 1424 multarum
2490 1408 2505 1430 ,
2533 1375 2590 1421 et
2619 1366 2828 1421 facilius
2853 1363 3282 1420 benevolentiam
3323 1363 3394 1432 pii
3430 1359 3629 1431 iudicis
3667 1359 3772 1414 ob-

2183 1461 2379 1516 tineret
2417 1473 2734 1528 magnarum
2782 1447 3166 1513 calamitatum
3194 1455 3421 1524 allegata
3454 1453 3772 1507 necessitas.

2186 1554 2412 1610 Fumant
2443 1554 2687 1608 videmus
2719 1552 2791 1607 de
2837 1550 3053 1605 nam
3091 1549 3314 1620 quidem
3341 1546 3550 1617 egredi,
3582 1545 3680 1601 sed
3713 1547 3774 1599 in

2185 1659 2345 1704 auras
2390 1643 2624 1714 liquidas
2662 1641 2978 1700 tenuissimo
3003 1640 3293 1708 dissipari;
3329 1653 3437 1694 nec
3471 1637 3778 1692 substantia

2187 1737 2305 1807 ejus
2335 1743 2541 1799 manet,
2569 1735 2813 1804 quamvis
2861 1748 2927 1787 ex
2963 1732 3228 1802 corporali
3260 1729 3515 1785 incendio
3551 1743 3781 1797 genera-

2189 1840 2277 1886 t-Is
2302 1845 2422 1886 esse
2443 1829 2711 1888 videatur.
2745 1826 2929 1884 Merito
2957 1841 3088 1896 ergo
3109 1825 3215 1882 dies
3235 1833 3581 1894 peccatorum
3605 1820 3782 1890 glebis

2189 1924 2455 1982 tumiferis
2481 1930 2856 1992 exmquautur,
2885 1935 3020 1990 quos
3045 1918 3304 1973 involutis
3329 1933 3392 1972 ac
3419 1919 3580 1972 tetris
3609 1917 3784 1968 actio—

2191 2019 2349 2082 nibus
2377 2015 2591 2086 i‘lecepti
2619 2013 2866 2070 homines
2885 2011 3251 2082 perdiderunt.
3273 2010 3426 2075 Quod
3457 2009 3694 2063 maxime
3713 2007 3780 2062 ad

2191 2111 2499 2182 superbiam
2532 2108 2717 2164 mundi
2747 2093 2987 2176 respicit,
3035 2120 3155 2173 quae
3179 2112 3379 2174 quanto
3407 2103 3528 2171 plus
3561 2100 3782 2155 extolli-

2195 2214 2303 2273 tur,
2333 2211 2487 2258 tanto
2511 2200 2741 2271 amplius
2771 2197 3066 2254 evanescit.
3098 2196 3203 2251 lste
3228 2196 3392 2267 333
3413 2192 3563 2266 enim
3581 2207 3786 2262 pauper

2197 2296 2264 2351 ad
2305 2293 2661 2362 humilitatem
2706 2289 3037 2346 salutiferam
3073 2287 3275 2343 Christi
3303 2289 3664 2342 vehementer
3705 2284 3787 2337 in-

2195 2397 2373 2444 tentus
2399 2397 2517 2442 erat
2545 2385 2692 2459 [mam
2721 2382 2812 2450 A.,
2843 2379 2936 2447 F.,
2980 2378 3314 2452 inhaeserat],
3347 2378 3436 2447 qui
3463 2377 3784 2432 diabolica!!!

2194 2466 2555 2549 arrogantiam
2587 2475 3008 2546 superbiamque
3043 2473 3352 2534 damnabat.
3407 2470 3688 2539 Sequitur,
3717 2466 3788 2520 Et

2196 2590 2312 2629 ossa
2342 2589 2454 2632 mea
2475 2572 2608 2626 sicut
2626 2572 2680 2625 in
2706 2570 2920 2640 frixorio
2939 2568 3178 2639 confriata
3198 2575 3335 2622 sunt.
3357 2565 3512 2622 Sicut
3533 2563 3786 2634 opinione

2196 2679 2454 2738 prospera
2478 2663 2618 2719 bene
2655 2663 2972 2719 meritorum
3019 2675 3166 2730 ossa,
3200 2659 3252 2716 id
3281 2669 3367 2714 est
3415 2654 3586 2714 animi
3633 2653 3786 2710 forti-

2198 2761 2326 2822 tudo
2356 2757 2682 2830 pinguescit,
2714 2756 2930 2826 quando
2955 2771 3144 2810 eoruin
3174 2752 3505 2818 conscientia
3539 2751 3683 2807 felici
3703 2763 3788 2804 re.

2196 2851 2508 2913 cordatiuue
2535 2853 2763 2912 laetatur,
2793 2850 2936 2905 sicut
2977 2848 3110 2908 dicit
3135 2848 3388 2906 Salomon
3419 2864 3431 2900 :
3458 2845 3626 2898 Fama
3653 2844 3793 2899 bona

2196 2946 2485 3017 impingunt
2515 2959 2630 2997 ossa
2657 2941 2842 3011 (Prov.
2877 2956 2966 3007 xv,
2987 2939 3105 3009 30),
3150 2938 3223 2994 ita
3251 2935 3620 2994 recordatione
3643 2949 3792 2990 con—

2198 3041 2358 3094 traria
2407 3048 2774 3106 peccatorum,
2807 3035 2978 3089 virtus
3025 3042 3276 3102 tauquam
3329 3031 3467 3086 [rixa
3509 3029 3792 3087 contrahi-

502 3144 610 3184 ποθι
657 3133 853 3202 spernit
901 3131 1073 3202 (Psat.
1125 3149 1178 3198 ις
1228 3132 1340 3203 19).
1391 3131 1667 3202 Supplieat
1715 3133 1895 3200 itaque
1941 3148 2014 3187 ne
2061 3148 2091 3186 a
2122 3172 2167 3235 Ο
2201 3141 2304 3196 tur,
2337 3131 2465 3186 dum
2495 3127 2866 3184 oblocutiones
2896 3123 3196 3190 hominum,
3218 3132 3274 3177 et
3301 3121 3656 3177 conscientia;
3675 3134 3790 3174 sua

501 3233 794 3292 conspectu
822 3224 1035 3280 Domini
1065 3223 1321 3280 reddatur
1343 3224 1571 3280 alienus.
1603 3224 1710 3279 ista
1734 3224 1877 3280 enim
1908 3229 2091 3294 regula

503 3320 666 3368 rectm
697 3315 971 3381 petitionis
1002 3323 1105 3381 est,
1148 3324 1210 3372 .ut
1249 3330 1350 3370 nos
1384 3315 1702 3385 respiciens,
1734 3325 1952 3385 peccata
1999 3329 2094 3370 no-

505 3410 617 3460 stra
646 3404 950 3474 despiciat:
986 3406 1109 3474 quia
1152 3407 1233 3462 sic
1273 3422 1372 3463 nos
1419 3407 1711 3462 miseratus
1764 3406 2014 3472 absolvit,
2049 3407 2094 3462 si

503 3494 594 3554 illa
622 3513 728 3564 non
751 3497 1038 3570 conspicit,
1069 3499 1209 3558 sicut
1225 3501 1334 3569 jam
1357 3501 1410 3558 in
1427 3502 1868 3572 quinquagesimo
1891 3501 2095 3570 psalmo

503 3587 708 3648 dictum
735 3599 816 3646 est
847 3609 860 3646 :
890 3591 1072 3649 Avari:
1098 3597 1284 3662 [acim
1310 3605 1451 3650 tuam
1501 3613 1531 3650 a
1555 3596 1778 3665 .peccatis
1815 3596 1942 3650 meis
1967 3594 2099 3665 (Ibi-

508 3683 646 3753 dem,
676 3683 786 3756 ll).
814 3689 1147 3758 Quapropter
1178 3704 1284 3748 non
1316 3691 1609 3761 incongrue
1639 3691 1708 3747 de
1737 3693 1946 3760 psalmo
1983 3707 2098 3760 pm-

514 3776 755 3832 nitentite
812 3780 1120 3847 paenitentis
1169 3791 1479 3839 mutuamur
1537 3784 1822 3853 exempla,
1876 3800 1998 3840 cum
2044 3794 2100 3842 ct

511 3882 701 3930 sensus
730 3885 824 3940 par
853 3873 1128 3941 probetur,
1177 3884 1234 3930 et
1279 3889 1440 3932 causa
1486 3876 1810 3934 consimilis.
1853 3877 2094 3944 Addidit,

507 3961 562 4014 in
589 3978 890 4034 quacunque
917 3965 1001 4020 die
1021 3966 1262 4023 tribulor.
1291 3969 1624 4038 Quacunque
1649 3969 1754 4033 die,
1789 3983 1893 4022 non
1923 3970 2098 4026 conti-

513 4053 823 4112 nuationem
871 4057 1156 4124 signiﬁcat,
1183 4059 1281 4116 sed
1315 4060 1593 4118 intervalla
1635 4061 1890 4128 temporis
1932 4059 2096 4116 fuisse

512 4143 774 4215 declarat,
805 4148 1019 4218 quando
1046 4151 1334 4221 urgebatur
1362 4152 1615 4216 maximis
1638 4151 1952 4208 vulneribus
1975 4166 2098 4220 pec-

515 4244 783 4308 catorum,
806 4239 1019 4308 quando
1033 4254 1156 4298 eum
1173 4243 1506 4300 detestabilis
1524 4243 1800 4314 premebat
1817 4243 2094 4308 inimicus;

517 4331 751 4475 utbqussi
782 4331 882 4388 sub
907 4332 1112 4390 crudeli
1143 4332 1254 4389 tera
1301 4336 1477 4404 posito
1521 4336 1802 4394 Liberator
1830 4337 2098 4408 piissimus

517 4433 576 4474 su
621 4430 846 4475 veniret.

513 4430 846 4490 subveniret,

2199 3223 2400 3294 judicia
2429 3224 2666 3294 graviter
2695 3218 3025 3290 expavescit.
3051 3219 3178 3273 Sive
3207 3217 3300 3270 hic
3325 3215 3636 3284 roufrigitur
3668 3227 3794 3282 pec-

2203 3326 2376 3382 cator,
2418 3315 2670 3384 quoniam
2701 3313 2909 3367 futuros
2935 3310 3088 3380 ignes
3119 3308 3473 3377 incendiaque
3499 3304 3792 3369 formidat;

2207 3424 2330 3472 nam
2362 3407 2451 3477 qui
2477 3422 2536 3462 se
2561 3404 2799 3476 pavescit
2821 3417 3097 3472 arsurum,
3127 3403 3296 3471 ipsius
3317 3398 3556 3455 incendii
3585 3410 3796 3454 terrore

2205 3503 2312 3572 jam
2341 3501 2572 3572 frigitur.
2602 3498 2782 3566 Qumri
2809 3497 2949 3553 solet
2971 3496 3096 3568 quid
3119 3497 3221 3552 sibi
3243 3496 3390 3565 velit,
3411 3493 3559 3565 quod
3587 3493 3716 3548 talia
3735 3505 3796 3547 se

2209 3575 2388 3651 dicant
2434 3595 2755 3664 pmnitentes
2806 3590 3042 3663 perpeti,
3093 3591 3270 3661 qualia
3321 3589 3556 3644 humana
3605 3597 3794 3643 natura

2209 3704 2317 3744 non
2347 3688 2602 3757 praevalet
2625 3686 2906 3740 sustinere.
2946 3684 3183 3739 Primum
3210 3692 3316 3751 est,
3340 3682 3483 3754 quod
3513 3698 3615 3754 per
3637 3696 3798 3752 exag-

2205 3780 2532 3852 gerationem
2583 3777 2814 3849 posita
2860 3776 3174 3848 magnitudo
3201 3774 3385 3831 delicti
3425 3775 3570 3832 bene
3616 3780 3798 3844 potest

2206 3875 2450 3945 intelligi,
2482 3875 2566 3928 cui
2584 3881 2739 3944 tanta
2761 3871 3056 3927 satisfactio
3080 3872 3295 3927 videtur
3321 3871 3538 3930 oti'erri;
3565 3869 3784 3933 deinde,

2205 3967 2349 4039 quod
2374 3967 2442 4022 ad
2471 3982 2606 4021 nova
2631 3966 2760 4020 vitia
2789 3979 2895 4020 non
2925 3962 3334 4034 traliuntur,qui
3365 3978 3426 4018 se
3453 3964 3522 4019 de
3547 3961 3796 4033 prtcteri-

2204 4061 2274 4117 tis
2301 4060 2532 4129 plurima
2564 4057 2764 4112 debere
2789 4067 3142 4126 cognoscunt.

2277 4153 2435 4208 Vere.
2467 4153 2520 4208 5.
2552 4149 2840 4205 Percussus
2883 4167 2995 4206 sum
3040 4151 3170 4204 sicut
3213 4151 3408 4220 (cum,
3449 4157 3498 4202 et
3539 4149 3682 4202 aruit
3709 4163 3795 4202 cer

2203 4263 2394 4308 meum,
2423 4245 2546 4316 quia
2573 4244 2762 4299 oblitus
2789 4259 2902 4297 sum
2929 4243 3243 4298 manducare
3266 4259 3448 4312 partem
3468 4257 3659 4295 mourn.
3695 4239 3798 4297 Per

2204 4338 2544 4408 operatioues
2592 4335 2922 4392 immillimas
2965 4335 3339 4390 benevolentia
3398 4334 3606 4389 Judicis
3649 4347 3795 4388 com-

2203 4442 2412 4503 parata,
2443 4431 2592 4487 venit
2631 4430 2699 4484 ad
2731 4431 3066 4486 miseriarum
3098 4444 3317 4485 suarum
3347 4428 3585 4485 ﬂebilem
3615 4441 3796 4484 narra-

592 4511 747 4578 Vers,
769 4511 822 4567 5.
854 4511 1062 4572 Iustina
1095 4516 1164 4580 ad
1195 4534 1274 4573 me
1309 4535 1484 4576 aurem
1514 4528 1683 4586 tuam;
1713 4521 1768 4576 in
1797 4535 2100 4590 quacunque
2124 4535 2179 4600 ι)
2208 4526 2438 4588 tionem;
2470 4531 2530 4578 ut
2577 4521 2688 4578 cito
2733 4521 3032 4577 remedium
3087 4531 3347 4588 sumeret,
3388 4521 3434 4576 si
3487 4524 3794 4591 passionem

517 4605 597 4660 die
623 4606 922 4674 invocarem
950 4617 1021 4677 te,
1053 4611 1288 4672 velociter
1317 4613 1505 4668 exaudi
1537 4629 1634 4668 me.
1664 4612 1844 4668 Multis
1883 4613 2099 4680 quidem

517 4699 712 4768 modis,
744 4699 838 4768 sed
868 4716 971 4756 una
1011 4703 1200 4772 petitio
1225 4711 1331 4768 est,
1387 4713 1447 4762 ut
1501 4705 1800 4764 orationem
1851 4705 2102 4775 pauperis

521 4791 777 4860 Dominus
806 4795 1061 4852 exaudire
1094 4797 1364 4868 dignetur.
1407 4800 1536 4867 Qua.-
1567 4801 1733 4872 ﬁgura
1759 4800 1948 4858 Grates
1972 4801 2104 4856 dici-

514 4890 602 4948 tur
627 4887 896 4958 opinione,
933 4888 1120 4952 Latine
1149 4891 1424 4962 repetitio,
1453 4892 1662 4962 quoties
1679 4893 1904 4950 diversis
1926 4894 2104 4950 verbis

515 4977 704 5048 eadem
731 4979 930 5040 dicitur
954 4983 1055 5038 sub
1089 4982 1374 5042 iteratione
1397 4987 1688 5050 sententia;
1719 4985 1859 5056 quod
1885 5001 1984 5056 per
2003 4986 2102 5042 lius

520 5077 634 5138 tres
662 5086 852 5140 versus
879 5088 910 5128 a
937 5075 1207 5146 principio
1237 5075 1436 5144 [acum
1465 5091 1587 5134 esse
1623 5076 1950 5136 declaratur.
2011 5076 2104 5140 ln-

517 5161 660 5228 elina
702 5179 898 5232 aurem,
947 5167 1148 5235 praebe,
1190 5167 1340 5235 dicit,
1393 5167 1664 5236 auditum;
1696 5170 1834 5225 unde
1864 5179 1918 5228 et
1955 5171 2104 5226 auris

519 5256 635 5326 ipsa
669 5255 734 5311 ab
754 5257 937 5314 auditu
967 5258 1106 5314 dicta
1129 5268 1244 5327 est;
1281 5261 1402 5330 quia
1426 5276 1531 5318 non
1559 5270 1713 5318 erant
1742 5261 1954 5330 mor-ita,
1983 5279 2106 5331 quae

519 5362 580 5416 se
607 5347 672 5403 ad
711 5347 884 5420 ipsum
923 5349 1136 5420 erigere
1177 5352 1494 5422 potuissent.
1529 5353 1682 5416 Auris
1723 5368 1851 5410 vero
1894 5353 2105 5410 Domini

523 5452 621 5508 pro
661 5438 948 5508 clementia
981 5438 1218 5512 ponitur,
1249 5458 1352 5514 qua
1384 5458 1570 5514 preces
1609 5443 1907 5512 supplicum
1956 5443 2107 5502 benis-

521 5545 658 5598 gnus
690 5531 926 5596 exaudit.
978 5531 1109 5600 Nam
1141 5549 1264 5598 cum
1317 5545 1456 5604 totos
1485 5537 1688 5604 audiat,
1721 5546 1861 5594 totos
1904 5537 2104 5606 videat,

522 5623 669 5680 solos
694 5623 812 5692 illos
839 5625 1026 5692 audire
1059 5627 1276 5700 dicitur,
1310 5630 1506 5704 quibus
1555 5637 1810 5700 praestare
1838 5629 2108 5700 dignatur.

2205 4629 2356 4670 suam
2391 4613 2478 4684 pio
2503 4611 2713 4669 medico
2742 4628 2848 4674 non
2879 4621 3096 4669 taceret.
3125 4613 3267 4670 Bene
3289 4622 3468 4669 autem
3501 4629 3677 4686 genus
3703 4616 3796 4668 liu-

2206 4719 2423 4764 manum
2455 4709 2571 4779 {eno
2617 4707 2928 4763 transitoria
2957 4718 3323 4778 comparatur,
3355 4711 3498 4779 quod
3529 4719 3587 4766 et
3617 4709 3796 4763 viridi.

2206 4803 2331 4857 tatis
2359 4802 2520 4856 babct
2543 4799 2780 4856 laetitiam
2811 4804 3190 4870 temporalem,
3219 4810 3274 4856 et
3300 4815 3617 4871 percussum
3647 4802 3797 4858 facile

2207 4895 2374 4952 sentit
2399 4893 2684 4965 iniuriam;
2721 4895 2800 4950 sic
2827 4895 3059 4964 quandiu
3092 4896 3145 4950 in
3176 4896 3290 4964 lege
3323 4895 3538 4950 Domini
3579 4895 3799 4950 manda-

2209 4991 2382 5060 tisque
2409 4988 2776 5054 consistimus,
2807 4994 3059 5056 tanquam
3085 4987 3275 5041 viridia
3304 4985 3424 5042 fena
3452 4997 3794 5056 vegetamur;

2209 5082 2306 5137 sed
2349 5095 2477 5136 mox
2509 5088 2567 5135 ut
2613 5079 2683 5133 ab
2711 5081 2829 5148 ejus
2885 5081 3172 5148 praeceptis
3218 5079 3474 5134 fuerimus
3531 5079 3801 5134 diabolica

2208 5175 2344 5230 falce
2373 5171 2591 5238 succiﬁ,
2622 5171 2803 5228 statim
2829 5173 3146 5238 crescimus,
3177 5179 3232 5226 et
3263 5186 3361 5226 eor
3401 5180 3650 5226 nostrum
3679 5184 3804 5241 pec-

2210 5268 2315 5322 cati
2339 5267 2626 5322 sterilitate
2657 5267 2910 5326 siccatur.
2942 5266 3057 5322 blon
3091 5266 3235 5322 enim
3267 5266 3516 5322 beneﬁcii
3561 5266 3683 5336 ejus
3711 5281 3804 5335 pa-

2210 5359 2398 5417 bulum
2431 5359 2633 5424 habere
2674 5369 2854 5430 potest
2881 5361 3078 5428 anima,
3113 5375 3144 5414 a
3187 5375 3294 5430 quo
3318 5359 3529 5416 delictis
3561 5359 3806 5414 facienti-

2215 5453 2316 5510 bus
2349 5457 2606 5524 probatur
2633 5468 2757 5511 esse
2785 5454 2972 5510 divisa.
3021 5455 3103 5508 illi
3130 5464 3306 5509 autem
3337 5468 3552 5524 semper
3577 5452 3802 5516 hilares,

2218 5560 2434 5616 semper
2461 5545 2660 5601 amanti
2688 5556 2833 5612 sunt,
2867 5546 2956 5614 qui
2997 5561 3026 5598 a
3054 5545 3218 5616 jussis
3249 5545 3460 5599 Domini
3507 5561 3617 5600 non
3660 5557 3808 5600 rece-

2215 5634 2369 5690 dunt.
2403 5637 2676 5705 Sequitur,
2701 5637 2821 5706 quia
2865 5634 3052 5690 oblitus
3089 5651 3208 5691 sum
3257 5635 3576 5690 manducare
3620 5650 3808 5703 partem

523 5715 794 5787 Sequitur,
827 5719 880 5774 in
901 5737 1196 5792 quacunque
1223 5724 1304 5779 die
1325 5725 1626 5784 invocavero
1655 5731 1724 5792 te,
1750 5722 1988 5784 velociter
2021 5739 2111 5780 es.
2215 5747 2408 5791 meum.»
2431 5731 2626 5787 Reddit
2647 5745 2865 5787 causam
2887 5747 2985 5788 cur
3001 5745 3294 5802 percussum
3315 5746 3402 5785 cor
3431 5727 3551 5798 eius
3575 5731 3804 5784 merit:

595 5812 627 5847 4
658 5811 896 5892 Hymnus
921 5814 1026 5874 iste
1050 5817 1319 5876 Ambrosii
1343 5815 1705 5884 desideratur.
