4092 6344
288 378 390 439 709

1273 373 1629 432 exposmo
1664 371 1733 439 1N
1772 366 2235 443 psapranmu,
2279 366 2473 439 astu.
2515 365 2601 425 ct.

3462 362 3566 431 710

286 497 404 573 quia
425 494 615 549 oblitus
642 497 809 563 fuerat
842 508 1026 562 panem
1069 506 1223 555 suum
1269 494 1603 557 manducare,
1634 489 1775 545 unde
1814 502 1874 543 se
1901 492 1948 565 Α
1979 486 2083 540 diei
2114 485 2293 557 fulgor
2321 482 2623 551 abscondit,
2666 483 2739 540 ita
2784 482 3051 545 adventus
3079 484 3254 547 noctis
3283 484 3528 555 producit
3553 502 3566 553 ;

293 596 515 642 neverat
538 584 887 654 Spiritualiter
914 599 1072 653 posse
1090 584 1301 655 satiari.
1337 586 1413 640 De
1438 586 1544 641 isto
1574 584 1717 640 enim
1751 597 1881 655 pane

299 677 554 733 Dominus
586 677 754 732 dicit:
790 675 901 747 Ego
922 694 1033 733 sum
1066 678 1213 749 panis
1244 678 1376 745 vitae,
1410 680 1495 749 qui
1529 680 1591 733 de
1637 679 1760 733 cwlo
1798 678 1889 730 de-

290 770 459 827 scendi
502 769 681 839 (Joan.
727 786 801 836 vr,
835 771 947 837 5|).
1008 771 1137 826 Nam
1182 772 1637 841 quemadmodum
1672 781 1887 842 poterat

296 866 360 920 (le
389 863 685 919 amissione
713 863 864 934 panis
888 865 1142 934 conqueri
1180 866 1505 949 corporalis,
1536 867 1625 936 qui
1656 882 1714 927 se
1739 866 1881 937 jeju-

293 957 396 1027 niis
424 956 692 1035 gaudebat
715 956 880 1027 afﬂigi
904 956 926 1008 τ
948 956 1044 1012 llic
1075 956 1205 1028 [ed.,
1235 955 1381 1029 hinc]
1404 957 1546 1011 enim
1569 957 1885 1028 exprimitur

294 1032 484 1115 natura
532 1032 910 1121 peccantium”
957 1048 1079 1120 quia
1118 1048 1245 1103 dum
1284 1048 1538 1121 delictum
1592 1049 1879 1137 appetitur,

295 1146 677 1216 contemplatio
706 1145 917 1201 Domini
950 1162 1053 1201 non
1087 1146 1336 1213 habetur.

366 1237 521 1291 Vers.
558 1236 611 1291 6.
646 1237 689 1289 Α
722 1253 842 1290 voce
868 1238 1084 1309 gemitus
1113 1239 1209 1292 mei
1252 1238 1578 1293 adiuuerunt
1608 1253 1724 1293 ossa
1771 1256 1883 1295 mea

293 1330 436 1391 carni
466 1344 609 1384 mete.
656 1329 1102 1389 Perscrutandum
1139 1340 1225 1395 est
1268 1330 1392 1401 quid
1422 1331 1549 1386 velit
1578 1329 1822 1402 intelligi,
1854 1347 1885 1386 α

293 1437 412 1476 voce
437 1421 654 1494 gemitus
684 1422 805 1475 mei.
838 1421 933 1476 Est
962 1428 1105 1477 enim
1136 1438 1235 1476 vox
1269 1422 1498 1495 gemitus
1526 1422 1575 1477 ei
1596 1422 1686 1491 qui
1708 1422 1879 1481 ﬁlium

295 1513 497 1584 perdit,
551 1512 637 1581 cui
666 1521 760 1579 aut
800 1514 1069 1585 possessio
1102 1514 1395 1582 invaditur,
1436 1523 1528 1568 aut
1572 1515 1657 1569 cui
1701 1513 1883 1569 saeculi

297 1608 453 1665 istius
480 1608 768 1667 delectatio
796 1621 945 1680 grata
975 1611 1330 1673 subtrahitur.
1362 1612 1468 1667 Sed
1506 1628 1610 1677 vox
1641 1612 1743 1669 ista
1772 1626 1884 1669 non

296 1711 380 1759 est
406 1703 637 1773 gemitus
654 1702 929 1759 beatorum
956 1720 972 1771 ;
999 1705 1074 1760 illi
1106 1705 1248 1760 enim
1269 1716 1489 1776 gemunt
1515 1713 1733 1775 propter
1759 1705 1884 1760 talia

297 1796 492 1873 quibus
524 1798 778 1863 saeculum
810 1798 1023 1873 placet,
1055 1799 1178 1867 quia
1212 1799 1443 1869 peritura
1472 1799 1801 1866 desiderant,
1832 1806 1887 1853 et

296 1889 364 1942 ad
406 1889 616 1945 Domini
671 1891 894 1944 minime
933 1892 1195 1958 promissa
1237 1890 1517 1948 festinant.
1573 1890 1670 1947 Illo
1708 1900 1887 1946 autem

295 1985 502 2053 gemitu
540 1984 877 2056 afﬂigebatur
908 1986 1008 2045 iste
1055 1986 1446 2053 sanctissimus,
1491 2002 1651 2058 quem
1704 1984 1891 2041 mundi

298 2084 571 2141 amatores
610 2078 785 2146 potius
829 2076 1139 2141 irriderent.
1182 2078 1307 2135 Ideo
1331 2079 1475 2135 enim
1506 2078 1733 2144 addidit,
1770 2079 1889 2144 mei,

297 2174 362 2220 ut
389 2181 448 2224 se
482 2182 514 2223 a
569 2169 854 2241 mundanis
891 2169 1175 2226 desideriis
1224 2179 1549 2226 monstraret
1589 2178 1892 2240 exceptum.

295 2260 587 2331 Sequitur,
637 2263 959 2317 adhwserunt
1012 2280 1128 2317 ossa
1176 2281 1287 2318 mea
1342 2264 1484 2325 carni
1538 2279 1679 2317 mete.
1750 2260 1895 2317 lstud

299 2352 375 2423 (si
406 2355 497 2409 ad
550 2355 782 2409 litteram
849 2355 978 2410 velis
1028 2353 1342 2426 advertere)
1409 2353 1623 2409 afflictis
1674 2351 1899 2419 njmium

297 2461 410 2500 non
458 2455 641 2517 potest
711 2447 1044 2515 convenire,
1091 2448 1213 2518 quia
1262 2454 1317 2503 et
1374 2445 1660 2518 pinguibus
1706 2454 1761 2500 et
1808 2443 1903 2499 de-

276 2518 507 2593 diciosis
558 2539 661 2594 hoc
707 2540 924 2609 accidit,
959 2546 1018 2594 ut
1063 2556 1183 2594 caro
1242 2542 1481 2610 ipsorum
1548 2546 1901 2609 cognoscatur

294 2633 500 2687 ossibus
547 2632 828 2687 adhwrere.
882 2633 986 2687 Sed
1033 2650 1237 2687 carnem
1291 2632 1377 2687 hic
1419 2640 1595 2688 Cutem
1642 2648 1746 2685 non
1792 2631 1902 2684 im-

296 2724 480 2796 probe
508 2725 755 2779 videmur
801 2726 1067 2795 accipere,
1117 2726 1241 2796 quia
1273 2735 1327 2782 et
1364 2726 1482 2795 ipsa
1517 2740 1643 2779 caro
1668 2734 1790 2789 est;
1844 2732 1903 2778 ut

297 2830 507 2873 revera
529 2825 847 2887 exaggerata
894 2818 1092 2874 macies
1135 2818 1303 2888 possit
1330 2818 1564 2885 ostendi,
1612 2816 1735 2871 dum
1765 2816 1904 2871 cutis

296 2906 523 2966 ossibus
567 2907 860 2979 adhzesisse
890 2917 1161 2963 narratur.
1213 2909 1301 2965 Sic
1332 2908 1461 2982 [ed.,
1490 2907 1615 2980 Sed]
1660 2914 1716 2962 et
1756 2906 1907 2962 Jere-

297 2999 447 3057 mins
480 2999 740 3068 propheta
770 2998 896 3054 dicit
928 3018 939 3051 :
975 2998 1188 3069 Con/ima
1217 3011 1290 3054 est
1320 3001 1446 3054 cutis
1479 3016 1654 3054 eorum
1686 3017 1716 3053 a
1748 3000 1903 3073 dorso

299 3094 574 3164 ipsorum;
606 3102 870 3159 aruerunt,
900 3092 1024 3161 facti
1048 3107 1162 3147 sunt
1190 3104 1244 3148 ut
1270 3095 1467 3166 lignum
1488 3093 1702 3163 (T/tren.
1728 3109 1796 3161 tv,
1823 3092 1901 3159 ὅ).

1990 587 2045 634 et
2073 586 2257 633 contra
2281 575 2699 632 consuetudines
2744 576 2943 645 avium,
2986 585 3111 647 tunc
3138 577 3307 646 magis
3350 576 3565 646 vigilare

1990 681 2043 727 el
2072 686 2224 725 escas
2248 685 2492 741 quaerere
2519 669 2721 740 incipit,
2756 659 2968 740 quando
2996 686 3057 737 se
3083 670 3138 741 in
3168 685 3417 741 soporem
3449 668 3563 723 ani-

1993 768 2191 821 mantia
2237 773 2428 821 cuncta
2466 771 2814 835 componunt.
2846 764 2919 819 Ita
2951 773 3006 819 et
3044 764 3310 835 paenitens
3340 765 3438 831 iste
3476 776 3577 817 no-

1987 871 2176 915 cturno
2205 867 2447 923 tempore
2467 872 2620 913 escas
2647 857 2842 911 animm
2869 856 3092 923 sollicita
3116 857 3426 923 curiositate
3454 869 3568 924 per-

1988 953 2153 1025 quirit
2181 970 2194 1005 :
2221 951 2380 1007 modo
2406 951 2719 1023 psalmodite
2748 967 2966 1021 operam
2997 950 3174 1007 dando
3195 992 3210 1017 ,
3241 950 3401 1017 modo
3428 950 3572 1005 elec-

1986 1060 2240 1118 mosynas
2285 1043 2556 1113 faciendo,
2586 1044 2745 1099 modo
2767 1059 3009 1099 carceres
3049 1045 3257 1099 occulte
3284 1044 3570 1112 visitando,

1987 1138 2163 1194 solum
2208 1138 2375 1201 Deum
2396 1137 2510 1193 vult
2536 1136 2734 1203 habere
2764 1144 2975 1201 testem,
3005 1136 3091 1195 cui
3139 1137 3309 1217 caligo
3338 1138 3576 1201 noctium

1988 1245 2098 1286 non
2129 1231 2267 1285 tollit
2290 1238 2589 1300 aspectum.
2624 1230 2687 1285 Et
2714 1238 2839 1284 nota
2867 1230 2990 1299 quia
3020 1229 3161 1284 sicut
3184 1228 3445 1307 pelicmtuq
3482 1227 3577 1293 de-

1989 1322 2167 1392 signat
2220 1323 2499 1377 eremitam
2561 1331 2721 1392 atque
2767 1323 3107 1401 solitarium,
3158 1322 3233 1393 ita
3280 1324 3577 1393 ηῃειὶρυναφ

1988 1414 2138 1477 illum
2185 1414 2427 1483 declarat
2460 1414 2554 1483 qui
2586 1428 2645 1468 se
2685 1413 2956 1469 domicilio
2993 1430 3091 1475 suo
3132 1414 3373 1487 retinens
3409 1430 3441 1470 a
3482 1428 3579 1484 pu-

1987 1506 2128 1563 blica
2155 1506 2363 1562 visione
2406 1514 2646 1561 remotus
2670 1516 2770 1561 est.
3486 1492 3487 1495 “

2061 1599 2210 1661 Vers.
2239 1599 2291 1654 8.
2332 1598 2573 1669 i'igifavi,
2597 1607 2642 1653 et
2668 1600 2834 1669 factus
2859 1613 2973 1651 sum
3013 1598 3146 1669 sicut
3189 1615 3366 1667 passer
3395 1599 3580 1654 unicus

1987 1693 2043 1747 in
2069 1694 2311 1762 redi/icio.
2336 1691 2495 1747 Venit
2522 1691 2588 1747 ad
2619 1693 2836 1747 tertium
2863 1706 3052 1762 genus,
3088 1692 3228 1762 quod
3262 1692 3398 1747 idem
3432 1692 3583 1748 simi-

1991 1786 2220 1842 litudine
2252 1785 2482 1853 passeris
2526 1784 2821 1849 indicatur;
2856 1792 2911 1838 ut
2936 1784 3025 1854 qui
3047 1783 3229 1841 mundi
3251 1783 3471 1838 crimina
3501 1782 3570 1841 lu-

1920 1856 1965 1927 Β
1992 1878 2174 1949 gebat,
2201 1892 2297 1946 per
2328 1876 2566 1932 omnium
2599 1876 3026 1943 satisfactionum
3060 1876 3248 1931 modos
3278 1876 3580 1939 discurrere

1990 1971 2281 2026 videretur.
2304 1968 2491 2026 Passer
2510 1977 2593 2025 est
2618 1970 2734 2025 avis
2759 1984 2939 2039 parva,
2973 1968 3067 2033 sed
3097 1970 3262 2025 nimia
3292 1968 3580 2041 sagacitate

1995 2064 2246 2143 sollicita,
2273 2078 2390 2143 quze
2420 2076 2518 2117 nec
2546 2061 2702 2117 facile
2730 2062 2932 2132 laqueis
2958 2062 3218 2128 irretitur,
3254 2076 3353 2129 nec
3378 2076 3474 2132 per
3502 2060 3579 2113 in-

1999 2138 2241 2230 gluviem
2277 2138 2479 2213 ventris
2510 2170 2755 2212 escarum
2804 2155 3094 2211 ambitione
3123 2154 3408 2225 decipitur.
3457 2154 3580 2211 Haec

2001 2258 2221 2321 propter
2235 2248 2596 2303 inﬁrmitatem
2611 2263 2783 2313 suam,
2804 2264 2870 2302 ne
2885 2258 2975 2305 aut
2990 2248 3105 2319 ipsa
3126 2264 3158 2302 a
3172 2249 3468 2318 praedatore
3488 2263 3580 2302 ca-
3626 2318 3629 2323 ν

2003 2330 2199 2415 piatur,
2230 2347 2322 2393 aut
2351 2339 2489 2403 fetus
2512 2338 2626 2407 ejus
2657 2338 2980 2409 serpentinis
2997 2340 3329 2397 devorentur
3348 2339 3578 2410 insidiis,

2004 2432 2144 2505 inter
2169 2446 2301 2487 aves
2330 2431 2481 2495 unica
2508 2433 2755 2488 cautione
2781 2436 3005 2501 munita,
3037 2435 3105 2491 ad
3134 2436 3413 2503 domorum
3442 2436 3590 2507 fasti—

2003 2525 2088 2594 gia
2119 2527 2263 2579 celsa
2292 2526 2596 2595 concurrit,
2628 2537 2683 2581 ut
2714 2542 2746 2582 a
2787 2530 3053 2601 suspectis
3080 2529 3295 2588 casibus
3334 2529 3591 2599 reddatur

2005 2618 2205 2680 aliena,
2240 2633 2358 2688 quae
2387 2620 2565 2674 multis
2596 2621 2848 2691 periculis
2891 2621 3143 2695 probatur
3169 2623 3419 2693 obnoxia.
3456 2622 3593 2680 Huic

2006 2711 2199 2763 merito
2225 2720 2583 2779 comparatur,
2636 2712 2726 2781 qui
2776 2712 2969 2767 diaboli
3016 2714 3272 2773 insidiosa
3305 2713 3449 2786 [ηιδερ
3497 2714 3587 2782 Λ.,

2009 2800 2104 2871 F.,
2133 2800 2374 2875 insidias]
2399 2802 2711 2871 formidans,
2730 2805 3039 2874 specialiter
3064 2807 3130 2861 ad
3161 2806 3413 2861 Ecclesiae
3436 2814 3591 2876 septa

2009 2911 2068 2951 se
2097 2896 2405 2962 conferens,
2432 2897 2484 2952 in
2511 2896 2628 2967 ejus
2656 2896 2866 2968 fastigio
2906 2898 3130 2969 vigilans
3170 2897 3434 2952 tutissime
3465 2912 3592 2966 per-

2012 2998 2245 3044 severat.
2282 2989 2503 3044 Unicum
2545 2989 2705 3059 dixit,
2755 2998 2971 3060 propter
3012 2992 3325 3049 charitatem
3358 3006 3476 3061 qua:
3510 3004 3591 3069 [ex

2011 3082 2192 3136 multis
2222 3081 2385 3152 339
2414 3096 2578 3135 unum
2611 3080 2755 3135 facit.
2796 3079 2865 3135 In
2898 3082 3139 3150 redi/icio,
3168 3092 3390 3151 propter
3415 3082 3598 3141 altitu:

309 3158 423 3237 Sed
446 3188 505 3235 ut
530 3182 697 3253 magis
722 3182 788 3236 ad
810 3158 1139 3252 spiritualem
1166 3158 1566 3256 intelligentiam
1591 3158 1900 3255 subeamus,
1934 3202 1980 3269 ρ
2012 3173 2188 3269 dinem
2222 3174 2339 3228 fidei
2374 3180 2428 3228 et
2461 3172 2823 3269 fortitudinem
2872 3174 3087 3269 mentis.
3130 3172 3593 3269 Considerandum

313 3289 436 3327 ossa
465 3288 557 3329 sua
585 3274 715 3329 dicit
747 3275 867 3330 fidei
896 3276 1221 3345 firmitatem,
1254 3292 1358 3348 qua
1404 3277 1770 3343 consistimus,
1802 3290 1903 3347 qua

304 3366 581 3432 valemus;
607 3381 763 3435 quam
797 3368 990 3422 merito
1021 3369 1163 3422 carni
1193 3368 1325 3423 dicit
1358 3369 1635 3443 adhaesisse
1682 3350 1905 3440 propter

308 3456 539 3512 fratrum
572 3458 1019 3533 mediocritatem,
1052 3476 1170 3530 qua:
1201 3454 1427 3516 necdum
1460 3461 1671 3529 ﬁrmata
1702 3461 1756 3514 in
1789 3459 1905 3515 Do-

312 3552 447 3607 mini
476 3552 674 3608 Christi
702 3554 1024 3609 confidentia
1055 3555 1425 3623 permanebat.
1482 3555 1575 3609 His
1609 3556 1787 3625 itaque
1809 3555 1905 3607 ad-

313 3645 559 3715 hwrebat,
590 3645 802 3725 quando
853 3661 949 3716 pro
987 3648 1113 3717 ipsis
1158 3648 1420 3704 sollicitus
1463 3645 1662 3719 jugiter
1708 3648 1904 3703 anxius

312 3748 452 3807 erat,
486 3754 552 3807 ne
583 3755 613 3795 a
635 3756 798 3813 regno
828 3740 1042 3795 Domini
1061 3742 1415 3797 redderentur
1438 3742 1618 3799 alieni.

398 3831 553 3888 Vers.
588 3832 641 3886 7.
676 3832 875 3887 Similis
905 3834 1070 3902 [actus
1101 3836 1329 3905 pelicano
1357 3836 1651 3891 solitudinis
1691 3834 1823 3907 [cd.,
1856 3836 1907 3891 in

314 3924 659 3995 solitudine]:
693 3927 859 4001 factus
891 3942 1004 3980 sum
1042 3928 1173 3982 sicut
1213 3929 1507 3998 nycticorax
1536 3929 1591 3982 in
1626 3929 1907 3984 domicilio.

320 4015 428 4072 Per
455 4017 569 4072 haec
600 4018 817 4073 nomina
839 4018 1111 4073 volucrum
1131 4020 1209 4088 (ut
1237 4020 1487 4091 arbitror)
1516 4023 1726 4075 diversa
1754 4020 1908 4074 nobis

319 4111 697 4183 poenitentium
725 4127 921 4183 genera
945 4112 1304 4169 declarantur.
1326 4111 1607 4167 Palicanus
1629 4114 1771 4166 enim
1795 4114 1909 4169 avis

318 4200 570 4274 Egyptia
596 4211 701 4266 est,
743 4204 967 4275 ciconiis
995 4205 1234 4275 corporis
1264 4206 1563 4277 granditate
1592 4205 1907 4273 consimilis,

318 4308 443 4364 quae
496 4295 722 4365 naturali
784 4295 955 4351 macie
1000 4310 1215 4366 semper
1263 4295 1451 4363 affecta
1495 4305 1618 4363 est,
1654 4295 1906 4365 quoniam

321 4387 485 4455 (sicut
516 4388 809 4463 physiologi
854 4391 1060 4462 volunt)
1103 4400 1259 4448 tenso
1287 4392 1546 4448 intestino
1581 4407 1674 4461 per
1702 4393 1909 4448 viscera

319 4480 579 4551 quidquid
634 4497 875 4539 escarum
936 4486 1152 4553 accipit,
1211 4486 1327 4540 sine
1376 4485 1551 4555 aliqua
1598 4485 1910 4542 decoctione

2008 3274 2090 3319 est
2118 3265 2276 3319 etiam
2306 3265 2758 3335 quemadmodum
2791 3266 2893 3321 iste
2911 3266 3217 3337 supplicans
3238 3279 3265 3318 a
3298 3254 3591 3333 majoribus

2007 3359 2192 3431 avibus
2246 3358 2490 3429 pelicano
2542 3369 2596 3415 et
2640 3358 2977 3430 nycticorace
3029 3360 3211 3428 carpit,
3254 3366 3308 3419 et
3351 3359 3598 3426 pervenit

2008 3464 2176 3529 usque
2205 3450 2273 3519 ad
2316 3451 2552 3521 passeris
2596 3450 3009 3509 minutissimam
3060 3452 3421 3519 parvitatem:
3466 3462 3598 3518 quo-

2008 3543 2151 3615 niam
2202 3542 2463 3613 gradatim
2508 3542 2791 3615 pteuitudo
2840 3541 3197 3611 descendens,
3252 3548 3421 3609 primo
3472 3542 3594 3605 loco

2008 3635 2227 3707 grandis
2255 3644 2359 3705 est,
2403 3636 2641 3693 secundo
2674 3636 2979 3701 mediocris,
3016 3635 3172 3690 tertio
3209 3634 3599 3691 consuetudine

2010 3727 2126 3797 ipsa
2158 3727 2377 3783 omnino
2411 3726 2731 3783 tolerabilis.
2762 3726 2856 3780 Hae
2883 3735 3059 3795 autem
3093 3740 3220 3781 aves
3256 3741 3350 3796 per
3377 3725 3599 3796 figuram

2012 3822 2299 3892 parabolen
2347 3821 2658 3877 hominibus
2698 3831 3112 3887 comparantur,
3158 3834 3354 3891 genere
3400 3820 3605 3875 discre-

2013 3924 2243 3982 pantes,
2298 3913 2394 3969 sed
2446 3912 2896 3967 consuetudinum
2952 3912 3208 3980 qualitate
3272 3910 3599 3967 consimiles.

2014 4006 2166 4071 Quod
2218 4013 2592 4075 argumentum
2647 4005 3065 4073 comparationis
3113 4004 3309 4059 dicitur
3362 4019 3428 4073 ex
3480 4019 3604 4063 [na-.-

2012 4097 2132 4167 jore
2175 4098 2241 4153 ad
2284 4096 2493 4163 minus;
2540 4095 2709 4151 multo
2737 4095 2880 4150 enim
2912 4096 3085 4165 major
3132 4105 3212 4152 est
3242 4095 3404 4152 homo
3444 4111 3603 4167 quam

2019 4206 2225 4262 passer.

2093 4285 2243 4351 Vers.
2275 4284 2324 4351 9.
2349 4283 2480 4337 Tota
2519 4284 2601 4338 die
2642 4282 3074 4352 exprobrauerunt
3120 4301 3199 4353 me
3230 4286 3421 4340 inimici
3472 4286 3606 4351 mei;

2018 4385 2066 4441 et
2091 4376 2174 4449 qui
2202 4374 2483 4429 laudabunt
2512 4392 2591 4428 me
2618 4374 2888 4430 adversum
2919 4392 2997 4430 me
3013 4378 3280 4448 jurabant.
3320 4377 3606 4434 Diabolicat

2017 4478 2227 4524 constat
2262 4484 2383 4526 esse
2425 4469 2663 4536 malitiae,
2707 4477 2765 4523 ut
2804 4485 2990 4527 servos
3025 4471 3119 4527 Dei
3160 4488 3296 4542 quos
3332 4474 3607 4543 tyrannica

320 4577 657 4630 transmittit.
679 4576 814 4631 Hinc
838 4576 895 4631 ﬁt
914 4585 972 4631 ut
994 4577 1147 4647 adipe
1166 4578 1381 4647 proprio
1399 4577 1619 4634 minime
1637 4578 1901 4643 farciatur,

2018 4578 2123 4618 non
2174 4573 2352 4634 potest
2404 4565 2822 4637 praesumptione
2871 4565 3258 4634 comprimere,
3316 4567 3607 4622 artificiosa

320 4668 447 4737 quia
481 4671 802 4739 parvissimo
848 4673 1087 4728 ciborum
1138 4687 1299 4731 succo
1338 4673 1614 4739 reﬁcitur;
1656 4689 1777 4745 qua:
1806 4688 1913 4729 non

320 4763 582 4832 gregatim
603 4771 659 4818 ut
680 4772 890 4819 creterra
913 4780 1038 4820 aves
1053 4767 1215 4831 volat,
1230 4766 1321 4820 sed
1345 4762 1698 4823 delectatione
1714 4780 1774 4820 se
1790 4766 1917 4818 soli-

322 4854 461 4908 taria
484 4856 811 4929 consolatur.
833 4854 1031 4913 Eorum
1051 4873 1209 4912 unum
1232 4872 1403 4928 genus
1417 4858 1612 4913 dicitur
1634 4873 1752 4919 esse
1774 4857 1915 4925 quod

324 4946 531 5015 stagnis
560 4945 861 5013 inhabitat,
914 4947 1057 5003 aliud
1096 4947 1256 5021 (sicut
1301 4950 1501 5005 dictum
1532 4952 1634 5018 est)
1674 4948 1814 5016 quod
1862 4948 1916 5002 in

324 5036 554 5094 desertis
584 5038 718 5095 locis
767 5038 1097 5109 secretisque
1141 5048 1408 5096 versatur.
1468 5039 1571 5095 Per
1610 5038 1714 5093 hoc
1756 5038 1916 5108 igitur

326 5129 505 5185 avium
532 5144 700 5201 genus
727 5130 1090 5203 pulcherrime
1125 5128 1499 5199 signiﬁcantur
1526 5130 1790 5196 eremitaz,
1826 5128 1917 5198 qui

328 5221 606 5293 hominum
639 5222 914 5278 consortio
942 5222 1224 5291 derelicto,
1250 5223 1442 5277 timore
1471 5221 1681 5279 Dmini
1709 5230 1918 5277 remota

329 5329 390 5370 se
426 5315 715 5372 afﬂictione
738 5316 1084 5387 discruciant.
1133 5317 1407 5387 Sequitur,
1453 5317 1619 5387 [actus
1648 5332 1759 5370 sunt
1788 5316 1916 5371 sicut

328 5408 626 5478 rtycticoraa:
650 5409 704 5463 in
736 5409 1016 5463 domicilio.
1048 5407 1201 5463 Aliud
1228 5423 1395 5477 genus
1418 5406 1776 5463 introducitur
1806 5422 1920 5478 pm-

328 5493 552 5551 nitentis
582 5496 715 5569 [ed.,
744 5495 1158 5571 paenitentiam].
1194 5496 1511 5567 Nycticorax
1536 5496 1725 5552 Graeco
1756 5512 1916 5553 voca-

330 5585 456 5643 bulo
482 5588 676 5643 dicitur
696 5589 868 5645 noctis
897 5604 1111 5652 corvus,
1150 5604 1308 5658 quem
1359 5588 1576 5658 quidam
1624 5588 1911 5660 bubonem,

332 5679 542 5751 quidam
600 5691 850 5736 noctuam
904 5696 1025 5737 esse
1073 5680 1486 5736 dixeruntzalii
1540 5680 1707 5749 magis
1754 5695 1917 5736 corvo

333 5774 695 5848 magnitudine
722 5783 781 5829 et
808 5774 990 5830 colore
1030 5774 1392 5841 consimilem,
1416 5788 1574 5844 quem
1607 5772 1916 5843 specialiter

331 5862 391 5923 in
410 5864 547 5945 Asia;
568 5865 808 5938 partibus
836 5865 1070 5924 inveniri
1094 5880 1255 5938 posse
1287 5874 1565 5923 testantur.
1593 5864 1753 5921 Istum
1774 5864 1916 5923 sicut

2020 4660 2195 4731 potius
2226 4660 2474 4715 illusione
2511 4657 2778 4729 decipiat;
2826 4666 2885 4717 ut
2935 4660 3025 4727 qui
3069 4658 3266 4727 apertis
3306 4660 3605 4713 terroribus

2018 4767 2125 4807 non
2154 4752 2378 4816 cedunt,
2408 4749 2669 4805 derisoria
2699 4750 2866 4819 magis
2895 4749 3261 4818 increpatione
3300 4750 3604 4805 flectantur.

2019 4846 2148 4912 Quae
2178 4845 2346 4915 figura
2378 4842 2572 4897 dicitur
2614 4841 2805 4907 ironia,
2846 4842 2900 4896 id
2940 4849 3024 4897 est
3062 4841 3269 4907 irrisio,
3316 4856 3434 4910 quae
3462 4840 3609 4896 aliud

2019 4950 2179 5005 quam
2207 4943 2434 4989 conatur
2457 4933 2710 4989 ostendit.
2740 4934 3074 5002 Quapropter
3103 4932 3260 4987 istum
3281 4931 3610 5001 affligentem

2020 5043 2079 5085 se
2112 5036 2167 5082 et
2210 5028 2355 5087 velut
2397 5026 2624 5084 inaniter
2663 5027 2996 5085 laborantem
3035 5034 3345 5097 peccatores
3377 5028 3609 5097 graviter

2022 5121 2335 5177 irridebant.
2388 5122 2457 5177 Et
2494 5130 2551 5176 ut
2596 5128 2866 5176 cresceret
2902 5120 3068 5189 ipsius
3098 5121 3371 5189 opprobrii
3405 5121 3609 5190 magni-

2023 5213 2173 5281 tudo,
2197 5214 2326 5269 dicit
2347 5228 2441 5268 eos
2471 5214 2524 5268 in
2558 5213 2673 5282 ipsa
2697 5212 3061 5267 detestatione
3090 5212 3318 5283 jurasse.
3349 5202 3440 5269 Sic
3465 5214 3610 5268 enim

2021 5306 2351 5363 consuetudo
2399 5315 2481 5361 est
2530 5306 2797 5374 perversis
2838 5306 3019 5362 dicere
3069 5324 3083 5360 :
3131 5306 3187 5361 Si
3236 5308 3396 5362 talem
3444 5307 3610 5361 vitam

2024 5414 2129 5455 non
2160 5398 2386 5465 habeam
2417 5397 2627 5468 qualem
2671 5398 2775 5455 iste
2801 5399 3050 5468 sustinet,
3083 5400 3172 5469 qui
3195 5398 3309 5469 jam
3337 5414 3445 5459 non
3475 5398 3612 5455 vivis

2024 5491 2355 5556 hominibus,
2388 5489 2484 5545 sed
2515 5491 2865 5547 cadaveribus
2898 5490 3076 5560 potius
3100 5490 3313 5547 videtur
3338 5505 3458 5546 esse
3485 5504 3614 5545 con-

2024 5584 2237 5640 similis.
2282 5582 2656 5639 Laudaverant
2684 5583 2831 5649 enim
2859 5583 3026 5654 prius,
3070 5599 3191 5638 cum
3233 5581 3477 5645 saeculari
3502 5583 3616 5637 vita

1991 5677 2328 5742 ,frueretur;
2382 5685 2569 5747 postea
2636 5677 2737 5737 sub
2775 5677 3128 5748 jurejurando
3173 5674 3425 5733 detestati
3463 5683 3615 5741 sunt,

2023 5771 2237 5842 quando
2265 5786 2388 5827 cum
2416 5771 2650 5827 similem
2679 5771 2907 5827 mortuis
2936 5771 3359 5833 restimavettunt.

2098 5863 2254 5922 Vers.
2296 5861 2382 5937 10.
2434 5862 2569 5932 Quia
2612 5866 2834 5923 cinerem
2876 5872 3122 5933 tanquam
3161 5874 3344 5930 partem
3388 5855 3618 5914 mandu-
