  <div class='ocr_page' id='page_1' title='image "/cluster/home/n/w/nwhite01/storage/ocr_20150623/70/hvd.32044015469356/361.png"; bbox 0 0 4092 6344; ppageno 0'>
   <div class='ocr_carea' id='block_1_1' title="bbox 453 346 2060 428">
    <p class='ocr_par' dir='ltr' id='par_1_1' title="bbox 453 359 2060 428">
     <span class='ocr_line' id='line_1_1' title="bbox 453 359 2060 428; baseline -0.006 0"><span class='ocrx_word' id='word_1_1' title='bbox 453 372 556 428; x_wconf 76' lang='lat' dir='ltr'><strong>7H</strong></span> <span class='ocrx_word' id='word_1_2' title='bbox 1671 365 1744 423; x_wconf 74' lang='grc' dir='ltr'><strong>Μ.</strong></span> <span class='ocrx_word' id='word_1_3' title='bbox 1784 359 2060 421; x_wconf 79' lang='lat' dir='ltr'><strong>AURELII</strong></span> 
     </span>
    </p>
   </div>
   <div class='ocr_carea' id='block_1_2' title="bbox 2165 346 3729 428">
    <p class='ocr_par' dir='ltr' id='par_1_2' title="bbox 2165 346 3729 421">
     <span class='ocr_line' id='line_1_2' title="bbox 2165 346 3729 421; baseline -0.012 -3"><span class='ocrx_word' id='word_1_4' title='bbox 2165 357 2512 421; x_wconf 68' lang='lat' dir='ltr'><strong>\SSIODORI</strong></span> <span class='ocrx_word' id='word_1_5' title='bbox 3619 346 3729 401; x_wconf 65' lang='grc' dir='ltr'><strong>ἨΞ</strong></span> 
     </span>
    </p>
   </div>
   <div class='ocr_carea' id='block_1_3' title="bbox 452 461 3732 562">
    <p class='ocr_par' dir='ltr' id='par_1_3' title="bbox 452 461 3732 562">
     <span class='ocr_line' id='line_1_3' title="bbox 452 461 3732 562; baseline -0.01 -12"><span class='ocrx_word' id='word_1_6' title='bbox 452 492 651 559; x_wconf 78' lang='lat' dir='ltr'><strong>cubant,</strong></span> <span class='ocrx_word' id='word_1_7' title='bbox 673 495 722 546; x_wconf 84' lang='lat' dir='ltr'><strong>et</strong></span> <span class='ocrx_word' id='word_1_8' title='bbox 751 497 926 562; x_wconf 76' lang='lat' dir='ltr'><strong>potum</strong></span> <span class='ocrx_word' id='word_1_9' title='bbox 945 500 1110 542; x_wconf 85' lang='lat' dir='ltr'><strong>meum</strong></span> <span class='ocrx_word' id='word_1_10' title='bbox 1125 498 1241 538; x_wconf 88' lang='lat' dir='ltr'><strong>cum</strong></span> <span class='ocrx_word' id='word_1_11' title='bbox 1261 485 1387 555; x_wconf 76' lang='lat' dir='ltr'><strong>ﬂetu</strong></span> <span class='ocrx_word' id='word_1_12' title='bbox 1410 481 1772 548; x_wconf 82' lang='lat' dir='ltr'><strong>temperabam.</strong></span> <span class='ocrx_word' id='word_1_13' title='bbox 1816 479 2040 536; x_wconf 80' lang='lat' dir='ltr'><strong>Causam</strong></span> <span class='ocrx_word' id='word_1_14' title='bbox 2067 482 2124 544; x_wconf 76' lang='grc' dir='ltr'>Α</span> <span class='ocrx_word' id='word_1_15' title='bbox 2147 494 2279 536; x_wconf 91' lang='lat' dir='ltr'><strong>sona</strong></span> <span class='ocrx_word' id='word_1_16' title='bbox 2328 476 2632 533; x_wconf 90' lang='lat' dir='ltr'><strong>introducta</strong></span> <span class='ocrx_word' id='word_1_17' title='bbox 2675 469 2940 536; x_wconf 83' lang='lat' dir='ltr'><strong>videatur,</strong></span> <span class='ocrx_word' id='word_1_18' title='bbox 2981 474 3168 525; x_wconf 85' lang='lat' dir='ltr'><strong>tamen</strong></span> <span class='ocrx_word' id='word_1_19' title='bbox 3198 464 3362 538; x_wconf 80' lang='lat' dir='ltr'><strong>(sicut</strong></span> <span class='ocrx_word' id='word_1_20' title='bbox 3401 475 3549 533; x_wconf 68' lang='lat' dir='ltr'><strong>saepe</strong></span> <span class='ocrx_word' id='word_1_21' title='bbox 3591 461 3732 518; x_wconf 83' lang='lat' dir='ltr'><strong>dixi-</strong></span> 
     </span>
    </p>
   </div>
   <div class='ocr_carea' id='block_1_4' title="bbox 453 555 3731 645">
    <p class='ocr_par' dir='ltr' id='par_1_4' title="bbox 453 555 3731 645">
     <span class='ocr_line' id='line_1_4' title="bbox 453 555 3731 645; baseline -0.01 -1"><span class='ocrx_word' id='word_1_22' title='bbox 453 555 647 644; x_wconf 37' lang='lat' dir='ltr'><strong>reddit-</strong></span> <span class='ocrx_word' id='word_1_23' title='bbox 680 555 777 641; x_wconf 80' lang='lat' dir='ltr'><strong>cur</strong></span> <span class='ocrx_word' id='word_1_24' title='bbox 822 583 892 639; x_wconf 90' lang='lat' dir='ltr'><strong>ab</strong></span> <span class='ocrx_word' id='word_1_25' title='bbox 933 578 1184 645; x_wconf 91' lang='lat' dir='ltr'><strong>inimicis,</strong></span> <span class='ocrx_word' id='word_1_26' title='bbox 1238 578 1322 634; x_wconf 86' lang='lat' dir='ltr'><strong>vel</strong></span> <span class='ocrx_word' id='word_1_27' title='bbox 1373 591 1404 631; x_wconf 88' lang='lat' dir='ltr'><strong>a</strong></span> <span class='ocrx_word' id='word_1_28' title='bbox 1452 577 1593 632; x_wconf 90' lang='lat' dir='ltr'><strong>notis</strong></span> <span class='ocrx_word' id='word_1_29' title='bbox 1640 576 1692 631; x_wconf 93' lang='lat' dir='ltr'><strong>in</strong></span> <span class='ocrx_word' id='word_1_30' title='bbox 1739 574 1858 645; x_wconf 85' lang='lat' dir='ltr'><strong>ejus</strong></span> <span class='ocrx_word' id='word_1_31' title='bbox 1901 574 2038 629; x_wconf 88' lang='lat' dir='ltr'><strong>facie</strong></span> <span class='ocrx_word' id='word_1_32' title='bbox 2138 572 2286 643; x_wconf 85' lang='lat' dir='ltr'><strong>mus)</strong></span> <span class='ocrx_word' id='word_1_33' title='bbox 2315 572 2454 628; x_wconf 90' lang='lat' dir='ltr'><strong>bona</strong></span> <span class='ocrx_word' id='word_1_34' title='bbox 2496 567 2747 638; x_wconf 89' lang='lat' dir='ltr'><strong>malaque</strong></span> <span class='ocrx_word' id='word_1_35' title='bbox 2775 563 2986 636; x_wconf 77' lang='lat' dir='ltr'><strong>generis</strong></span> <span class='ocrx_word' id='word_1_36' title='bbox 3024 560 3241 616; x_wconf 85' lang='lat' dir='ltr'><strong>humani</strong></span> <span class='ocrx_word' id='word_1_37' title='bbox 3277 555 3731 628; x_wconf 87' lang='lat' dir='ltr'><strong>prudentissimus</strong></span> 
     </span>
    </p>
   </div>
   <div class='ocr_carea' id='block_1_5' title="bbox 453 645 3736 743">
    <p class='ocr_par' dir='ltr' id='par_1_5' title="bbox 453 645 3736 743">
     <span class='ocr_line' id='line_1_5' title="bbox 453 645 3736 743; baseline -0.012 -4"><span class='ocrx_word' id='word_1_38' title='bbox 453 677 886 743; x_wconf 87' lang='lat' dir='ltr'><strong>malediceretur,</strong></span> <span class='ocrx_word' id='word_1_39' title='bbox 932 673 1072 728; x_wconf 80' lang='lat' dir='ltr'><strong>sicut</strong></span> <span class='ocrx_word' id='word_1_40' title='bbox 1117 680 1172 727; x_wconf 90' lang='lat' dir='ltr'><strong>et</strong></span> <span class='ocrx_word' id='word_1_41' title='bbox 1209 669 1311 724; x_wconf 87' lang='lat' dir='ltr'><strong>Job</strong></span> <span class='ocrx_word' id='word_1_42' title='bbox 1357 668 1644 739; x_wconf 76' lang='lat' dir='ltr'><strong>pertulisse</strong></span> <span class='ocrx_word' id='word_1_43' title='bbox 1693 665 2037 722; x_wconf 90' lang='lat' dir='ltr'><strong>manifestum</strong></span> <span class='ocrx_word' id='word_1_44' title='bbox 2141 675 2491 722; x_wconf 90' lang='lat' dir='ltr'><strong>ennmerator</strong></span> <span class='ocrx_word' id='word_1_45' title='bbox 2518 661 2772 716; x_wconf 76' lang='lat' dir='ltr'><strong>insinuat.</strong></span> <span class='ocrx_word' id='word_1_46' title='bbox 2827 657 3005 711; x_wconf 84' lang='lat' dir='ltr'><strong>Elevat</strong></span> <span class='ocrx_word' id='word_1_47' title='bbox 3035 654 3174 710; x_wconf 90' lang='lat' dir='ltr'><strong>enim</strong></span> <span class='ocrx_word' id='word_1_48' title='bbox 3205 648 3464 706; x_wconf 87' lang='lat' dir='ltr'><strong>Dominus</strong></span> <span class='ocrx_word' id='word_1_49' title='bbox 3491 648 3606 704; x_wconf 89' lang='lat' dir='ltr'><strong>suis</strong></span> <span class='ocrx_word' id='word_1_50' title='bbox 3633 645 3736 702; x_wconf 87' lang='lat' dir='ltr'><strong>be-</strong></span> 
     </span>
    </p>
   </div>
   <div class='ocr_carea' id='block_1_6' title="bbox 456 739 3734 839">
    <p class='ocr_par' dir='ltr' id='par_1_6' title="bbox 456 739 3734 839">
     <span class='ocr_line' id='line_1_6' title="bbox 456 739 3734 839; baseline -0.01 -13"><span class='ocrx_word' id='word_1_51' title='bbox 456 781 561 839; x_wconf 90' lang='lat' dir='ltr'><strong>est,</strong></span> <span class='ocrx_word' id='word_1_52' title='bbox 590 770 742 839; x_wconf 87' lang='lat' dir='ltr'><strong>cujus</strong></span> <span class='ocrx_word' id='word_1_53' title='bbox 771 767 876 822; x_wconf 90' lang='lat' dir='ltr'><strong>vita</strong></span> <span class='ocrx_word' id='word_1_54' title='bbox 904 762 1164 835; x_wconf 80' lang='lat' dir='ltr'><strong>proximis</strong></span> <span class='ocrx_word' id='word_1_55' title='bbox 1193 761 1278 816; x_wconf 91' lang='lat' dir='ltr'><strong>vel</strong></span> <span class='ocrx_word' id='word_1_56' title='bbox 1313 761 1498 816; x_wconf 84' lang='lat' dir='ltr'><strong>amicis</strong></span> <span class='ocrx_word' id='word_1_57' title='bbox 1527 759 1846 830; x_wconf 85' lang='lat' dir='ltr'><strong>gravissimo</strong></span> <span class='ocrx_word' id='word_1_58' title='bbox 1883 770 2044 826; x_wconf 83' lang='lat' dir='ltr'><strong>squa-</strong></span> <span class='ocrx_word' id='word_1_59' title='bbox 2145 757 2352 814; x_wconf 89' lang='lat' dir='ltr'><strong>neﬂciis</strong></span> <span class='ocrx_word' id='word_1_60' title='bbox 2381 753 2709 812; x_wconf 86' lang='lat' dir='ltr'><strong>creberrime</strong></span> <span class='ocrx_word' id='word_1_61' title='bbox 2738 755 3075 821; x_wconf 88' lang='lat' dir='ltr'><strong>peceatores,</strong></span> <span class='ocrx_word' id='word_1_62' title='bbox 3103 745 3298 816; x_wconf 89' lang='lat' dir='ltr'><strong>quibus</strong></span> <span class='ocrx_word' id='word_1_63' title='bbox 3335 756 3468 813; x_wconf 89' lang='lat' dir='ltr'><strong>opes</strong></span> <span class='ocrx_word' id='word_1_64' title='bbox 3500 739 3734 806; x_wconf 89' lang='lat' dir='ltr'><strong>confert,</strong></span> 
     </span>
    </p>
   </div>
   <div class='ocr_carea' id='block_1_7' title="bbox 456 831 3737 918">
    <p class='ocr_par' dir='ltr' id='par_1_7' title="bbox 456 831 3737 918">
     <span class='ocr_line' id='line_1_7' title="bbox 456 831 3737 918; baseline -0.01 1"><span class='ocrx_word' id='word_1_65' title='bbox 456 831 569 918; x_wconf 80' lang='lat' dir='ltr'><strong>lore</strong></span> <span class='ocrx_word' id='word_1_66' title='bbox 593 831 861 916; x_wconf 72' lang='lat' dir='ltr'><strong>sordebat.</strong></span> <span class='ocrx_word' id='word_1_67' title='bbox 885 831 1172 912; x_wconf 66' lang='lat' dir='ltr'><strong>Sollicitius</strong></span> <span class='ocrx_word' id='word_1_68' title='bbox 1193 861 1371 910; x_wconf 89' lang='lat' dir='ltr'><strong>autem</strong></span> <span class='ocrx_word' id='word_1_69' title='bbox 1393 866 1582 907; x_wconf 90' lang='lat' dir='ltr'><strong>versus</strong></span> <span class='ocrx_word' id='word_1_70' title='bbox 1602 851 1706 906; x_wconf 89' lang='lat' dir='ltr'><strong>iste</strong></span> <span class='ocrx_word' id='word_1_71' title='bbox 1731 848 2042 904; x_wconf 82' lang='lat' dir='ltr'><strong>tractandus</strong></span> <span class='ocrx_word' id='word_1_72' title='bbox 2144 848 2305 903; x_wconf 87' lang='lat' dir='ltr'><strong>vitam</strong></span> <span class='ocrx_word' id='word_1_73' title='bbox 2332 846 2596 914; x_wconf 78' lang='lat' dir='ltr'><strong>concedit,</strong></span> <span class='ocrx_word' id='word_1_74' title='bbox 2628 843 2810 899; x_wconf 81' lang='lat' dir='ltr'><strong>saeculi</strong></span> <span class='ocrx_word' id='word_1_75' title='bbox 2839 841 3061 912; x_wconf 93' lang='lat' dir='ltr'><strong>gloriam</strong></span> <span class='ocrx_word' id='word_1_76' title='bbox 3115 835 3244 909; x_wconf 89' lang='lat' dir='ltr'><strong>[ed.,</strong></span> <span class='ocrx_word' id='word_1_77' title='bbox 3269 831 3524 905; x_wconf 78' lang='lat' dir='ltr'><strong>gloriosa]</strong></span> <span class='ocrx_word' id='word_1_78' title='bbox 3571 831 3737 903; x_wconf 82' lang='lat' dir='ltr'><strong>largi-</strong></span> 
     </span>
    </p>
   </div>
   <div class='ocr_carea' id='block_1_8' title="bbox 456 939 2041 1024">
    <p class='ocr_par' dir='ltr' id='par_1_8' title="bbox 456 939 2041 1024">
     <span class='ocr_line' id='line_1_8' title="bbox 456 939 2041 1024; baseline -0.013 -11"><span class='ocrx_word' id='word_1_79' title='bbox 456 964 574 1024; x_wconf 91' lang='lat' dir='ltr'><strong>est,</strong></span> <span class='ocrx_word' id='word_1_80' title='bbox 643 968 713 1009; x_wconf 90' lang='lat' dir='ltr'><strong>ne</strong></span> <span class='ocrx_word' id='word_1_81' title='bbox 765 960 952 1008; x_wconf 90' lang='lat' dir='ltr'><strong>contra</strong></span> <span class='ocrx_word' id='word_1_82' title='bbox 998 949 1281 1004; x_wconf 86' lang='lat' dir='ltr'><strong>humanam</strong></span> <span class='ocrx_word' id='word_1_83' title='bbox 1341 943 1784 1002; x_wconf 73' lang='lat' dir='ltr'><strong>consuetudinem</strong></span> <span class='ocrx_word' id='word_1_84' title='bbox 1835 939 2041 994; x_wconf 84' lang='lat' dir='ltr'><strong>favillas</strong></span> 
     </span>
    </p>
   </div>
   <div class='ocr_carea' id='block_1_9' title="bbox 455 1029 2042 1118">
    <p class='ocr_par' dir='ltr' id='par_1_9' title="bbox 455 1029 2042 1118">
     <span class='ocr_line' id='line_1_9' title="bbox 455 1029 2042 1118; baseline -0.013 -14"><span class='ocrx_word' id='word_1_85' title='bbox 455 1047 720 1118; x_wconf 89' lang='lat' dir='ltr'><strong>lignorum</strong></span> <span class='ocrx_word' id='word_1_86' title='bbox 746 1058 924 1102; x_wconf 85' lang='lat' dir='ltr'><strong>escam</strong></span> <span class='ocrx_word' id='word_1_87' title='bbox 954 1052 1203 1114; x_wconf 89' lang='lat' dir='ltr'><strong>putemus</strong></span> <span class='ocrx_word' id='word_1_88' title='bbox 1231 1052 1351 1094; x_wconf 89' lang='lat' dir='ltr'><strong>esse</strong></span> <span class='ocrx_word' id='word_1_89' title='bbox 1379 1037 1777 1108; x_wconf 72' lang='lat' dir='ltr'><strong>ptenitentium.</strong></span> <span class='ocrx_word' id='word_1_90' title='bbox 1810 1029 2042 1088; x_wconf 83' lang='lat' dir='ltr'><strong>Cinerem</strong></span> 
     </span>
    </p>
   </div>
   <div class='ocr_carea' id='block_1_10' title="bbox 455 1126 2044 1200">
    <p class='ocr_par' dir='ltr' id='par_1_10' title="bbox 455 1126 2044 1200">
     <span class='ocr_line' id='line_1_10' title="bbox 455 1126 2044 1200; baseline -0.014 -3"><span class='ocrx_word' id='word_1_91' title='bbox 455 1141 702 1197; x_wconf 88' lang='lat' dir='ltr'><strong>novimus</strong></span> <span class='ocrx_word' id='word_1_92' title='bbox 741 1142 1052 1192; x_wconf 86' lang='lat' dir='ltr'><strong>exustorum</strong></span> <span class='ocrx_word' id='word_1_93' title='bbox 1093 1130 1346 1200; x_wconf 85' lang='lat' dir='ltr'><strong>reliquias</strong></span> <span class='ocrx_word' id='word_1_94' title='bbox 1390 1142 1511 1183; x_wconf 90' lang='lat' dir='ltr'><strong>esse</strong></span> <span class='ocrx_word' id='word_1_95' title='bbox 1552 1126 1878 1188; x_wconf 83' lang='lat' dir='ltr'><strong>carbonum,</strong></span> <span class='ocrx_word' id='word_1_96' title='bbox 1909 1134 2044 1192; x_wconf 87' lang='lat' dir='ltr'><strong>quas</strong></span> 
     </span>
    </p>
   </div>
   <div class='ocr_carea' id='block_1_11' title="bbox 459 1217 2046 1298">
    <p class='ocr_par' dir='ltr' id='par_1_11' title="bbox 459 1217 2046 1298">
     <span class='ocr_line' id='line_1_11' title="bbox 459 1217 2046 1298; baseline -0.014 -10"><span class='ocrx_word' id='word_1_97' title='bbox 459 1231 652 1288; x_wconf 88' lang='lat' dir='ltr'><strong>merito</strong></span> <span class='ocrx_word' id='word_1_98' title='bbox 681 1227 914 1298; x_wconf 73' lang='lat' dir='ltr'><strong>peccatis</strong></span> <span class='ocrx_word' id='word_1_99' title='bbox 953 1224 1183 1280; x_wconf 85' lang='lat' dir='ltr'><strong>dicimus</strong></span> <span class='ocrx_word' id='word_1_100' title='bbox 1209 1220 1544 1289; x_wconf 91' lang='lat' dir='ltr'><strong>comparari;</strong></span> <span class='ocrx_word' id='word_1_101' title='bbox 1579 1224 1637 1270; x_wconf 92' lang='lat' dir='ltr'><strong>ut</strong></span> <span class='ocrx_word' id='word_1_102' title='bbox 1685 1217 1802 1284; x_wconf 85' lang='lat' dir='ltr'><strong>ipsa</strong></span> <span class='ocrx_word' id='word_1_103' title='bbox 1832 1225 2046 1283; x_wconf 87' lang='lat' dir='ltr'><strong>quoque</strong></span> 
     </span>
    </p>
   </div>
   <div class='ocr_carea' id='block_1_12' title="bbox 457 1305 2048 1380">
    <p class='ocr_par' dir='ltr' id='par_1_12' title="bbox 457 1305 2048 1380">
     <span class='ocr_line' id='line_1_12' title="bbox 457 1305 2048 1380; baseline -0.015 0"><span class='ocrx_word' id='word_1_104' title='bbox 457 1324 692 1380; x_wconf 74' lang='lat' dir='ltr'><strong>tenuitas</strong></span> <span class='ocrx_word' id='word_1_105' title='bbox 730 1319 1051 1376; x_wconf 86' lang='lat' dir='ltr'><strong>delictorum</strong></span> <span class='ocrx_word' id='word_1_106' title='bbox 1091 1312 1440 1368; x_wconf 87' lang='lat' dir='ltr'><strong>afﬂictionum</strong></span> <span class='ocrx_word' id='word_1_107' title='bbox 1487 1307 1762 1364; x_wconf 87' lang='lat' dir='ltr'><strong>doloribus</strong></span> <span class='ocrx_word' id='word_1_108' title='bbox 1802 1305 2048 1359; x_wconf 85' lang='lat' dir='ltr'><strong>absuma-</strong></span> 
     </span>
    </p>
   </div>
   <div class='ocr_carea' id='block_1_13' title="bbox 462 1403 2045 1485">
    <p class='ocr_par' dir='ltr' id='par_1_13' title="bbox 462 1403 2045 1485">
     <span class='ocr_line' id='line_1_13' title="bbox 462 1403 2045 1485; baseline -0.015 -10"><span class='ocrx_word' id='word_1_109' title='bbox 462 1427 566 1475; x_wconf 87' lang='lat' dir='ltr'><strong>tur.</strong></span> <span class='ocrx_word' id='word_1_110' title='bbox 615 1417 747 1473; x_wconf 80' lang='lat' dir='ltr'><strong>Nam</strong></span> <span class='ocrx_word' id='word_1_111' title='bbox 795 1413 1039 1485; x_wconf 85' lang='lat' dir='ltr'><strong>quamvis</strong></span> <span class='ocrx_word' id='word_1_112' title='bbox 1085 1409 1333 1478; x_wconf 80' lang='lat' dir='ltr'><strong>exiguum</strong></span> <span class='ocrx_word' id='word_1_113' title='bbox 1380 1403 1447 1459; x_wconf 92' lang='lat' dir='ltr'><strong>de</strong></span> <span class='ocrx_word' id='word_1_114' title='bbox 1487 1405 1707 1472; x_wconf 70' lang='lat' dir='ltr'><strong>pe¢cato</strong></span> <span class='ocrx_word' id='word_1_115' title='bbox 1749 1405 2045 1462; x_wconf 85' lang='lat' dir='ltr'><strong>remaneat,</strong></span> 
     </span>
    </p>
   </div>
   <div class='ocr_carea' id='block_1_14' title="bbox 2148 925 3736 1007">
    <p class='ocr_par' dir='ltr' id='par_1_14' title="bbox 2148 925 3736 1007">
     <span class='ocr_line' id='line_1_14' title="bbox 2148 925 3736 1007; baseline -0.009 -11"><span class='ocrx_word' id='word_1_116' title='bbox 2148 949 2256 1007; x_wconf 89' lang='lat' dir='ltr'><strong>tur,</strong></span> <span class='ocrx_word' id='word_1_117' title='bbox 2289 948 2343 995; x_wconf 88' lang='lat' dir='ltr'><strong>et</strong></span> <span class='ocrx_word' id='word_1_118' title='bbox 2369 939 2423 994; x_wconf 90' lang='lat' dir='ltr'><strong>in</strong></span> <span class='ocrx_word' id='word_1_119' title='bbox 2455 939 2693 993; x_wconf 90' lang='lat' dir='ltr'><strong>omnium</strong></span> <span class='ocrx_word' id='word_1_120' title='bbox 2727 935 2853 991; x_wconf 80' lang='lat' dir='ltr'><strong>facit</strong></span> <span class='ocrx_word' id='word_1_121' title='bbox 2879 931 3190 988; x_wconf 87' lang='lat' dir='ltr'><strong>celebritate</strong></span> <span class='ocrx_word' id='word_1_122' title='bbox 3221 929 3448 984; x_wconf 87' lang='lat' dir='ltr'><strong>versari.</strong></span> <span class='ocrx_word' id='word_1_123' title='bbox 3482 925 3590 983; x_wconf 85' lang='lat' dir='ltr'><strong>Sed</strong></span> <span class='ocrx_word' id='word_1_124' title='bbox 3611 927 3736 981; x_wconf 88' lang='lat' dir='ltr'><strong>dum</strong></span> 
     </span>
    </p>
   </div>
   <div class='ocr_carea' id='block_1_15' title="bbox 2149 1018 3736 1102">
    <p class='ocr_par' dir='ltr' id='par_1_15' title="bbox 2149 1018 3736 1102">
     <span class='ocr_line' id='line_1_15' title="bbox 2149 1018 3736 1102; baseline -0.011 -13"><span class='ocrx_word' id='word_1_125' title='bbox 2149 1035 2206 1090; x_wconf 89' lang='lat' dir='ltr'><strong>in</strong></span> <span class='ocrx_word' id='word_1_126' title='bbox 2232 1029 2534 1102; x_wconf 82' lang='lat' dir='ltr'><strong>superbiam</strong></span> <span class='ocrx_word' id='word_1_127' title='bbox 2560 1029 2762 1085; x_wconf 91' lang='lat' dir='ltr'><strong>tumida</strong></span> <span class='ocrx_word' id='word_1_128' title='bbox 2786 1025 3092 1082; x_wconf 85' lang='lat' dir='ltr'><strong>mortalium</strong></span> <span class='ocrx_word' id='word_1_129' title='bbox 3116 1020 3280 1077; x_wconf 87' lang='lat' dir='ltr'><strong>corda</strong></span> <span class='ocrx_word' id='word_1_130' title='bbox 3303 1018 3736 1085; x_wconf 89' lang='lat' dir='ltr'><strong>conscenderint,</strong></span> 
     </span>
    </p>
   </div>
   <div class='ocr_carea' id='block_1_16' title="bbox 2152 1112 3738 1196">
    <p class='ocr_par' dir='ltr' id='par_1_16' title="bbox 2152 1112 3738 1196">
     <span class='ocr_line' id='line_1_16' title="bbox 2152 1112 3738 1196; baseline -0.009 -13"><span class='ocrx_word' id='word_1_131' title='bbox 2152 1136 2408 1196; x_wconf 88' lang='lat' dir='ltr'><strong>tanquam</strong></span> <span class='ocrx_word' id='word_1_132' title='bbox 2438 1123 2747 1180; x_wconf 86' lang='lat' dir='ltr'><strong>moderator</strong></span> <span class='ocrx_word' id='word_1_133' title='bbox 2775 1119 3004 1177; x_wconf 79' lang='lat' dir='ltr'><strong>eximius</strong></span> <span class='ocrx_word' id='word_1_134' title='bbox 3053 1131 3083 1172; x_wconf 89' lang='lat' dir='ltr'><strong>a</strong></span> <span class='ocrx_word' id='word_1_135' title='bbox 3110 1115 3304 1171; x_wconf 88' lang='lat' dir='ltr'><strong>collata</strong></span> <span class='ocrx_word' id='word_1_136' title='bbox 3337 1114 3582 1183; x_wconf 77' lang='lat' dir='ltr'><strong>largitate</strong></span> <span class='ocrx_word' id='word_1_137' title='bbox 3611 1112 3738 1168; x_wconf 86' lang='lat' dir='ltr'><strong>sub-</strong></span> 
     </span>
    </p>
   </div>
   <div class='ocr_carea' id='block_1_17' title="bbox 2150 1205 3738 1286">
    <p class='ocr_par' dir='ltr' id='par_1_17' title="bbox 2150 1205 3738 1286">
     <span class='ocr_line' id='line_1_17' title="bbox 2150 1205 3738 1286; baseline -0.013 -8"><span class='ocrx_word' id='word_1_138' title='bbox 2150 1220 2410 1286; x_wconf 87' lang='lat' dir='ltr'><strong>trahitur;</strong></span> <span class='ocrx_word' id='word_1_139' title='bbox 2462 1225 2522 1274; x_wconf 88' lang='lat' dir='ltr'><strong>ut</strong></span> <span class='ocrx_word' id='word_1_140' title='bbox 2547 1218 2620 1272; x_wconf 88' lang='lat' dir='ltr'><strong>illi</strong></span> <span class='ocrx_word' id='word_1_141' title='bbox 2645 1216 2869 1272; x_wconf 87' lang='lat' dir='ltr'><strong>solerter</strong></span> <span class='ocrx_word' id='word_1_142' title='bbox 2894 1213 3176 1268; x_wconf 81' lang='lat' dir='ltr'><strong>advertant</strong></span> <span class='ocrx_word' id='word_1_143' title='bbox 3207 1223 3310 1263; x_wconf 91' lang='lat' dir='ltr'><strong>non</strong></span> <span class='ocrx_word' id='word_1_144' title='bbox 3339 1207 3503 1262; x_wconf 87' lang='lat' dir='ltr'><strong>fuisse</strong></span> <span class='ocrx_word' id='word_1_145' title='bbox 3526 1205 3738 1276; x_wconf 88' lang='lat' dir='ltr'><strong>propria</strong></span> 
     </span>
    </p>
   </div>
   <div class='ocr_carea' id='block_1_18' title="bbox 2153 1296 3742 1381">
    <p class='ocr_par' dir='ltr' id='par_1_18' title="bbox 2153 1296 3742 1381">
     <span class='ocr_line' id='line_1_18' title="bbox 2153 1296 3742 1381; baseline -0.01 -14"><span class='ocrx_word' id='word_1_146' title='bbox 2153 1312 2313 1376; x_wconf 87' lang='lat' dir='ltr'><strong>bona,</strong></span> <span class='ocrx_word' id='word_1_147' title='bbox 2347 1325 2466 1381; x_wconf 67' lang='lat' dir='ltr'><strong>quin</strong></span> <span class='ocrx_word' id='word_1_148' title='bbox 2491 1309 2671 1364; x_wconf 90' lang='lat' dir='ltr'><strong>subito</strong></span> <span class='ocrx_word' id='word_1_149' title='bbox 2699 1306 2988 1377; x_wconf 88' lang='lat' dir='ltr'><strong>probantur</strong></span> <span class='ocrx_word' id='word_1_150' title='bbox 3016 1310 3220 1371; x_wconf 89' lang='lat' dir='ltr'><strong>erepta.</strong></span> <span class='ocrx_word' id='word_1_151' title='bbox 3261 1299 3370 1356; x_wconf 86' lang='lat' dir='ltr'><strong>Sed</strong></span> <span class='ocrx_word' id='word_1_152' title='bbox 3399 1298 3535 1352; x_wconf 88' lang='lat' dir='ltr'><strong>hanc</strong></span> <span class='ocrx_word' id='word_1_153' title='bbox 3563 1296 3742 1352; x_wconf 83' lang='lat' dir='ltr'><strong>elisio-</strong></span> 
     </span>
    </p>
   </div>
   <div class='ocr_carea' id='block_1_19' title="bbox 2153 1389 3737 1460">
    <p class='ocr_par' dir='ltr' id='par_1_19' title="bbox 2153 1389 3737 1460">
     <span class='ocr_line' id='line_1_19' title="bbox 2153 1389 3737 1460; baseline -0.011 -2"><span class='ocrx_word' id='word_1_154' title='bbox 2153 1417 2279 1460; x_wconf 89' lang='lat' dir='ltr'><strong>nem</strong></span> <span class='ocrx_word' id='word_1_155' title='bbox 2309 1401 2521 1458; x_wconf 77' lang='lat' dir='ltr'><strong>felicem</strong></span> <span class='ocrx_word' id='word_1_156' title='bbox 2553 1415 2677 1456; x_wconf 88' lang='lat' dir='ltr'><strong>esse</strong></span> <span class='ocrx_word' id='word_1_157' title='bbox 2706 1413 2811 1454; x_wconf 93' lang='lat' dir='ltr'><strong>non</strong></span> <span class='ocrx_word' id='word_1_158' title='bbox 2839 1395 3055 1452; x_wconf 89' lang='lat' dir='ltr'><strong>dubium</strong></span> <span class='ocrx_word' id='word_1_159' title='bbox 3085 1401 3188 1459; x_wconf 90' lang='lat' dir='ltr'><strong>est,</strong></span> <span class='ocrx_word' id='word_1_160' title='bbox 3220 1391 3362 1448; x_wconf 90' lang='lat' dir='ltr'><strong>sicut</strong></span> <span class='ocrx_word' id='word_1_161' title='bbox 3389 1389 3512 1444; x_wconf 89' lang='lat' dir='ltr'><strong>alibi</strong></span> <span class='ocrx_word' id='word_1_162' title='bbox 3539 1389 3737 1444; x_wconf 91' lang='lat' dir='ltr'><strong>dictum</strong></span> 
     </span>
    </p>
   </div>
   <div class='ocr_carea' id='block_1_20' title="bbox 459 1481 3732 1580">
    <p class='ocr_par' dir='ltr' id='par_1_20' title="bbox 459 1481 3732 1580">
     <span class='ocr_line' id='line_1_20' title="bbox 459 1481 3732 1580; baseline -0.012 -9"><span class='ocrx_word' id='word_1_163' title='bbox 459 1526 566 1568; x_wconf 89' lang='lat' dir='ltr'><strong>non</strong></span> <span class='ocrx_word' id='word_1_164' title='bbox 599 1481 845 1580; x_wconf 36' lang='lat' dir='ltr'><strong>perduei&#39;l</strong></span> <span class='ocrx_word' id='word_1_165' title='bbox 873 1505 940 1561; x_wconf 80' lang='lat' dir='ltr'><strong>ad</strong></span> <span class='ocrx_word' id='word_1_166' title='bbox 983 1504 1182 1566; x_wconf 73' lang='lat' dir='ltr'><strong>Vilam;</strong></span> <span class='ocrx_word' id='word_1_167' title='bbox 1228 1498 1370 1554; x_wconf 68' lang='lat' dir='ltr'><strong>unde</strong></span> <span class='ocrx_word' id='word_1_168' title='bbox 1407 1505 1462 1552; x_wconf 75' lang='grc' dir='ltr'><strong>θῑ</strong></span> <span class='ocrx_word' id='word_1_169' title='bbox 1507 1495 1562 1550; x_wconf 74' lang='lat' dir='ltr'><strong>in</strong></span> <span class='ocrx_word' id='word_1_170' title='bbox 1609 1489 2052 1565; x_wconf 73' lang='lat' dir='ltr'><strong>quinquagesimo</strong></span> <span class='ocrx_word' id='word_1_171' title='bbox 2155 1505 2239 1552; x_wconf 87' lang='lat' dir='ltr'><strong>est</strong></span> <span class='ocrx_word' id='word_1_172' title='bbox 2267 1513 2280 1548; x_wconf 91' lang='lat'><strong>:</strong></span> <span class='ocrx_word' id='word_1_173' title='bbox 2313 1493 2518 1548; x_wconf 86' lang='lat' dir='ltr'><strong>Bonum</strong></span> <span class='ocrx_word' id='word_1_174' title='bbox 2545 1491 2670 1546; x_wconf 82' lang='lat' dir='ltr'><strong>mihi</strong></span> <span class='ocrx_word' id='word_1_175' title='bbox 2699 1491 2836 1562; x_wconf 88' lang='lat' dir='ltr'><strong>quod</strong></span> <span class='ocrx_word' id='word_1_176' title='bbox 2859 1486 3146 1542; x_wconf 78' lang='lat' dir='ltr'><strong>humiliasti</strong></span> <span class='ocrx_word' id='word_1_177' title='bbox 3168 1500 3268 1552; x_wconf 83' lang='lat' dir='ltr'><strong>me,</strong></span> <span class='ocrx_word' id='word_1_178' title='bbox 3296 1490 3351 1537; x_wconf 85' lang='lat' dir='ltr'><strong>ut</strong></span> <span class='ocrx_word' id='word_1_179' title='bbox 3379 1482 3622 1536; x_wconf 87' lang='lat' dir='ltr'><strong>discerem</strong></span> <span class='ocrx_word' id='word_1_180' title='bbox 3645 1481 3732 1550; x_wconf 67' lang='lat' dir='ltr'><strong>ju«</strong></span> 
     </span>
    </p>
   </div>
   <div class='ocr_carea' id='block_1_21' title="bbox 460 1574 3737 1674">
    <p class='ocr_par' dir='ltr' id='par_1_21' title="bbox 460 1574 3737 1674">
     <span class='ocr_line' id='line_1_21' title="bbox 460 1574 3737 1674; baseline -0.012 -13"><span class='ocrx_word' id='word_1_181' title='bbox 460 1574 669 1674; x_wconf 77' lang='lat' dir='ltr'><strong>psalmo</strong></span> <span class='ocrx_word' id='word_1_182' title='bbox 700 1599 959 1672; x_wconf 81' lang='lat' dir='ltr'><strong>propheta</strong></span> <span class='ocrx_word' id='word_1_183' title='bbox 989 1595 1224 1650; x_wconf 83' lang='lat' dir='ltr'><strong>clamat:</strong></span> <span class='ocrx_word' id='word_1_184' title='bbox 1253 1590 1622 1661; x_wconf 69' lang='lat' dir='ltr'><strong>Usquequaque</strong></span> <span class='ocrx_word' id='word_1_185' title='bbox 1649 1579 2054 1662; x_wconf 73' lang='lat' dir='ltr'><strong>[ed..Amplius]</strong></span> <span class='ocrx_word' id='word_1_186' title='bbox 2157 1589 2488 1654; x_wconf 81' lang='lat' dir='ltr'><strong>sliﬁcationes</strong></span> <span class='ocrx_word' id='word_1_187' title='bbox 2523 1595 2637 1640; x_wconf 81' lang='lat' dir='ltr'><strong>tuas</strong></span> <span class='ocrx_word' id='word_1_188' title='bbox 2667 1577 2840 1656; x_wconf 79' lang='lat' dir='ltr'><strong>(Psal.</strong></span> <span class='ocrx_word' id='word_1_189' title='bbox 2873 1595 3055 1648; x_wconf 83' lang='lat' dir='ltr'><strong>cxvm,</strong></span> <span class='ocrx_word' id='word_1_190' title='bbox 3089 1575 3200 1648; x_wconf 76' lang='grc'><strong>71).</strong></span> <span class='ocrx_word' id='word_1_191' title='bbox 3242 1575 3370 1631; x_wconf 85' lang='lat' dir='ltr'><strong>inde</strong></span> <span class='ocrx_word' id='word_1_192' title='bbox 3409 1574 3552 1629; x_wconf 88' lang='lat' dir='ltr'><strong>enim</strong></span> <span class='ocrx_word' id='word_1_193' title='bbox 3597 1586 3737 1627; x_wconf 82' lang='lat' dir='ltr'><strong>com-</strong></span> 
     </span>
    </p>
   </div>
   <div class='ocr_carea' id='block_1_22' title="bbox 459 1669 3744 1762">
    <p class='ocr_par' dir='ltr' id='par_1_22' title="bbox 459 1669 3744 1762">
     <span class='ocr_line' id='line_1_22' title="bbox 459 1669 3744 1762; baseline -0.009 -13"><span class='ocrx_word' id='word_1_194' title='bbox 459 1669 576 1750; x_wconf 72' lang='lat' dir='ltr'><strong>lava</strong></span> <span class='ocrx_word' id='word_1_195' title='bbox 607 1708 690 1746; x_wconf 88' lang='lat' dir='ltr'><strong>me</strong></span> <span class='ocrx_word' id='word_1_196' title='bbox 705 1669 780 1745; x_wconf 77' lang='lat' dir='ltr'><strong>ab</strong></span> <span class='ocrx_word' id='word_1_197' title='bbox 817 1688 1073 1762; x_wconf 84' lang='lat' dir='ltr'><strong>injustitia</strong></span> <span class='ocrx_word' id='word_1_198' title='bbox 1109 1701 1253 1750; x_wconf 89' lang='lat' dir='ltr'><strong>mea,</strong></span> <span class='ocrx_word' id='word_1_199' title='bbox 1283 1692 1330 1738; x_wconf 88' lang='lat' dir='ltr'><strong>et</strong></span> <span class='ocrx_word' id='word_1_200' title='bbox 1363 1682 1599 1736; x_wconf 88' lang='lat' dir='ltr'><strong>adelicto</strong></span> <span class='ocrx_word' id='word_1_201' title='bbox 1625 1695 1735 1734; x_wconf 90' lang='lat' dir='ltr'><strong>meo</strong></span> <span class='ocrx_word' id='word_1_202' title='bbox 1755 1676 1949 1732; x_wconf 88' lang='lat' dir='ltr'><strong>munda</strong></span> <span class='ocrx_word' id='word_1_203' title='bbox 1976 1690 2056 1730; x_wconf 88' lang='lat' dir='ltr'><strong>me</strong></span> <span class='ocrx_word' id='word_1_204' title='bbox 2160 1681 2378 1752; x_wconf 76' lang='lat' dir='ltr'><strong>punctio</strong></span> <span class='ocrx_word' id='word_1_205' title='bbox 2421 1679 2681 1744; x_wconf 80' lang='lat' dir='ltr'><strong>nascitur,</strong></span> <span class='ocrx_word' id='word_1_206' title='bbox 2724 1675 2849 1731; x_wconf 87' lang='lat' dir='ltr'><strong>inde</strong></span> <span class='ocrx_word' id='word_1_207' title='bbox 2892 1675 3191 1730; x_wconf 80' lang='lat' dir='ltr'><strong>animarum</strong></span> <span class='ocrx_word' id='word_1_208' title='bbox 3221 1669 3484 1726; x_wconf 88' lang='lat' dir='ltr'><strong>medicina</strong></span> <span class='ocrx_word' id='word_1_209' title='bbox 3525 1675 3744 1737; x_wconf 73' lang='lat' dir='ltr'><strong>praesta-</strong></span> 
     </span>
    </p>
   </div>
   <div class='ocr_carea' id='block_1_23' title="bbox 463 1761 2060 1858">
    <p class='ocr_par' dir='ltr' id='par_1_23' title="bbox 463 1761 2058 1858">
     <span class='ocr_line' id='line_1_23' title="bbox 463 1761 2058 1858; baseline -0.012 -19"><span class='ocrx_word' id='word_1_210' title='bbox 463 1784 638 1858; x_wconf 89' lang='lat' dir='ltr'><strong>(Psal.</strong></span> <span class='ocrx_word' id='word_1_211' title='bbox 671 1800 724 1852; x_wconf 78' lang='grc' dir='ltr'><strong>ι,</strong></span> <span class='ocrx_word' id='word_1_212' title='bbox 755 1782 836 1854; x_wconf 74' lang='grc'><strong>4).</strong></span> <span class='ocrx_word' id='word_1_213' title='bbox 870 1761 1076 1836; x_wconf 75' lang='lat' dir='ltr'><strong>Merito</strong></span> <span class='ocrx_word' id='word_1_214' title='bbox 1119 1791 1246 1846; x_wconf 88' lang='lat' dir='ltr'><strong>ergo</strong></span> <span class='ocrx_word' id='word_1_215' title='bbox 1289 1785 1342 1830; x_wconf 91' lang='lat' dir='ltr'><strong>et</strong></span> <span class='ocrx_word' id='word_1_216' title='bbox 1379 1774 1524 1844; x_wconf 88' lang='lat' dir='ltr'><strong>ipsos</strong></span> <span class='ocrx_word' id='word_1_217' title='bbox 1567 1773 1778 1828; x_wconf 91' lang='lat' dir='ltr'><strong>cineres</strong></span> <span class='ocrx_word' id='word_1_218' title='bbox 1807 1775 2058 1839; x_wconf 90' lang='lat' dir='ltr'><strong>peccato-</strong></span> 
     </span>
    </p>
   </div>
   <div class='ocr_carea' id='block_1_24' title="bbox 2165 1761 3744 1858">
    <p class='ocr_par' dir='ltr' id='par_1_24' title="bbox 2165 1761 3744 1842">
     <span class='ocr_line' id='line_1_24' title="bbox 2165 1761 3744 1842; baseline -0.01 -11"><span class='ocrx_word' id='word_1_219' title='bbox 2165 1784 2264 1831; x_wconf 89' lang='lat' dir='ltr'><strong>tur.</strong></span> <span class='ocrx_word' id='word_1_220' title='bbox 2299 1774 2453 1842; x_wconf 83' lang='lat' dir='ltr'><strong>Quod</strong></span> <span class='ocrx_word' id='word_1_221' title='bbox 2488 1782 2542 1828; x_wconf 88' lang='lat' dir='ltr'><strong>et</strong></span> <span class='ocrx_word' id='word_1_222' title='bbox 2579 1772 2682 1826; x_wconf 90' lang='lat' dir='ltr'><strong>iste</strong></span> <span class='ocrx_word' id='word_1_223' title='bbox 2712 1771 2977 1840; x_wconf 71' lang='lat' dir='ltr'><strong>paenitens</strong></span> <span class='ocrx_word' id='word_1_224' title='bbox 3011 1782 3115 1823; x_wconf 93' lang='lat' dir='ltr'><strong>non</strong></span> <span class='ocrx_word' id='word_1_225' title='bbox 3151 1764 3411 1836; x_wconf 89' lang='lat' dir='ltr'><strong>ingratus,</strong></span> <span class='ocrx_word' id='word_1_226' title='bbox 3443 1761 3537 1817; x_wconf 90' lang='lat' dir='ltr'><strong>sed</strong></span> <span class='ocrx_word' id='word_1_227' title='bbox 3571 1761 3744 1832; x_wconf 88' lang='lat' dir='ltr'><strong>potius</strong></span> 
     </span>
    </p>
   </div>
   <div class='ocr_carea' id='block_1_25' title="bbox 461 1857 2822 1945">
    <p class='ocr_par' dir='ltr' id='par_1_25' title="bbox 461 1857 2822 1945">
     <span class='ocr_line' id='line_1_25' title="bbox 461 1857 2822 1945; baseline -0.008 -10"><span class='ocrx_word' id='word_1_228' title='bbox 461 1893 581 1935; x_wconf 89' lang='lat' dir='ltr'><strong>rum</strong></span> <span class='ocrx_word' id='word_1_229' title='bbox 627 1877 999 1936; x_wconf 88' lang='lat' dir='ltr'><strong>sanctissimus</strong></span> <span class='ocrx_word' id='word_1_230' title='bbox 1045 1875 1314 1945; x_wconf 76' lang='lat' dir='ltr'><strong>paenitens</strong></span> <span class='ocrx_word' id='word_1_231' title='bbox 1360 1884 1680 1927; x_wconf 88' lang='lat' dir='ltr'><strong>consumere</strong></span> <span class='ocrx_word' id='word_1_232' title='bbox 1724 1867 2051 1931; x_wconf 83' lang='lat' dir='ltr'><strong>festinabat,</strong></span> <span class='ocrx_word' id='word_1_233' title='bbox 2083 1857 2132 1918; x_wconf 88' lang='lat' dir='ltr'><strong>B</strong></span> <span class='ocrx_word' id='word_1_234' title='bbox 2158 1869 2491 1934; x_wconf 90' lang='lat' dir='ltr'><strong>emendatus,</strong></span> <span class='ocrx_word' id='word_1_235' title='bbox 2519 1872 2822 1922; x_wconf 87' lang='lat' dir='ltr'><strong>enumerat.</strong></span> 
     </span>
    </p>
   </div>
   <div class='ocr_carea' id='block_1_26' title="bbox 461 1949 3746 2044">
    <p class='ocr_par' dir='ltr' id='par_1_26' title="bbox 461 1949 3746 2044">
     <span class='ocr_line' id='line_1_26' title="bbox 461 1949 3746 2044; baseline -0.009 -14"><span class='ocrx_word' id='word_1_236' title='bbox 461 1988 532 2030; x_wconf 89' lang='lat' dir='ltr'><strong>ne</strong></span> <span class='ocrx_word' id='word_1_237' title='bbox 575 1971 702 2044; x_wconf 87' lang='lat' dir='ltr'><strong>quid</strong></span> <span class='ocrx_word' id='word_1_238' title='bbox 729 1979 874 2029; x_wconf 86' lang='lat' dir='ltr'><strong>esset</strong></span> <span class='ocrx_word' id='word_1_239' title='bbox 909 1968 1204 2036; x_wconf 89' lang='lat' dir='ltr'><strong>residuum,</strong></span> <span class='ocrx_word' id='word_1_240' title='bbox 1245 1966 1390 2038; x_wconf 92' lang='lat' dir='ltr'><strong>quod</strong></span> <span class='ocrx_word' id='word_1_241' title='bbox 1437 1980 1561 2022; x_wconf 90' lang='lat' dir='ltr'><strong>eum</strong></span> <span class='ocrx_word' id='word_1_242' title='bbox 1600 1961 1900 2035; x_wconf 88' lang='lat' dir='ltr'><strong>promereri</strong></span> <span class='ocrx_word' id='word_1_243' title='bbox 1948 1975 2054 2014; x_wconf 93' lang='lat' dir='ltr'><strong>non</strong></span> <span class='ocrx_word' id='word_1_244' title='bbox 2228 1961 2384 2016; x_wconf 79' lang='lat' dir='ltr'><strong>Vers.</strong></span> <span class='ocrx_word' id='word_1_245' title='bbox 2415 1959 2504 2014; x_wconf 63' lang='grc' dir='ltr'><strong>η.</strong></span> <span class='ocrx_word' id='word_1_246' title='bbox 2548 1955 2671 2012; x_wconf 87' lang='lat' dir='ltr'><strong>Dies</strong></span> <span class='ocrx_word' id='word_1_247' title='bbox 2715 1955 2814 2010; x_wconf 88' lang='lat' dir='ltr'><strong>mei</strong></span> <span class='ocrx_word' id='word_1_248' title='bbox 2853 1954 2986 2008; x_wconf 85' lang='lat' dir='ltr'><strong>sicut</strong></span> <span class='ocrx_word' id='word_1_249' title='bbox 3027 1951 3208 2006; x_wconf 88' lang='lat' dir='ltr'><strong>umbra</strong></span> <span class='ocrx_word' id='word_1_250' title='bbox 3255 1949 3654 2012; x_wconf 77' lang='lat' dir='ltr'><strong>declinaverunt,</strong></span> <span class='ocrx_word' id='word_1_251' title='bbox 3698 1953 3746 2001; x_wconf 88' lang='lat' dir='ltr'><strong>et</strong></span> 
     </span>
    </p>
   </div>
   <div class='ocr_carea' id='block_1_27' title="bbox 462 2041 3747 2136">
    <p class='ocr_par' dir='ltr' id='par_1_27' title="bbox 462 2041 3747 2136">
     <span class='ocr_line' id='line_1_27' title="bbox 462 2041 3747 2136; baseline -0.009 -13"><span class='ocrx_word' id='word_1_252' title='bbox 462 2041 664 2123; x_wconf 77' lang='lat' dir='ltr'><strong>sineret</strong></span> <span class='ocrx_word' id='word_1_253' title='bbox 699 2079 863 2136; x_wconf 82' lang='lat' dir='ltr'><strong>regna</strong></span> <span class='ocrx_word' id='word_1_254' title='bbox 901 2063 1180 2120; x_wconf 78' lang='lat' dir='ltr'><strong>etelorum.</strong></span> <span class='ocrx_word' id='word_1_255' title='bbox 1245 2059 1517 2130; x_wconf 89' lang='lat' dir='ltr'><strong>Sequitur,</strong></span> <span class='ocrx_word' id='word_1_256' title='bbox 1562 2064 1611 2111; x_wconf 85' lang='lat' dir='ltr'><strong>et</strong></span> <span class='ocrx_word' id='word_1_257' title='bbox 1664 2065 1839 2126; x_wconf 88' lang='lat' dir='ltr'><strong>potum</strong></span> <span class='ocrx_word' id='word_1_258' title='bbox 1886 2066 2056 2106; x_wconf 86' lang='lat' dir='ltr'><strong>meum</strong></span> <span class='ocrx_word' id='word_1_259' title='bbox 2158 2070 2250 2126; x_wconf 88' lang='lat' dir='ltr'><strong>ego</strong></span> <span class='ocrx_word' id='word_1_260' title='bbox 2285 2053 2415 2107; x_wconf 81' lang='lat' dir='ltr'><strong>sicut</strong></span> <span class='ocrx_word' id='word_1_261' title='bbox 2460 2051 2633 2121; x_wconf 79' lang='lat' dir='ltr'><strong>fenum</strong></span> <span class='ocrx_word' id='word_1_262' title='bbox 2669 2047 2806 2103; x_wconf 88' lang='lat' dir='ltr'><strong>arui.</strong></span> <span class='ocrx_word' id='word_1_263' title='bbox 2851 2043 3220 2102; x_wconf 84' lang='lat' dir='ltr'><strong>Pulclterrime</strong></span> <span class='ocrx_word' id='word_1_264' title='bbox 3256 2041 3396 2098; x_wconf 78' lang='lat' dir='ltr'><strong>dixit</strong></span> <span class='ocrx_word' id='word_1_265' title='bbox 3430 2043 3594 2097; x_wconf 88' lang='lat' dir='ltr'><strong>homo</strong></span> <span class='ocrx_word' id='word_1_266' title='bbox 3627 2046 3747 2110; x_wconf 89' lang='lat' dir='ltr'><strong>post</strong></span> 
     </span>
    </p>
   </div>
   <div class='ocr_carea' id='block_1_28' title="bbox 463 2145 2060 2228">
    <p class='ocr_par' dir='ltr' id='par_1_28' title="bbox 463 2145 2060 2228">
     <span class='ocr_line' id='line_1_28' title="bbox 463 2145 2060 2228; baseline -0.009 -16"><span class='ocrx_word' id='word_1_267' title='bbox 463 2173 580 2212; x_wconf 88' lang='lat' dir='ltr'><strong>cum</strong></span> <span class='ocrx_word' id='word_1_268' title='bbox 604 2160 728 2228; x_wconf 79' lang='lat' dir='ltr'><strong>ﬂetu</strong></span> <span class='ocrx_word' id='word_1_269' title='bbox 751 2157 1116 2227; x_wconf 76' lang='lat' dir='ltr'><strong>ternperabam.</strong></span> <span class='ocrx_word' id='word_1_270' title='bbox 1140 2151 1282 2207; x_wconf 86' lang='lat' dir='ltr'><strong>istud</strong></span> <span class='ocrx_word' id='word_1_271' title='bbox 1315 2148 1562 2220; x_wconf 87' lang='lat' dir='ltr'><strong>quamvis</strong></span> <span class='ocrx_word' id='word_1_272' title='bbox 1584 2146 1846 2202; x_wconf 89' lang='lat' dir='ltr'><strong>interdum</strong></span> <span class='ocrx_word' id='word_1_273' title='bbox 1874 2145 2060 2199; x_wconf 86' lang='lat' dir='ltr'><strong>videa-</strong></span> 
     </span>
    </p>
   </div>
   <div class='ocr_carea' id='block_1_29' title="bbox 466 2238 2058 2321">
    <p class='ocr_par' dir='ltr' id='par_1_29' title="bbox 466 2238 2058 2321">
     <span class='ocr_line' id='line_1_29' title="bbox 466 2238 2058 2321; baseline -0.009 -16"><span class='ocrx_word' id='word_1_274' title='bbox 466 2255 554 2307; x_wconf 92' lang='lat' dir='ltr'><strong>tur</strong></span> <span class='ocrx_word' id='word_1_275' title='bbox 578 2264 738 2321; x_wconf 88' lang='lat' dir='ltr'><strong>posse</strong></span> <span class='ocrx_word' id='word_1_276' title='bbox 777 2250 1110 2318; x_wconf 83' lang='lat' dir='ltr'><strong>contingere,</strong></span> <span class='ocrx_word' id='word_1_277' title='bbox 1139 2255 1317 2300; x_wconf 89' lang='lat' dir='ltr'><strong>tamen</strong></span> <span class='ocrx_word' id='word_1_278' title='bbox 1348 2251 1404 2300; x_wconf 93' lang='lat' dir='ltr'><strong>et</strong></span> <span class='ocrx_word' id='word_1_279' title='bbox 1429 2243 1533 2298; x_wconf 86' lang='lat' dir='ltr'><strong>hoc</strong></span> <span class='ocrx_word' id='word_1_280' title='bbox 1565 2255 1778 2311; x_wconf 89' lang='lat' dir='ltr'><strong>quoque</strong></span> <span class='ocrx_word' id='word_1_281' title='bbox 1807 2238 2058 2306; x_wconf 87' lang='lat' dir='ltr'><strong>spiritua-</strong></span> 
     </span>
    </p>
   </div>
   <div class='ocr_carea' id='block_1_30' title="bbox 466 2329 2058 2410">
    <p class='ocr_par' dir='ltr' id='par_1_30' title="bbox 466 2329 2058 2410">
     <span class='ocr_line' id='line_1_30' title="bbox 466 2329 2058 2410; baseline -0.01 -11"><span class='ocrx_word' id='word_1_282' title='bbox 466 2341 591 2398; x_wconf 89' lang='lat' dir='ltr'><strong>liter</strong></span> <span class='ocrx_word' id='word_1_283' title='bbox 632 2343 842 2398; x_wconf 84' lang='lat' dir='ltr'><strong>aestimo</strong></span> <span class='ocrx_word' id='word_1_284' title='bbox 871 2338 1274 2410; x_wconf 90' lang='lat' dir='ltr'><strong>requirendum.</strong></span> <span class='ocrx_word' id='word_1_285' title='bbox 1325 2335 1490 2391; x_wconf 88' lang='lat' dir='ltr'><strong>Potus</strong></span> <span class='ocrx_word' id='word_1_286' title='bbox 1515 2344 1601 2390; x_wconf 90' lang='lat' dir='ltr'><strong>est</strong></span> <span class='ocrx_word' id='word_1_287' title='bbox 1625 2333 1922 2388; x_wconf 86' lang='lat' dir='ltr'><strong>animarum</strong></span> <span class='ocrx_word' id='word_1_288' title='bbox 1967 2329 2058 2385; x_wconf 88' lang='lat' dir='ltr'><strong>illa</strong></span> 
     </span>
    </p>
   </div>
   <div class='ocr_carea' id='block_1_31' title="bbox 464 2425 2058 2505">
    <p class='ocr_par' dir='ltr' id='par_1_31' title="bbox 464 2425 2058 2505">
     <span class='ocr_line' id='line_1_31' title="bbox 464 2425 2058 2505; baseline -0.009 -13"><span class='ocrx_word' id='word_1_289' title='bbox 464 2435 686 2492; x_wconf 85' lang='lat' dir='ltr'><strong>satietas</strong></span> <span class='ocrx_word' id='word_1_290' title='bbox 735 2451 876 2505; x_wconf 61' lang='lat' dir='ltr'><strong>quae,</strong></span> <span class='ocrx_word' id='word_1_291' title='bbox 907 2435 1048 2491; x_wconf 89' lang='lat' dir='ltr'><strong>sicut</strong></span> <span class='ocrx_word' id='word_1_292' title='bbox 1077 2434 1131 2488; x_wconf 90' lang='lat' dir='ltr'><strong>in</strong></span> <span class='ocrx_word' id='word_1_293' title='bbox 1175 2432 1568 2502; x_wconf 88' lang='lat' dir='ltr'><strong>septuagesimo</strong></span> <span class='ocrx_word' id='word_1_294' title='bbox 1615 2437 1808 2500; x_wconf 90' lang='lat' dir='ltr'><strong>quarto</strong></span> <span class='ocrx_word' id='word_1_295' title='bbox 1851 2425 2058 2495; x_wconf 84' lang='lat' dir='ltr'><strong>psalmo</strong></span> 
     </span>
    </p>
   </div>
   <div class='ocr_carea' id='block_1_32' title="bbox 466 2517 2055 2591">
    <p class='ocr_par' dir='ltr' id='par_1_32' title="bbox 466 2517 2055 2591">
     <span class='ocr_line' id='line_1_32' title="bbox 466 2517 2055 2591; baseline -0.009 -9"><span class='ocrx_word' id='word_1_296' title='bbox 466 2525 633 2582; x_wconf 82' lang='lat' dir='ltr'><strong>dicit:</strong></span> <span class='ocrx_word' id='word_1_297' title='bbox 658 2525 811 2582; x_wconf 79' lang='lat' dir='ltr'><strong>Calia:</strong></span> <span class='ocrx_word' id='word_1_298' title='bbox 840 2528 895 2581; x_wconf 90' lang='lat' dir='ltr'><strong>in</strong></span> <span class='ocrx_word' id='word_1_299' title='bbox 929 2543 1087 2581; x_wconf 86' lang='lat' dir='ltr'><strong>manu</strong></span> <span class='ocrx_word' id='word_1_300' title='bbox 1114 2525 1321 2580; x_wconf 81' lang='lat' dir='ltr'><strong>Domini</strong></span> <span class='ocrx_word' id='word_1_301' title='bbox 1355 2523 1460 2578; x_wconf 80' lang='lat' dir='ltr'><strong>uini</strong></span> <span class='ocrx_word' id='word_1_302' title='bbox 1495 2521 1619 2575; x_wconf 86' lang='lat' dir='ltr'><strong>meri</strong></span> <span class='ocrx_word' id='word_1_303' title='bbox 1652 2519 1833 2591; x_wconf 84' lang='lat' dir='ltr'><strong>plenus</strong></span> <span class='ocrx_word' id='word_1_304' title='bbox 1871 2517 2055 2581; x_wconf 73' lang='lat' dir='ltr'><strong>mixto,</strong></span> 
     </span>
    </p>
   </div>
   <div class='ocr_carea' id='block_1_33' title="bbox 467 2609 2058 2686">
    <p class='ocr_par' dir='ltr' id='par_1_33' title="bbox 467 2609 2058 2686">
     <span class='ocr_line' id='line_1_33' title="bbox 467 2609 2058 2686; baseline -0.005 -15"><span class='ocrx_word' id='word_1_305' title='bbox 467 2625 518 2671; x_wconf 87' lang='lat' dir='ltr'><strong>et</strong></span> <span class='ocrx_word' id='word_1_306' title='bbox 544 2617 804 2672; x_wconf 82' lang='lat' dir='ltr'><strong>inclinavit</strong></span> <span class='ocrx_word' id='word_1_307' title='bbox 829 2633 893 2673; x_wconf 79' lang='lat' dir='ltr'><strong>ea:</strong></span> <span class='ocrx_word' id='word_1_308' title='bbox 916 2618 1012 2672; x_wconf 85' lang='lat' dir='ltr'><strong>hoc</strong></span> <span class='ocrx_word' id='word_1_309' title='bbox 1036 2617 1089 2670; x_wconf 89' lang='lat' dir='ltr'><strong>in</strong></span> <span class='ocrx_word' id='word_1_310' title='bbox 1120 2617 1214 2669; x_wconf 83' lang='lat' dir='ltr'><strong>hoc</strong></span> <span class='ocrx_word' id='word_1_311' title='bbox 1241 2612 1414 2686; x_wconf 89' lang='lat' dir='ltr'><strong>(Psal.</strong></span> <span class='ocrx_word' id='word_1_312' title='bbox 1445 2627 1628 2677; x_wconf 78' lang='lat' dir='ltr'><strong>Lxxtv,</strong></span> <span class='ocrx_word' id='word_1_313' title='bbox 1654 2609 1734 2682; x_wconf 91' lang='lat'><strong>9).</strong></span> <span class='ocrx_word' id='word_1_314' title='bbox 1775 2609 1896 2680; x_wconf 87' lang='lat' dir='ltr'><strong>lpse</strong></span> <span class='ocrx_word' id='word_1_315' title='bbox 1929 2620 2058 2680; x_wconf 88' lang='lat' dir='ltr'><strong>ergo</strong></span> 
     </span>
    </p>
   </div>
   <div class='ocr_carea' id='block_1_34' title="bbox 467 2705 2060 2778">
    <p class='ocr_par' dir='ltr' id='par_1_34' title="bbox 467 2705 2060 2778">
     <span class='ocr_line' id='line_1_34' title="bbox 467 2705 2060 2778; baseline -0.004 -15"><span class='ocrx_word' id='word_1_316' title='bbox 467 2715 628 2778; x_wconf 85' lang='lat' dir='ltr'><strong>potus</strong></span> <span class='ocrx_word' id='word_1_317' title='bbox 674 2718 778 2778; x_wconf 85' lang='lat' dir='ltr'><strong>est,</strong></span> <span class='ocrx_word' id='word_1_318' title='bbox 819 2723 975 2778; x_wconf 87' lang='lat' dir='ltr'><strong>quem</strong></span> <span class='ocrx_word' id='word_1_319' title='bbox 1026 2707 1164 2763; x_wconf 89' lang='lat' dir='ltr'><strong>bene</strong></span> <span class='ocrx_word' id='word_1_320' title='bbox 1211 2705 1424 2761; x_wconf 89' lang='lat' dir='ltr'><strong>ﬂetibus</strong></span> <span class='ocrx_word' id='word_1_321' title='bbox 1487 2715 1885 2774; x_wconf 87' lang='lat' dir='ltr'><strong>temperamus;</strong></span> <span class='ocrx_word' id='word_1_322' title='bbox 1944 2705 2060 2770; x_wconf 88' lang='lat' dir='ltr'><strong>ipse</strong></span> 
     </span>
    </p>
   </div>
   <div class='ocr_carea' id='block_1_35' title="bbox 469 2796 2058 2874">
    <p class='ocr_par' dir='ltr' id='par_1_35' title="bbox 469 2796 2058 2874">
     <span class='ocr_line' id='line_1_35' title="bbox 469 2796 2058 2874; baseline -0.003 -22"><span class='ocrx_word' id='word_1_323' title='bbox 469 2799 648 2866; x_wconf 81' lang='lat' dir='ltr'><strong>calix,</strong></span> <span class='ocrx_word' id='word_1_324' title='bbox 708 2815 870 2870; x_wconf 88' lang='lat' dir='ltr'><strong>quem</strong></span> <span class='ocrx_word' id='word_1_325' title='bbox 924 2799 1176 2874; x_wconf 74' lang='lat' dir='ltr'><strong>lacrymte</strong></span> <span class='ocrx_word' id='word_1_326' title='bbox 1225 2809 1424 2856; x_wconf 71' lang='lat' dir='ltr'><strong>nostrae</strong></span> <span class='ocrx_word' id='word_1_327' title='bbox 1487 2798 1689 2853; x_wconf 90' lang='lat' dir='ltr'><strong>faciunt</strong></span> <span class='ocrx_word' id='word_1_328' title='bbox 1743 2796 2058 2854; x_wconf 88' lang='lat' dir='ltr'><strong>dulciorem.</strong></span> 
     </span>
    </p>
   </div>
   <div class='ocr_carea' id='block_1_36' title="bbox 467 2884 2058 2960">
    <p class='ocr_par' dir='ltr' id='par_1_36' title="bbox 467 2884 2058 2960">
     <span class='ocr_line' id='line_1_36' title="bbox 467 2884 2058 2960; baseline -0.004 -16"><span class='ocrx_word' id='word_1_329' title='bbox 467 2885 619 2944; x_wconf 81' lang='lat' dir='ltr'><strong>Tunc</strong></span> <span class='ocrx_word' id='word_1_330' title='bbox 659 2888 805 2946; x_wconf 90' lang='lat' dir='ltr'><strong>enim</strong></span> <span class='ocrx_word' id='word_1_331' title='bbox 835 2890 1031 2946; x_wconf 84' lang='lat' dir='ltr'><strong>animae</strong></span> <span class='ocrx_word' id='word_1_332' title='bbox 1071 2890 1368 2960; x_wconf 90' lang='lat' dir='ltr'><strong>penetralia</strong></span> <span class='ocrx_word' id='word_1_333' title='bbox 1396 2889 1634 2944; x_wconf 86' lang='lat' dir='ltr'><strong>caelestis</strong></span> <span class='ocrx_word' id='word_1_334' title='bbox 1662 2887 1754 2942; x_wconf 91' lang='lat' dir='ltr'><strong>ille</strong></span> <span class='ocrx_word' id='word_1_335' title='bbox 1781 2897 1939 2956; x_wconf 89' lang='lat' dir='ltr'><strong>potus</strong></span> <span class='ocrx_word' id='word_1_336' title='bbox 1974 2884 2058 2960; x_wconf 72' lang='lat' dir='ltr'><strong>in-</strong></span> 
     </span>
    </p>
   </div>
   <div class='ocr_carea' id='block_1_37' title="bbox 467 2978 2064 3053">
    <p class='ocr_par' dir='ltr' id='par_1_37' title="bbox 467 2978 2064 3053">
     <span class='ocr_line' id='line_1_37' title="bbox 467 2978 2064 3053; baseline -0.003 -18"><span class='ocrx_word' id='word_1_337' title='bbox 467 2981 726 3050; x_wconf 82' lang='lat' dir='ltr'><strong>greditur,</strong></span> <span class='ocrx_word' id='word_1_338' title='bbox 769 2982 982 3050; x_wconf 88' lang='lat' dir='ltr'><strong>quando</strong></span> <span class='ocrx_word' id='word_1_339' title='bbox 1028 2982 1131 3053; x_wconf 92' lang='lat' dir='ltr'><strong>piis</strong></span> <span class='ocrx_word' id='word_1_340' title='bbox 1180 2983 1392 3038; x_wconf 89' lang='lat' dir='ltr'><strong>ﬂetibus</strong></span> <span class='ocrx_word' id='word_1_341' title='bbox 1445 2980 1718 3050; x_wconf 77' lang='lat' dir='ltr'><strong>irrigatur.</strong></span> <span class='ocrx_word' id='word_1_342' title='bbox 1780 2978 1894 3034; x_wconf 83' lang='lat' dir='ltr'><strong>Hoc</strong></span> <span class='ocrx_word' id='word_1_343' title='bbox 1946 2983 2064 3032; x_wconf 92' lang='lat' dir='ltr'><strong>erat</strong></span> 
     </span>
    </p>
   </div>
   <div class='ocr_carea' id='block_1_38' title="bbox 468 3067 2064 3141">
    <p class='ocr_par' dir='ltr' id='par_1_38' title="bbox 468 3067 2064 3141">
     <span class='ocr_line' id='line_1_38' title="bbox 468 3067 2064 3141; baseline -0.004 -13"><span class='ocrx_word' id='word_1_344' title='bbox 468 3071 724 3138; x_wconf 83' lang='lat' dir='ltr'><strong>poculum</strong></span> <span class='ocrx_word' id='word_1_345' title='bbox 763 3072 906 3141; x_wconf 92' lang='lat' dir='ltr'><strong>quod</strong></span> <span class='ocrx_word' id='word_1_346' title='bbox 947 3073 1256 3128; x_wconf 87' lang='lat' dir='ltr'><strong>irrisoribus</strong></span> <span class='ocrx_word' id='word_1_347' title='bbox 1290 3072 1573 3128; x_wconf 90' lang='lat' dir='ltr'><strong>videbatur</strong></span> <span class='ocrx_word' id='word_1_348' title='bbox 1615 3070 1924 3140; x_wconf 89' lang='lat' dir='ltr'><strong>indignum;</strong></span> <span class='ocrx_word' id='word_1_349' title='bbox 1979 3067 2064 3121; x_wconf 90' lang='lat' dir='ltr'><strong>hic</strong></span> 
     </span>
    </p>
   </div>
   <div class='ocr_carea' id='block_1_39' title="bbox 470 3160 2062 3235">
    <p class='ocr_par' dir='ltr' id='par_1_39' title="bbox 470 3160 2062 3235">
     <span class='ocr_line' id='line_1_39' title="bbox 470 3160 2062 3235; baseline -0.001 -17"><span class='ocrx_word' id='word_1_350' title='bbox 470 3161 622 3218; x_wconf 91' lang='lat' dir='ltr'><strong>cibus</strong></span> <span class='ocrx_word' id='word_1_351' title='bbox 651 3163 743 3234; x_wconf 87' lang='lat' dir='ltr'><strong>qui</strong></span> <span class='ocrx_word' id='word_1_352' title='bbox 771 3163 1045 3220; x_wconf 89' lang='lat' dir='ltr'><strong>deliciosis</strong></span> <span class='ocrx_word' id='word_1_353' title='bbox 1081 3165 1422 3235; x_wconf 75' lang='lat' dir='ltr'><strong>indicabatur</strong></span> <span class='ocrx_word' id='word_1_354' title='bbox 1451 3163 1776 3219; x_wconf 88' lang='lat' dir='ltr'><strong>horrendus.</strong></span> <span class='ocrx_word' id='word_1_355' title='bbox 1825 3161 1930 3217; x_wconf 88' lang='lat' dir='ltr'><strong>Sed</strong></span> <span class='ocrx_word' id='word_1_356' title='bbox 1959 3160 2062 3216; x_wconf 93' lang='lat' dir='ltr'><strong>hoc</strong></span> 
     </span>
    </p>
   </div>
   <div class='ocr_carea' id='block_1_40' title="bbox 471 3251 2067 3323">
    <p class='ocr_par' dir='ltr' id='par_1_40' title="bbox 471 3251 2067 3323">
     <span class='ocr_line' id='line_1_40' title="bbox 471 3251 2067 3323; baseline -0.002 -15"><span class='ocrx_word' id='word_1_357' title='bbox 471 3254 644 3323; x_wconf 79' lang='lat' dir='ltr'><strong>magis</strong></span> <span class='ocrx_word' id='word_1_358' title='bbox 680 3254 852 3310; x_wconf 91' lang='lat' dir='ltr'><strong>bonus</strong></span> <span class='ocrx_word' id='word_1_359' title='bbox 878 3255 1219 3312; x_wconf 86' lang='lat' dir='ltr'><strong>Christianus</strong></span> <span class='ocrx_word' id='word_1_360' title='bbox 1259 3255 1426 3312; x_wconf 86' lang='lat' dir='ltr'><strong>debet</strong></span> <span class='ocrx_word' id='word_1_361' title='bbox 1468 3269 1671 3322; x_wconf 88' lang='lat' dir='ltr'><strong>amare,</strong></span> <span class='ocrx_word' id='word_1_362' title='bbox 1715 3252 1856 3308; x_wconf 92' lang='lat' dir='ltr'><strong>unde</strong></span> <span class='ocrx_word' id='word_1_363' title='bbox 1893 3251 2067 3322; x_wconf 89' lang='lat' dir='ltr'><strong>possit</strong></span> 
     </span>
    </p>
   </div>
   <div class='ocr_carea' id='block_1_41' title="bbox 470 3343 2067 3417">
    <p class='ocr_par' dir='ltr' id='par_1_41' title="bbox 470 3343 2067 3417">
     <span class='ocr_line' id='line_1_41' title="bbox 470 3343 2067 3417; baseline -0.001 -17"><span class='ocrx_word' id='word_1_364' title='bbox 470 3343 540 3400; x_wconf 82' lang='lat' dir='ltr'><strong>ad</strong></span> <span class='ocrx_word' id='word_1_365' title='bbox 565 3344 655 3400; x_wconf 91' lang='lat' dir='ltr'><strong>illa</strong></span> <span class='ocrx_word' id='word_1_366' title='bbox 684 3345 920 3402; x_wconf 63' lang='lat' dir='ltr'><strong>caelestis</strong></span> <span class='ocrx_word' id='word_1_367' title='bbox 939 3345 1104 3416; x_wconf 80' lang='lat' dir='ltr'><strong>Regis</strong></span> <span class='ocrx_word' id='word_1_368' title='bbox 1133 3347 1380 3402; x_wconf 90' lang='lat' dir='ltr'><strong>convivia</strong></span> <span class='ocrx_word' id='word_1_369' title='bbox 1407 3345 1715 3417; x_wconf 90' lang='lat' dir='ltr'><strong>pervenire.</strong></span> <span class='ocrx_word' id='word_1_370' title='bbox 1749 3346 1816 3400; x_wconf 89' lang='lat' dir='ltr'><strong>Et</strong></span> <span class='ocrx_word' id='word_1_371' title='bbox 1843 3343 2067 3400; x_wconf 87' lang='lat' dir='ltr'><strong>intende</strong></span> 
     </span>
    </p>
   </div>
   <div class='ocr_carea' id='block_1_42' title="bbox 471 3437 2068 3512">
    <p class='ocr_par' dir='ltr' id='par_1_42' title="bbox 471 3437 2068 3512">
     <span class='ocr_line' id='line_1_42' title="bbox 471 3437 2068 3512; baseline 0.002 -20"><span class='ocrx_word' id='word_1_372' title='bbox 471 3437 598 3508; x_wconf 89' lang='lat' dir='ltr'><strong>quia</strong></span> <span class='ocrx_word' id='word_1_373' title='bbox 638 3445 780 3494; x_wconf 90' lang='lat' dir='ltr'><strong>totus</strong></span> <span class='ocrx_word' id='word_1_374' title='bbox 821 3439 908 3496; x_wconf 91' lang='lat' dir='ltr'><strong>hic</strong></span> <span class='ocrx_word' id='word_1_375' title='bbox 950 3454 1140 3496; x_wconf 88' lang='lat' dir='ltr'><strong>versus</strong></span> <span class='ocrx_word' id='word_1_376' title='bbox 1186 3455 1281 3509; x_wconf 85' lang='lat' dir='ltr'><strong>per</strong></span> <span class='ocrx_word' id='word_1_377' title='bbox 1327 3441 1548 3512; x_wconf 88' lang='lat' dir='ltr'><strong>ﬂguram</strong></span> <span class='ocrx_word' id='word_1_378' title='bbox 1591 3442 1764 3497; x_wconf 89' lang='lat' dir='ltr'><strong>dictus</strong></span> <span class='ocrx_word' id='word_1_379' title='bbox 1803 3449 1888 3496; x_wconf 85' lang='lat' dir='ltr'><strong>est</strong></span> <span class='ocrx_word' id='word_1_380' title='bbox 1932 3440 2068 3511; x_wconf 90' lang='lat' dir='ltr'><strong>tapi-</strong></span> 
     </span>
    </p>
   </div>
   <div class='ocr_carea' id='block_1_43' title="bbox 472 3530 2064 3604">
    <p class='ocr_par' dir='ltr' id='par_1_43' title="bbox 472 3530 2064 3604">
     <span class='ocr_line' id='line_1_43' title="bbox 472 3530 2064 3604; baseline 0 -15"><span class='ocrx_word' id='word_1_381' title='bbox 472 3530 652 3599; x_wconf 89' lang='lat' dir='ltr'><strong>nosin,</strong></span> <span class='ocrx_word' id='word_1_382' title='bbox 689 3547 810 3602; x_wconf 68' lang='lat' dir='ltr'><strong>quae</strong></span> <span class='ocrx_word' id='word_1_383' title='bbox 846 3531 981 3588; x_wconf 91' lang='lat' dir='ltr'><strong>hanc</strong></span> <span class='ocrx_word' id='word_1_384' title='bbox 1021 3535 1260 3588; x_wconf 90' lang='lat' dir='ltr'><strong>noscitur</strong></span> <span class='ocrx_word' id='word_1_385' title='bbox 1300 3535 1501 3590; x_wconf 88' lang='lat' dir='ltr'><strong>habere</strong></span> <span class='ocrx_word' id='word_1_386' title='bbox 1537 3535 1819 3604; x_wconf 81' lang='lat' dir='ltr'><strong>virtutem,</strong></span> <span class='ocrx_word' id='word_1_387' title='bbox 1862 3544 1922 3590; x_wconf 93' lang='lat' dir='ltr'><strong>ut</strong></span> <span class='ocrx_word' id='word_1_388' title='bbox 1961 3535 2064 3589; x_wconf 92' lang='lat' dir='ltr'><strong>hu-</strong></span> 
     </span>
    </p>
   </div>
   <div class='ocr_carea' id='block_1_44' title="bbox 475 3621 2064 3702">
    <p class='ocr_par' dir='ltr' id='par_1_44' title="bbox 475 3621 2064 3702">
     <span class='ocr_line' id='line_1_44' title="bbox 475 3621 2064 3702; baseline 0.003 -24"><span class='ocrx_word' id='word_1_389' title='bbox 475 3621 718 3679; x_wconf 84' lang='lat' dir='ltr'><strong>militatis</strong></span> <span class='ocrx_word' id='word_1_390' title='bbox 748 3623 940 3679; x_wconf 79' lang='lat' dir='ltr'><strong>aﬂ&#39;ectu</strong></span> <span class='ocrx_word' id='word_1_391' title='bbox 968 3640 1216 3695; x_wconf 86' lang='lat' dir='ltr'><strong>magnam</strong></span> <span class='ocrx_word' id='word_1_392' title='bbox 1237 3641 1349 3682; x_wconf 91' lang='lat' dir='ltr'><strong>rem</strong></span> <span class='ocrx_word' id='word_1_393' title='bbox 1381 3627 1596 3702; x_wconf 82' lang='lat' dir='ltr'><strong>dejiciat</strong></span> <span class='ocrx_word' id='word_1_394' title='bbox 1629 3642 1794 3698; x_wconf 89' lang='lat' dir='ltr'><strong>usque</strong></span> <span class='ocrx_word' id='word_1_395' title='bbox 1821 3629 1886 3682; x_wconf 91' lang='lat' dir='ltr'><strong>ad</strong></span> <span class='ocrx_word' id='word_1_396' title='bbox 1915 3628 2064 3682; x_wconf 90' lang='lat' dir='ltr'><strong>vilis-</strong></span> 
     </span>
    </p>
   </div>
   <div class='ocr_carea' id='block_1_45' title="bbox 474 3715 2066 3789">
    <p class='ocr_par' dir='ltr' id='par_1_45' title="bbox 474 3715 2066 3789">
     <span class='ocr_line' id='line_1_45' title="bbox 474 3715 2066 3789; baseline 0.002 -16"><span class='ocrx_word' id='word_1_397' title='bbox 474 3715 665 3773; x_wconf 87' lang='lat' dir='ltr'><strong>simam</strong></span> <span class='ocrx_word' id='word_1_398' title='bbox 697 3717 1036 3788; x_wconf 87' lang='lat' dir='ltr'><strong>parvitatem.</strong></span> <span class='ocrx_word' id='word_1_399' title='bbox 1079 3719 1209 3785; x_wconf 62' lang='lat' dir='ltr'><strong>Quae</strong></span> <span class='ocrx_word' id='word_1_400' title='bbox 1239 3720 1403 3789; x_wconf 84' lang='lat' dir='ltr'><strong>figura</strong></span> <span class='ocrx_word' id='word_1_401' title='bbox 1456 3721 1508 3774; x_wconf 93' lang='lat' dir='ltr'><strong>in</strong></span> <span class='ocrx_word' id='word_1_402' title='bbox 1536 3721 1830 3788; x_wconf 86' lang='lat' dir='ltr'><strong>Scripturis</strong></span> <span class='ocrx_word' id='word_1_403' title='bbox 1864 3721 2066 3776; x_wconf 91' lang='lat' dir='ltr'><strong>sanctis</strong></span> 
     </span>
    </p>
   </div>
   <div class='ocr_carea' id='block_1_46' title="bbox 473 3809 2068 3882">
    <p class='ocr_par' dir='ltr' id='par_1_46' title="bbox 473 3809 2068 3882">
     <span class='ocr_line' id='line_1_46' title="bbox 473 3809 2068 3882; baseline 0 -18"><span class='ocrx_word' id='word_1_404' title='bbox 473 3809 909 3880; x_wconf 81' lang='lat' dir='ltr'><strong>frequentissime</strong></span> <span class='ocrx_word' id='word_1_405' title='bbox 937 3812 1219 3882; x_wconf 89' lang='lat' dir='ltr'><strong>reperitur,</strong></span> <span class='ocrx_word' id='word_1_406' title='bbox 1249 3812 1381 3867; x_wconf 89' lang='lat' dir='ltr'><strong>sicut</strong></span> <span class='ocrx_word' id='word_1_407' title='bbox 1402 3813 1532 3868; x_wconf 89' lang='lat' dir='ltr'><strong>dicit</strong></span> <span class='ocrx_word' id='word_1_408' title='bbox 1551 3813 1870 3882; x_wconf 87' lang='lat' dir='ltr'><strong>Apostolus:</strong></span> <span class='ocrx_word' id='word_1_409' title='bbox 1896 3811 2068 3882; x_wconf 87' lang='lat' dir='ltr'><strong>Elegit</strong></span> 
     </span>
    </p>
   </div>
   <div class='ocr_carea' id='block_1_47' title="bbox 475 3902 2060 3979">
    <p class='ocr_par' dir='ltr' id='par_1_47' title="bbox 475 3902 2060 3979">
     <span class='ocr_line' id='line_1_47' title="bbox 475 3902 2060 3979; baseline 0.001 -21"><span class='ocrx_word' id='word_1_410' title='bbox 475 3902 615 3958; x_wconf 77' lang='lat' dir='ltr'><strong>Deus</strong></span> <span class='ocrx_word' id='word_1_411' title='bbox 641 3905 851 3974; x_wconf 83' lang='lat' dir='ltr'><strong>inﬁrma</strong></span> <span class='ocrx_word' id='word_1_412' title='bbox 879 3903 1032 3977; x_wconf 80' lang='lat' dir='ltr'><strong>hujus</strong></span> <span class='ocrx_word' id='word_1_413' title='bbox 1059 3905 1262 3972; x_wconf 85' lang='lat' dir='ltr'><strong>mundi,</strong></span> <span class='ocrx_word' id='word_1_414' title='bbox 1286 3914 1341 3960; x_wconf 89' lang='lat' dir='ltr'><strong>ut</strong></span> <span class='ocrx_word' id='word_1_415' title='bbox 1371 3907 1651 3977; x_wconf 73' lang='lat' dir='ltr'><strong>confundat</strong></span> <span class='ocrx_word' id='word_1_416' title='bbox 1681 3910 1837 3978; x_wconf 80' lang='lat' dir='ltr'><strong>fortia</strong></span> <span class='ocrx_word' id='word_1_417' title='bbox 1868 3905 1920 3979; x_wconf 89' lang='lat' dir='ltr'><strong>(I</strong></span> <span class='ocrx_word' id='word_1_418' title='bbox 1943 3905 2060 3961; x_wconf 85' lang='lat' dir='ltr'><strong>Cor.</strong></span> 
     </span>
    </p>
   </div>
   <div class='ocr_carea' id='block_1_48' title="bbox 473 3994 666 4066">
    <p class='ocr_par' dir='ltr' id='par_1_48' title="bbox 473 3994 666 4066">
     <span class='ocr_line' id='line_1_48' title="bbox 473 3994 666 4066; baseline 0 -16"><span class='ocrx_word' id='word_1_419' title='bbox 473 4008 514 4063; x_wconf 81' lang='grc' dir='ltr'><strong>ι,</strong></span> <span class='ocrx_word' id='word_1_420' title='bbox 553 3994 666 4066; x_wconf 74' lang='grc'><strong>27).</strong></span> 
     </span>
    </p>
   </div>
   <div class='ocr_carea' id='block_1_49' title="bbox 547 4083 2063 4159">
    <p class='ocr_par' dir='ltr' id='par_1_49' title="bbox 547 4083 2063 4159">
     <span class='ocr_line' id='line_1_49' title="bbox 547 4083 2063 4159; baseline 0.001 -19"><span class='ocrx_word' id='word_1_421' title='bbox 547 4083 701 4142; x_wconf 79' lang='lat' dir='ltr'><strong>Vers.‘</strong></span> <span class='ocrx_word' id='word_1_422' title='bbox 753 4085 842 4142; x_wconf 76' lang='grc'><strong>11.</strong></span> <span class='ocrx_word' id='word_1_423' title='bbox 885 4086 930 4141; x_wconf 80' lang='grc' dir='ltr'><em>Α</em></span> <span class='ocrx_word' id='word_1_424' title='bbox 967 4088 1098 4159; x_wconf 82' lang='lat' dir='ltr'><strong>facie</strong></span> <span class='ocrx_word' id='word_1_425' title='bbox 1133 4088 1225 4143; x_wconf 66' lang='lat' dir='ltr'><strong>ira?</strong></span> <span class='ocrx_word' id='word_1_426' title='bbox 1257 4098 1303 4142; x_wconf 87' lang='lat' dir='ltr'><strong>et</strong></span> <span class='ocrx_word' id='word_1_427' title='bbox 1338 4087 1708 4157; x_wconf 83' lang='lat' dir='ltr'><strong>indignationis</strong></span> <span class='ocrx_word' id='word_1_428' title='bbox 1745 4097 1849 4141; x_wconf 75' lang='lat' dir='ltr'><strong>tute</strong></span> <span class='ocrx_word' id='word_1_429' title='bbox 1883 4102 1904 4142; x_wconf 89' lang='lat'><strong><em>:</em></strong></span> <span class='ocrx_word' id='word_1_430' title='bbox 1942 4089 2063 4158; x_wconf 85' lang='lat' dir='ltr'><strong>quia</strong></span> 
     </span>
    </p>
   </div>
   <div class='ocr_carea' id='block_1_50' title="bbox 471 4178 2064 4252">
    <p class='ocr_par' dir='ltr' id='par_1_50' title="bbox 471 4178 2064 4252">
     <span class='ocr_line' id='line_1_50' title="bbox 471 4178 2064 4252; baseline -0.001 -17"><span class='ocrx_word' id='word_1_431' title='bbox 471 4178 670 4235; x_wconf 85' lang='lat' dir='ltr'><strong>elevans</strong></span> <span class='ocrx_word' id='word_1_432' title='bbox 699 4179 876 4234; x_wconf 83' lang='lat' dir='ltr'><strong>elisisti</strong></span> <span class='ocrx_word' id='word_1_433' title='bbox 902 4178 1055 4252; x_wconf 87' lang='lat' dir='ltr'><strong>[mss.</strong></span> <span class='ocrx_word' id='word_1_434' title='bbox 1080 4182 1171 4243; x_wconf 85' lang='lat' dir='ltr'><strong>A..</strong></span> <span class='ocrx_word' id='word_1_435' title='bbox 1197 4181 1282 4248; x_wconf 89' lang='lat' dir='ltr'><strong>B.,</strong></span> <span class='ocrx_word' id='word_1_436' title='bbox 1313 4178 1541 4252; x_wconf 86' lang='lat' dir='ltr'><strong>allisisti]</strong></span> <span class='ocrx_word' id='word_1_437' title='bbox 1563 4195 1664 4234; x_wconf 88' lang='lat' dir='ltr'><strong>me.</strong></span> <span class='ocrx_word' id='word_1_438' title='bbox 1684 4178 1904 4235; x_wconf 89' lang='lat' dir='ltr'><strong>Comma</strong></span> <span class='ocrx_word' id='word_1_439' title='bbox 1922 4178 2064 4234; x_wconf 89' lang='lat' dir='ltr'><strong>istud</strong></span> 
     </span>
    </p>
   </div>
   <div class='ocr_carea' id='block_1_51' title="bbox 472 4272 2067 4344">
    <p class='ocr_par' dir='ltr' id='par_1_51' title="bbox 472 4272 2067 4344">
     <span class='ocr_line' id='line_1_51' title="bbox 472 4272 2067 4344; baseline 0.003 -18"><span class='ocrx_word' id='word_1_440' title='bbox 472 4272 540 4328; x_wconf 86' lang='lat' dir='ltr'><strong>ad</strong></span> <span class='ocrx_word' id='word_1_441' title='bbox 569 4273 846 4342; x_wconf 87' lang='lat' dir='ltr'><strong>superiora</strong></span> <span class='ocrx_word' id='word_1_442' title='bbox 873 4273 1228 4342; x_wconf 89' lang='lat' dir='ltr'><strong>connectitur,</strong></span> <span class='ocrx_word' id='word_1_443' title='bbox 1269 4282 1327 4328; x_wconf 92' lang='lat' dir='ltr'><strong>ut</strong></span> <span class='ocrx_word' id='word_1_444' title='bbox 1364 4274 1583 4343; x_wconf 88' lang='lat' dir='ltr'><strong>grandis</strong></span> <span class='ocrx_word' id='word_1_445' title='bbox 1619 4273 1708 4328; x_wconf 89' lang='lat' dir='ltr'><strong>illa</strong></span> <span class='ocrx_word' id='word_1_446' title='bbox 1739 4272 2067 4344; x_wconf 63' lang='lat' dir='ltr'><strong>poenitentiae</strong></span> 
     </span>
    </p>
   </div>
   <div class='ocr_carea' id='block_1_52' title="bbox 475 4365 2064 4434">
    <p class='ocr_par' dir='ltr' id='par_1_52' title="bbox 475 4365 2064 4434">
     <span class='ocr_line' id='line_1_52' title="bbox 475 4365 2064 4434; baseline 0.001 -14"><span class='ocrx_word' id='word_1_447' title='bbox 475 4365 791 4434; x_wconf 86' lang='lat' dir='ltr'><strong>magnitudo</strong></span> <span class='ocrx_word' id='word_1_448' title='bbox 816 4379 882 4420; x_wconf 83' lang='lat' dir='ltr'><strong>ex</strong></span> <span class='ocrx_word' id='word_1_449' title='bbox 909 4366 985 4420; x_wconf 87' lang='lat' dir='ltr'><strong>ira</strong></span> <span class='ocrx_word' id='word_1_450' title='bbox 1016 4374 1072 4421; x_wconf 91' lang='lat' dir='ltr'><strong>et</strong></span> <span class='ocrx_word' id='word_1_451' title='bbox 1101 4367 1463 4434; x_wconf 85' lang='lat' dir='ltr'><strong>indignatione</strong></span> <span class='ocrx_word' id='word_1_452' title='bbox 1484 4366 1694 4421; x_wconf 89' lang='lat' dir='ltr'><strong>Domini</strong></span> <span class='ocrx_word' id='word_1_453' title='bbox 1733 4375 2064 4424; x_wconf 87' lang='lat' dir='ltr'><strong>nasceretur.</strong></span> 
     </span>
    </p>
   </div>
   <div class='ocr_carea' id='block_1_53' title="bbox 475 4456 2070 4528">
    <p class='ocr_par' dir='ltr' id='par_1_53' title="bbox 475 4456 2070 4528">
     <span class='ocr_line' id='line_1_53' title="bbox 475 4456 2070 4528; baseline 0 -16"><span class='ocrx_word' id='word_1_454' title='bbox 475 4456 617 4513; x_wconf 85' lang='lat' dir='ltr'><strong>Dicit</strong></span> <span class='ocrx_word' id='word_1_455' title='bbox 655 4457 796 4512; x_wconf 84' lang='lat' dir='ltr'><strong>enim</strong></span> <span class='ocrx_word' id='word_1_456' title='bbox 824 4474 836 4509; x_wconf 92' lang='lat'>:</span> <span class='ocrx_word' id='word_1_457' title='bbox 876 4456 921 4510; x_wconf 79' lang='grc' dir='ltr'><em>Α</em></span> <span class='ocrx_word' id='word_1_458' title='bbox 952 4457 1084 4527; x_wconf 79' lang='lat' dir='ltr'><strong>facie</strong></span> <span class='ocrx_word' id='word_1_459' title='bbox 1116 4457 1208 4511; x_wconf 66' lang='lat' dir='ltr'><strong>ira:</strong></span> <span class='ocrx_word' id='word_1_460' title='bbox 1247 4465 1294 4511; x_wconf 85' lang='lat' dir='ltr'><strong>et</strong></span> <span class='ocrx_word' id='word_1_461' title='bbox 1329 4457 1695 4528; x_wconf 84' lang='lat' dir='ltr'><strong>indignationis</strong></span> <span class='ocrx_word' id='word_1_462' title='bbox 1731 4467 1852 4514; x_wconf 66' lang='lat' dir='ltr'><strong>tuas.</strong></span> <span class='ocrx_word' id='word_1_463' title='bbox 1894 4459 1986 4513; x_wconf 87' lang='lat' dir='ltr'><strong>Ira</strong></span> <span class='ocrx_word' id='word_1_464' title='bbox 2021 4465 2070 4514; x_wconf 86' lang='lat' dir='ltr'><strong>et</strong></span> 
     </span>
    </p>
   </div>
   <div class='ocr_carea' id='block_1_54' title="bbox 2160 2133 3748 2218">
    <p class='ocr_par' dir='ltr' id='par_1_54' title="bbox 2160 2133 3748 2218">
     <span class='ocr_line' id='line_1_54' title="bbox 2160 2133 3748 2218; baseline -0.011 -15"><span class='ocrx_word' id='word_1_465' title='bbox 2160 2145 2658 2218; x_wconf 67' lang='lat' dir='ltr'><strong>praevaricationem</strong></span> <span class='ocrx_word' id='word_1_466' title='bbox 2691 2141 2843 2208; x_wconf 66' lang='lat' dir='ltr'><strong>Adae,</strong></span> <span class='ocrx_word' id='word_1_467' title='bbox 2873 2141 2980 2194; x_wconf 85' lang='lat' dir='ltr'><strong>dies</strong></span> <span class='ocrx_word' id='word_1_468' title='bbox 3012 2152 3142 2194; x_wconf 86' lang='lat' dir='ltr'><strong>suos</strong></span> <span class='ocrx_word' id='word_1_469' title='bbox 3171 2138 3302 2192; x_wconf 85' lang='lat' dir='ltr'><strong>sicut</strong></span> <span class='ocrx_word' id='word_1_470' title='bbox 3331 2137 3564 2190; x_wconf 79' lang='lat' dir='ltr'><strong>umbram</strong></span> <span class='ocrx_word' id='word_1_471' title='bbox 3591 2133 3748 2187; x_wconf 85' lang='lat' dir='ltr'><strong>decli-</strong></span> 
     </span>
    </p>
   </div>
   <div class='ocr_carea' id='block_1_55' title="bbox 2161 2226 3747 2308">
    <p class='ocr_par' dir='ltr' id='par_1_55' title="bbox 2161 2226 3747 2308">
     <span class='ocr_line' id='line_1_55' title="bbox 2161 2226 3747 2308; baseline -0.009 -13"><span class='ocrx_word' id='word_1_472' title='bbox 2161 2255 2330 2307; x_wconf 84' lang='lat' dir='ltr'><strong>nasse,</strong></span> <span class='ocrx_word' id='word_1_473' title='bbox 2375 2237 2496 2308; x_wconf 90' lang='lat' dir='ltr'><strong>quia</strong></span> <span class='ocrx_word' id='word_1_474' title='bbox 2537 2250 2632 2292; x_wconf 90' lang='lat' dir='ltr'><strong>eos</strong></span> <span class='ocrx_word' id='word_1_475' title='bbox 2659 2235 2750 2291; x_wconf 85' lang='lat' dir='ltr'><strong>Sol</strong></span> <span class='ocrx_word' id='word_1_476' title='bbox 2788 2247 2946 2290; x_wconf 91' lang='lat' dir='ltr'><strong>verus</strong></span> <span class='ocrx_word' id='word_1_477' title='bbox 2979 2232 3233 2287; x_wconf 91' lang='lat' dir='ltr'><strong>Dominus</strong></span> <span class='ocrx_word' id='word_1_478' title='bbox 3272 2229 3567 2300; x_wconf 85' lang='lat' dir='ltr'><strong>reliquerat</strong></span> <span class='ocrx_word' id='word_1_479' title='bbox 3591 2226 3747 2282; x_wconf 85' lang='lat' dir='ltr'><strong>Chri-</strong></span> 
     </span>
    </p>
   </div>
   <div class='ocr_carea' id='block_1_56' title="bbox 2162 2334 3745 2408">
    <p class='ocr_par' dir='ltr' id='par_1_56' title="bbox 2162 2334 3745 2408">
     <span class='ocr_line' id='line_1_56' title="bbox 2162 2334 3745 2408; baseline -0.011 -10"><span class='ocrx_word' id='word_1_480' title='bbox 2162 2349 2301 2408; x_wconf 89' lang='lat' dir='ltr'><strong>stus,</strong></span> <span class='ocrx_word' id='word_1_481' title='bbox 2332 2341 2448 2394; x_wconf 90' lang='lat' dir='ltr'><strong>sine</strong></span> <span class='ocrx_word' id='word_1_482' title='bbox 2488 2352 2595 2408; x_wconf 93' lang='lat' dir='ltr'><strong>quo</strong></span> <span class='ocrx_word' id='word_1_483' title='bbox 2627 2338 2736 2393; x_wconf 90' lang='lat' dir='ltr'><strong>vita</strong></span> <span class='ocrx_word' id='word_1_484' title='bbox 2767 2336 2944 2390; x_wconf 89' lang='lat' dir='ltr'><strong>omnis</strong></span> <span class='ocrx_word' id='word_1_485' title='bbox 2975 2334 3225 2389; x_wconf 89' lang='lat' dir='ltr'><strong>umbrosa</strong></span> <span class='ocrx_word' id='word_1_486' title='bbox 3257 2340 3361 2399; x_wconf 90' lang='lat' dir='ltr'><strong>est,</strong></span> <span class='ocrx_word' id='word_1_487' title='bbox 3409 2341 3460 2385; x_wconf 94' lang='lat' dir='ltr'><strong>et</strong></span> <span class='ocrx_word' id='word_1_488' title='bbox 3501 2339 3745 2396; x_wconf 80' lang='lat' dir='ltr'><strong>tanquam</strong></span> 
     </span>
    </p>
   </div>
   <div class='ocr_carea' id='block_1_57' title="bbox 2160 2418 3746 2491">
    <p class='ocr_par' dir='ltr' id='par_1_57' title="bbox 2160 2418 3746 2491">
     <span class='ocr_line' id='line_1_57' title="bbox 2160 2418 3746 2491; baseline -0.009 -2"><span class='ocrx_word' id='word_1_489' title='bbox 2160 2433 2252 2490; x_wconf 90' lang='lat' dir='ltr'><strong>illa</strong></span> <span class='ocrx_word' id='word_1_490' title='bbox 2289 2448 2392 2489; x_wconf 93' lang='lat' dir='ltr'><strong>non</strong></span> <span class='ocrx_word' id='word_1_491' title='bbox 2432 2432 2633 2487; x_wconf 86' lang='lat' dir='ltr'><strong>habens</strong></span> <span class='ocrx_word' id='word_1_492' title='bbox 2672 2427 3055 2491; x_wconf 84' lang='lat' dir='ltr'><strong>substantiam,</strong></span> <span class='ocrx_word' id='word_1_493' title='bbox 3101 2427 3170 2480; x_wconf 91' lang='lat' dir='ltr'><strong>ita</strong></span> <span class='ocrx_word' id='word_1_494' title='bbox 3205 2425 3320 2480; x_wconf 91' lang='lat' dir='ltr'><strong>dies</strong></span> <span class='ocrx_word' id='word_1_495' title='bbox 3359 2423 3530 2478; x_wconf 86' lang='lat' dir='ltr'><strong>nostri</strong></span> <span class='ocrx_word' id='word_1_496' title='bbox 3576 2418 3746 2474; x_wconf 89' lang='lat' dir='ltr'><strong>inutili</strong></span> 
     </span>
    </p>
   </div>
   <div class='ocr_carea' id='block_1_58' title="bbox 2162 2513 3746 2592">
    <p class='ocr_par' dir='ltr' id='par_1_58' title="bbox 2162 2513 3746 2592">
     <span class='ocr_line' id='line_1_58' title="bbox 2162 2513 3746 2592; baseline -0.012 -9"><span class='ocrx_word' id='word_1_497' title='bbox 2162 2525 2574 2584; x_wconf 89' lang='lat' dir='ltr'><strong>conversatione</strong></span> <span class='ocrx_word' id='word_1_498' title='bbox 2635 2523 2964 2592; x_wconf 91' lang='lat' dir='ltr'><strong>dispereunt.</strong></span> <span class='ocrx_word' id='word_1_499' title='bbox 3017 2518 3412 2574; x_wconf 74' lang='lat' dir='ltr'><strong>Drclinauerunt</strong></span> <span class='ocrx_word' id='word_1_500' title='bbox 3457 2529 3586 2584; x_wconf 84' lang='lat' dir='ltr'><strong>ergo</strong></span> <span class='ocrx_word' id='word_1_501' title='bbox 3644 2513 3746 2565; x_wconf 84' lang='lat' dir='ltr'><strong>dies</strong></span> 
     </span>
    </p>
   </div>
   <div class='ocr_carea' id='block_1_59' title="bbox 2163 2605 3746 2691">
    <p class='ocr_par' dir='ltr' id='par_1_59' title="bbox 2163 2605 3746 2691">
     <span class='ocr_line' id='line_1_59' title="bbox 2163 2605 3746 2691; baseline -0.011 -16"><span class='ocrx_word' id='word_1_502' title='bbox 2163 2618 2302 2691; x_wconf 87' lang='lat' dir='ltr'><strong>ejus,</strong></span> <span class='ocrx_word' id='word_1_503' title='bbox 2352 2618 2476 2690; x_wconf 88' lang='lat' dir='ltr'><strong>quia</strong></span> <span class='ocrx_word' id='word_1_504' title='bbox 2523 2617 2638 2688; x_wconf 89' lang='lat' dir='ltr'><strong>ipse</strong></span> <span class='ocrx_word' id='word_1_505' title='bbox 2686 2613 2976 2670; x_wconf 89' lang='lat' dir='ltr'><strong>declinavit</strong></span> <span class='ocrx_word' id='word_1_506' title='bbox 3017 2627 3046 2666; x_wconf 90' lang='lat' dir='ltr'><strong>a</strong></span> <span class='ocrx_word' id='word_1_507' title='bbox 3089 2611 3338 2665; x_wconf 91' lang='lat' dir='ltr'><strong>Domino.</strong></span> <span class='ocrx_word' id='word_1_508' title='bbox 3390 2609 3562 2663; x_wconf 85' lang='lat' dir='ltr'><strong>Tanto</strong></span> <span class='ocrx_word' id='word_1_509' title='bbox 3607 2605 3746 2662; x_wconf 88' lang='lat' dir='ltr'><strong>enim</strong></span> 
     </span>
    </p>
   </div>
   <div class='ocr_carea' id='block_1_60' title="bbox 2163 2701 3748 2786">
    <p class='ocr_par' dir='ltr' id='par_1_60' title="bbox 2163 2701 3748 2786">
     <span class='ocr_line' id='line_1_60' title="bbox 2163 2701 3748 2786; baseline -0.012 -17"><span class='ocrx_word' id='word_1_510' title='bbox 2163 2714 2282 2786; x_wconf 89' lang='lat' dir='ltr'><strong>quis</strong></span> <span class='ocrx_word' id='word_1_511' title='bbox 2330 2713 2678 2774; x_wconf 90' lang='lat' dir='ltr'><strong>imminuitur,</strong></span> <span class='ocrx_word' id='word_1_512' title='bbox 2721 2715 2920 2778; x_wconf 87' lang='lat' dir='ltr'><strong>quanto</strong></span> <span class='ocrx_word' id='word_1_513' title='bbox 2959 2706 3026 2760; x_wconf 90' lang='lat' dir='ltr'><strong>ab</strong></span> <span class='ocrx_word' id='word_1_514' title='bbox 3067 2704 3154 2758; x_wconf 89' lang='lat' dir='ltr'><strong>illa</strong></span> <span class='ocrx_word' id='word_1_515' title='bbox 3202 2701 3532 2773; x_wconf 88' lang='lat' dir='ltr'><strong>plenitudine</strong></span> <span class='ocrx_word' id='word_1_516' title='bbox 3572 2711 3748 2768; x_wconf 86' lang='lat' dir='ltr'><strong>segre-</strong></span> 
     </span>
    </p>
   </div>
   <div class='ocr_carea' id='block_1_61' title="bbox 2166 2793 3748 2875">
    <p class='ocr_par' dir='ltr' id='par_1_61' title="bbox 2166 2793 3748 2875">
     <span class='ocr_line' id='line_1_61' title="bbox 2166 2793 3748 2875; baseline -0.01 -16"><span class='ocrx_word' id='word_1_517' title='bbox 2166 2815 2340 2875; x_wconf 84' lang='lat' dir='ltr'><strong>gatur.</strong></span> <span class='ocrx_word' id='word_1_518' title='bbox 2385 2804 2659 2873; x_wconf 89' lang='lat' dir='ltr'><strong>Sequitur,</strong></span> <span class='ocrx_word' id='word_1_519' title='bbox 2688 2809 2735 2856; x_wconf 93' lang='lat' dir='ltr'><strong>et</strong></span> <span class='ocrx_word' id='word_1_520' title='bbox 2766 2816 2856 2871; x_wconf 87' lang='lat' dir='ltr'><strong>ego</strong></span> <span class='ocrx_word' id='word_1_521' title='bbox 2880 2800 3009 2854; x_wconf 83' lang='lat' dir='ltr'><strong>sicut</strong></span> <span class='ocrx_word' id='word_1_522' title='bbox 3035 2799 3207 2868; x_wconf 78' lang='lat' dir='ltr'><strong>fenum</strong></span> <span class='ocrx_word' id='word_1_523' title='bbox 3235 2795 3368 2849; x_wconf 87' lang='lat' dir='ltr'><strong>arui.</strong></span> <span class='ocrx_word' id='word_1_524' title='bbox 3407 2793 3748 2861; x_wconf 88' lang='lat' dir='ltr'><strong>Consequens</strong></span> 
     </span>
    </p>
   </div>
   <div class='ocr_carea' id='block_1_62' title="bbox 2169 2885 3747 2965">
    <p class='ocr_par' dir='ltr' id='par_1_62' title="bbox 2169 2885 3747 2965">
     <span class='ocr_line' id='line_1_62' title="bbox 2169 2885 3747 2965; baseline -0.013 -13"><span class='ocrx_word' id='word_1_525' title='bbox 2169 2897 2303 2962; x_wconf 90' lang='lat' dir='ltr'><strong>fuit,</strong></span> <span class='ocrx_word' id='word_1_526' title='bbox 2347 2905 2406 2950; x_wconf 91' lang='lat' dir='ltr'><strong>ut</strong></span> <span class='ocrx_word' id='word_1_527' title='bbox 2446 2893 2599 2965; x_wconf 89' lang='lat' dir='ltr'><strong>cujus</strong></span> <span class='ocrx_word' id='word_1_528' title='bbox 2636 2892 2752 2950; x_wconf 90' lang='lat' dir='ltr'><strong>dies</strong></span> <span class='ocrx_word' id='word_1_529' title='bbox 2782 2891 3208 2956; x_wconf 87' lang='lat' dir='ltr'><strong>declinaverant,</strong></span> <span class='ocrx_word' id='word_1_530' title='bbox 3251 2887 3390 2942; x_wconf 87' lang='lat' dir='ltr'><strong>sicut</strong></span> <span class='ocrx_word' id='word_1_531' title='bbox 3417 2885 3594 2940; x_wconf 87' lang='lat' dir='ltr'><strong>fenum</strong></span> <span class='ocrx_word' id='word_1_532' title='bbox 3632 2894 3747 2934; x_wconf 86' lang='lat' dir='ltr'><strong>are-</strong></span> 
     </span>
    </p>
   </div>
   <div class='ocr_carea' id='block_1_63' title="bbox 2165 2971 3746 3045">
    <p class='ocr_par' dir='ltr' id='par_1_63' title="bbox 2165 2971 3746 3045">
     <span class='ocr_line' id='line_1_63' title="bbox 2165 2971 3746 3045; baseline -0.011 -1"><span class='ocrx_word' id='word_1_533' title='bbox 2165 3001 2320 3044; x_wconf 86' lang='lat' dir='ltr'><strong>scere</strong></span> <span class='ocrx_word' id='word_1_534' title='bbox 2347 2986 2640 3042; x_wconf 85' lang='lat' dir='ltr'><strong>debuisset.</strong></span> <span class='ocrx_word' id='word_1_535' title='bbox 2674 2984 2946 3040; x_wconf 86' lang='lat' dir='ltr'><strong>Beneﬂcio</strong></span> <span class='ocrx_word' id='word_1_536' title='bbox 2971 2983 3112 3038; x_wconf 91' lang='lat' dir='ltr'><strong>enim</strong></span> <span class='ocrx_word' id='word_1_537' title='bbox 3143 2980 3291 3036; x_wconf 89' lang='lat' dir='ltr'><strong>vitali</strong></span> <span class='ocrx_word' id='word_1_538' title='bbox 3313 2979 3589 3042; x_wconf 88' lang='lat' dir='ltr'><strong>subducto,</strong></span> <span class='ocrx_word' id='word_1_539' title='bbox 3603 2971 3746 3045; x_wconf 89' lang='lat' dir='ltr'><strong>quod</strong></span> 
     </span>
    </p>
   </div>
   <div class='ocr_carea' id='block_1_64' title="bbox 2168 3065 3748 3150">
    <p class='ocr_par' dir='ltr' id='par_1_64' title="bbox 2168 3065 3748 3150">
     <span class='ocr_line' id='line_1_64' title="bbox 2168 3065 3748 3150; baseline -0.011 -14"><span class='ocrx_word' id='word_1_540' title='bbox 2168 3095 2269 3136; x_wconf 93' lang='lat' dir='ltr'><strong>nos</strong></span> <span class='ocrx_word' id='word_1_541' title='bbox 2298 3090 2537 3150; x_wconf 82' lang='lat' dir='ltr'><strong>vegetat,</strong></span> <span class='ocrx_word' id='word_1_542' title='bbox 2569 3087 2624 3132; x_wconf 88' lang='lat' dir='ltr'><strong>et</strong></span> <span class='ocrx_word' id='word_1_543' title='bbox 2651 3079 2886 3132; x_wconf 89' lang='lat' dir='ltr'><strong>virentes</strong></span> <span class='ocrx_word' id='word_1_544' title='bbox 2927 3091 2988 3130; x_wconf 87' lang='lat' dir='ltr'><strong>ac</strong></span> <span class='ocrx_word' id='word_1_545' title='bbox 3022 3073 3242 3129; x_wconf 93' lang='lat' dir='ltr'><strong>ﬂoridos</strong></span> <span class='ocrx_word' id='word_1_546' title='bbox 3281 3070 3469 3134; x_wconf 91' lang='lat' dir='ltr'><strong>reddit,</strong></span> <span class='ocrx_word' id='word_1_547' title='bbox 3501 3069 3554 3122; x_wconf 89' lang='lat' dir='ltr'><strong>in</strong></span> <span class='ocrx_word' id='word_1_548' title='bbox 3585 3065 3748 3120; x_wconf 82' lang='lat' dir='ltr'><strong>aridi-</strong></span> 
     </span>
    </p>
   </div>
   <div class='ocr_carea' id='block_1_65' title="bbox 2169 3162 3754 3241">
    <p class='ocr_par' dir='ltr' id='par_1_65' title="bbox 2169 3162 3754 3241">
     <span class='ocr_line' id='line_1_65' title="bbox 2169 3162 3754 3241; baseline -0.009 -14"><span class='ocrx_word' id='word_1_549' title='bbox 2169 3181 2330 3227; x_wconf 86' lang='lat' dir='ltr'><strong>tatem</strong></span> <span class='ocrx_word' id='word_1_550' title='bbox 2361 3171 2564 3241; x_wconf 90' lang='lat' dir='ltr'><strong>peccati</strong></span> <span class='ocrx_word' id='word_1_551' title='bbox 2606 3169 2853 3226; x_wconf 90' lang='lat' dir='ltr'><strong>absolute</strong></span> <span class='ocrx_word' id='word_1_552' title='bbox 2881 3167 3242 3239; x_wconf 88' lang='lat' dir='ltr'><strong>perducimur,</strong></span> <span class='ocrx_word' id='word_1_553' title='bbox 3277 3165 3378 3219; x_wconf 91' lang='lat' dir='ltr'><strong>nisi</strong></span> <span class='ocrx_word' id='word_1_554' title='bbox 3407 3162 3598 3217; x_wconf 87' lang='lat' dir='ltr'><strong>iterum</strong></span> <span class='ocrx_word' id='word_1_555' title='bbox 3631 3171 3754 3214; x_wconf 89' lang='lat' dir='ltr'><strong>rore</strong></span> 
     </span>
    </p>
   </div>
   <div class='ocr_carea' id='block_1_66' title="bbox 2169 3253 3750 3329">
    <p class='ocr_par' dir='ltr' id='par_1_66' title="bbox 2169 3253 3750 3329">
     <span class='ocr_line' id='line_1_66' title="bbox 2169 3253 3750 3329; baseline -0.008 -8"><span class='ocrx_word' id='word_1_556' title='bbox 2169 3266 2368 3321; x_wconf 82' lang='lat' dir='ltr'><strong>divinae</strong></span> <span class='ocrx_word' id='word_1_557' title='bbox 2419 3263 2804 3319; x_wconf 75' lang='lat' dir='ltr'><strong>misericordia:</strong></span> <span class='ocrx_word' id='word_1_558' title='bbox 2848 3262 2902 3317; x_wconf 89' lang='lat' dir='ltr'><strong>in</strong></span> <span class='ocrx_word' id='word_1_559' title='bbox 2934 3275 3123 3316; x_wconf 84' lang='lat' dir='ltr'><strong>novam</strong></span> <span class='ocrx_word' id='word_1_560' title='bbox 3153 3257 3377 3329; x_wconf 87' lang='lat' dir='ltr'><strong>gratiam</strong></span> <span class='ocrx_word' id='word_1_561' title='bbox 3409 3253 3750 3324; x_wconf 86' lang='lat' dir='ltr'><strong>pullulemus.</strong></span> 
     </span>
    </p>
   </div>
   <div class='ocr_carea' id='block_1_67' title="bbox 2169 3343 3755 3427">
    <p class='ocr_par' dir='ltr' id='par_1_67' title="bbox 2169 3343 3755 3427">
     <span class='ocr_line' id='line_1_67' title="bbox 2169 3343 3755 3427; baseline -0.011 -13"><span class='ocrx_word' id='word_1_562' title='bbox 2169 3357 2446 3427; x_wconf 90' lang='lat' dir='ltr'><strong>Completa</strong></span> <span class='ocrx_word' id='word_1_563' title='bbox 2476 3365 2562 3412; x_wconf 89' lang='lat' dir='ltr'><strong>est</strong></span> <span class='ocrx_word' id='word_1_564' title='bbox 2589 3353 2883 3424; x_wconf 84' lang='lat' dir='ltr'><strong>ingentium</strong></span> <span class='ocrx_word' id='word_1_565' title='bbox 2915 3351 3266 3407; x_wconf 87' lang='lat' dir='ltr'><strong>afﬂictionum</strong></span> <span class='ocrx_word' id='word_1_566' title='bbox 3298 3347 3633 3403; x_wconf 90' lang='lat' dir='ltr'><strong>enumeratio</strong></span> <span class='ocrx_word' id='word_1_567' title='bbox 3678 3343 3755 3398; x_wconf 87' lang='lat' dir='ltr'><strong>lu-</strong></span> 
     </span>
    </p>
   </div>
   <div class='ocr_carea' id='block_1_68' title="bbox 2169 3434 3757 3514">
    <p class='ocr_par' dir='ltr' id='par_1_68' title="bbox 2169 3434 3757 3514">
     <span class='ocr_line' id='line_1_68' title="bbox 2169 3434 3757 3514; baseline -0.012 -6"><span class='ocrx_word' id='word_1_568' title='bbox 2169 3461 2355 3508; x_wconf 89' lang='lat' dir='ltr'><strong>ctuosa</strong></span> <span class='ocrx_word' id='word_1_569' title='bbox 2386 3469 2400 3504; x_wconf 90' lang='lat'><strong>:</strong></span> <span class='ocrx_word' id='word_1_570' title='bbox 2433 3464 2576 3504; x_wconf 92' lang='lat' dir='ltr'><strong>nunc</strong></span> <span class='ocrx_word' id='word_1_571' title='bbox 2616 3448 2895 3504; x_wconf 88' lang='lat' dir='ltr'><strong>videamus</strong></span> <span class='ocrx_word' id='word_1_572' title='bbox 2926 3443 3051 3514; x_wconf 88' lang='lat' dir='ltr'><strong>quid</strong></span> <span class='ocrx_word' id='word_1_573' title='bbox 3083 3443 3234 3499; x_wconf 90' lang='lat' dir='ltr'><strong>nobis</strong></span> <span class='ocrx_word' id='word_1_574' title='bbox 3277 3441 3436 3497; x_wconf 89' lang='lat' dir='ltr'><strong>tertia</strong></span> <span class='ocrx_word' id='word_1_575' title='bbox 3468 3454 3593 3510; x_wconf 89' lang='lat' dir='ltr'><strong>pars</strong></span> <span class='ocrx_word' id='word_1_576' title='bbox 3622 3434 3757 3495; x_wconf 84' lang='lat' dir='ltr'><strong>indi-</strong></span> 
     </span>
    </p>
   </div>
   <div class='ocr_carea' id='block_1_69' title="bbox 2169 3542 2596 3598">
    <p class='ocr_par' dir='ltr' id='par_1_69' title="bbox 2169 3542 2596 3598">
     <span class='ocr_line' id='line_1_69' title="bbox 2169 3542 2596 3598; baseline -0.005 0"><span class='ocrx_word' id='word_1_577' title='bbox 2169 3558 2298 3598; x_wconf 89' lang='lat' dir='ltr'><strong>care</strong></span> <span class='ocrx_word' id='word_1_578' title='bbox 2327 3542 2596 3596; x_wconf 88' lang='lat' dir='ltr'><strong>videatur.</strong></span> 
     </span>
    </p>
   </div>
   <div class='ocr_carea' id='block_1_70' title="bbox 2241 3627 3756 3700">
    <p class='ocr_par' dir='ltr' id='par_1_70' title="bbox 2241 3627 3756 3700">
     <span class='ocr_line' id='line_1_70' title="bbox 2241 3627 3756 3700; baseline -0.011 -9"><span class='ocrx_word' id='word_1_579' title='bbox 2241 3633 2396 3690; x_wconf 76' lang='lat' dir='ltr'><strong>Vers.</strong></span> <span class='ocrx_word' id='word_1_580' title='bbox 2423 3633 2508 3688; x_wconf 82' lang='lat' dir='ltr'><strong>l5.</strong></span> <span class='ocrx_word' id='word_1_581' title='bbox 2534 3631 2614 3685; x_wconf 89' lang='lat' dir='ltr'><strong>Tu</strong></span> <span class='ocrx_word' id='word_1_582' title='bbox 2641 3639 2827 3700; x_wconf 84' lang='lat' dir='ltr'><strong>autem,</strong></span> <span class='ocrx_word' id='word_1_583' title='bbox 2849 3627 3086 3693; x_wconf 88' lang='lat' dir='ltr'><strong>Domine,</strong></span> <span class='ocrx_word' id='word_1_584' title='bbox 3113 3629 3167 3680; x_wconf 89' lang='lat' dir='ltr'><strong>in</strong></span> <span class='ocrx_word' id='word_1_585' title='bbox 3192 3633 3438 3680; x_wconf 80' lang='lat' dir='ltr'><strong>wternum</strong></span> <span class='ocrx_word' id='word_1_586' title='bbox 3459 3637 3756 3693; x_wconf 79' lang='lat' dir='ltr'><strong>permanes;</strong></span> 
     </span>
    </p>
   </div>
   <div class='ocr_carea' id='block_1_71' title="bbox 2167 3717 3755 3788">
    <p class='ocr_par' dir='ltr' id='par_1_71' title="bbox 2167 3717 3755 3788">
     <span class='ocr_line' id='line_1_71' title="bbox 2167 3717 3755 3788; baseline -0.009 -4"><span class='ocrx_word' id='word_1_587' title='bbox 2167 3735 2216 3784; x_wconf 85' lang='lat' dir='ltr'><strong>et</strong></span> <span class='ocrx_word' id='word_1_588' title='bbox 2245 3725 2542 3781; x_wconf 86' lang='lat' dir='ltr'><strong>memoriale</strong></span> <span class='ocrx_word' id='word_1_589' title='bbox 2571 3731 2716 3777; x_wconf 89' lang='lat' dir='ltr'><strong>tuum</strong></span> <span class='ocrx_word' id='word_1_590' title='bbox 2744 3724 2798 3776; x_wconf 89' lang='lat' dir='ltr'><strong>in</strong></span> <span class='ocrx_word' id='word_1_591' title='bbox 2828 3722 3071 3776; x_wconf 62' lang='lat' dir='ltr'><strong>sacculum</strong></span> <span class='ocrx_word' id='word_1_592' title='bbox 3099 3719 3293 3774; x_wconf 73' lang='lat' dir='ltr'><strong>saeculi.</strong></span> <span class='ocrx_word' id='word_1_593' title='bbox 3353 3718 3480 3772; x_wconf 82' lang='lat' dir='ltr'><strong>Post</strong></span> <span class='ocrx_word' id='word_1_594' title='bbox 3507 3717 3755 3788; x_wconf 82' lang='lat' dir='ltr'><strong>dignissi-</strong></span> 
     </span>
    </p>
   </div>
   <div class='ocr_carea' id='block_1_72' title="bbox 2169 3810 3751 3884">
    <p class='ocr_par' dir='ltr' id='par_1_72' title="bbox 2169 3810 3751 3884">
     <span class='ocr_line' id='line_1_72' title="bbox 2169 3810 3751 3884; baseline -0.008 -10"><span class='ocrx_word' id='word_1_595' title='bbox 2169 3833 2312 3874; x_wconf 89' lang='lat' dir='ltr'><strong>mam</strong></span> <span class='ocrx_word' id='word_1_596' title='bbox 2341 3813 2779 3880; x_wconf 78' lang='lat' dir='ltr'><strong>satisfactionem,</strong></span> <span class='ocrx_word' id='word_1_597' title='bbox 2810 3823 2864 3871; x_wconf 89' lang='lat' dir='ltr'><strong>et</strong></span> <span class='ocrx_word' id='word_1_598' title='bbox 2890 3813 3230 3884; x_wconf 87' lang='lat' dir='ltr'><strong>generalibus</strong></span> <span class='ocrx_word' id='word_1_599' title='bbox 3257 3810 3410 3865; x_wconf 91' lang='lat' dir='ltr'><strong>malis</strong></span> <span class='ocrx_word' id='word_1_600' title='bbox 3436 3819 3751 3877; x_wconf 86' lang='lat' dir='ltr'><strong>competen-</strong></span> 
     </span>
    </p>
   </div>
   <div class='ocr_carea' id='block_1_73' title="bbox 2169 3904 3748 3980">
    <p class='ocr_par' dir='ltr' id='par_1_73' title="bbox 2169 3904 3748 3980">
     <span class='ocr_line' id='line_1_73' title="bbox 2169 3904 3748 3980; baseline -0.009 -12"><span class='ocrx_word' id='word_1_601' title='bbox 2169 3921 2252 3968; x_wconf 91' lang='lat' dir='ltr'><strong>ter</strong></span> <span class='ocrx_word' id='word_1_602' title='bbox 2293 3910 2524 3977; x_wconf 89' lang='lat' dir='ltr'><strong>deﬂetis,</strong></span> <span class='ocrx_word' id='word_1_603' title='bbox 2557 3909 2824 3980; x_wconf 81' lang='lat' dir='ltr'><strong>paenitens</strong></span> <span class='ocrx_word' id='word_1_604' title='bbox 2868 3907 2957 3962; x_wconf 90' lang='lat' dir='ltr'><strong>ille</strong></span> <span class='ocrx_word' id='word_1_605' title='bbox 2992 3906 3104 3977; x_wconf 88' lang='lat' dir='ltr'><strong>jam</strong></span> <span class='ocrx_word' id='word_1_606' title='bbox 3137 3906 3288 3974; x_wconf 91' lang='lat' dir='ltr'><strong>quasi</strong></span> <span class='ocrx_word' id='word_1_607' title='bbox 3328 3914 3486 3974; x_wconf 91' lang='lat' dir='ltr'><strong>caput</strong></span> <span class='ocrx_word' id='word_1_608' title='bbox 3512 3904 3748 3965; x_wconf 83' lang='lat' dir='ltr'><strong>elevans,</strong></span> 
     </span>
    </p>
   </div>
   <div class='ocr_carea' id='block_1_74' title="bbox 2167 3993 3756 4074">
    <p class='ocr_par' dir='ltr' id='par_1_74' title="bbox 2167 3993 3756 4074">
     <span class='ocr_line' id='line_1_74' title="bbox 2167 3993 3756 4074; baseline -0.008 -15"><span class='ocrx_word' id='word_1_609' title='bbox 2167 4012 2224 4060; x_wconf 89' lang='lat' dir='ltr'><strong>et</strong></span> <span class='ocrx_word' id='word_1_610' title='bbox 2251 4002 2426 4074; x_wconf 87' lang='lat' dir='ltr'><strong>aliqua</strong></span> <span class='ocrx_word' id='word_1_611' title='bbox 2464 4001 2712 4056; x_wconf 89' lang='lat' dir='ltr'><strong>libertate</strong></span> <span class='ocrx_word' id='word_1_612' title='bbox 2750 4001 3057 4069; x_wconf 73' lang='lat' dir='ltr'><strong>respirans,</strong></span> <span class='ocrx_word' id='word_1_613' title='bbox 3091 3997 3301 4052; x_wconf 90' lang='lat' dir='ltr'><strong>tertiam</strong></span> <span class='ocrx_word' id='word_1_614' title='bbox 3335 4005 3538 4067; x_wconf 88' lang='lat' dir='ltr'><strong>partem</strong></span> <span class='ocrx_word' id='word_1_615' title='bbox 3575 3993 3756 4049; x_wconf 80' lang='lat' dir='ltr'><strong>suble-</strong></span> 
     </span>
    </p>
   </div>
   <div class='ocr_carea' id='block_1_75' title="bbox 2171 4091 3758 4162">
    <p class='ocr_par' dir='ltr' id='par_1_75' title="bbox 2171 4091 3758 4162">
     <span class='ocr_line' id='line_1_75' title="bbox 2171 4091 3758 4162; baseline -0.006 -12"><span class='ocrx_word' id='word_1_616' title='bbox 2171 4103 2322 4150; x_wconf 89' lang='lat' dir='ltr'><strong>vatus</strong></span> <span class='ocrx_word' id='word_1_617' title='bbox 2361 4109 2426 4148; x_wconf 91' lang='lat' dir='ltr'><strong>ac</strong></span> <span class='ocrx_word' id='word_1_618' title='bbox 2465 4101 2741 4150; x_wconf 89' lang='lat' dir='ltr'><strong>recreatus</strong></span> <span class='ocrx_word' id='word_1_619' title='bbox 2783 4091 3111 4162; x_wconf 87' lang='lat' dir='ltr'><strong>ingreditur,</strong></span> <span class='ocrx_word' id='word_1_620' title='bbox 3157 4098 3213 4145; x_wconf 91' lang='lat' dir='ltr'><strong>et</strong></span> <span class='ocrx_word' id='word_1_621' title='bbox 3240 4096 3495 4158; x_wconf 87' lang='lat' dir='ltr'><strong>quantum</strong></span> <span class='ocrx_word' id='word_1_622' title='bbox 3538 4101 3597 4142; x_wconf 77' lang='lat' dir='ltr'><strong>se</strong></span> <span class='ocrx_word' id='word_1_623' title='bbox 3631 4101 3758 4141; x_wconf 89' lang='lat' dir='ltr'><strong>con-</strong></span> 
     </span>
    </p>
   </div>
   <div class='ocr_carea' id='block_1_76' title="bbox 2173 4179 3762 4254">
    <p class='ocr_par' dir='ltr' id='par_1_76' title="bbox 2173 4179 3762 4254">
     <span class='ocr_line' id='line_1_76' title="bbox 2173 4179 3762 4254; baseline -0.004 -15"><span class='ocrx_word' id='word_1_624' title='bbox 2173 4183 2436 4240; x_wconf 90' lang='lat' dir='ltr'><strong>demnans</strong></span> <span class='ocrx_word' id='word_1_625' title='bbox 2453 4181 2846 4251; x_wconf 90' lang='lat' dir='ltr'><strong>humiliaverat,</strong></span> <span class='ocrx_word' id='word_1_626' title='bbox 2874 4182 3036 4254; x_wconf 60' lang='lat'><strong>3&amp;0</strong></span> <span class='ocrx_word' id='word_1_627' title='bbox 3049 4191 3250 4237; x_wconf 90' lang='lat' dir='ltr'><strong>tantum</strong></span> <span class='ocrx_word' id='word_1_628' title='bbox 3275 4195 3415 4236; x_wconf 90' lang='lat' dir='ltr'><strong>nunc</strong></span> <span class='ocrx_word' id='word_1_629' title='bbox 3438 4181 3492 4235; x_wconf 92' lang='lat' dir='ltr'><strong>in</strong></span> <span class='ocrx_word' id='word_1_630' title='bbox 3518 4179 3762 4234; x_wconf 87' lang='lat' dir='ltr'><strong>laudibus</strong></span> 
     </span>
    </p>
   </div>
   <div class='ocr_carea' id='block_1_77' title="bbox 2174 4272 3760 4345">
    <p class='ocr_par' dir='ltr' id='par_1_77' title="bbox 2174 4272 3760 4345">
     <span class='ocr_line' id='line_1_77' title="bbox 2174 4272 3760 4345; baseline -0.005 -13"><span class='ocrx_word' id='word_1_631' title='bbox 2174 4277 2388 4332; x_wconf 92' lang='lat' dir='ltr'><strong>Domini</strong></span> <span class='ocrx_word' id='word_1_632' title='bbox 2428 4277 2764 4333; x_wconf 85' lang='lat' dir='ltr'><strong>confidenter</strong></span> <span class='ocrx_word' id='word_1_633' title='bbox 2805 4276 3060 4331; x_wconf 80' lang='lat' dir='ltr'><strong>exsultat.</strong></span> <span class='ocrx_word' id='word_1_634' title='bbox 3091 4275 3426 4345; x_wconf 83' lang='lat' dir='ltr'><strong>QuaprOpter</strong></span> <span class='ocrx_word' id='word_1_635' title='bbox 3466 4273 3670 4342; x_wconf 91' lang='lat' dir='ltr'><strong>optime</strong></span> <span class='ocrx_word' id='word_1_636' title='bbox 3697 4272 3760 4325; x_wconf 86' lang='lat' dir='ltr'><strong>ab</strong></span> 
     </span>
    </p>
   </div>
   <div class='ocr_carea' id='block_1_78' title="bbox 2175 4367 3762 4436">
    <p class='ocr_par' dir='ltr' id='par_1_78' title="bbox 2175 4367 3762 4436">
     <span class='ocr_line' id='line_1_78' title="bbox 2175 4367 3762 4436; baseline -0.004 -12"><span class='ocrx_word' id='word_1_637' title='bbox 2175 4370 2406 4425; x_wconf 76' lang='lat' dir='ltr'><strong>adventu</strong></span> <span class='ocrx_word' id='word_1_638' title='bbox 2435 4370 2645 4424; x_wconf 90' lang='lat' dir='ltr'><strong>Domini</strong></span> <span class='ocrx_word' id='word_1_639' title='bbox 2679 4369 2848 4424; x_wconf 84' lang='lat' dir='ltr'><strong>laudis</strong></span> <span class='ocrx_word' id='word_1_640' title='bbox 2879 4368 3003 4424; x_wconf 86' lang='lat' dir='ltr'><strong>fecit</strong></span> <span class='ocrx_word' id='word_1_641' title='bbox 3029 4367 3268 4432; x_wconf 91' lang='lat' dir='ltr'><strong>initium,</strong></span> <span class='ocrx_word' id='word_1_642' title='bbox 3297 4382 3393 4434; x_wconf 81' lang='lat' dir='ltr'><strong>per</strong></span> <span class='ocrx_word' id='word_1_643' title='bbox 3417 4381 3576 4436; x_wconf 91' lang='lat' dir='ltr'><strong>quem</strong></span> <span class='ocrx_word' id='word_1_644' title='bbox 3610 4381 3762 4419; x_wconf 89' lang='lat' dir='ltr'><strong>mun-</strong></span> 
     </span>
    </p>
   </div>
   <div class='ocr_carea' id='block_1_79' title="bbox 2177 4457 3762 4528">
    <p class='ocr_par' dir='ltr' id='par_1_79' title="bbox 2177 4457 3762 4528">
     <span class='ocr_line' id='line_1_79' title="bbox 2177 4457 3762 4528; baseline -0.003 -14"><span class='ocrx_word' id='word_1_645' title='bbox 2177 4459 2302 4514; x_wconf 89' lang='lat' dir='ltr'><strong>dum</strong></span> <span class='ocrx_word' id='word_1_646' title='bbox 2335 4468 2553 4514; x_wconf 89' lang='lat' dir='ltr'><strong>noverat</strong></span> <span class='ocrx_word' id='word_1_647' title='bbox 2581 4474 2700 4515; x_wconf 89' lang='lat' dir='ltr'><strong>esse</strong></span> <span class='ocrx_word' id='word_1_648' title='bbox 2729 4459 3064 4514; x_wconf 91' lang='lat' dir='ltr'><strong>salvandnm.</strong></span> <span class='ocrx_word' id='word_1_649' title='bbox 3097 4457 3367 4528; x_wconf 90' lang='lat' dir='ltr'><strong>Sequitur,</strong></span> <span class='ocrx_word' id='word_1_650' title='bbox 3395 4465 3442 4511; x_wconf 85' lang='lat' dir='ltr'><strong>et</strong></span> <span class='ocrx_word' id='word_1_651' title='bbox 3469 4459 3762 4511; x_wconf 84' lang='lat' dir='ltr'><strong>memoriale</strong></span> 
     </span>
    </p>
   </div>
   <div class='ocr_carea' id='block_1_80' title="bbox 473 4546 3762 4620">
    <p class='ocr_par' dir='ltr' id='par_1_80' title="bbox 473 4546 3762 4620">
     <span class='ocr_line' id='line_1_80' title="bbox 473 4546 3762 4620; baseline 0 -18"><span class='ocrx_word' id='word_1_652' title='bbox 473 4548 766 4620; x_wconf 88' lang='lat' dir='ltr'><strong>indignatio</strong></span> <span class='ocrx_word' id='word_1_653' title='bbox 811 4546 1000 4604; x_wconf 82' lang='lat' dir='ltr'><strong>faciem</strong></span> <span class='ocrx_word' id='word_1_654' title='bbox 1055 4562 1164 4603; x_wconf 91' lang='lat' dir='ltr'><strong>non</strong></span> <span class='ocrx_word' id='word_1_655' title='bbox 1204 4548 1403 4604; x_wconf 90' lang='lat' dir='ltr'><strong>habent</strong></span> <span class='ocrx_word' id='word_1_656' title='bbox 1447 4551 1806 4620; x_wconf 89' lang='lat' dir='ltr'><strong>corporalem,</strong></span> <span class='ocrx_word' id='word_1_657' title='bbox 1855 4550 1948 4607; x_wconf 89' lang='lat' dir='ltr'><strong>sed</strong></span> <span class='ocrx_word' id='word_1_658' title='bbox 1995 4551 2062 4606; x_wconf 91' lang='lat' dir='ltr'><strong>ti-</strong></span> <span class='ocrx_word' id='word_1_659' title='bbox 2097 4559 2147 4618; x_wconf 78' lang='grc' dir='ltr'><strong>ι)</strong></span> <span class='ocrx_word' id='word_1_660' title='bbox 2173 4563 2318 4607; x_wconf 85' lang='lat' dir='ltr'><strong>tuum</strong></span> <span class='ocrx_word' id='word_1_661' title='bbox 2343 4551 2396 4606; x_wconf 89' lang='lat' dir='ltr'><strong>in</strong></span> <span class='ocrx_word' id='word_1_662' title='bbox 2425 4552 2670 4606; x_wconf 78' lang='lat' dir='ltr'><strong>swculum</strong></span> <span class='ocrx_word' id='word_1_663' title='bbox 2697 4552 2894 4606; x_wconf 70' lang='lat' dir='ltr'><strong>siccati.</strong></span> <span class='ocrx_word' id='word_1_664' title='bbox 2944 4551 3244 4606; x_wconf 81' lang='lat' dir='ltr'><strong>Memoriale</strong></span> <span class='ocrx_word' id='word_1_665' title='bbox 3271 4550 3484 4606; x_wconf 90' lang='lat' dir='ltr'><strong>dictum.</strong></span> <span class='ocrx_word' id='word_1_666' title='bbox 3509 4557 3594 4604; x_wconf 93' lang='lat' dir='ltr'><strong>est</strong></span> <span class='ocrx_word' id='word_1_667' title='bbox 3623 4551 3762 4603; x_wconf 88' lang='lat' dir='ltr'><strong>salu-</strong></span> 
     </span>
    </p>
   </div>
   <div class='ocr_carea' id='block_1_81' title="bbox 474 4641 2066 4713">
    <p class='ocr_par' dir='ltr' id='par_1_81' title="bbox 474 4641 2066 4713">
     <span class='ocr_line' id='line_1_81' title="bbox 474 4641 2066 4713; baseline 0.003 -17"><span class='ocrx_word' id='word_1_668' title='bbox 474 4641 743 4698; x_wconf 89' lang='lat' dir='ltr'><strong>mentibus</strong></span> <span class='ocrx_word' id='word_1_669' title='bbox 777 4642 879 4698; x_wconf 85' lang='lat' dir='ltr'><strong>sub</strong></span> <span class='ocrx_word' id='word_1_670' title='bbox 913 4642 1292 4712; x_wconf 90' lang='lat' dir='ltr'><strong>imaginatione</strong></span> <span class='ocrx_word' id='word_1_671' title='bbox 1329 4657 1544 4713; x_wconf 88' lang='lat' dir='ltr'><strong>semper</strong></span> <span class='ocrx_word' id='word_1_672' title='bbox 1580 4652 1859 4713; x_wconf 88' lang='lat' dir='ltr'><strong>apparent.</strong></span> <span class='ocrx_word' id='word_1_673' title='bbox 1909 4642 2066 4700; x_wconf 89' lang='lat' dir='ltr'><strong>Unde</strong></span> 
     </span>
    </p>
   </div>
   <div class='ocr_carea' id='block_1_82' title="bbox 476 4732 2060 4807">
    <p class='ocr_par' dir='ltr' id='par_1_82' title="bbox 476 4732 2060 4807">
     <span class='ocr_line' id='line_1_82' title="bbox 476 4732 2060 4807; baseline 0 -18"><span class='ocrx_word' id='word_1_674' title='bbox 476 4732 564 4790; x_wconf 87' lang='lat' dir='ltr'><strong>hic</strong></span> <span class='ocrx_word' id='word_1_675' title='bbox 602 4745 846 4806; x_wconf 91' lang='lat' dir='ltr'><strong>potenter</strong></span> <span class='ocrx_word' id='word_1_676' title='bbox 883 4734 997 4806; x_wconf 89' lang='lat' dir='ltr'><strong>ipsa</strong></span> <span class='ocrx_word' id='word_1_677' title='bbox 1033 4735 1247 4807; x_wconf 84' lang='lat' dir='ltr'><strong>energia</strong></span> <span class='ocrx_word' id='word_1_678' title='bbox 1290 4735 1623 4791; x_wconf 89' lang='lat' dir='ltr'><strong>formidantis</strong></span> <span class='ocrx_word' id='word_1_679' title='bbox 1651 4750 1906 4806; x_wconf 80' lang='lat' dir='ltr'><strong>expressa</strong></span> <span class='ocrx_word' id='word_1_680' title='bbox 1939 4743 2060 4792; x_wconf 90' lang='lat' dir='ltr'><strong>est:</strong></span> 
     </span>
    </p>
   </div>
   <div class='ocr_carea' id='block_1_83' title="bbox 475 4828 2065 4898">
    <p class='ocr_par' dir='ltr' id='par_1_83' title="bbox 475 4828 2065 4898">
     <span class='ocr_line' id='line_1_83' title="bbox 475 4828 2065 4898; baseline 0.003 -16"><span class='ocrx_word' id='word_1_681' title='bbox 475 4828 596 4895; x_wconf 89' lang='lat' dir='ltr'><strong>quia</strong></span> <span class='ocrx_word' id='word_1_682' title='bbox 638 4843 760 4883; x_wconf 91' lang='lat' dir='ltr'><strong>eum</strong></span> <span class='ocrx_word' id='word_1_683' title='bbox 802 4828 1170 4898; x_wconf 86' lang='lat' dir='ltr'><strong>peccatoribus</strong></span> <span class='ocrx_word' id='word_1_684' title='bbox 1214 4839 1434 4884; x_wconf 89' lang='lat' dir='ltr'><strong>noverat</strong></span> <span class='ocrx_word' id='word_1_685' title='bbox 1479 4829 1824 4896; x_wconf 90' lang='lat' dir='ltr'><strong>comminari,</strong></span> <span class='ocrx_word' id='word_1_686' title='bbox 1852 4828 2065 4886; x_wconf 83' lang='lat' dir='ltr'><strong>dicente</strong></span> 
     </span>
    </p>
   </div>
   <div class='ocr_carea' id='block_1_84' title="bbox 474 4916 2064 4990">
    <p class='ocr_par' dir='ltr' id='par_1_84' title="bbox 474 4916 2064 4990">
     <span class='ocr_line' id='line_1_84' title="bbox 474 4916 2064 4990; baseline -0.002 -15"><span class='ocrx_word' id='word_1_687' title='bbox 474 4916 710 4975; x_wconf 63' lang='lat' dir='ltr'><strong>Ieremia</strong></span> <span class='ocrx_word' id='word_1_688' title='bbox 741 4935 756 4972; x_wconf 88' lang='lat'><strong>:</strong></span> <span class='ocrx_word' id='word_1_689' title='bbox 793 4919 1003 4978; x_wconf 85' lang='lat' dir='ltr'><strong>Voravit</strong></span> <span class='ocrx_word' id='word_1_690' title='bbox 1025 4937 1108 4976; x_wconf 86' lang='lat' dir='ltr'><strong>eos</strong></span> <span class='ocrx_word' id='word_1_691' title='bbox 1139 4921 1220 4974; x_wconf 85' lang='lat' dir='ltr'><strong>leo</strong></span> <span class='ocrx_word' id='word_1_692' title='bbox 1247 4921 1310 4974; x_wconf 87' lang='lat' dir='ltr'><strong>de</strong></span> <span class='ocrx_word' id='word_1_693' title='bbox 1349 4919 1499 4982; x_wconf 86' lang='lat' dir='ltr'><strong>silva,</strong></span> <span class='ocrx_word' id='word_1_694' title='bbox 1529 4927 1575 4972; x_wconf 85' lang='lat' dir='ltr'><strong>et</strong></span> <span class='ocrx_word' id='word_1_695' title='bbox 1607 4920 1758 4989; x_wconf 85' lang='lat' dir='ltr'><strong>lupus</strong></span> <span class='ocrx_word' id='word_1_696' title='bbox 1795 4920 1863 4973; x_wconf 89' lang='lat' dir='ltr'><strong>ad</strong></span> <span class='ocrx_word' id='word_1_697' title='bbox 1891 4935 2064 4990; x_wconf 78' lang='lat' dir='ltr'><strong>uespe-</strong></span> 
     </span>
    </p>
   </div>
   <div class='ocr_carea' id='block_1_85' title="bbox 474 5010 2064 5085">
    <p class='ocr_par' dir='ltr' id='par_1_85' title="bbox 474 5010 2064 5085">
     <span class='ocr_line' id='line_1_85' title="bbox 474 5010 2064 5085; baseline 0.003 -21"><span class='ocrx_word' id='word_1_698' title='bbox 474 5026 584 5065; x_wconf 87' lang='lat' dir='ltr'><strong>ram</strong></span> <span class='ocrx_word' id='word_1_699' title='bbox 611 5013 822 5067; x_wconf 72' lang='lat' dir='ltr'><strong>uastauit</strong></span> <span class='ocrx_word' id='word_1_700' title='bbox 845 5029 930 5068; x_wconf 80' lang='lat' dir='ltr'><strong>eos</strong></span> <span class='ocrx_word' id='word_1_701' title='bbox 959 5010 1094 5085; x_wconf 79' lang='lat' dir='ltr'><strong>(Jer.</strong></span> <span class='ocrx_word' id='word_1_702' title='bbox 1114 5025 1168 5076; x_wconf 91' lang='lat' dir='ltr'><strong>v,</strong></span> <span class='ocrx_word' id='word_1_703' title='bbox 1193 5010 1272 5081; x_wconf 88' lang='lat'><strong>6).</strong></span> <span class='ocrx_word' id='word_1_704' title='bbox 1308 5011 1376 5065; x_wconf 87' lang='lat' dir='ltr'><strong>Et</strong></span> <span class='ocrx_word' id='word_1_705' title='bbox 1401 5011 1673 5080; x_wconf 88' lang='lat' dir='ltr'><strong>apostolus</strong></span> <span class='ocrx_word' id='word_1_706' title='bbox 1698 5012 1888 5068; x_wconf 89' lang='lat' dir='ltr'><strong>Petrus</strong></span> <span class='ocrx_word' id='word_1_707' title='bbox 1917 5027 2064 5068; x_wconf 87' lang='lat' dir='ltr'><strong>com-</strong></span> 
     </span>
    </p>
   </div>
   <div class='ocr_carea' id='block_1_86' title="bbox 475 5099 2068 5177">
    <p class='ocr_par' dir='ltr' id='par_1_86' title="bbox 475 5099 2068 5177">
     <span class='ocr_line' id='line_1_86' title="bbox 475 5099 2068 5177; baseline 0.001 -19"><span class='ocrx_word' id='word_1_708' title='bbox 475 5099 722 5163; x_wconf 52' lang='lat' dir='ltr'><strong>monet&#39;:</strong></span> <span class='ocrx_word' id='word_1_709' title='bbox 768 5104 990 5177; x_wconf 82' lang='lat' dir='ltr'><strong>Vigilate</strong></span> <span class='ocrx_word' id='word_1_710' title='bbox 1031 5101 1249 5174; x_wconf 89' lang='lat' dir='ltr'><strong>(inquit)</strong></span> <span class='ocrx_word' id='word_1_711' title='bbox 1289 5113 1339 5158; x_wconf 82' lang='lat' dir='ltr'><strong>et</strong></span> <span class='ocrx_word' id='word_1_712' title='bbox 1377 5113 1546 5172; x_wconf 87' lang='lat' dir='ltr'><strong>orate,</strong></span> <span class='ocrx_word' id='word_1_713' title='bbox 1587 5105 1706 5174; x_wconf 86' lang='lat' dir='ltr'><strong>quia</strong></span> <span class='ocrx_word' id='word_1_714' title='bbox 1745 5105 2068 5159; x_wconf 83' lang='lat' dir='ltr'><strong>aduersarius</strong></span> 
     </span>
    </p>
   </div>
   <div class='ocr_carea' id='block_1_87' title="bbox 475 5193 2066 5270">
    <p class='ocr_par' dir='ltr' id='par_1_87' title="bbox 475 5193 2066 5270">
     <span class='ocr_line' id='line_1_87' title="bbox 475 5193 2066 5270; baseline 0.002 -21"><span class='ocrx_word' id='word_1_715' title='bbox 475 5204 636 5252; x_wconf 78' lang='lat' dir='ltr'><strong>uester</strong></span> <span class='ocrx_word' id='word_1_716' title='bbox 661 5197 894 5252; x_wconf 85' lang='lat' dir='ltr'><strong>diabolus</strong></span> <span class='ocrx_word' id='word_1_717' title='bbox 926 5204 982 5250; x_wconf 86' lang='lat' dir='ltr'><strong>ut</strong></span> <span class='ocrx_word' id='word_1_718' title='bbox 1027 5193 1163 5268; x_wconf 83' lang='lat' dir='ltr'><strong>[od.,</strong></span> <span class='ocrx_word' id='word_1_719' title='bbox 1196 5194 1464 5268; x_wconf 83' lang='lat' dir='ltr'><strong>tanquam]</strong></span> <span class='ocrx_word' id='word_1_720' title='bbox 1511 5199 1590 5252; x_wconf 89' lang='lat' dir='ltr'><strong>leo</strong></span> <span class='ocrx_word' id='word_1_721' title='bbox 1615 5197 1820 5270; x_wconf 82' lang='lat' dir='ltr'><strong>rugiens</strong></span> <span class='ocrx_word' id='word_1_722' title='bbox 1863 5198 2066 5266; x_wconf 84' lang='lat' dir='ltr'><strong>circuit,</strong></span> 
     </span>
    </p>
   </div>
   <div class='ocr_carea' id='block_1_88' title="bbox 475 5287 2068 5360">
    <p class='ocr_par' dir='ltr' id='par_1_88' title="bbox 475 5287 2068 5360">
     <span class='ocr_line' id='line_1_88' title="bbox 475 5287 2068 5360; baseline 0.001 -17"><span class='ocrx_word' id='word_1_723' title='bbox 475 5303 708 5358; x_wconf 73' lang='lat' dir='ltr'><strong>quarens</strong></span> <span class='ocrx_word' id='word_1_724' title='bbox 758 5302 906 5355; x_wconf 86' lang='lat' dir='ltr'><strong>quem</strong></span> <span class='ocrx_word' id='word_1_725' title='bbox 947 5289 1144 5343; x_wconf 85' lang='lat' dir='ltr'><strong>deuoret</strong></span> <span class='ocrx_word' id='word_1_726' title='bbox 1193 5287 1244 5358; x_wconf 91' lang='grc'><strong>(1</strong></span> <span class='ocrx_word' id='word_1_727' title='bbox 1287 5287 1434 5344; x_wconf 87' lang='lat' dir='ltr'><strong>Petr.</strong></span> <span class='ocrx_word' id='word_1_728' title='bbox 1485 5304 1540 5353; x_wconf 92' lang='lat' dir='ltr'><strong>v,</strong></span> <span class='ocrx_word' id='word_1_729' title='bbox 1583 5289 1659 5358; x_wconf 88' lang='lat'><strong>8).</strong></span> <span class='ocrx_word' id='word_1_730' title='bbox 1707 5288 1896 5344; x_wconf 78' lang='lat' dir='ltr'><strong>Merito</strong></span> <span class='ocrx_word' id='word_1_731' title='bbox 1938 5303 2068 5360; x_wconf 89' lang='lat' dir='ltr'><strong>ergo</strong></span> 
     </span>
    </p>
   </div>
   <div class='ocr_carea' id='block_1_89' title="bbox 475 5377 2068 5453">
    <p class='ocr_par' dir='ltr' id='par_1_89' title="bbox 475 5377 2068 5453">
     <span class='ocr_line' id='line_1_89' title="bbox 475 5377 2068 5453; baseline 0.003 -19"><span class='ocrx_word' id='word_1_732' title='bbox 475 5377 601 5434; x_wconf 78' lang='lat' dir='ltr'><strong>irati</strong></span> <span class='ocrx_word' id='word_1_733' title='bbox 627 5378 837 5433; x_wconf 91' lang='lat' dir='ltr'><strong>Domini</strong></span> <span class='ocrx_word' id='word_1_734' title='bbox 875 5377 1063 5435; x_wconf 83' lang='lat' dir='ltr'><strong>faciem</strong></span> <span class='ocrx_word' id='word_1_735' title='bbox 1099 5380 1421 5448; x_wconf 89' lang='lat' dir='ltr'><strong>formidavit,</strong></span> <span class='ocrx_word' id='word_1_736' title='bbox 1450 5396 1610 5452; x_wconf 90' lang='lat' dir='ltr'><strong>quem</strong></span> <span class='ocrx_word' id='word_1_737' title='bbox 1648 5397 1745 5453; x_wconf 90' lang='lat' dir='ltr'><strong>per</strong></span> <span class='ocrx_word' id='word_1_738' title='bbox 1778 5382 2068 5452; x_wconf 87' lang='lat' dir='ltr'><strong>prophetas</strong></span> 
     </span>
    </p>
   </div>
   <div class='ocr_carea' id='block_1_90' title="bbox 477 5468 2064 5546">
    <p class='ocr_par' dir='ltr' id='par_1_90' title="bbox 477 5468 2064 5546">
     <span class='ocr_line' id='line_1_90' title="bbox 477 5468 2064 5546; baseline 0.004 -20"><span class='ocrx_word' id='word_1_739' title='bbox 477 5483 606 5526; x_wconf 83' lang='lat' dir='ltr'><strong>suos</strong></span> <span class='ocrx_word' id='word_1_740' title='bbox 628 5468 751 5523; x_wconf 90' lang='lat' dir='ltr'><strong>talia</strong></span> <span class='ocrx_word' id='word_1_741' title='bbox 774 5472 1140 5540; x_wconf 87' lang='lat' dir='ltr'><strong>peccatoribus</strong></span> <span class='ocrx_word' id='word_1_742' title='bbox 1163 5472 1476 5543; x_wconf 70' lang='lat' dir='ltr'><strong>praedixisse</strong></span> <span class='ocrx_word' id='word_1_743' title='bbox 1503 5477 1772 5546; x_wconf 89' lang='lat' dir='ltr'><strong>cognovit.</strong></span> <span class='ocrx_word' id='word_1_744' title='bbox 1798 5473 1895 5529; x_wconf 86' lang='lat' dir='ltr'><strong>Ira</strong></span> <span class='ocrx_word' id='word_1_745' title='bbox 1921 5476 2064 5532; x_wconf 91' lang='lat' dir='ltr'><strong>enim</strong></span> 
     </span>
    </p>
   </div>
   <div class='ocr_carea' id='block_1_91' title="bbox 477 5559 2067 5638">
    <p class='ocr_par' dir='ltr' id='par_1_91' title="bbox 477 5559 2067 5638">
     <span class='ocr_line' id='line_1_91' title="bbox 477 5559 2067 5638; baseline 0.007 -24"><span class='ocrx_word' id='word_1_746' title='bbox 477 5559 548 5615; x_wconf 75' lang='lat' dir='ltr'><strong>ad</strong></span> <span class='ocrx_word' id='word_1_747' title='bbox 590 5559 848 5618; x_wconf 87' lang='lat' dir='ltr'><strong>ultionem</strong></span> <span class='ocrx_word' id='word_1_748' title='bbox 895 5565 1159 5633; x_wconf 89' lang='lat' dir='ltr'><strong>pertinet,</strong></span> <span class='ocrx_word' id='word_1_749' title='bbox 1205 5565 1492 5638; x_wconf 85' lang='lat' dir='ltr'><strong>indignatio</strong></span> <span class='ocrx_word' id='word_1_750' title='bbox 1540 5566 1608 5623; x_wconf 91' lang='lat' dir='ltr'><strong>ad</strong></span> <span class='ocrx_word' id='word_1_751' title='bbox 1653 5575 1853 5624; x_wconf 93' lang='lat' dir='ltr'><strong>motum</strong></span> <span class='ocrx_word' id='word_1_752' title='bbox 1902 5571 2067 5625; x_wconf 87' lang='lat' dir='ltr'><strong>animi</strong></span> 
     </span>
    </p>
   </div>
   <div class='ocr_carea' id='block_1_92' title="bbox 477 5653 2066 5730">
    <p class='ocr_par' dir='ltr' id='par_1_92' title="bbox 477 5653 2066 5730">
     <span class='ocr_line' id='line_1_92' title="bbox 477 5653 2066 5730; baseline 0.006 -22"><span class='ocrx_word' id='word_1_753' title='bbox 477 5653 824 5712; x_wconf 89' lang='lat' dir='ltr'><strong>mediocrem.</strong></span> <span class='ocrx_word' id='word_1_754' title='bbox 857 5656 1199 5727; x_wconf 87' lang='lat' dir='ltr'><strong>Indignamur</strong></span> <span class='ocrx_word' id='word_1_755' title='bbox 1224 5659 1486 5730; x_wconf 89' lang='lat' dir='ltr'><strong>siquidem</strong></span> <span class='ocrx_word' id='word_1_756' title='bbox 1515 5670 1570 5716; x_wconf 91' lang='lat' dir='ltr'><strong>et</strong></span> <span class='ocrx_word' id='word_1_757' title='bbox 1592 5661 1736 5728; x_wconf 86' lang='lat' dir='ltr'><strong>filiis,</strong></span> <span class='ocrx_word' id='word_1_758' title='bbox 1787 5662 2066 5718; x_wconf 89' lang='lat' dir='ltr'><strong>irascimur</strong></span> 
     </span>
    </p>
   </div>
   <div class='ocr_carea' id='block_1_93' title="bbox 478 5747 2062 5824">
    <p class='ocr_par' dir='ltr' id='par_1_93' title="bbox 478 5747 2062 5824">
     <span class='ocr_line' id='line_1_93' title="bbox 478 5747 2062 5824; baseline 0.006 -25"><span class='ocrx_word' id='word_1_759' title='bbox 478 5754 656 5802; x_wconf 85' lang='lat' dir='ltr'><strong>autem</strong></span> <span class='ocrx_word' id='word_1_760' title='bbox 711 5747 912 5820; x_wconf 89' lang='lat' dir='ltr'><strong>impetu</strong></span> <span class='ocrx_word' id='word_1_761' title='bbox 959 5751 1242 5821; x_wconf 90' lang='lat' dir='ltr'><strong>grandiore</strong></span> <span class='ocrx_word' id='word_1_762' title='bbox 1284 5751 1405 5821; x_wconf 86' lang='lat' dir='ltr'><strong>jure</strong></span> <span class='ocrx_word' id='word_1_763' title='bbox 1461 5755 1764 5824; x_wconf 89' lang='lat' dir='ltr'><strong>puniendis.</strong></span> <span class='ocrx_word' id='word_1_764' title='bbox 1822 5755 2062 5822; x_wconf 87' lang='lat' dir='ltr'><strong>Addidit,</strong></span> 
     </span>
    </p>
   </div>
   <div class='ocr_carea' id='block_1_94' title="bbox 478 5839 2065 5919">
    <p class='ocr_par' dir='ltr' id='par_1_94' title="bbox 478 5839 2065 5919">
     <span class='ocr_line' id='line_1_94' title="bbox 478 5839 2065 5919; baseline 0.009 -27"><span class='ocrx_word' id='word_1_765' title='bbox 478 5839 602 5912; x_wconf 75' lang='lat' dir='ltr'><strong>quia</strong></span> <span class='ocrx_word' id='word_1_766' title='bbox 629 5839 830 5897; x_wconf 68' lang='lat' dir='ltr'><strong>elevans</strong></span> <span class='ocrx_word' id='word_1_767' title='bbox 856 5842 1036 5902; x_wconf 81' lang='lat' dir='ltr'><strong>elisisti</strong></span> <span class='ocrx_word' id='word_1_768' title='bbox 1064 5860 1166 5903; x_wconf 83' lang='lat' dir='ltr'><strong>me.</strong></span> <span class='ocrx_word' id='word_1_769' title='bbox 1192 5844 1447 5913; x_wconf 82' lang='lat' dir='ltr'><strong>Quamvis</strong></span> <span class='ocrx_word' id='word_1_770' title='bbox 1475 5845 1636 5904; x_wconf 86' lang='lat' dir='ltr'><strong>unius</strong></span> <span class='ocrx_word' id='word_1_771' title='bbox 1663 5846 1910 5919; x_wconf 89' lang='lat' dir='ltr'><strong>pauperis</strong></span> <span class='ocrx_word' id='word_1_772' title='bbox 1942 5862 2065 5919; x_wconf 85' lang='lat' dir='ltr'><strong>per-</strong></span> 
     </span>
    </p>
   </div>
   <div class='ocr_carea' id='block_1_95' title="bbox 2169 4643 3758 4715">
    <p class='ocr_par' dir='ltr' id='par_1_95' title="bbox 2169 4643 3758 4715">
     <span class='ocr_line' id='line_1_95' title="bbox 2169 4643 3758 4715; baseline -0.003 -16"><span class='ocrx_word' id='word_1_773' title='bbox 2169 4652 2287 4700; x_wconf 89' lang='lat' dir='ltr'><strong>tare</strong></span> <span class='ocrx_word' id='word_1_774' title='bbox 2323 4645 2648 4715; x_wconf 87' lang='lat' dir='ltr'><strong>promissum</strong></span> <span class='ocrx_word' id='word_1_775' title='bbox 2686 4643 2756 4700; x_wconf 88' lang='lat' dir='ltr'><strong>de</strong></span> <span class='ocrx_word' id='word_1_776' title='bbox 2785 4643 3000 4698; x_wconf 91' lang='lat' dir='ltr'><strong>Domini</strong></span> <span class='ocrx_word' id='word_1_777' title='bbox 3042 4643 3411 4698; x_wconf 88' lang='lat' dir='ltr'><strong>incarnatione</strong></span> <span class='ocrx_word' id='word_1_778' title='bbox 3450 4652 3758 4707; x_wconf 83' lang='lat' dir='ltr'><strong>venturum.</strong></span> 
     </span>
    </p>
   </div>
   <div class='ocr_carea' id='block_1_96' title="bbox 2169 4735 3756 4812">
    <p class='ocr_par' dir='ltr' id='par_1_96' title="bbox 2169 4735 3756 4812">
     <span class='ocr_line' id='line_1_96' title="bbox 2169 4735 3756 4812; baseline -0.006 -16"><span class='ocrx_word' id='word_1_779' title='bbox 2169 4739 2314 4812; x_wconf 90' lang='lat' dir='ltr'><strong>quod</strong></span> <span class='ocrx_word' id='word_1_780' title='bbox 2355 4738 2500 4793; x_wconf 91' lang='lat' dir='ltr'><strong>nulla</strong></span> <span class='ocrx_word' id='word_1_781' title='bbox 2543 4737 2760 4803; x_wconf 86' lang='lat' dir='ltr'><strong>saecula,</strong></span> <span class='ocrx_word' id='word_1_782' title='bbox 2809 4737 2953 4792; x_wconf 90' lang='lat' dir='ltr'><strong>nulla</strong></span> <span class='ocrx_word' id='word_1_783' title='bbox 2995 4735 3277 4791; x_wconf 90' lang='lat' dir='ltr'><strong>immutare</strong></span> <span class='ocrx_word' id='word_1_784' title='bbox 3322 4737 3488 4804; x_wconf 87' lang='lat' dir='ltr'><strong>possit</strong></span> <span class='ocrx_word' id='word_1_785' title='bbox 3524 4735 3756 4801; x_wconf 86' lang='lat' dir='ltr'><strong>oblivio,</strong></span> 
     </span>
    </p>
   </div>
   <div class='ocr_carea' id='block_1_97' title="bbox 2168 4828 3762 4897">
    <p class='ocr_par' dir='ltr' id='par_1_97' title="bbox 2168 4828 3762 4897">
     <span class='ocr_line' id='line_1_97' title="bbox 2168 4828 3762 4897; baseline -0.004 -9"><span class='ocrx_word' id='word_1_786' title='bbox 2168 4831 2266 4888; x_wconf 83' lang='lat' dir='ltr'><strong>sed</strong></span> <span class='ocrx_word' id='word_1_787' title='bbox 2306 4832 2361 4886; x_wconf 89' lang='lat' dir='ltr'><strong>in</strong></span> <span class='ocrx_word' id='word_1_788' title='bbox 2390 4830 2663 4886; x_wconf 64' lang='lat' dir='ltr'><strong>memoriae</strong></span> <span class='ocrx_word' id='word_1_789' title='bbox 2694 4830 2815 4885; x_wconf 92' lang='lat' dir='ltr'><strong>sinu</strong></span> <span class='ocrx_word' id='word_1_790' title='bbox 2846 4829 3213 4897; x_wconf 90' lang='lat' dir='ltr'><strong>reconditum,</strong></span> <span class='ocrx_word' id='word_1_791' title='bbox 3245 4828 3520 4884; x_wconf 91' lang='lat' dir='ltr'><strong>immobile</strong></span> <span class='ocrx_word' id='word_1_792' title='bbox 3546 4841 3762 4897; x_wconf 89' lang='lat' dir='ltr'><strong>semper</strong></span> 
     </span>
    </p>
   </div>
   <div class='ocr_carea' id='block_1_98' title="bbox 2169 4923 3088 4995">
    <p class='ocr_par' dir='ltr' id='par_1_98' title="bbox 2169 4923 3088 4995">
     <span class='ocr_line' id='line_1_98' title="bbox 2169 4923 3088 4995; baseline -0.007 -15"><span class='ocrx_word' id='word_1_793' title='bbox 2169 4938 2268 4995; x_wconf 90' lang='lat' dir='ltr'><strong>per</strong></span> <span class='ocrx_word' id='word_1_794' title='bbox 2293 4923 2501 4978; x_wconf 85' lang='lat' dir='ltr'><strong>iuﬂnita</strong></span> <span class='ocrx_word' id='word_1_795' title='bbox 2532 4923 2729 4977; x_wconf 72' lang='lat' dir='ltr'><strong>szeCtIIa</strong></span> <span class='ocrx_word' id='word_1_796' title='bbox 2761 4930 3088 4992; x_wconf 90' lang='lat' dir='ltr'><strong>perseverat.</strong></span> 
     </span>
    </p>
   </div>
   <div class='ocr_carea' id='block_1_99' title="bbox 2243 5011 3762 5087">
    <p class='ocr_par' dir='ltr' id='par_1_99' title="bbox 2243 5011 3762 5087">
     <span class='ocr_line' id='line_1_99' title="bbox 2243 5011 3762 5087; baseline -0.005 -15"><span class='ocrx_word' id='word_1_797' title='bbox 2243 5016 2398 5073; x_wconf 83' lang='lat' dir='ltr'><strong>Vers.</strong></span> <span class='ocrx_word' id='word_1_798' title='bbox 2434 5016 2522 5071; x_wconf 73' lang='grc' dir='ltr'><strong>Η.</strong></span> <span class='ocrx_word' id='word_1_799' title='bbox 2553 5014 2632 5070; x_wconf 91' lang='lat' dir='ltr'><strong>Tu</strong></span> <span class='ocrx_word' id='word_1_800' title='bbox 2656 5031 2934 5087; x_wconf 69' lang='lat' dir='ltr'><strong>exsurgens</strong></span> <span class='ocrx_word' id='word_1_801' title='bbox 2965 5013 3278 5069; x_wconf 84' lang='lat' dir='ltr'><strong>misereberis</strong></span> <span class='ocrx_word' id='word_1_802' title='bbox 3301 5011 3450 5078; x_wconf 87' lang='lat' dir='ltr'><strong>Sion,</strong></span> <span class='ocrx_word' id='word_1_803' title='bbox 3485 5013 3606 5083; x_wconf 87' lang='lat' dir='ltr'><strong>quia</strong></span> <span class='ocrx_word' id='word_1_804' title='bbox 3631 5012 3762 5065; x_wconf 85' lang='lat' dir='ltr'><strong>venit</strong></span> 
     </span>
    </p>
   </div>
   <div class='ocr_carea' id='block_1_100' title="bbox 2172 5104 3761 5182">
    <p class='ocr_par' dir='ltr' id='par_1_100' title="bbox 2172 5104 3761 5182">
     <span class='ocr_line' id='line_1_100' title="bbox 2172 5104 3761 5182; baseline -0.006 -15"><span class='ocrx_word' id='word_1_805' title='bbox 2172 5120 2372 5182; x_wconf 84' lang='lat' dir='ltr'><strong>tempus</strong></span> <span class='ocrx_word' id='word_1_806' title='bbox 2416 5109 2692 5182; x_wconf 72' lang='lat' dir='ltr'><strong>miserandi</strong></span> <span class='ocrx_word' id='word_1_807' title='bbox 2737 5112 2865 5180; x_wconf 87' lang='lat' dir='ltr'><strong>ejus.</strong></span> <span class='ocrx_word' id='word_1_808' title='bbox 2915 5107 3234 5164; x_wconf 83' lang='lat' dir='ltr'><strong>Commonet</strong></span> <span class='ocrx_word' id='word_1_809' title='bbox 3277 5121 3379 5160; x_wconf 93' lang='lat' dir='ltr'><strong>nos</strong></span> <span class='ocrx_word' id='word_1_810' title='bbox 3421 5119 3623 5175; x_wconf 90' lang='lat' dir='ltr'><strong>pauper</strong></span> <span class='ocrx_word' id='word_1_811' title='bbox 3662 5104 3761 5159; x_wconf 88' lang='lat' dir='ltr'><strong>iste</strong></span> 
     </span>
    </p>
   </div>
   <div class='ocr_carea' id='block_1_101' title="bbox 2171 5181 3761 5276">
    <p class='ocr_par' dir='ltr' id='par_1_101' title="bbox 2171 5181 3761 5276">
     <span class='ocr_line' id='line_1_101' title="bbox 2171 5181 3761 5276; baseline -0.006 -13"><span class='ocrx_word' id='word_1_812' title='bbox 2171 5181 2562 5263; x_wconf 57' lang='lat' dir='ltr'><strong>sanctissimu§</strong></span> <span class='ocrx_word' id='word_1_813' title='bbox 2585 5213 2840 5276; x_wconf 89' lang='lat' dir='ltr'><strong>quantum</strong></span> <span class='ocrx_word' id='word_1_814' title='bbox 2877 5202 3140 5273; x_wconf 89' lang='lat' dir='ltr'><strong>simplicis</strong></span> <span class='ocrx_word' id='word_1_815' title='bbox 3178 5215 3242 5256; x_wconf 90' lang='lat' dir='ltr'><strong>ac</strong></span> <span class='ocrx_word' id='word_1_816' title='bbox 3282 5199 3456 5256; x_wconf 88' lang='lat' dir='ltr'><strong>fidelis</strong></span> <span class='ocrx_word' id='word_1_817' title='bbox 3485 5200 3584 5255; x_wconf 89' lang='lat' dir='ltr'><strong>viri</strong></span> <span class='ocrx_word' id='word_1_818' title='bbox 3625 5213 3761 5268; x_wconf 68' lang='lat' dir='ltr'><strong>prat-</strong></span> 
     </span>
    </p>
   </div>
   <div class='ocr_carea' id='block_1_102' title="bbox 2169 5291 3760 5370">
    <p class='ocr_par' dir='ltr' id='par_1_102' title="bbox 2169 5291 3760 5370">
     <span class='ocr_line' id='line_1_102' title="bbox 2169 5291 3760 5370; baseline -0.008 -12"><span class='ocrx_word' id='word_1_819' title='bbox 2169 5301 2350 5358; x_wconf 89' lang='lat' dir='ltr'><strong>valere</strong></span> <span class='ocrx_word' id='word_1_820' title='bbox 2393 5299 2560 5370; x_wconf 86' lang='lat' dir='ltr'><strong>possit</strong></span> <span class='ocrx_word' id='word_1_821' title='bbox 2587 5299 2798 5364; x_wconf 90' lang='lat' dir='ltr'><strong>oratio;</strong></span> <span class='ocrx_word' id='word_1_822' title='bbox 2829 5304 2889 5352; x_wconf 94' lang='lat' dir='ltr'><strong>ut</strong></span> <span class='ocrx_word' id='word_1_823' title='bbox 2917 5295 3011 5351; x_wconf 91' lang='lat' dir='ltr'><strong>ille</strong></span> <span class='ocrx_word' id='word_1_824' title='bbox 3039 5293 3129 5365; x_wconf 93' lang='lat' dir='ltr'><strong>qui</strong></span> <span class='ocrx_word' id='word_1_825' title='bbox 3167 5293 3317 5365; x_wconf 89' lang='lat' dir='ltr'><strong>prius</strong></span> <span class='ocrx_word' id='word_1_826' title='bbox 3344 5306 3445 5349; x_wconf 91' lang='lat' dir='ltr'><strong>nec</strong></span> <span class='ocrx_word' id='word_1_827' title='bbox 3484 5291 3760 5347; x_wconf 90' lang='lat' dir='ltr'><strong>hominum</strong></span> 
     </span>
    </p>
   </div>
   <div class='ocr_carea' id='block_1_103' title="bbox 2171 5383 3762 5462">
    <p class='ocr_par' dir='ltr' id='par_1_103' title="bbox 2171 5383 3762 5462">
     <span class='ocr_line' id='line_1_103' title="bbox 2171 5383 3762 5462; baseline -0.006 -14"><span class='ocrx_word' id='word_1_828' title='bbox 2171 5407 2232 5448; x_wconf 89' lang='lat' dir='ltr'><strong>se</strong></span> <span class='ocrx_word' id='word_1_829' title='bbox 2269 5392 2490 5462; x_wconf 88' lang='lat' dir='ltr'><strong>dignum</strong></span> <span class='ocrx_word' id='word_1_830' title='bbox 2526 5387 2834 5459; x_wconf 89' lang='lat' dir='ltr'><strong>aspectibus</strong></span> <span class='ocrx_word' id='word_1_831' title='bbox 2874 5386 3202 5455; x_wconf 78' lang='lat' dir='ltr'><strong>mstimabat,</strong></span> <span class='ocrx_word' id='word_1_832' title='bbox 3235 5401 3304 5441; x_wconf 93' lang='lat' dir='ltr'><strong>ne</strong></span> <span class='ocrx_word' id='word_1_833' title='bbox 3330 5383 3420 5442; x_wconf 91' lang='lat' dir='ltr'><strong>vel</strong></span> <span class='ocrx_word' id='word_1_834' title='bbox 3447 5383 3558 5440; x_wconf 91' lang='lat' dir='ltr'><strong>diei</strong></span> <span class='ocrx_word' id='word_1_835' title='bbox 3596 5384 3762 5454; x_wconf 88' lang='lat' dir='ltr'><strong>ipsius</strong></span> 
     </span>
    </p>
   </div>
   <div class='ocr_carea' id='block_1_104' title="bbox 2169 5475 3761 5553">
    <p class='ocr_par' dir='ltr' id='par_1_104' title="bbox 2169 5475 3761 5553">
     <span class='ocr_line' id='line_1_104' title="bbox 2169 5475 3761 5553; baseline -0.007 -15"><span class='ocrx_word' id='word_1_836' title='bbox 2169 5483 2417 5540; x_wconf 90' lang='lat' dir='ltr'><strong>libertate</strong></span> <span class='ocrx_word' id='word_1_837' title='bbox 2452 5481 2743 5553; x_wconf 83' lang='lat' dir='ltr'><strong>gauderet,</strong></span> <span class='ocrx_word' id='word_1_838' title='bbox 2788 5479 2878 5550; x_wconf 91' lang='lat' dir='ltr'><strong>qui</strong></span> <span class='ocrx_word' id='word_1_839' title='bbox 2918 5479 3155 5533; x_wconf 91' lang='lat' dir='ltr'><strong>cinerem</strong></span> <span class='ocrx_word' id='word_1_840' title='bbox 3201 5475 3340 5532; x_wconf 90' lang='lat' dir='ltr'><strong>sicut</strong></span> <span class='ocrx_word' id='word_1_841' title='bbox 3378 5488 3571 5546; x_wconf 91' lang='lat' dir='ltr'><strong>panem</strong></span> <span class='ocrx_word' id='word_1_842' title='bbox 3611 5489 3761 5528; x_wconf 86' lang='lat' dir='ltr'><strong>man-</strong></span> 
     </span>
    </p>
   </div>
   <div class='ocr_carea' id='block_1_105' title="bbox 2170 5565 3754 5642">
    <p class='ocr_par' dir='ltr' id='par_1_105' title="bbox 2170 5565 3754 5642">
     <span class='ocr_line' id='line_1_105' title="bbox 2170 5565 3754 5642; baseline -0.008 -12"><span class='ocrx_word' id='word_1_843' title='bbox 2170 5574 2428 5640; x_wconf 89' lang='lat' dir='ltr'><strong>ducabat,</strong></span> <span class='ocrx_word' id='word_1_844' title='bbox 2486 5581 2542 5629; x_wconf 90' lang='lat' dir='ltr'><strong>et</strong></span> <span class='ocrx_word' id='word_1_845' title='bbox 2591 5580 2773 5642; x_wconf 91' lang='lat' dir='ltr'><strong>potum</strong></span> <span class='ocrx_word' id='word_1_846' title='bbox 2828 5585 2980 5625; x_wconf 91' lang='lat' dir='ltr'><strong>suum</strong></span> <span class='ocrx_word' id='word_1_847' title='bbox 3037 5583 3158 5625; x_wconf 90' lang='lat' dir='ltr'><strong>cum</strong></span> <span class='ocrx_word' id='word_1_848' title='bbox 3213 5569 3344 5622; x_wconf 83' lang='lat' dir='ltr'><strong>ﬂetu</strong></span> <span class='ocrx_word' id='word_1_849' title='bbox 3404 5565 3754 5634; x_wconf 88' lang='lat' dir='ltr'><strong>temperabat.</strong></span> 
     </span>
    </p>
   </div>
   <div class='ocr_carea' id='block_1_106' title="bbox 2171 5655 3756 5736">
    <p class='ocr_par' dir='ltr' id='par_1_106' title="bbox 2171 5655 3756 5736">
     <span class='ocr_line' id='line_1_106' title="bbox 2171 5655 3756 5736; baseline -0.008 -14"><span class='ocrx_word' id='word_1_850' title='bbox 2171 5666 2322 5722; x_wconf 84' lang='lat' dir='ltr'><strong>Nunc</strong></span> <span class='ocrx_word' id='word_1_851' title='bbox 2364 5666 2429 5736; x_wconf 90' lang='lat' dir='ltr'><strong>(si</strong></span> <span class='ocrx_word' id='word_1_852' title='bbox 2470 5666 2546 5718; x_wconf 89' lang='lat' dir='ltr'><strong>fas</strong></span> <span class='ocrx_word' id='word_1_853' title='bbox 2579 5675 2662 5719; x_wconf 92' lang='lat' dir='ltr'><strong>est</strong></span> <span class='ocrx_word' id='word_1_854' title='bbox 2698 5663 2909 5732; x_wconf 90' lang='lat' dir='ltr'><strong>dicere)</strong></span> <span class='ocrx_word' id='word_1_855' title='bbox 2954 5662 3105 5732; x_wconf 90' lang='lat' dir='ltr'><strong>quasi</strong></span> <span class='ocrx_word' id='word_1_856' title='bbox 3147 5662 3321 5729; x_wconf 85' lang='lat' dir='ltr'><strong>ipsum</strong></span> <span class='ocrx_word' id='word_1_857' title='bbox 3363 5660 3644 5714; x_wconf 88' lang='lat' dir='ltr'><strong>Dominum</strong></span> <span class='ocrx_word' id='word_1_858' title='bbox 3691 5655 3756 5710; x_wconf 84' lang='lat' dir='ltr'><strong>ad</strong></span> 
     </span>
    </p>
   </div>
   <div class='ocr_carea' id='block_1_107' title="bbox 2173 5751 3758 5828">
    <p class='ocr_par' dir='ltr' id='par_1_107' title="bbox 2173 5751 3758 5828">
     <span class='ocr_line' id='line_1_107' title="bbox 2173 5751 3758 5828; baseline -0.008 -14"><span class='ocrx_word' id='word_1_859' title='bbox 2173 5760 2431 5828; x_wconf 79' lang='lat' dir='ltr'><strong>promissa</strong></span> <span class='ocrx_word' id='word_1_860' title='bbox 2479 5754 2792 5826; x_wconf 88' lang='lat' dir='ltr'><strong>compellit,</strong></span> <span class='ocrx_word' id='word_1_861' title='bbox 2842 5763 2900 5809; x_wconf 93' lang='lat' dir='ltr'><strong>ut</strong></span> <span class='ocrx_word' id='word_1_862' title='bbox 2947 5753 3206 5808; x_wconf 84' lang='lat' dir='ltr'><strong>laboranti</strong></span> <span class='ocrx_word' id='word_1_863' title='bbox 3253 5751 3454 5806; x_wconf 88' lang='lat' dir='ltr'><strong>mundo</strong></span> <span class='ocrx_word' id='word_1_864' title='bbox 3499 5751 3758 5805; x_wconf 83' lang='lat' dir='ltr'><strong>adventus</strong></span> 
     </span>
    </p>
   </div>
   <div class='ocr_carea' id='block_1_108' title="bbox 2173 5843 3761 5919">
    <p class='ocr_par' dir='ltr' id='par_1_108' title="bbox 2173 5843 3761 5919">
     <span class='ocr_line' id='line_1_108' title="bbox 2173 5843 3761 5919; baseline -0.004 -13"><span class='ocrx_word' id='word_1_865' title='bbox 2173 5851 2256 5906; x_wconf 90' lang='lat' dir='ltr'><strong>sui</strong></span> <span class='ocrx_word' id='word_1_866' title='bbox 2291 5851 2485 5919; x_wconf 78' lang='lat' dir='ltr'><strong>pietate</strong></span> <span class='ocrx_word' id='word_1_867' title='bbox 2517 5845 2830 5919; x_wconf 87' lang='lat' dir='ltr'><strong>prospiciat.</strong></span> <span class='ocrx_word' id='word_1_868' title='bbox 2888 5845 3189 5919; x_wconf 65' lang='lat' dir='ltr'><strong>Exsurgens</strong></span> <span class='ocrx_word' id='word_1_869' title='bbox 3217 5845 3413 5902; x_wconf 89' lang='lat' dir='ltr'><strong>dicitur</strong></span> <span class='ocrx_word' id='word_1_870' title='bbox 3441 5843 3594 5916; x_wconf 89' lang='lat' dir='ltr'><strong>quasi</strong></span> <span class='ocrx_word' id='word_1_871' title='bbox 3634 5845 3761 5901; x_wconf 86' lang='lat' dir='ltr'><strong>dor-</strong></span> 
     </span>
    </p>
   </div>
   <div class='ocr_carea' id='block_1_109' title="bbox 4065 4767 4074 5624">
    <p class='ocr_par' dir='ltr' id='par_1_109' title="bbox 4067 4887 4069 4958">
     <span class='ocr_line' id='line_1_109' title="bbox 4067 4887 4069 4958; baseline 0 -8"><span class='ocrx_word' id='word_1_872' title='bbox 4067 4887 4069 4958; x_wconf 58' lang='grc' dir='ltr'>ἓ</span> 
     </span>
    </p>
   </div>
  </div>
