4062 6344
804 434 925 453 reﬂ:

204 421 312 479 715

1193 410 1554 474 EXPOSITIO
1590 408 1659 467 ΙΝ
1698 404 2161 467 PSALTERIUM.
2199 404 2395 467 PSAL'.
2433 404 2523 464 CI.

3389 405 3499 463 7M

206 535 415 602 micnti,
444 532 537 605 qui
564 530 764 589 diutius
792 530 1078 589 subvenire
1105 529 1409 587 distulerat.
1440 526 1507 583 Et
1533 534 1592 582 ut
1619 523 1800 581 omnia
1833 524 1885 585 Α
1978 521 2133 579 Vcrs.
2174 521 2261 579 18.
2306 522 2551 591 Respexit
2578 519 2631 573 in
2658 518 2941 574 orationem
2976 494 3279 589 pauperum,
3308 528 3361 574 et
3393 535 3500 576 non

206 626 471 687 Dominus
513 624 804 682 voluntatis
862 639 974 679 sua:
1020 623 1210 679 ordine
1258 622 1436 677 facere
1484 620 1798 683 sentiretur,

204 721 358 787 dicit,
399 719 537 773 venit
583 726 783 787 tempus
832 716 1105 771 miserendi
1147 717 1297 786 ejus;
1338 728 1446 769 non
1484 713 1607 784 quia
1649 711 1799 767 illum

204 822 424 879 tempus
453 810 769 881 admoneat,
810 808 906 865 sed
935 809 1060 879 quia
1100 808 1217 879 ipse
1252 816 1493 877 tempora
1523 804 1802 875 aptissima

204 905 603 964 deliberatione
653 902 926 973 disponat.
1001 899 1149 957 istud
1198 909 1394 972 tempus
1439 898 1539 955 fuit
1582 898 1651 955 de
1696 912 1804 969 quo

208 998 502 1070 Apostolus
528 996 661 1052 dicit
690 1012 706 1051 :
737 995 867 1051 Cum
892 1002 1061 1051 autem
1083 995 1220 1050 venit
1247 995 1512 1066 plenitudo
1538 993 1802 1063 temporis,

209 1091 351 1146 misit
372 1089 513 1145 Deus
531 1087 732 1143 Filium
754 1104 907 1144 suum
928 1092 1125 1158 factum
1151 1104 1215 1142 ea:
1234 1087 1464 1155 muliere,
1491 1091 1689 1158 factum
1712 1086 1802 1142 sub

211 1181 345 1252 lege,
373 1189 428 1234 ut
454 1194 541 1235 eos
564 1180 654 1249 qui
676 1180 773 1235 sub
800 1179 909 1250 lege
932 1186 1078 1234 eram
1100 1178 1371 1234 redimeret
1398 1176 1593 1249 (Galat.
1623 1192 1700 1244 tv,
1722 1177 1803 1247 4).

212 1270 285 1327 Et
310 1269 437 1326 alibi
462 1286 476 1323 :
499 1268 634 1325 Ecce
661 1285 798 1325 nunc
824 1278 1025 1339 tempus
1050 1269 1375 1340 acceptabile,
1406 1284 1519 1324 ecce
1543 1284 1678 1323 nunc
1696 1268 1806 1323 dies

214 1361 399 1416 salutis
444 1359 533 1435 (ιι
575 1360 698 1415 Cor.
744 1375 820 1427 γι,
865 1359 947 1430 2).
1007 1359 1163 1427 Quod
1207 1368 1577 1433 argumentum
1606 1360 1809 1416 dicitur

214 1466 251 1507 a
280 1461 555 1523 tempore;
588 1451 691 1508 hoc
719 1450 1152 1509 efﬁcacissimum
1181 1453 1324 1508 inter
1350 1460 1591 1508 oratores
1619 1450 1804 1508 haberi

215 1546 380 1601 solet.
408 1544 549 1612 Quid
575 1546 717 1601 enim
745 1543 1021 1615 impediat,
1040 1545 1254 1615 quando
1273 1559 1567 1616 congruum
1596 1551 1809 1614 tempus

216 1635 452 1692 invitat?
481 1636 613 1692 Sion
640 1650 767 1692 vero
797 1651 953 1693 mons
979 1644 1064 1693 est
1082 1636 1432 1708 lerosolymis
1460 1636 1807 1701 constitutus,

219 1740 325 1798 per
352 1742 510 1798 quem
538 1728 705 1798 (sicut
728 1742 872 1798 saepe
895 1728 1099 1785 dictum
1126 1726 1233 1800 est)
1260 1728 1591 1799 signiﬁcatur
1619 1728 1808 1785 Eccle-

219 1819 328 1885 sia;
384 1820 470 1875 cui
518 1834 706 1877 revera
756 1821 1007 1878 misertus
1052 1831 1165 1888 est,
1216 1821 1429 1892 quando
1474 1835 1593 1877 eam
1640 1828 1695 1877 et
1741 1821 1811 1877 de

1905 615 2093 686 sprevit
2118 630 2290 685 preces
2312 629 2507 668 eorum.
2536 610 2794 681 Pauperes
2815 611 3048 682 appellat
3070 611 3254 669 ﬁdeles
3275 611 3498 676 Christi,

1906 709 1996 781 qui
2026 709 2185 778 (sicut
2225 722 2370 777 saepe
2403 708 2602 763 dictum
2634 706 2739 776 est)
2785 705 2983 760 mundo
3011 704 3187 775 egeni,
3230 706 3349 775 ipso
3382 706 3502 762 solo

1907 810 2035 858 sunt
2074 800 2287 855 divites.
2332 800 2422 854 Isti
2468 812 2595 869 ergo
2634 796 2834 867 Spiritu
2874 804 3061 852 sancto
3099 796 3290 866 repleti
3337 797 3505 868 (sicut

1908 897 2012 953 iste
2035 896 2124 966 qui
2150 909 2290 950 nunc
2314 894 2568 964 loquitur)
2598 893 2895 948 orationem
2922 892 3150 948 Domino
3173 893 3468 950 fundebant
3487 938 3503 963 ,

1909 998 1967 1045 ut
1988 988 2099 1059 jam
2126 986 2312 1043 venire
2344 985 2685 1056 praeciperet,
2717 999 2785 1040 ne
2814 984 3014 1041 diutius
3042 993 3349 1049 sanctorum
3378 996 3505 1042 vota

1910 1081 2169 1138 tardaret.
2222 1079 2361 1135 Dicit
2385 1080 2530 1135 enim
2555 1087 2838 1148 respectant
2865 1095 2976 1134 esse
3004 1081 3284 1135 orationem
3310 1097 3508 1152 paupe-

1908 1191 2047 1244 rum,
2093 1175 2218 1245 quia
2255 1174 2436 1229 omnia
2477 1173 2568 1229 ille
2608 1172 2971 1243 incorporalia
3014 1182 3318 1241 contuetur,
3351 1175 3508 1247 cujus

1910 1270 2082 1327 oculis
2123 1268 2199 1324 nil
2240 1268 2497 1338 probatur
2538 1268 2834 1323 occultum.
2875 1267 2988 1323 Hoc
3029 1275 3113 1325 est
3149 1268 3295 1325 enim
3339 1270 3508 1340 ipsius

1911 1365 2210 1434 respicere,
2243 1362 2389 1433 quod
2419 1375 2526 1416 non
2556 1376 2832 1433 spernere.

1984 1456 2137 1513 Vers.
2177 1455 2264 1511 19.
2307 1454 2616 1510 Scribantur
2648 1454 2758 1509 hcce
2797 1456 2851 1509 in
2876 1455 3198 1525 generatione
3236 1455 3418 1523 altera,
3459 1463 3510 1511 ct

1912 1548 2136 1619 populus
2164 1547 2253 1617 qui
2283 1545 2538 1602 creabitur
2566 1546 2799 1601 laudabit
2827 1546 3127 1604 Dominum.
3182 1548 3391 1619 Pauper
3418 1546 3511 1605 ille

1913 1650 2257 1712 peccatorum
2285 1639 2668 1697 recordatione
2695 1641 2987 1704 contritus,
3021 1639 3214 1711 vigiliis
3243 1650 3297 1697 et
3326 1639 3510 1699 anxie.

1914 1743 2025 1790 tate
2051 1732 2349 1799 conlectus,
2375 1732 2488 1802 jam
2530 1732 2685 1803 quasi
2715 1732 3013 1803 prophetali
3055 1735 3260 1791 honore
3288 1734 3511 1791 decora-

1916 1832 2025 1891 tus,
2066 1823 2312 1896 praecipit
2359 1831 2419 1879 ut
2453 1822 2746 1892 Scripturae
2797 1823 3108 1880 testimonio
3160 1834 3291 1880 mtas
3336 1824 3515 1883 futura

220 1912 473 1985 gentibus
515 1913 756 1986 collegit,
799 1922 855 1972 et
896 1915 1261 1973 sacratissima
1305 1914 1642 1973 institutione
1686 1913 1810 1970 l‘un-
1840 1921 1892 1983 Β
1918 1906 2092 1973 discat
2134 1914 2280 1985 quod
2316 1914 2371 1970 in
2411 1915 2664 1985 praesenti
2693 1928 2753 1970 se
2783 1914 3109 1984 praedicasse
3149 1926 3513 1987 cognoverat;

222 2003 388 2060 davit.

292 2098 453 2155 Vers.
483 2099 576 2157 15.
617 2098 879 2167 Quoniam
907 2100 1245 2171 beneplacitos
1272 2100 1558 2155 habuerunt
1582 2100 1715 2156 servi
1741 2100 1818 2153 tui

224 2191 426 2262 lapides
467 2196 605 2266 ejus,
654 2202 705 2247 et
753 2201 900 2248 terra:
944 2195 1056 2265 ejus
1097 2194 1491 2249 miserebantur.
1539 2191 1819 2249 Subtiliter

225 2299 419 2343 versus
457 2285 562 2342 iste
600 2285 913 2343 tractandus
957 2293 1059 2355 est,
1109 2294 1168 2342 ut
1205 2285 1379 2357 possit
1418 2285 1637 2356 agnosci
1684 2298 1821 2356 quos

226 2394 422 2445 servos,
473 2392 607 2448 quos
651 2378 873 2449 lapides,
918 2391 1056 2449 quos
1100 2386 1319 2443 terram,
1368 2391 1466 2448 per
1507 2375 1819 2447 allegoriam

227 2469 362 2526 velit
396 2469 643 2540 intelligi.
688 2469 876 2527 Servos
906 2468 1121 2526 Domini
1151 2470 1287 2526 dicit
1311 2469 1586 2541 apostolos
1614 2478 1670 2525 et
1698 2482 1826 2539 pro-

227 2560 443 2633 pbetas,
480 2562 575 2633 qui
615 2560 825 2619 devotis
861 2563 1132 2619 mentibus
1169 2564 1289 2633 ejus
1324 2562 1619 2633 implevere
1656 2562 1827 2618 servi-

228 2654 384 2710 tium.
433 2653 531 2711 lsti
573 2655 798 2727 lapides,
823 2654 876 2711 id
901 2664 987 2712 est
1011 2654 1372 2723 Christianos,
1403 2656 1495 2726 qui
1523 2655 1705 2711 divina
1732 2654 1826 2711 ﬁr-

230 2748 416 2804 mitate
450 2748 757 2817 viguerunt,
789 2748 1131 2820 beneplacitos
1170 2748 1479 2816 habuerunt,
1508 2746 1724 2818 quando
1768 2747 1826 2801 in

233 2840 313 2897 eis
339 2840 781 2911 praedicationem
821 2856 973 2897 suam
1013 2842 1311 2913 proﬂcuam
1350 2854 1474 2897 esse
1509 2838 1824 2896 cernebant.

236 2932 440 2992 Μίδαιὲ
467 2944 589 2991 sunt
630 2936 789 2992 etiam
821 2944 877 2991 et
904 2944 1076 3003 teme,
1107 2934 1163 2991 id
1190 2941 1275 2991 est
1308 2933 1703 3005 peccatoribus,
1734 2933 1827 3002 qui

236 3037 393 3083 erant
419 3028 477 3083 in
507 3028 636 3085 Sion
665 3028 734 3085 de
758 3028 1009 3099 gentibus
1034 3026 1427 3099 congregandi;
1469 3022 1618 3081 terra
1645 3026 1829 3096 utique

236 3120 472 3188 similes,
504 3121 753 3191 quoniam
780 3121 1017 3178 carnalia
1063 3120 1368 3191 sepiebant.
1422 3119 1493 3176 Et
1521 3119 1643 3176 vide
1670 3134 1831 3191 quam

236 3214 463 3285 proprie
505 3213 636 3287 [ed.,
665 3214 904 3287 propria]
940 3214 1109 3271 verba
1137 3215 1298 3269 rebus
1326 3219 1507 3283 aptata
1536 3219 1680 3268 sunt.
1726 3210 1833 3267 La-

1920 2015 1982 2063 ut
2012 2006 2320 2076 ambiguum
2359 2020 2470 2062 non
2496 2015 2641 2062 esset
2677 2005 3002 2073 videntibus,
3032 2006 3249 2077 quando
3286 2015 3412 2063 ante
3441 2018 3517 2063 tot

1919 2098 2118 2155 sarcula
2155 2106 2544 2170 cognoscerent
2586 2110 2709 2154 esse
2756 2096 3092 2167 praedictum.
3142 2098 3327 2155 Altera
3371 2100 3516 2159 enim

1920 2190 2201 2262 generatio
2253 2189 2586 2261 signiﬁcatur
2636 2190 2867 2261 populus
2920 2191 3104 2262 utique
3149 2190 3515 2260 Christianus,

1920 2284 2014 2352 qui
2042 2282 2112 2337 ab
2147 2282 2242 2338 illo
2281 2282 2462 2352 priore
2497 2282 2769 2339 secundus
2808 2292 2910 2337 est.
2955 2282 3088 2339 Nam
3128 2282 3250 2339 vide
3278 2284 3405 2354 quid
3432 2300 3520 2341 se~

1922 2376 2122 2446 quitur,
2165 2386 2212 2431 et
2241 2376 2461 2448 populus
2505 2377 2597 2448 qui
2640 2377 2896 2432 creabitur
2946 2378 3178 2434 laudabit
3212 2378 3516 2435 Dominum.

1923 2466 2213 2536 Creabitur,
2243 2466 2311 2524 de
2338 2466 2519 2524 futuro
2546 2466 2700 2535 dixit,
2729 2467 2785 2524 id
2809 2475 2914 2537 est,
2945 2483 3043 2541 per
3067 2469 3293 2545 gratiam
3319 2471 3519 2543 baptis-

1923 2561 2086 2618 matis
2115 2560 2543 2632 regenerabitur.
2595 2560 2702 2617 Iste
2729 2562 2849 2619 sine
2871 2560 3036 2619 dubio
3066 2564 3298 2619 laudabit
3338 2563 3523 2620 Domi-

1924 2671 2071 2723 num,
2101 2654 2168 2711 ad
2194 2654 2349 2725 cujus
2375 2654 2603 2711 salutem
2624 2655 2797 2725 venit,
2827 2669 2924 2726 pro
2945 2670 3053 2728 quo
3076 2656 3297 2727 pertulit
3322 2658 3520 2726 occidi,

1927 2749 1994 2805 ad
2019 2749 2172 2820 cujus
2206 2763 2359 2819 spem
2391 2748 2550 2805 tertio
2580 2747 2670 2805 die
2706 2751 3005 2806 resurrexit
3044 2765 3075 2806 a
3119 2751 3367 2807 mortuis.
3422 2751 3525 2806 Hic

1928 2842 2160 2897 laudabit
2182 2840 2481 2910 Dominum,
2508 2855 2649 2897 novo
2678 2837 2887 2898 scilicet
2907 2843 3140 2910 cantico,
3165 2844 3304 2899 sicut
3330 2842 3385 2898 in
3414 2842 3521 2899 alio

1929 2935 2140 3005 psalmo
2162 2933 2367 2991 dictum
2396 2943 2479 2990 est
2509 2951 2522 2987 :
2556 2932 2773 2989 Cantate
2800 2916 3025 2990 Domino
3053 2935 3312 3017 canticum
3338 2949 3524 2990 novum

1933 3024 2108 3097 (Psal.
2140 3040 2301 3094 xcvu,
2335 3026 2414 3098 1).

2001 3116 2161 3174 Vers.
2189 3116 2280 3176 20.
2315 3117 2571 3184 Quoniam
2600 3120 2859 3190 prospexit
2885 3118 2948 3175 de
2974 3119 3172 3174 excelso
3195 3127 3371 3175 sancto
3399 3135 3521 3175 sua.

1934 3208 2189 3265 Dominus
2224 3212 2288 3266 de
2326 3212 2452 3267 ctelo
2490 3211 2547 3266 in
2578 3221 2765 3267 terram
2796 3215 3076 3283 prospexit.
3122 3213 3237 3270 Hoc
3273 3222 3358 3271 est
3382 3214 3527 3287 quod

239 3308 391 3379 pides
419 3307 551 3363 dicit
578 3308 939 3379 beneplacitos,
968 3308 1093 3379 quia
1119 3307 1187 3377 de
1224 3306 1465 3377 ipsorum
1502 3312 1657 3362 erant
1694 3304 1826 3360 soli-
1853 3297 1901 3363 C
1930 3304 2143 3363 diccbat
2200 3306 2448 3377 superius
2514 3304 2884 3364 scribendum.
2951 3305 3085 3363 Nam
3153 3317 3213 3363 ut
3269 3308 3525 3366 virtutem

241 3399 407 3456 (litate
442 3399 698 3472 (Domino
718 3399 1030 3472 praestante)
1057 3400 1253 3456 securi.
1285 3396 1525 3464 Addidit,
1552 3404 1701 3453 terra:
1727 3397 1833 3450 mi-

239 3493 561 3562 serebantur,
587 3494 710 3565 quia
740 3509 836 3564 per
862 3492 1285 3549 misericordiam
1309 3488 1511 3548 Christi
1539 3489 1835 3547 mundandi

241 3596 418 3653 erant,
444 3587 534 3657 qui
563 3595 779 3644 terrena
799 3587 919 3644 labe
946 3586 1257 3642 sordebant.

315 3676 470 3734 Vers.
505 3678 595 3733 16.
627 3676 695 3733 Et
719 3677 963 3732 timebunt
991 3686 1167 3747 gentes
1192 3692 1376 3732 nomen
1401 3684 1568 3743 tuum,
1593 3675 1835 3743 Domine,

243 3779 292 3825 et
322 3786 495 3825 onmes
523 3786 664 3841 reges
707 3779 856 3826 teme
883 3769 1105 3840 gloriam
1134 3778 1296 3825 tuam.
1340 3769 1466 3826 Hac
1505 3778 1694 3826 contra
1736 3784 1840 3825 sa:-

244 3864 354 3920 culi
385 3864 542 3920 istius
568 3864 976 3934 superstitiones
1003 3863 1236 3921 nefarias
1262 3863 1688 3935 depromuntur:
1714 3861 1839 3934 quia

245 3967 374 4015 tunc
414 3975 522 4016 non
556 3960 840 4017 timebatur
863 3974 1024 4017 verus
1052 3959 1332 4027 Dominus,
1360 3957 1576 4028 quando
1605 3956 1839 4013 mundus

246 4050 480 4109 devotus
531 4052 687 4108 idolis
728 4053 1031 4119 serviebat;
1081 4062 1365 4123 postquam
1409 4065 1539 4107 vero
1577 4050 1839 4106 adventus

246 4143 371 4213 eius
412 4144 660 4201 salutaris
692 4145 921 4213 inlulsit,
952 4152 1142 4216 gentes
1177 4157 1457 4201 conversae
1494 4150 1618 4198 sunt
1649 4154 1746 4211 per
1772 4142 1839 4196 ti:

246 4249 459 4292 morem
496 4248 512 4289 :
540 4234 607 4292 de
632 4235 829 4305 quibus
868 4234 1116 4306 superius
1156 4233 1252 4304 ait,
1282 4243 1331 4291 et
1361 4244 1512 4289 terra:
1541 4235 1653 4304 ejus
1680 4233 1838 4287 mise-

247 4326 513 4382 rebantur.
559 4325 725 4399 Reges
751 4340 963 4398 quoque
992 4333 1259 4383 terrarum
1309 4326 1428 4396 ejus
1458 4326 1641 4397 gloria:
1664 4322 1840 4381 credi-

248 4416 471 4484 derunt,
500 4416 554 4473 id
580 4426 663 4475 est
710 4418 803 4489 qui
830 4432 1061 4487 corpora
1092 4432 1188 4474 sua
1217 4417 1416 4473 divinis
1444 4415 1644 4488 regulis
1673 4415 1842 4472 infre-

250 4516 475 4573 nantes,
523 4507 607 4565 sui
651 4508 1002 4579 imperatores
1064 4522 1186 4564 esse
1230 4509 1481 4580 (Domino
1524 4508 1839 4580 praestante)

248 4599 557 4657 valuerunt.
587 4600 655 4657 Et
680 4600 735 4657 hi
760 4608 886 4657 sunt
911 4600 983 4657 de
1009 4599 1205 4671 quibus
1232 4600 1482 4672 superius
1506 4600 1664 4669 dixit,
1694 4599 1840 4668 Quo-

1938 3398 2111 3468 ipsius
2139 3399 2383 3454 veritatis
2410 3411 2752 3469 agnosceres,
2785 3399 2926 3470 quod
2957 3409 3073 3456 erat
3100 3400 3289 3458 futuris
3309 3402 3527 3458 saeculis

1935 3489 2284 3557 actitandum,
2303 3488 2417 3561 jam
2444 3490 2581 3546 dixit
2602 3505 2723 3548 esse
2744 3492 3055 3561 perfectura.
3079 3493 3356 3562 Prospexil
3380 3494 3530 3553 enim

1936 3581 2270 3653 prtuteritum
2312 3583 2581 3655 signiﬁcat
2620 3593 2853 3655 tempus.
2906 3583 3013 3641 Sed
3054 3600 3357 3657 quaeramus
3386 3587 3531 3644 unde

1938 3676 2250 3745 prospexit?
2294 3676 2374 3731 De
2409 3677 2609 3732 excelso
2645 3685 2822 3731 sancto
2859 3694 2973 3743 suo,
3020 3678 3072 3734 id
3121 3687 3206 3736 est
3251 3680 3320 3736 de
3363 3681 3528 3737 cmlo.

1940 3767 2218 3841 Prospezit
2255 3770 2398 3825 enim
2443 3770 2623 3839 nobis,
2664 3770 2794 3827 dum
2823 3770 3166 3843 fragilitatem
3196 3781 3398 3828 nostrae
3428 3772 3533 3830 ltu-

1938 3862 2213 3919 manitatis
2263 3864 2600 3935 assumpsit:
2646 3867 2766 3935 quia
2813 3881 2911 3937 per
2955 3868 3129 3935 ipsum
3172 3865 3297 3921 facti
3346 3880 3534 3924 sumus

1937 3954 2121 4025 liberi,
2152 3954 2277 4011 iacti
2306 3957 2675 4024 immortales,
2702 3965 2759 4013 et
2788 3958 2843 4013 in
2870 3972 2967 4027 spe
2995 3959 3230 4013 maxima
3259 3958 3533 4027 collocati,

1939 4044 1987 4102 si
2013 4046 2081 4101 ad
2110 4059 2237 4101 eum
2275 4059 2582 4101 mereamur
2621 4060 2791 4115 prona
2835 4055 3016 4102 mente
3060 4047 3321 4104 converti.
3369 4048 3437 4104 Et
3474 4060 3536 4105 ut

1939 4151 2133 4194 sensus
2181 4139 2299 4207 ipse
2338 4137 2495 4193 nobis
2540 4136 2842 4194 evidentius
2890 4148 3216 4208 appareret,
3262 4140 3533 4212 sequitur,

1940 4226 2196 4283 Dominus
2223 4228 2288 4282 de
2314 4229 2439 4283 calo
2467 4228 2523 4283 in
2560 4237 2748 4284 terram
2775 4230 3059 4301 prospexit.
3110 4229 3330 4303 Legitur
3359 4233 3533 4303 enim,

1940 4320 2194 4376 Dominus
2224 4322 2279 4376 in
2307 4321 2432 4377 caelo
2461 4321 2604 4378 sedes
2643 4324 2756 4395 ejus
2784 4322 2958 4396 (Psal.
2994 4338 3054 4393 x,
3082 4324 3164 4395 5).
3208 4324 3337 4383 Inde
3372 4326 3536 4396 igitur

1940 4419 2203 4484 prospexit
2230 4414 2283 4469 in
2313 4422 2522 4481 terram,
2554 4414 2607 4470 id
2636 4423 2721 4471 est
2748 4415 2814 4470 ad
2840 4418 3011 4473 nostri
3039 4418 3283 4489 corporis
3324 4417 3534 4489 fragili-

1940 4510 2129 4575 tatem,
2160 4519 2283 4576 qute
2310 4505 2496 4561 mundi
2524 4505 2669 4562 vitiis
2710 4507 2999 4563 tenebatur
3038 4508 3293 4564 obnoxia.
3354 4506 3422 4563 Et
3450 4525 3537 4565 re-

1940 4596 2090 4667 apice
2121 4596 2266 4667 quod
2304 4598 2357 4653 in
2391 4604 2619 4669 utroque
2644 4602 2929 4670 prospexit,
2961 4601 3170 4670 posuit,
3203 4609 3261 4655 ut
3289 4600 3539 4659 similitu~

247 4692 393 4745 niam
445 4691 782 4763 beneplacitos
824 4692 1109 4749 habuerunt
1164 4693 1295 4748 servi
1341 4692 1417 4746 tui
1461 4692 1659 4762 lapides
1704 4694 1839 4763 ejus.
1871 4679 2071 4748 Ddine
2115 4692 2234 4763 ipsa
2281 4691 2572 4749 verborum
2611 4707 2773 4749 unam
2816 4694 3140 4751 sententiam
3189 4709 3313 4753 esse
3351 4696 3538 4753 decla-

247 4779 357 4851 lpsi
383 4783 527 4839 enim
552 4784 662 4854 jam
689 4784 914 4855 gloriam
942 4782 1156 4842 Domini
1182 4784 1459 4842 verissime
1483 4793 1839 4859 cognoscunt,

246 4874 341 4945 qui
368 4874 425 4930 in
452 4885 726 4946 assumpta
755 4875 881 4933 ﬁdei
908 4876 1163 4934 ﬁrmitate
1190 4878 1513 4938 consistunt.

321 4965 478 5023 Vera.
509 4969 597 5023 17.
629 4968 767 5036 Quia
792 4970 1065 5040 aediﬁcavit
1092 4971 1347 5029 Dominus
1375 4974 1529 5042 Sion,
1570 4982 1619 5031 et
1649 4975 1838 5031 uidebi-

246 5069 332 5117 tur
373 5062 431 5117 in
478 5065 744 5134 majestate
798 5081 914 5122 sua.
965 5066 1167 5125 Versus
1214 5069 1315 5125 iste
1355 5068 1424 5125 de
1466 5068 1837 5141 superioribus

246 5156 477 5226 pendet;
505 5160 756 5229 quoniam
782 5173 972 5217 omnes
995 5171 1184 5233 gentes
1213 5162 1336 5219 ideo
1365 5163 1634 5219 timebunt
1657 5163 1834 5219 Domi-

246 5261 398 5315 num,
430 5258 486 5305 et
512 5264 669 5321 reges
698 5251 816 5322 ejus
844 5253 1070 5323 gloriam
1110 5254 1476 5310 lormidabunt
1506 5272 1521 5309 :
1554 5255 1677 5327 quia
1707 5254 1840 5312 tedi-

246 5337 401 5393 licata
432 5347 515 5397 est
557 5340 713 5411 Sion,
751 5341 854 5399 hoc
882 5354 965 5400 est
995 5351 1165 5401 mater
1196 5345 1458 5414 Ecclesia,
1488 5345 1557 5403 de
1585 5348 1722 5403 vivis
1762 5347 1839 5404 la-

244 5430 459 5500 pidibus
502 5432 791 5504 iabricata,
831 5436 884 5491 in
925 5450 1027 5507 qua
1057 5435 1267 5491 Domini
1306 5437 1515 5494 cultura
1556 5453 1730 5509 usque
1768 5438 1836 5496 ad

245 5523 408 5583 ﬁnem
438 5527 623 5584 mundi
652 5527 769 5586 sine
796 5528 1190 5588 intermissione
1220 5533 1480 5601 proﬁciet.
1515 5532 1623 5589 iste
1651 5540 1832 5590 autem

244 5615 501 5675 Dominus
524 5621 616 5692 qui
640 5622 914 5692 ludiﬁcabit
944 5622 1096 5691 Sion,
1126 5624 1269 5681 idem
1296 5627 1562 5697 assumpti
1589 5626 1835 5697 corporis

244 5713 471 5773 veritate
516 5716 766 5771 videbitur
805 5718 860 5772 in
904 5719 1171 5790 majestate
1215 5737 1344 5786 sua,
1392 5719 1607 5792 quando
1649 5720 1836 5777 ltmdos

244 5817 552 5877 sequestrat
578 5809 647 5865 ab
675 5807 861 5881 agnis,
907 5808 965 5866 in
1002 5810 1305 5882 gehennam
1347 5812 1544 5884 impios
1589 5814 1831 5882 mittens,

244 5906 403 5965 ‘ustis
428 5909 635 5965 donans
656 5908 1041 5968 beatitudinem
1074 5911 1479 5984 sempiternam.

538 6004 814 6067 Panos.
848 6003 1054 6067 LXX.

1945 4794 2113 4843 raret.

2017 4887 2175 4945 Vers.
2202 4887 2295 4944 2i.
2335 4886 2406 4943 Ut
2449 4888 2653 4944 audiret
2693 4890 2939 4960 gemitum
2967 4889 3341 4946 vinculatorum
3379 4890 3538 4967 [mss.

1946 4983 2041 5051 A.,
2066 4981 2153 5049 B.,
2188 4981 2638 5054 compeditorum],
2668 4992 2724 5037 ut
2750 4983 2915 5039 solvat
2937 4982 3074 5052 ﬁlios
3096 4983 3540 5056 interemptorum.

1939 5072 2167 5130 Causam
2198 5074 2376 5131 reddit
2408 5089 2503 5131 cur
2540 5074 2701 5148 35.1
2734 5074 2984 5130 Dominus
3012 5075 3078 5132 de
3105 5077 3231 5133 cmlo
3259 5078 3315 5133 in
3344 5087 3537 5135 terram

1942 5166 2223 5236 prospexit,
2267 5166 2494 5233 scilicet,
2532 5166 2601 5222 Ut
2629 5166 2832 5221 audiret
2858 5168 3102 5239 gemitum
3127 5170 3537 5228 vinculatorum.

1955 5258 2247 5314 Vinculatos
2288 5258 2375 5315 hic
2420 5273 2526 5314 non
2568 5258 2834 5330 signiﬁcat
2863 5260 3111 5318 humanis
3164 5263 3392 5321 nexibus
3433 5264 3540 5321 illi-

1940 5359 2116 5422 gatos,
2153 5350 2249 5406 sed
2282 5350 2427 5406 viros
2463 5358 2677 5406 sanctos
2713 5352 2801 5421 qui
2834 5351 3097 5423 legalibus
3126 5353 3352 5412 vinculis
3377 5358 3541 5414 astri-

1942 5443 2038 5510 cti,
2084 5441 2352 5498 libertatis
2391 5440 2573 5497 noxia:
2618 5441 2924 5512 relinquere
2966 5445 3259 5514 probantur
3299 5462 3535 5504 errores.

1939 5535 2016 5590 De
2055 5536 2248 5606 quibus
2288 5536 2363 5591 ait
2394 5534 2647 5591 Salomon
2679 5552 2693 5589 :
2727 5536 2885 5603 Audi,
2919 5538 3017 5606 ﬁli,
3049 5546 3096 5593 et
3126 5540 3304 5612 excipe
3341 5552 3544 5597 sentem

1940 5628 2083 5695 tiam,
2123 5638 2171 5684 et
2209 5645 2271 5682 ne
2306 5627 2523 5699 abjicias
2559 5629 2833 5683 consilium
2874 5647 3064 5700 meum,
3097 5641 3146 5687 et
3183 5633 3320 5702 infer
3360 5635 3540 5703 pedem

1942 5730 2086 5777 tuum
2118 5722 2174 5776 in
2213 5722 2476 5791 compedes
2505 5719 2667 5789 illius,
2699 5730 2747 5776 et
2782 5721 2835 5775 in
2876 5730 3109 5794 torquem
3147 5724 3291 5777 illius
3339 5725 3538 5777 collum

1944 5826 2092 5871 tuum
2121 5815 2311 5886 subjice
2350 5812 2541 5885 (Eccli.
2569 5830 2651 5880 v1,
2681 5814 2785 5883 24,
2808 5815 2910 5885 25,
2942 5816 3059 5885 26).
3113 5816 3182 5871 Et
3212 5816 3369 5886 paulo
3419 5824 3540 5886 post

1945 5908 2209 5995 sequitur,
2236 5906 2301 5963 Et
2330 5916 2478 5962 erunt
2504 5906 2591 5962 tibi
2616 5907 2885 5964 comaedes
2913 5908 2965 5962 in
2996 5910 3356 5976 proiectione»:
3385 5909 3542 5978 forti—

2815 5999 2975 6091 .23
