4062 6344
540 281 646 340 715

539 489 672 562 50),
713 495 819 548 etc.
870 485 980 559 Ipsi
1020 493 1149 544 sunt
1187 499 1315 556 ergo
1360 484 1623 551 vimlati,
1667 498 1805 554 quos
1846 492 2124 554 gementes

540 589 706 654 atque
733 579 801 636 ad
829 592 890 638 se
915 577 1212 640 clamantes
1231 576 1492 633 Dominus
1516 576 1708 634 audire
1734 576 1982 648 dignatus
2010 585 2126 646 est;

539 686 601 734 ut
627 671 883 732 mundum
912 669 1146 742 peccatis
1170 669 1399 741 propriis
1429 667 1697 726 irretitum
1728 668 1989 728 beneﬁcio
2012 683 2128 727 suae

539 761 902 824 miserationis
945 759 1271 840 absolveret,
1300 767 1349 815 et
1376 760 1516 830 ﬁlios
1559 762 2003 832 interemptorum,
2033 759 2128 833 qui

539 853 805 914 diabolica
834 851 1023 910 lraude
1051 851 1315 923 perempti
1343 859 1492 920 sunt,
1523 866 1554 907 a
1583 849 1824 922 paternis
1853 851 2128 910 erroribus

540 943 719 1002 divina
747 942 1061 1002 fortitudine
1091 943 1376 1013 liberaret;
1420 944 1562 1016 quod
1592 943 1648 1000 in
1675 943 1916 1002 Ecclesia
1943 943 2124 1016 quoti-

537 1036 625 1093 die
654 1037 770 1093 lieri
799 1051 895 1110 per
921 1036 1246 1094 charismata
1274 1037 1535 1094 solemnia
1563 1038 1888 1096 declaratur.

611 1130 765 1188 Vers.
800 1130 892 1188 2'2.
933 1129 1003 1186 Ut
1048 1131 1380 1188 annuntietur
1416 1133 1470 1185 in
1503 1131 1634 1188 Sion
1675 1149 1858 1188 nomen
1896 1131 2124 1201 Domini,

536 1230 588 1279 et
618 1221 731 1278 laus
759 1223 872 1295 ejus
900 1223 953 1278 in
977 1220 1281 1278 Jerusalem.
1325 1222 1478 1290 Quod
1509 1232 1791 1282 venturum
1821 1233 1936 1281 erat
1964 1226 2128 1282 mira-

536 1316 632 1374 bili
680 1315 941 1372 brevitate
987 1315 1290 1386 descripsit.
1359 1316 1731 1370 Annuntiatum
1770 1325 1846 1372 est
1882 1318 2025 1374 enim
2070 1318 2127 1374 in

537 1410 670 1482 Sion
696 1423 876 1464 nomen
905 1407 1114 1464 Domini
1141 1407 1361 1478 Christi,
1387 1407 1513 1464 dum
1545 1408 1618 1466 ibi
1641 1408 1870 1479 primum
1899 1410 2127 1468 diversis

535 1499 731 1572 linguis
761 1499 1027 1570 magnalia
1055 1499 1150 1556 Dei
1181 1499 1342 1556 locuti
1371 1498 1666 1570 probantur
1696 1501 1948 1572 apostoli.
1989 1502 2126 1560 llinc

537 1593 740 1650 factum
779 1599 865 1648 est
907 1599 969 1648 ut
1002 1605 1035 1647 a
1069 1591 1228 1647 locali
1257 1590 1547 1648 Jerusalem
1575 1592 1723 1648 velut
1771 1607 1803 1647 a
1833 1593 2126 1664 purissimo

535 1685 685 1746 lonte
714 1702 812 1758 per
837 1685 1135 1744 Ecclesiam
1161 1685 1466 1757 generalem
1496 1685 1584 1758 pia
1615 1685 1826 1742 Domini
1859 1696 2126 1758 praecepta

1793 273 1863 331 ii.
1903 226 2180 332 auulsi"
2218 271 2614 332 CASSIODORI

435 457 440 464 ,
538 395 753 463 uanis,
802 398 851 449 et
896 400 1096 464 torques
1141 392 1282 448 illius
1327 392 1384 446 in
1426 388 1610 450 stolam
1653 390 1834 463 glorias
1870 390 2117 460 (Ibidem,
2147 392 2201 454 Δ
2223 390 2546 448 fossionibus
2587 401 2959 461 perseverans,
3000 390 3069 448 ad
3110 390 3353 465 requiem
3401 391 3547 450 illam
3577 390 3824 452 emicans

3708 269 3819 334 716

2228 486 2380 556 regni
2408 484 2665 550 velociter
2695 484 3020 556 perveniret.
3070 484 3396 542 Paucitatem
3439 501 3572 560 ergo
3615 487 3826 542 dierum

2227 576 2403 645 dixit,
2468 577 2592 648 quia
2645 576 2966 650 quandoque
3021 576 3287 634 ﬁniendos
3337 592 3462 634 esse
3514 578 3824 636 constabat.

2227 667 2544 728 Eternitati
2590 669 2732 730 enim
2775 675 3085 740 comparata
3126 669 3213 726 vel
3257 669 3421 726 totius
3463 668 3652 724 mundi
3691 675 3826 726 atas

2227 761 2391 820 nimis
2428 762 2640 820 videtur
2683 760 2899 834 exigua,
2949 761 3072 832 quia
3120 759 3481 834 quodcunque
3525 759 3828 818 finiendum

2228 863 2334 926 est,
2374 853 2594 924 longum
2620 852 2799 912 dicere
2827 867 2932 908 non
2964 851 3250 910 debemus.

2303 961 2454 1022 Vers.
2482 962 2576 1018 26.
2599 961 2686 1018 Ne
2704 977 2902 1027 revoces
2923 977 3004 1017 nte
3030 962 3088 1018 in
3107 961 3324 1020 dimidio
3345 961 3550 1020 dierum
3571 978 3818 1030 eteorum,

2226 1054 2284 1110 in
2303 1054 2548 1120 saeuitum
2568 1053 2744 1108 seculi
2763 1053 2891 1118 anni
2916 1053 3012 1108 tui.
3043 1051 3244 1110 Prioris
3272 1050 3547 1121 petitionis
3571 1052 3826 1112 voluntas

2228 1152 2418 1216 aperta
2459 1153 2542 1200 est
2569 1160 2585 1200 :
2615 1143 2742 1216 quia
2785 1159 2893 1206 non
2939 1158 3040 1214 pro
3080 1143 3204 1200 vitae
3241 1144 3447 1200 ambitu
3487 1143 3826 1213 supplicabat

2228 1236 2323 1308 qui
2353 1235 2506 1306 petiit
2545 1250 2616 1300 ne
2641 1234 2711 1290 ad
2740 1234 3010 1294 dimidium
3047 1235 3248 1290 dierum
3285 1248 3525 1304 suorum,
3560 1234 3616 1290 id
3645 1243 3732 1292 est
3759 1235 3826 1294 ad.

2229 1333 2556 1382 transactam
2583 1332 2796 1382 aetatem
2825 1333 3105 1390 revocetur.
3137 1324 3428 1386 Revocatur
3451 1326 3606 1390 enim
3638 1326 3697 1380 in
3737 1326 3824 1381 di-

2229 1418 2390 1474 midio
2418 1418 2620 1478 dierum
2643 1430 2866 1480 suorum
2894 1417 2986 1488 qui
3015 1417 3084 1474 ad
3109 1417 3330 1489 antiqua
3371 1417 3567 1474 delicta
3597 1418 3824 1476 reverti-

2230 1516 2339 1570 tur.
2371 1506 2649 1581 Signiﬁcat
2675 1506 2819 1564 enim
2843 1505 3215 1578 juventutem,
3263 1510 3317 1562 in
3347 1521 3454 1577 qua
3478 1507 3694 1571 lubrica
3722 1508 3826 1578 ple.

2230 1601 2458 1670 rumque
2483 1597 2732 1656 voluntas
2755 1599 3050 1670 appetitur,
3079 1606 3134 1654 et
3157 1599 3336 1656 aetatis
3362 1598 3577 1656 fervore
3603 1599 3826 1656 crimina

2233 1690 2354 1761 plus
2379 1700 2645 1746 amantur.
2691 1689 2798 1746 Sed
2833 1691 2936 1746 hoc
2959 1688 3051 1760 qui
3079 1699 3217 1758 orat,
3247 1703 3442 1760 magno
3481 1704 3544 1745 se
3579 1689 3696 1758 jam
3741 1689 3826 1746 iu-

536 1781 910 1838 decurrereut.
964 1778 1091 1834 ideo
1134 1780 1278 1833 enim
1325 1777 1564 1833 auditum
1610 1786 1824 1834 constat
1866 1781 2126 1850 gemitum
2157 1776 2206 1838 B
2233 1782 2425 1856 telligit
2466 1781 2727 1838 beneficio
2771 1781 3096 1850 liberatum;
3153 1788 3210 1836 et
3251 1795 3363 1846 non
3407 1780 3524 1836 vult
3571 1781 3828 1844 amittere

537 1873 962 1940 vinculatorum,
1013 1877 1073 1926 ut
1119 1869 1366 1928 salutaris
1417 1870 1674 1926 Dominus
1721 1869 2024 1937 adveniret,
2072 1880 2127 1928 et

537 1965 832 2032 Ecclesiam
874 1977 1026 2020 suam
1063 1961 1400 2030 sanctissima
1441 1962 1700 2032 religione
1738 1961 1997 2018 firmaret.

606 2057 763 2116 Vers.
786 2056 874 2114 25.
908 2055 976 2112 In
996 2054 1341 2112 conveniendo
1370 2055 1590 2126 populos
1619 2055 1673 2109 in
1701 2070 1862 2110 unum
1891 2063 1939 2110 et
1970 2070 2128 2126 regna

542 2150 700 2224 (mss.
717 2153 808 2219 A.,
833 2148 922 2220 B.,
947 2146 1134 2222 reges],
1157 2155 1213 2202 ut
1236 2148 1452 2204 serviant
1469 2147 1709 2202 Domino.
1739 2145 1940 2204 Causas
1954 2147 2130 2204 adhuc

539 2248 826 2299 enumerat
869 2255 968 2298 cur
1013 2239 1245 2312 gemitus
1301 2238 1696 2296 vinculatorum
1751 2239 1973 2296 auditus
2019 2248 2126 2308 est,

536 2334 741 2392 scilicet
769 2343 824 2390 ut
853 2334 1156 2390 conveniens
1189 2331 1410 2405 papulus
1436 2333 1491 2386 in
1519 2348 1676 2386 unum
1704 2332 1888 2390 laudes
1917 2332 2130 2388 Domini

537 2433 875 2498 personaret.
905 2424 1139 2481 Dicendo
1168 2424 1334 2494 enim,
1364 2425 1420 2479 in
1441 2440 1625 2496 unum,
1650 2425 1821 2482 virtus
1849 2423 2132 2482 catholicas

538 2507 761 2576 unitatis
805 2519 1134 2588 ostenditur;
1183 2533 1308 2574 nam
1353 2519 1600 2588 quamvis
1643 2520 1868 2592 populus
1911 2521 2013 2578 iste
2060 2519 2130 2578 de

537 2612 767 2669 diversis
793 2611 978 2668 mundi
1009 2609 1253 2682 partibus
1278 2619 1614 2681 aggregetur,
1645 2611 1710 2666 ad
1755 2626 1919 2674 unum
1949 2620 2131 2668 tamen

537 2705 863 2778 conveniunt,
907 2704 1034 2759 dum
1083 2719 1186 2759 una
1229 2701 1350 2759 lidei
1399 2702 1580 2772 regula
1623 2704 1986 2760 continentur.
2042 2703 2131 2760 Sic

538 2797 788 2854 Ezechiel
811 2801 1069 2870 prOpheta
1093 2803 1358 2852 testatur:
1387 2793 1512 2849 Haec
1538 2795 1661 2849 dicit
1685 2794 1940 2852 Dominus
1959 2794 2131 2852 Deus:

538 2887 672 2962 Doce
700 2905 792 2962 ego
817 2889 1013 2962 accipio
1042 2903 1243 2943 omnem
1268 2888 1478 2946 domum
1509 2884 1678 2942 Israel
1711 2887 1774 2942 de
1811 2888 1978 2944 medio
2007 2903 2132 2960 gen-

539 2985 689 3053 tium,
735 2987 790 3040 in
832 3001 958 3056 quas
999 2985 1312 3040 intraverunt
1358 2983 1450 3050 ibi,
1493 2993 1541 3038 et
1587 2983 1906 3057 congregabo
1953 3001 2035 3040 eos
2067 2985 2132 3038 ab

540 3079 774 3136 omnibus
802 3081 889 3152 qui
917 3080 972 3135 in
997 3080 1214 3142 circuitu
1243 3086 1360 3132 sunt
1389 3093 1583 3148 eorum,
1611 3088 1661 3132 et
1689 3077 1930 3132 inducam
1961 3094 2047 3134 eos
2076 3078 2131 3132 in

2228 1873 2373 1945 quod
2403 1871 2584 1930 divino
2615 1887 2842 1928 munere
2882 1871 3226 1944 cognoscitur
3270 1870 3608 1944 acquisiisse.
3636 1870 3825 1942 δειλαία

2228 1973 2336 2031 tur,
2356 1965 2410 2019 in
2431 1964 2678 2019 steculum
2697 1964 2871 2019 διεωιὶ
2891 1965 3015 2019 anni
3041 1965 3137 2019 tui.
3162 1962 3353 2019 Merito
3373 1978 3433 2020 se
3457 1964 3824 2035 postulaverat

2227 2055 2295 2114 ad
2319 2056 2572 2116 dimidios
2595 2057 2711 2116 dies
2733 2072 2860 2128 suos
2882 2057 3106 2114 minime
3129 2058 3400 2123 revocari,
3421 2059 3510 2128 qui
3538 2058 3820 2127 pervenire

2237 2149 2306 2205 ad
2334 2150 2692 2206 aiternitatem
2718 2148 2932 2206 Domini
2973 2163 3164 2220 magna
3203 2148 3456 2220 cupidine
3496 2149 3830 2217 festinabat;

2239 2241 2315 2296 ibi
2360 2242 2502 2296 enim
2547 2242 2720 2298 sancti
2761 2249 3014 2311 perpetua
3057 2255 3180 2296 cum
3210 2240 3439 2302 Domino
3483 2241 3818 2308 iucunditate

2229 2333 2556 2408 gaudebunt,
2588 2333 2801 2404 quando
2833 2333 2996 2402 (sicut
3024 2330 3152 2388 dicit
3177 2329 3492 2401 Apostolus)
3525 2328 3646 2384 Erit
3683 2330 3822 2386 Deus

2232 2429 2404 2494 omnia
2430 2427 2485 2481 in
2509 2425 2741 2482 omnibus
2767 2423 2818 2498 (1
2845 2425 2964 2482 Cor.
2994 2440 3082 2492 xv,
3111 2421 3230 2494 $8).
3277 2423 3427 2498 Anni
3440 2437 3574 2478 vero
3603 2424 3680 2478 tui
3721 2424 3826 2480 Dos

2207 2519 2380 2592 .mino
2411 2532 2508 2589 per
2540 2517 2893 2589 tropologiam
2920 2516 3115 2574 dicitur
3141 2533 3158 2573 ε
3185 2515 3440 2587 quoniam
3462 2518 3588 2572 anni
3612 2518 3828 2588 propria

2232 2611 2448 2680 illorum
2476 2604 2614 2666 ‘sunt
2653 2609 2847 2678 quibus
2876 2617 2930 2664 et
2960 2617 3200 2680 tempora
3243 2616 3688 2680 commutantur.
3717 2607 3826 2664 Sed

2233 2703 2392 2780 istam
2417 2701 2630 2760 Domini
2659 2701 3016 2758 aeternitatem
3041 2700 3214 2764 tribus
3234 2701 3480 2762 versibus
3508 2703 3698 2757 subter
3729 2715 3820 2764 ex-

2233 2794 2404 2863 p0nit,
2433 2807 2566 2862 quos
2589 2791 2709 2858 ideo
2731 2793 2891 2850 simul
2915 2794 3182 2864 ponimus,
3207 2800 3265 2848 ut
3307 2792 3586 2850 aiteruitas
3611 2792 3824 2862 Domini

2235 2868 2290 2956 et
2319 2883 2562 2955 operatio
2598 2881 2741 2946 illius
2779 2885 2960 2954 saeculi
2997 2885 3099 2944 sub
3135 2897 3239 2946 una
3275 2883 3614 2956 expositione
3641 2882 3823 2941 decla-

2236 2984 2441 3046 rentur.

2312 3076 2466 3134 Vers.
2504 3073 2595 3130 27.
2646 3073 2806 3130 Initio
2850 3084 3040 3132 terram
3082 3083 3137 3130 tu
3183 3075 3435 3147 fundasti,
3478 3072 3726 3142 Domine;
3769 3080 3826 3144 et

540 3184 730 3244 terram
775 3190 962 3240 suam,
1013 3181 1060 3230 et
1110 3172 1241 3228 dabo
1283 3188 1367 3226 eos
1419 3173 1473 3226 in
1519 3173 1726 3228 natione
1770 3187 1874 3226 una
1917 3170 2130 3240 (Ezech.
2160 3159 2210 3227 α
2241 3182 2394 3238 opera
2426 3181 2672 3222 manuum
2701 3175 2905 3222 tuarum
2933 3172 3050 3220 sunt
3078 3167 3211 3222 εωιξ,

544 3282 749 3340 xxxvii,
769 3266 864 3332 21,
889 3264 1005 3337 29.).
1053 3265 1119 3321 Et
1161 3264 1456 3335 Apostolus
1498 3264 1574 3334 ait
1615 3281 1630 3318 :
1678 3263 1824 3336 Unus
1851 3264 2131 3336 Dominus,

545 3376 652 3414 una
693 3360 846 3430 ﬁdes,
889 3373 1049 3412 unum
1093 3357 1366 3426 baptisma,
1412 3373 1546 3428 unus
1577 3353 1720 3412 Deus
1757 3363 1806 3412 et
1829 3355 1987 3411 Pater
2034 3373 2138 3410 om-

543 3452 707 3519 nium,
741 3451 829 3522 qui
866 3467 1020 3521 super
1056 3466 1251 3517 omnes,
1286 3457 1334 3504 et
1373 3465 1464 3522 per
1501 3449 1694 3516 omnia,
1737 3451 1868 3516 etin
1904 3449 2136 3507 omnibus

547 3541 689 3610 nobis
718 3540 934 3614 (Ephes.
968 3556 1044 3608 iv,
1075 3541 1129 3607 5,
1163 3541 1240 3610 6).
1283 3540 1622 3612 Quapropter
1661 3541 1738 3596 illi
1769 3556 1894 3598 vere
1922 3539 2136 3597 dicendi

543 3643 671 3690 sunt
704 3635 972 3696 convenire
1011 3635 1064 3688 in
1100 3651 1290 3700 unum,
1353 3633 1443 3706 qui
1483 3633 1827 3716 inseparabili
1864 3633 2131 3700 Trinitati,

544 3727 599 3784 id
630 3738 713 3786 est
737 3732 825 3784 uni
858 3729 966 3784 Deo
1004 3727 1225 3783 credere
1264 3727 1456 3784 devOta
1494 3736 1673 3784 mente
1709 3725 1986 3782 festinant.
2039 3726 2136 3782 Se-

543 3821 726 3892 quitur
763 3819 924 3874 etiam
972 3817 1093 3873 felix
1137 3817 1512 3885 commutatio,
1565 3825 1624 3870 ut
1667 3834 1825 3889 regna
1868 3824 2134 3872 terrarum

540 3912 904 3981 malorumque
954 3910 1175 3964 serviant
1225 3907 1484 3972 Domino;
1544 3915 1672 3964 tunc
1722 3909 1891 3976 magis
1939 3907 2130 3978 libera,

539 4006 752 4076 quando
780 4004 984 4060 auctori
1021 4019 1121 4059 suo
1150 4001 1350 4056 fuerint
1390 3999 1534 4056 lldeli
1573 4000 1834 4056 servitute
1863 3999 2132 4068 devincta,

610 4096 763 4153 Vers.
795 4097 887 4152 24.
919 4092 989 4150 Et
1018 4093 1277 4166 respondit
1306 4095 1355 4148 ei
1384 4093 1437 4148 in
1462 4093 1541 4147 via
1572 4092 1769 4146 virtutis
1795 4107 1922 4156 suis.
1964 4093 2133 4159 Quam

537 4188 676 4244 bene
723 4188 932 4242 duobus
973 4188 1154 4243 verbis
1181 4200 1498 4257 expressum
1543 4194 1630 4242 est
1668 4183 1796 4258 quid
1825 4186 1897 4244 sit
1942 4187 2134 4256 religio

537 4278 886 4350 Christiana!
932 4279 986 4334 id
1029 4288 1132 4347 est,
1174 4279 1255 4332 via
1296 4279 1520 4346 virtutis,
1552 4263 1711 4348 quam
1761 4278 1814 4332 in
1859 4276 2134 4336 doloribus

539 4372 756 4442 quidem
800 4371 1092 4444 gradiatur,
1138 4371 1191 4426 in
1241 4371 1676 4428 tribulationibus
1725 4386 2130 4440 commeamus;

2314 3260 2466 3316 Vers.
2496 3258 2586 3316 28.
2635 3257 2747 3332 Ipsi
2796 3260 3055 3330 peribunt,
3103 3268 3160 3314 tu
3208 3268 3376 3317 mitem
3422 3274 3727 3331 permutes;
3774 3265 3822 3315 et

2239 3355 2412 3424 omnia
2449 3355 2579 3418 sicut
2611 3355 2733 3412 vesti
2741 3363 2964 3412 mentum
2991 3362 3317 3412 veterasunt.
3781 3347 3784 3349 λ

2241 3527 2246 3529 _
2312 3455 2578 3514 Vers.‘29.
2607 3455 2674 3514 Et
2693 3456 2826 3518 sicut
2855 3457 3164 3525 opertorium
3182 3456 3404 3520 mutabis
3444 3473 3527 3527 ea,
3570 3465 3620 3512 et
3661 3463 3826 3512 mlta-

2240 3555 2424 3610 buntur
2453 3568 2472 3609 :
2503 3567 2553 3608 tu
2587 3564 2753 3608 autem
2790 3555 2924 3620 idem
2961 3555 3070 3625 ipse
3125 3569 3202 3619 es,
3241 3561 3289 3608 et
3319 3552 3445 3610 anni
3469 3554 3544 3606 tui
3579 3567 3685 3606 non
3705 3550 3826 3620 deﬁ-

2237 3647 2390 3704 cient.
2435 3646 2571 3702 Cum
2601 3645 2752 3714 dicit,
2787 3645 2950 3706 Initio
2990 3655 3179 3704 terram
3207 3651 3263 3698 tu
3297 3643 3554 3713 fundasti,
3588 3641 3822 3707 Domine,

2237 3739 2475 3797 ostendit
2498 3738 2642 3810 quod
2670 3753 2701 3794 a
2725 3739 2873 3800 sanis
2900 3737 3172 3798 mentibus
3197 3750 3305 3792 non
3336 3730 3515 3804 potest
3541 3732 3824 3802 abueg‘ari,

2237 3834 2361 3905 quia
2391 3833 2616 3890 Creator
2652 3839 2778 3896 ante
2816 3841 3088 3888 creaturas
3126 3843 3250 3886 suas
3291 3829 3410 3885 sine
3448 3827 3634 3898 aliquo
3676 3826 3824 3882 initio

2237 3925 2580 3996 cognoscitur
2605 3924 2896 3982 exstitisse.
2945 3924 3012 3980 Et
3036 3923 3254 3984 intende
3278 3924 3407 3992 quia
3431 3922 3519 3977 hic
3544 3921 3826 3990 opiniones

2237 4019 2679 4092 philosophorum
2709 4017 2940 4082 mirabili
2969 4017 3232 4074 brevitate
3261 4014 3560 4080 destruxit;
3593 4024 3825 4082 quarum

2239 4111 2408 4181 prima
2438 4119 2542 4178 est,
2571 4109 2830 4174 mundum
2859 4124 2892 4164 a
2922 4107 3070 4164 nullo
3098 4122 3220 4164 esse
3257 4115 3533 4171 creatum;
3563 4102 3827 4171 secunda,

2235 4204 2353 4260 sine
2373 4206 2480 4260 line
2500 4217 2831 4260 mansurum.
2863 4201 2970 4260 Sed
2989 4217 3110 4260 cum
3131 4201 3348 4266 dicitur,
3374 4199 3536 4258 Initio
3557 4208 3752 4254 terrain
3769 4207 3824 4260 tu

2235 4293 2486 4365 fundasti,
2508 4291 2760 4358 Domine;
2781 4302 2830 4347 et
2854 4309 3011 4361 opera
3037 4307 3284 4348 manuum
3304 4301 3513 4346 tuarum
3539 4299 3668 4345 sunt
3695 4289 3822 4354 cali,

2237 4384 2409 4453 prima
2437 4382 2529 4438 illa
2559 4384 2839 4453 persuasio
2881 4382 3109 4440 nefanda
3150 4381 3512 4445 convincitur;
3542 4395 3672 4434 cum
3701 4390 3822 4434 vero

538 4466 633 4521 sed
665 4465 780 4520 haec
817 4467 997 4520 omnia
1037 4464 1089 4520 in
1116 4463 1315 4520 Christi
1351 4463 1569 4520 nomine
1605 4478 1726 4519 cum
1763 4479 1861 4533 Spe
1897 4467 2132 4542 maxima
2239 4474 2633 4544 manantium,
2676 4473 2774 4544 ξρεί
2815 4473 3076 4542 perium,
3107 4473 3268 4530 ﬁnem
3297 4486 3392 4530 eos
3415 4471 3622 4528 habere
3645 4470 3824 4527 αοοιι.

539 4557 886 4614 sustinemus.
937 4555 1072 4612 Huic
1113 4557 1273 4626 igitur
1314 4557 1508 4622 virtuti,
1557 4570 1716 4626 quam
1745 4554 1995 4612 Christus
2025 4555 2120 4618 D,o-

2233 4568 2399 4634 ravit;
2449 4576 2508 4630 ut
2545 4566 2725 4628 nullus
2763 4567 2820 4622 in
2859 4565 3032 4624 stellis
3058 4567 3244 4638 gentili
3283 4579 3469 4626 errore
3497 4564 3820 4630 conﬁderet,

539 4652 718 4712 minus
768 4650 1074 4724 praedicavit
1103 4693 1120 4720 ,
1155 4643 1486 4708 sanctorum
1544 4649 1885 4722 congregatio
1936 4648 2128 4704 devota

536 4745 829 4814 respondet.
865 4743 999 4798 Nam
1027 4757 1146 4798 cum
1175 4741 1264 4797 ille
1292 4751 1451 4800 vocet
1475 4740 1542 4796 ad
1576 4740 1772 4796 bonam
1799 4741 1987 4808 vitam,
2017 4740 2130 4820 ipse

537 4837 618 4894 illi
658 4836 964 4910 respondere
1005 4834 1365 4908 cognoscitur,
1397 4834 1488 4904 qui
1531 4833 1770 4904 imperiis
1809 4830 1926 4902 ejus
1965 4821 2126 4890 Obse-

537 4939 710 5001 Quens
738 4945 859 4986 esse
890 4936 1238 4984 monstratur.
1272 4927 1611 4998 Quapmpter
1649 4926 2008 4996 respondetur
2046 4925 2127 4982 illi

540 5037 647 5080 non
678 5025 878 5096 lingua,
920 5025 1015 5081 sed
1046 5025 1190 5090 vita;
1236 5039 1341 5078 non
1373 5037 1524 5088 voce,
1558 5019 1650 5077 sed
1685 5021 1817 5088 (ide;
1867 5036 1972 5075 non
2019 5019 2130 5074 cla-

539 5131 714 5188 more,
746 5117 840 5188 sed
867 5118 1053 5176 corde.
1102 5118 1232 5185 Quae
1259 5116 1438 5171 omnia
1470 5114 1538 5170 ad
1564 5115 1860 5170 Ecclesiam
1891 5113 2128 5170 catholi-

537 5219 658 5265 cam
684 5208 954 5278 pertinere
981 5209 1324 5264 manit‘estum
1355 5216 1456 5264 est.

611 5305 768 5362 Vers.
797 5305 887 5362 25.
915 5305 1237 5362 Paucitatent
1257 5308 1457 5361 dierum
1489 5320 1714 5359 meorum
1742 5307 1947 5360 enuntio
1974 5305 2120 5360 mihi.

540 5393 686 5452 lnter
730 5396 918 5456 laudes
973 5396 1185 5452 Domini
1241 5397 1522 5467 multiplici
1575 5395 1830 5450 varietate
1870 5395 2127 5452 decursas

536 5503 685 5548 nunc
712 5505 917 5562 pauper
955 5491 1056 5546 iste
1091 5491 1236 5558 cupit
1278 5505 1570 5562 agnoscere
1609 5490 1770 5545 linem
1812 5491 2024 5554 smculi;
2069 5498 2131 5546 ut

538 5581 652 5636 cito
692 5581 759 5636 ad
807 5580 951 5636 illam
995 5580 1382 5635 beatitudinem
1431 5596 1589 5651 quam
1636 5580 1840 5635 sanctis
1885 5580 2130 5647 promisit

540 5675 819 5745 Dominus,
853 5675 1111 5731 accedere
1137 5684 1428 5730 mereatur.
1471 5675 1587 5730 Non
1616 5675 1758 5730 enim
1792 5686 1975 5728 amore
2008 5673 2129 5729 vita:

543 5775 678 5826 lucis
707 5787 817 5828 suae
847 5770 1116 5829 desiderat
1144 5771 1283 5828 scire
1313 5770 1507 5838 finem;
1540 5769 1634 5826 sed
1667 5778 1725 5828 ut
1751 5769 1805 5826 iu
1837 5768 1967 5846 ipsis
1992 5781 2126 5824 cou-

2237 4674 2360 4732 cum
2411 4673 2504 4716 eas
2554 4658 2914 4720 immutaudas
2965 4673 3090 4714 esse
3137 4657 3382 4718 sentiret.
3453 4654 3592 4712 lllud
3645 4663 3822 4712 autem

2237 4752 2446 4830 aestimo
2473 4750 2758 4806 sollicitius
2788 4749 3129 4816 intuendum,
3172 4762 3338 4820 quare
3379 4761 3501 4808 cum
3530 4745 3713 4804 Verbo
3747 4743 3820 4802 ἰδέ

2234 4852 2320 4898 cta
2357 4843 2465 4898 sint
2504 4842 2707 4912 omnia,
2737 4856 2901 4912 opera
2927 4855 3179 4906 manuum
3203 4841 3369 4897 cmlos
3393 4837 3524 4894 dixit
3549 4852 3677 4896 esse
3701 4838 3824 4892 iun-

2237 4935 2429 4998 datos?
2469 4935 2573 4990 Sed
2605 4934 2693 4996 hic
2718 4951 2945 5002 manuni,
2974 4934 3228 4998 virtutem
3261 4930 3521 5002 iussionis
3561 4929 3820 4988 debemus

2235 5029 2500 5098 accipere.
2551 5028 2670 5084 Alio
2711 5027 2850 5084 enim
2881 5027 3008 5084 "loco
3036 5027 3168 5082 dicit
3196 5043 3211 5081 :
3242 5025 3497 5092 Quoniam
3523 5024 3635 5095 ipse
3663 5024 3822 5090 dixit,

2234 5132 2283 5177 et
2319 5123 2460 5191 facta
2500 5130 2656 5187 sunt;
2707 5123 2814 5192 ipse
2859 5123 3140 5184 mandavit,
3187 5130 3236 5177 et
3279 5129 3454 5176 creata
3493 5129 3614 5175 sunt
3649 5117 3820 5189 (Psal.

2235 5229 2463 5283 chviu,
2492 5214 2570 5284 5).
2602 5215 2690 5272 Sic
2719 5215 2862 5270 enim
2897 5215 3164 5284 provenit,
3193 5222 3251 5269 ut
3275 5214 3555 5282 Scriptura
3586 5212 3687 5268 sibi
3721 5226 3830 5266 non

2233 5307 2498 5366 sentiatur
2541 5320 2664 5362 esse
2709 5309 2978 5364 contraria
3003 5347 3019 5372 ,
3069 5306 3284 5378 quando
3327 5306 3490 5364 verba
3536 5305 3671 5362 locis
3713 5304 3828 5361 suis

2232 5402 2514 5473 aptissima
2546 5404 2888 5474 expositione
2928 5402 3247 5460 redduntur.
3288 5401 3522 5471 Adiecit,
3559 5409 3619 5456 tu
3653 5408 3830 5454 autent

2235 5511 2534 5561 sermones;
2557 5505 2619 5552 ut
2645 5498 2783 5552 sicut
2811 5495 3169 5550 aeternitatem
3197 5494 3404 5550 Domini
3435 5492 3676 5548 ostendit
3697 5493 3826 5546 dum

2234 5598 2445 5644 crearet
2474 5589 2678 5656 omnia,
2703 5590 2781 5644 sic
2807 5599 2927 5659 post
2956 5590 3124 5646 cmlos
3148 5597 3383 5646 mutatos
3411 5587 3588 5656 ipsum
3619 5586 3826 5642 diceret

2233 5679 2290 5737 in
2331 5680 2623 5750 majestatis
2663 5695 2776 5736 sum
2814 5681 2982 5751 gloria
3014 5694 3349 5752 permanere.
3379 5677 3620 5734 Dicenda
3653 5679 3824 5741 enim,

2236 5774 2408 5830 omnia
2435 5774 2518 5846 (ut
2538 5774 2820 5846 arbitror),
2847 5789 2955 5832 non
2983 5773 3056 5832 ibi
3083 5772 3247 5846 342
3271 5770 3513 5842 angelos,
3557 5783 3668 5828 non
3713 5767 3824 5844 spi-
