  <div class='ocr_page' id='page_1' title='image "/cluster/home/n/w/nwhite01/storage/ocr_20150623/70/hvd.32044015469356/364.png"; bbox 0 0 4092 6344; ppageno 0'>
   <div class='ocr_carea' id='block_1_1' title="bbox 423 313 528 385">
    <p class='ocr_par' dir='ltr' id='par_1_1' title="bbox 423 313 528 385">
     <span class='ocr_line' id='line_1_1' title="bbox 423 313 528 385; baseline -0.01 -13"><span class='ocrx_word' id='word_1_1' title='bbox 423 313 528 385; x_wconf 70' lang='grc'><strong>711</strong></span> 
     </span>
    </p>
   </div>
   <div class='ocr_carea' id='block_1_2' title="bbox 1400 291 2745 364">
    <p class='ocr_par' dir='ltr' id='par_1_2' title="bbox 1400 291 2745 364">
     <span class='ocr_line' id='line_1_2' title="bbox 1400 291 2745 364; baseline -0.011 -1"><span class='ocrx_word' id='word_1_2' title='bbox 1400 302 1762 364; x_wconf 76' lang='lat' dir='ltr'><strong>EXPOSITIO</strong></span> <span class='ocrx_word' id='word_1_3' title='bbox 1799 301 1865 357; x_wconf 87' lang='lat' dir='ltr'><strong>lN</strong></span> <span class='ocrx_word' id='word_1_4' title='bbox 1905 294 2363 355; x_wconf 78' lang='lat' dir='ltr'><strong>PSALTERIUM.</strong></span> <span class='ocrx_word' id='word_1_5' title='bbox 2407 292 2595 351; x_wconf 77' lang='lat' dir='ltr'><strong>PSAL.</strong></span> <span class='ocrx_word' id='word_1_6' title='bbox 2636 291 2745 349; x_wconf 88' lang='lat' dir='ltr'><strong>CII.</strong></span> 
     </span>
    </p>
   </div>
   <div class='ocr_carea' id='block_1_3' title="bbox 3605 283 3719 357">
    <p class='ocr_par' dir='ltr' id='par_1_3' title="bbox 3605 283 3719 357">
     <span class='ocr_line' id='line_1_3' title="bbox 3605 283 3719 357; baseline 0 0"><span class='ocrx_word' id='word_1_7' title='bbox 3605 283 3719 357; x_wconf 63' lang='grc'><strong>718</strong></span> 
     </span>
    </p>
   </div>
   <div class='ocr_carea' id='block_1_4' title="bbox 420 401 2028 493">
    <p class='ocr_par' dir='ltr' id='par_1_4' title="bbox 420 415 2005 493">
     <span class='ocr_line' id='line_1_4' title="bbox 420 415 2005 493; baseline -0.012 -7"><span class='ocrx_word' id='word_1_8' title='bbox 420 426 647 487; x_wconf 74' lang='lat' dir='ltr'><strong>rituales</strong></span> <span class='ocrx_word' id='word_1_9' title='bbox 690 431 962 481; x_wconf 87' lang='lat' dir='ltr'><strong>creaturas</strong></span> <span class='ocrx_word' id='word_1_10' title='bbox 1002 423 1283 493; x_wconf 78' lang='lat' dir='ltr'><strong>designat,</strong></span> <span class='ocrx_word' id='word_1_11' title='bbox 1336 436 1454 493; x_wconf 78' lang='lat' dir='ltr'><strong>qute</strong></span> <span class='ocrx_word' id='word_1_12' title='bbox 1500 436 1555 475; x_wconf 84' lang='lat' dir='ltr'><strong>tn</strong></span> <span class='ocrx_word' id='word_1_13' title='bbox 1602 432 1698 474; x_wconf 90' lang='lat' dir='ltr'><strong>sua</strong></span> <span class='ocrx_word' id='word_1_14' title='bbox 1744 415 2005 486; x_wconf 84' lang='lat' dir='ltr'><strong>dignitate</strong></span> 
     </span>
    </p>
   </div>
   <div class='ocr_carea' id='block_1_5' title="bbox 2131 401 3717 493">
    <p class='ocr_par' dir='ltr' id='par_1_5' title="bbox 2131 401 3717 481">
     <span class='ocr_line' id='line_1_5' title="bbox 2131 401 3717 481; baseline -0.003 -20"><span class='ocrx_word' id='word_1_15' title='bbox 2131 416 2319 462; x_wconf 76' lang='lat' dir='ltr'><strong>&#39;entur.</strong></span> <span class='ocrx_word' id='word_1_16' title='bbox 2368 405 2643 481; x_wconf 79' lang='lat' dir='ltr'><strong>Sequitur,</strong></span> <span class='ocrx_word' id='word_1_17' title='bbox 2660 412 2717 457; x_wconf 86' lang='lat' dir='ltr'><strong>et</strong></span> <span class='ocrx_word' id='word_1_18' title='bbox 2744 416 2914 459; x_wconf 81' lang='lat' dir='ltr'><strong>semen</strong></span> <span class='ocrx_word' id='word_1_19' title='bbox 2952 416 3128 457; x_wconf 76' lang='lat' dir='ltr'><strong>eorum</strong></span> <span class='ocrx_word' id='word_1_20' title='bbox 3164 401 3219 457; x_wconf 71' lang='lat' dir='ltr'><strong>in</strong></span> <span class='ocrx_word' id='word_1_21' title='bbox 3245 401 3491 456; x_wconf 68' lang='lat' dir='ltr'><strong>oraculum</strong></span> <span class='ocrx_word' id='word_1_22' title='bbox 3535 403 3717 461; x_wconf 71' lang='lat' dir='ltr'><strong>saeuis</strong></span> 
     </span>
    </p>
   </div>
   <div class='ocr_carea' id='block_1_6' title="bbox 418 509 2010 586">
    <p class='ocr_par' dir='ltr' id='par_1_6' title="bbox 418 509 2010 586">
     <span class='ocr_line' id='line_1_6' title="bbox 418 509 2010 586; baseline -0.011 -9"><span class='ocrx_word' id='word_1_23' title='bbox 418 535 692 578; x_wconf 71' lang='lat' dir='ltr'><strong>mansura:</strong></span> <span class='ocrx_word' id='word_1_24' title='bbox 716 527 860 586; x_wconf 89' lang='lat' dir='ltr'><strong>sunt,</strong></span> <span class='ocrx_word' id='word_1_25' title='bbox 886 516 980 573; x_wconf 89' lang='lat' dir='ltr'><strong>sed</strong></span> <span class='ocrx_word' id='word_1_26' title='bbox 1010 517 1101 573; x_wconf 88' lang='lat' dir='ltr'><strong>illa</strong></span> <span class='ocrx_word' id='word_1_27' title='bbox 1130 530 1252 586; x_wconf 65' lang='lat' dir='ltr'><strong>quae</strong></span> <span class='ocrx_word' id='word_1_28' title='bbox 1277 512 1685 570; x_wconf 89' lang='lat' dir='ltr'><strong>commutationi</strong></span> <span class='ocrx_word' id='word_1_29' title='bbox 1713 509 2010 582; x_wconf 79' lang='lat' dir='ltr'><strong>probantur</strong></span> 
     </span>
    </p>
   </div>
   <div class='ocr_carea' id='block_1_7' title="bbox 420 600 2011 677">
    <p class='ocr_par' dir='ltr' id='par_1_7' title="bbox 420 600 2011 677">
     <span class='ocr_line' id='line_1_7' title="bbox 420 600 2011 677; baseline -0.011 -5"><span class='ocrx_word' id='word_1_30' title='bbox 420 612 675 672; x_wconf 82' lang='lat' dir='ltr'><strong>obnoxia.</strong></span> <span class='ocrx_word' id='word_1_31' title='bbox 731 611 845 667; x_wconf 84' lang='lat' dir='ltr'><strong>lloo</strong></span> <span class='ocrx_word' id='word_1_32' title='bbox 887 609 1106 665; x_wconf 81' lang='lat' dir='ltr'><strong>schema</strong></span> <span class='ocrx_word' id='word_1_33' title='bbox 1157 608 1354 662; x_wconf 89' lang='lat' dir='ltr'><strong>dicitur</strong></span> <span class='ocrx_word' id='word_1_34' title='bbox 1404 603 1774 677; x_wconf 83' lang='lat' dir='ltr'><strong>synecdoche,</strong></span> <span class='ocrx_word' id='word_1_35' title='bbox 1825 600 1877 654; x_wconf 92' lang='lat' dir='ltr'><strong>id</strong></span> <span class='ocrx_word' id='word_1_36' title='bbox 1928 606 2011 655; x_wconf 79' lang='lat' dir='ltr'><strong>est</strong></span> 
     </span>
    </p>
   </div>
   <div class='ocr_carea' id='block_1_8' title="bbox 419 692 2021 773">
    <p class='ocr_par' dir='ltr' id='par_1_8' title="bbox 419 692 2021 773">
     <span class='ocr_line' id='line_1_8' title="bbox 419 692 2021 773; baseline -0.009 -12"><span class='ocrx_word' id='word_1_37' title='bbox 419 722 454 767; x_wconf 83' lang='lat' dir='ltr'><strong>a</strong></span> <span class='ocrx_word' id='word_1_38' title='bbox 484 714 595 760; x_wconf 86' lang='lat' dir='ltr'><strong>toto</strong></span> <span class='ocrx_word' id='word_1_39' title='bbox 626 717 784 773; x_wconf 83' lang='lat' dir='ltr'><strong>pars,</strong></span> <span class='ocrx_word' id='word_1_40' title='bbox 836 700 979 773; x_wconf 90' lang='lat' dir='ltr'><strong>quod</strong></span> <span class='ocrx_word' id='word_1_41' title='bbox 1024 702 1076 755; x_wconf 90' lang='lat' dir='ltr'><strong>in</strong></span> <span class='ocrx_word' id='word_1_42' title='bbox 1118 698 1412 769; x_wconf 88' lang='lat' dir='ltr'><strong>Scripturis</strong></span> <span class='ocrx_word' id='word_1_43' title='bbox 1455 696 1650 752; x_wconf 86' lang='lat' dir='ltr'><strong>divinis</strong></span> <span class='ocrx_word' id='word_1_44' title='bbox 1686 692 2021 751; x_wconf 80' lang='lat' dir='ltr'><strong>creberrime</strong></span> 
     </span>
    </p>
   </div>
   <div class='ocr_carea' id='block_1_9' title="bbox 420 788 2011 868">
    <p class='ocr_par' dir='ltr' id='par_1_9' title="bbox 420 788 2011 868">
     <span class='ocr_line' id='line_1_9' title="bbox 420 788 2011 868; baseline -0.011 -14"><span class='ocrx_word' id='word_1_45' title='bbox 420 796 712 868; x_wconf 87' lang='lat' dir='ltr'><strong>reperitur.</strong></span> <span class='ocrx_word' id='word_1_46' title='bbox 754 792 909 861; x_wconf 82' lang='lat' dir='ltr'><strong>Quod</strong></span> <span class='ocrx_word' id='word_1_47' title='bbox 940 801 1119 847; x_wconf 86' lang='lat' dir='ltr'><strong>autem</strong></span> <span class='ocrx_word' id='word_1_48' title='bbox 1150 790 1300 856; x_wconf 83' lang='lat' dir='ltr'>dicit,</span> <span class='ocrx_word' id='word_1_49' title='bbox 1335 791 1465 843; x_wconf 84' lang='lat' dir='ltr'><strong>sicut</strong></span> <span class='ocrx_word' id='word_1_50' title='bbox 1498 788 1847 842; x_wconf 79' lang='lat' dir='ltr'><strong>vestimentum</strong></span> <span class='ocrx_word' id='word_1_51' title='bbox 1875 792 2011 838; x_wconf 76' lang='lat' dir='ltr'><strong>aete-</strong></span> 
     </span>
    </p>
   </div>
   <div class='ocr_carea' id='block_1_10' title="bbox 378 877 2009 958">
    <p class='ocr_par' dir='ltr' id='par_1_10' title="bbox 378 877 2009 958">
     <span class='ocr_line' id='line_1_10' title="bbox 378 877 2009 958; baseline -0.009 -12"><span class='ocrx_word' id='word_1_52' title='bbox 378 900 391 911; x_wconf 88' lang='lat'><strong><em>‘</em></strong></span> <span class='ocrx_word' id='word_1_53' title='bbox 420 898 646 958; x_wconf 82' lang='lat' dir='ltr'><strong>rascent,</strong></span> <span class='ocrx_word' id='word_1_54' title='bbox 671 887 773 943; x_wconf 92' lang='lat' dir='ltr'><strong>hoc</strong></span> <span class='ocrx_word' id='word_1_55' title='bbox 798 885 864 941; x_wconf 92' lang='lat' dir='ltr'><strong>ad</strong></span> <span class='ocrx_word' id='word_1_56' title='bbox 886 884 1064 941; x_wconf 89' lang='lat' dir='ltr'><strong>carnis</strong></span> <span class='ocrx_word' id='word_1_57' title='bbox 1094 883 1433 955; x_wconf 83' lang='lat' dir='ltr'><strong>fragilitatem</strong></span> <span class='ocrx_word' id='word_1_58' title='bbox 1460 883 1669 937; x_wconf 87' lang='lat' dir='ltr'><strong>videtur</strong></span> <span class='ocrx_word' id='word_1_59' title='bbox 1694 877 2009 948; x_wconf 87' lang='lat' dir='ltr'><strong>aptandum,</strong></span> 
     </span>
    </p>
   </div>
   <div class='ocr_carea' id='block_1_11' title="bbox 423 966 2023 1052">
    <p class='ocr_par' dir='ltr' id='par_1_11' title="bbox 423 966 2023 1052">
     <span class='ocr_line' id='line_1_11' title="bbox 423 966 2023 1052; baseline -0.009 -16"><span class='ocrx_word' id='word_1_60' title='bbox 423 982 567 1052; x_wconf 88' lang='lat' dir='ltr'><strong>quod</strong></span> <span class='ocrx_word' id='word_1_61' title='bbox 607 979 768 1036; x_wconf 89' lang='lat' dir='ltr'><strong>etiam</strong></span> <span class='ocrx_word' id='word_1_62' title='bbox 811 978 866 1032; x_wconf 93' lang='lat' dir='ltr'><strong>in</strong></span> <span class='ocrx_word' id='word_1_63' title='bbox 898 974 1188 1045; x_wconf 80' lang='lat' dir='ltr'><strong>Evangelio</strong></span> <span class='ocrx_word' id='word_1_64' title='bbox 1229 974 1467 1028; x_wconf 89' lang='lat' dir='ltr'><strong>noscitur</strong></span> <span class='ocrx_word' id='word_1_65' title='bbox 1505 976 1893 1041; x_wconf 88' lang='lat' dir='ltr'><strong>comparatum,</strong></span> <span class='ocrx_word' id='word_1_66' title='bbox 1926 966 2023 1037; x_wconf 81' lang='lat' dir='ltr'><strong>ubi</strong></span> 
     </span>
    </p>
   </div>
   <div class='ocr_carea' id='block_1_12' title="bbox 425 1070 2017 1138">
    <p class='ocr_par' dir='ltr' id='par_1_12' title="bbox 425 1070 2017 1138">
     <span class='ocr_line' id='line_1_12' title="bbox 425 1070 2017 1138; baseline -0.009 -10"><span class='ocrx_word' id='word_1_67' title='bbox 425 1074 501 1129; x_wconf 90' lang='lat' dir='ltr'><strong>ait</strong></span> <span class='ocrx_word' id='word_1_68' title='bbox 527 1089 541 1128; x_wconf 76' lang='grc' dir='ltr'><strong>ε</strong></span> <span class='ocrx_word' id='word_1_69' title='bbox 568 1070 755 1125; x_wconf 84' lang='lat' dir='ltr'><strong><em>Nonne</em></strong></span> <span class='ocrx_word' id='word_1_70' title='bbox 782 1070 952 1126; x_wconf 86' lang='lat' dir='ltr'><strong>anima</strong></span> <span class='ocrx_word' id='word_1_71' title='bbox 974 1070 1089 1137; x_wconf 85' lang='lat' dir='ltr'><strong>plus</strong></span> <span class='ocrx_word' id='word_1_72' title='bbox 1122 1077 1191 1123; x_wconf 85' lang='lat' dir='ltr'><strong>est</strong></span> <span class='ocrx_word' id='word_1_73' title='bbox 1217 1082 1372 1138; x_wconf 81' lang='lat' dir='ltr'><strong>quam</strong></span> <span class='ocrx_word' id='word_1_74' title='bbox 1412 1080 1548 1131; x_wconf 88' lang='lat' dir='ltr'><strong>esca,</strong></span> <span class='ocrx_word' id='word_1_75' title='bbox 1576 1072 1623 1117; x_wconf 89' lang='lat' dir='ltr'><strong>et</strong></span> <span class='ocrx_word' id='word_1_76' title='bbox 1648 1078 1833 1133; x_wconf 82' lang='lat' dir='ltr'><strong>corpus</strong></span> <span class='ocrx_word' id='word_1_77' title='bbox 1862 1076 2017 1131; x_wconf 84' lang='lat' dir='ltr'><strong>quam</strong></span> 
     </span>
    </p>
   </div>
   <div class='ocr_carea' id='block_1_13' title="bbox 422 1154 2017 1232">
    <p class='ocr_par' dir='ltr' id='par_1_13' title="bbox 422 1154 2017 1232">
     <span class='ocr_line' id='line_1_13' title="bbox 422 1154 2017 1232; baseline -0.007 -13"><span class='ocrx_word' id='word_1_78' title='bbox 422 1164 773 1219; x_wconf 75' lang='lat' dir='ltr'><strong>vestimentum</strong></span> <span class='ocrx_word' id='word_1_79' title='bbox 804 1160 1033 1232; x_wconf 78' lang='lat' dir='ltr'><strong>(Matth.</strong></span> <span class='ocrx_word' id='word_1_80' title='bbox 1062 1176 1116 1226; x_wconf 89' lang='lat' dir='ltr'><strong>v,</strong></span> <span class='ocrx_word' id='word_1_81' title='bbox 1155 1158 1291 1230; x_wconf 76' lang='lat'><strong>20)?</strong></span> <span class='ocrx_word' id='word_1_82' title='bbox 1339 1159 1514 1229; x_wconf 90' lang='lat' dir='ltr'><strong>Ipsum</strong></span> <span class='ocrx_word' id='word_1_83' title='bbox 1554 1156 1696 1212; x_wconf 90' lang='lat' dir='ltr'><strong>enim</strong></span> <span class='ocrx_word' id='word_1_84' title='bbox 1732 1154 2017 1220; x_wconf 80' lang='lat' dir='ltr'><strong>veterascit,</strong></span> 
     </span>
    </p>
   </div>
   <div class='ocr_carea' id='block_1_14' title="bbox 424 1245 2017 1328">
    <p class='ocr_par' dir='ltr' id='par_1_14' title="bbox 424 1245 2017 1328">
     <span class='ocr_line' id='line_1_14' title="bbox 424 1245 2017 1328; baseline -0.009 -17"><span class='ocrx_word' id='word_1_85' title='bbox 424 1254 567 1328; x_wconf 89' lang='lat' dir='ltr'><strong>quod</strong></span> <span class='ocrx_word' id='word_1_86' title='bbox 589 1267 742 1310; x_wconf 89' lang='lat' dir='ltr'><strong>more</strong></span> <span class='ocrx_word' id='word_1_87' title='bbox 764 1252 929 1308; x_wconf 83' lang='lat' dir='ltr'><strong>vestis</strong></span> <span class='ocrx_word' id='word_1_88' title='bbox 956 1259 1128 1307; x_wconf 88' lang='lat' dir='ltr'><strong>morte</strong></span> <span class='ocrx_word' id='word_1_89' title='bbox 1158 1249 1511 1306; x_wconf 88' lang='lat' dir='ltr'><strong>consumitur.</strong></span> <span class='ocrx_word' id='word_1_90' title='bbox 1546 1246 1781 1313; x_wconf 81' lang='lat' dir='ltr'><strong>Addidit,</strong></span> <span class='ocrx_word' id='word_1_91' title='bbox 1814 1256 1860 1298; x_wconf 86' lang='lat' dir='ltr'><strong>et</strong></span> <span class='ocrx_word' id='word_1_92' title='bbox 1882 1245 2017 1299; x_wconf 84' lang='lat' dir='ltr'><strong>sicut</strong></span> 
     </span>
    </p>
   </div>
   <div class='ocr_carea' id='block_1_15' title="bbox 426 1338 2019 1421">
    <p class='ocr_par' dir='ltr' id='par_1_15' title="bbox 426 1338 2019 1421">
     <span class='ocr_line' id='line_1_15' title="bbox 426 1338 2019 1421; baseline -0.007 -19"><span class='ocrx_word' id='word_1_93' title='bbox 426 1348 743 1421; x_wconf 79' lang='lat' dir='ltr'><strong>opertorium</strong></span> <span class='ocrx_word' id='word_1_94' title='bbox 788 1346 1008 1401; x_wconf 83' lang='lat' dir='ltr'><strong>mutabis</strong></span> <span class='ocrx_word' id='word_1_95' title='bbox 1057 1363 1145 1413; x_wconf 86' lang='lat' dir='ltr'><strong>ea,</strong></span> <span class='ocrx_word' id='word_1_96' title='bbox 1192 1354 1239 1401; x_wconf 88' lang='lat' dir='ltr'><strong>et</strong></span> <span class='ocrx_word' id='word_1_97' title='bbox 1282 1343 1631 1399; x_wconf 84' lang='lat' dir='ltr'><strong>mutabuntur.</strong></span> <span class='ocrx_word' id='word_1_98' title='bbox 1688 1338 2019 1409; x_wconf 84' lang='lat' dir='ltr'><strong>Opertorium</strong></span> 
     </span>
    </p>
   </div>
   <div class='ocr_carea' id='block_1_16' title="bbox 425 1432 2023 1503">
    <p class='ocr_par' dir='ltr' id='par_1_16' title="bbox 425 1432 2023 1503">
     <span class='ocr_line' id='line_1_16' title="bbox 425 1432 2023 1503; baseline -0.007 -4"><span class='ocrx_word' id='word_1_99' title='bbox 425 1443 596 1500; x_wconf 79' lang='lat' dir='ltr'><strong>ccelos</strong></span> <span class='ocrx_word' id='word_1_100' title='bbox 638 1439 869 1497; x_wconf 80' lang='lat' dir='ltr'><strong>forsitan</strong></span> <span class='ocrx_word' id='word_1_101' title='bbox 925 1438 1183 1496; x_wconf 85' lang='lat' dir='ltr'><strong>debemus</strong></span> <span class='ocrx_word' id='word_1_102' title='bbox 1237 1436 1545 1500; x_wconf 79' lang='lat' dir='ltr'><strong>advertere,</strong></span> <span class='ocrx_word' id='word_1_103' title='bbox 1596 1434 1687 1503; x_wconf 90' lang='lat' dir='ltr'><strong>qui</strong></span> <span class='ocrx_word' id='word_1_104' title='bbox 1730 1432 1796 1487; x_wconf 91' lang='lat' dir='ltr'><strong>ad</strong></span> <span class='ocrx_word' id='word_1_105' title='bbox 1842 1432 2023 1503; x_wconf 71' lang='lat' dir='ltr'><strong>vicem</strong></span> 
     </span>
    </p>
   </div>
   <div class='ocr_carea' id='block_1_17' title="bbox 424 1526 2016 1603">
    <p class='ocr_par' dir='ltr' id='par_1_17' title="bbox 424 1526 2016 1603">
     <span class='ocr_line' id='line_1_17' title="bbox 424 1526 2016 1603; baseline -0.009 -10"><span class='ocrx_word' id='word_1_106' title='bbox 424 1533 715 1593; x_wconf 80' lang='lat' dir='ltr'><strong>velaminis</strong></span> <span class='ocrx_word' id='word_1_107' title='bbox 746 1541 917 1588; x_wconf 91' lang='lat' dir='ltr'><strong>terras</strong></span> <span class='ocrx_word' id='word_1_108' title='bbox 944 1530 1217 1603; x_wconf 87' lang='lat' dir='ltr'><strong>operiunt,</strong></span> <span class='ocrx_word' id='word_1_109' title='bbox 1248 1529 1341 1599; x_wconf 89' lang='lat' dir='ltr'><strong>qui</strong></span> <span class='ocrx_word' id='word_1_110' title='bbox 1369 1527 1619 1585; x_wconf 85' lang='lat' dir='ltr'><strong>similiter</strong></span> <span class='ocrx_word' id='word_1_111' title='bbox 1648 1533 1705 1581; x_wconf 90' lang='lat' dir='ltr'><strong>ut</strong></span> <span class='ocrx_word' id='word_1_112' title='bbox 1734 1526 1840 1580; x_wconf 88' lang='lat' dir='ltr'><strong>alia</strong></span> <span class='ocrx_word' id='word_1_113' title='bbox 1870 1538 2016 1579; x_wconf 93' lang='lat' dir='ltr'><strong>com-</strong></span> 
     </span>
    </p>
   </div>
   <div class='ocr_carea' id='block_1_18' title="bbox 425 1617 2020 1689">
    <p class='ocr_par' dir='ltr' id='par_1_18' title="bbox 425 1617 2020 1689">
     <span class='ocr_line' id='line_1_18' title="bbox 425 1617 2020 1689; baseline -0.006 -7"><span class='ocrx_word' id='word_1_114' title='bbox 425 1634 722 1683; x_wconf 86' lang='lat' dir='ltr'><strong>mutantur.</strong></span> <span class='ocrx_word' id='word_1_115' title='bbox 770 1623 839 1679; x_wconf 87' lang='lat' dir='ltr'><strong>Et</strong></span> <span class='ocrx_word' id='word_1_116' title='bbox 882 1631 939 1678; x_wconf 91' lang='lat' dir='ltr'><strong>ut</strong></span> <span class='ocrx_word' id='word_1_117' title='bbox 983 1623 1123 1677; x_wconf 88' lang='lat' dir='ltr'><strong>facta</strong></span> <span class='ocrx_word' id='word_1_118' title='bbox 1156 1620 1365 1676; x_wconf 89' lang='lat' dir='ltr'><strong>Domini</strong></span> <span class='ocrx_word' id='word_1_119' title='bbox 1411 1619 1725 1677; x_wconf 88' lang='lat' dir='ltr'><strong>ostenderet</strong></span> <span class='ocrx_word' id='word_1_120' title='bbox 1764 1618 1877 1689; x_wconf 89' lang='lat' dir='ltr'><strong>jam</strong></span> <span class='ocrx_word' id='word_1_121' title='bbox 1920 1617 2020 1674; x_wconf 87' lang='lat' dir='ltr'><strong>sub</strong></span> 
     </span>
    </p>
   </div>
   <div class='ocr_carea' id='block_1_19' title="bbox 423 1711 2017 1779">
    <p class='ocr_par' dir='ltr' id='par_1_19' title="bbox 423 1711 2017 1779">
     <span class='ocr_line' id='line_1_19' title="bbox 423 1711 2017 1779; baseline -0.006 -4"><span class='ocrx_word' id='word_1_122' title='bbox 423 1720 727 1775; x_wconf 64' lang='lat' dir='ltr'><strong>aeternitate</strong></span> <span class='ocrx_word' id='word_1_123' title='bbox 756 1730 1032 1779; x_wconf 88' lang='lat' dir='ltr'><strong>mansura,</strong></span> <span class='ocrx_word' id='word_1_124' title='bbox 1061 1714 1211 1779; x_wconf 84' lang='lat' dir='ltr'><strong>dicit,</strong></span> <span class='ocrx_word' id='word_1_125' title='bbox 1238 1713 1459 1768; x_wconf 87' lang='lat' dir='ltr'><strong>mutabis</strong></span> <span class='ocrx_word' id='word_1_126' title='bbox 1488 1728 1547 1767; x_wconf 85' lang='lat' dir='ltr'><strong>ea</strong></span> <span class='ocrx_word' id='word_1_127' title='bbox 1572 1726 1622 1766; x_wconf 87' lang='lat' dir='ltr'><strong>et</strong></span> <span class='ocrx_word' id='word_1_128' title='bbox 1651 1711 2017 1765; x_wconf 82' lang='lat' dir='ltr'><strong>mutabuntur:</strong></span> 
     </span>
    </p>
   </div>
   <div class='ocr_carea' id='block_1_20' title="bbox 2115 498 3707 577">
    <p class='ocr_par' dir='ltr' id='par_1_20' title="bbox 2115 498 3707 577">
     <span class='ocr_line' id='line_1_20' title="bbox 2115 498 3707 577; baseline -0.003 -20"><span class='ocrx_word' id='word_1_129' title='bbox 2115 505 2384 577; x_wconf 82' lang='lat' dir='ltr'><strong>dirigetur.</strong></span> <span class='ocrx_word' id='word_1_130' title='bbox 2451 503 2638 558; x_wconf 86' lang='lat' dir='ltr'><strong>Semen</strong></span> <span class='ocrx_word' id='word_1_131' title='bbox 2690 516 2867 557; x_wconf 79' lang='lat' dir='ltr'><strong>eorum</strong></span> <span class='ocrx_word' id='word_1_132' title='bbox 2915 498 3182 570; x_wconf 83' lang='lat' dir='ltr'><strong>signiﬁcat</strong></span> <span class='ocrx_word' id='word_1_133' title='bbox 3227 513 3392 569; x_wconf 86' lang='lat' dir='ltr'><strong>Opera</strong></span> <span class='ocrx_word' id='word_1_134' title='bbox 3438 498 3707 565; x_wconf 86' lang='lat' dir='ltr'><strong>ﬁdelium,</strong></span> 
     </span>
    </p>
   </div>
   <div class='ocr_carea' id='block_1_21' title="bbox 2113 589 3711 669">
    <p class='ocr_par' dir='ltr' id='par_1_21' title="bbox 2113 589 3711 669">
     <span class='ocr_line' id='line_1_21' title="bbox 2113 589 3711 669; baseline -0.004 -17"><span class='ocrx_word' id='word_1_135' title='bbox 2113 611 2234 669; x_wconf 69' lang='lat' dir='ltr'><strong>qua:</strong></span> <span class='ocrx_word' id='word_1_136' title='bbox 2263 597 2317 650; x_wconf 90' lang='lat' dir='ltr'><strong>in</strong></span> <span class='ocrx_word' id='word_1_137' title='bbox 2347 596 2449 651; x_wconf 92' lang='lat' dir='ltr'><strong>hoc</strong></span> <span class='ocrx_word' id='word_1_138' title='bbox 2480 594 2680 650; x_wconf 89' lang='lat' dir='ltr'><strong>mundo</strong></span> <span class='ocrx_word' id='word_1_139' title='bbox 2718 593 3070 656; x_wconf 86' lang='lat' dir='ltr'><strong>seminantur,</strong></span> <span class='ocrx_word' id='word_1_140' title='bbox 3109 601 3163 645; x_wconf 91' lang='lat' dir='ltr'><strong>ut</strong></span> <span class='ocrx_word' id='word_1_141' title='bbox 3202 590 3253 646; x_wconf 91' lang='lat' dir='ltr'><strong>in</strong></span> <span class='ocrx_word' id='word_1_142' title='bbox 3294 590 3383 645; x_wconf 91' lang='lat' dir='ltr'><strong>illa</strong></span> <span class='ocrx_word' id='word_1_143' title='bbox 3411 589 3711 659; x_wconf 77' lang='lat' dir='ltr'><strong>:eternitate</strong></span> 
     </span>
    </p>
   </div>
   <div class='ocr_carea' id='block_1_22' title="bbox 2115 683 3711 755">
    <p class='ocr_par' dir='ltr' id='par_1_22' title="bbox 2115 683 3711 755">
     <span class='ocr_line' id='line_1_22' title="bbox 2115 683 3711 755; baseline -0.003 -11"><span class='ocrx_word' id='word_1_144' title='bbox 2115 703 2301 744; x_wconf 90' lang='lat' dir='ltr'><strong>eorum</strong></span> <span class='ocrx_word' id='word_1_145' title='bbox 2335 688 2620 743; x_wconf 87' lang='lat' dir='ltr'><strong>laudabilis</strong></span> <span class='ocrx_word' id='word_1_146' title='bbox 2647 687 2850 742; x_wconf 88' lang='lat' dir='ltr'><strong>fructus</strong></span> <span class='ocrx_word' id='word_1_147' title='bbox 2883 692 3161 755; x_wconf 84' lang='lat' dir='ltr'><strong>appareat.</strong></span> <span class='ocrx_word' id='word_1_148' title='bbox 3198 684 3264 738; x_wconf 88' lang='lat' dir='ltr'><strong>Et</strong></span> <span class='ocrx_word' id='word_1_149' title='bbox 3294 683 3514 739; x_wconf 89' lang='lat' dir='ltr'><strong>intende</strong></span> <span class='ocrx_word' id='word_1_150' title='bbox 3542 696 3711 754; x_wconf 87' lang='lat' dir='ltr'><strong>quare</strong></span> 
     </span>
    </p>
   </div>
   <div class='ocr_carea' id='block_1_23' title="bbox 2115 776 3717 855">
    <p class='ocr_par' dir='ltr' id='par_1_23' title="bbox 2115 776 3717 855">
     <span class='ocr_line' id='line_1_23' title="bbox 2115 776 3717 855; baseline 0 -17"><span class='ocrx_word' id='word_1_151' title='bbox 2115 784 2187 839; x_wconf 90' lang='lat' dir='ltr'><strong>sit</strong></span> <span class='ocrx_word' id='word_1_152' title='bbox 2218 785 2472 855; x_wconf 88' lang='lat' dir='ltr'><strong>positum,</strong></span> <span class='ocrx_word' id='word_1_153' title='bbox 2506 782 2792 853; x_wconf 61' lang='lat' dir='ltr'><strong>dirigetug;</strong></span> <span class='ocrx_word' id='word_1_154' title='bbox 2821 780 3027 836; x_wconf 88' lang='lat' dir='ltr'><strong>scilicet</strong></span> <span class='ocrx_word' id='word_1_155' title='bbox 3054 779 3308 851; x_wconf 89' lang='lat' dir='ltr'><strong>quoniam</strong></span> <span class='ocrx_word' id='word_1_156' title='bbox 3338 794 3459 851; x_wconf 68' lang='lat' dir='ltr'><strong>quin</strong></span> <span class='ocrx_word' id='word_1_157' title='bbox 3487 776 3567 835; x_wconf 88' lang='lat' dir='ltr'><strong>ibi</strong></span> <span class='ocrx_word' id='word_1_158' title='bbox 3594 791 3717 839; x_wconf 72' lang='lat' dir='ltr'><strong>su!-</strong></span> 
     </span>
    </p>
   </div>
   <div class='ocr_carea' id='block_1_24' title="bbox 2116 871 3717 949">
    <p class='ocr_par' dir='ltr' id='par_1_24' title="bbox 2116 871 3717 949">
     <span class='ocr_line' id='line_1_24' title="bbox 2116 871 3717 949; baseline -0.002 -14"><span class='ocrx_word' id='word_1_159' title='bbox 2116 887 2272 949; x_wconf 84' lang='lat' dir='ltr'><strong>cepta</strong></span> <span class='ocrx_word' id='word_1_160' title='bbox 2318 877 2541 944; x_wconf 88' lang='lat' dir='ltr'><strong>fuerint,</strong></span> <span class='ocrx_word' id='word_1_161' title='bbox 2576 877 2630 931; x_wconf 89' lang='lat' dir='ltr'><strong>in</strong></span> <span class='ocrx_word' id='word_1_162' title='bbox 2679 885 2879 931; x_wconf 65' lang='lat' dir='ltr'><strong>aeterna</strong></span> <span class='ocrx_word' id='word_1_163' title='bbox 2923 872 3305 929; x_wconf 86' lang='lat' dir='ltr'><strong>dircctitudine</strong></span> <span class='ocrx_word' id='word_1_164' title='bbox 3351 871 3717 945; x_wconf 77' lang='lat' dir='ltr'><strong>collocantur,</strong></span> 
     </span>
    </p>
   </div>
   <div class='ocr_carea' id='block_1_25' title="bbox 2118 962 3716 1039">
    <p class='ocr_par' dir='ltr' id='par_1_25' title="bbox 2118 962 3716 1039">
     <span class='ocr_line' id='line_1_25' title="bbox 2118 962 3716 1039; baseline 0.001 -14"><span class='ocrx_word' id='word_1_165' title='bbox 2118 970 2209 1025; x_wconf 92' lang='lat' dir='ltr'><strong>ubi</strong></span> <span class='ocrx_word' id='word_1_166' title='bbox 2257 969 2393 1025; x_wconf 88' lang='lat' dir='ltr'><strong>nihil</strong></span> <span class='ocrx_word' id='word_1_167' title='bbox 2445 982 2691 1039; x_wconf 81' lang='lat' dir='ltr'><strong>pravum,</strong></span> <span class='ocrx_word' id='word_1_168' title='bbox 2735 966 2867 1022; x_wconf 91' lang='lat' dir='ltr'><strong>nihil</strong></span> <span class='ocrx_word' id='word_1_169' title='bbox 2898 974 3077 1037; x_wconf 85' lang='lat' dir='ltr'><strong>potest</strong></span> <span class='ocrx_word' id='word_1_170' title='bbox 3110 980 3233 1024; x_wconf 90' lang='lat' dir='ltr'><strong>esse</strong></span> <span class='ocrx_word' id='word_1_171' title='bbox 3273 965 3580 1035; x_wconf 88' lang='lat' dir='ltr'><strong>distortum,</strong></span> <span class='ocrx_word' id='word_1_172' title='bbox 3616 962 3716 1027; x_wconf 82' lang='lat' dir='ltr'><strong>sed</strong></span> 
     </span>
    </p>
   </div>
   <div class='ocr_carea' id='block_1_26' title="bbox 2117 1055 3722 1137">
    <p class='ocr_par' dir='ltr' id='par_1_26' title="bbox 2117 1055 3722 1137">
     <span class='ocr_line' id='line_1_26' title="bbox 2117 1055 3722 1137; baseline -0.001 -21"><span class='ocrx_word' id='word_1_173' title='bbox 2117 1062 2289 1137; x_wconf 85' lang='lat' dir='ltr'><strong>sancti</strong></span> <span class='ocrx_word' id='word_1_174' title='bbox 2312 1063 2429 1132; x_wconf 88' lang='lat' dir='ltr'><strong>ejus</strong></span> <span class='ocrx_word' id='word_1_175' title='bbox 2456 1075 2576 1116; x_wconf 89' lang='lat' dir='ltr'><strong>cum</strong></span> <span class='ocrx_word' id='word_1_176' title='bbox 2610 1058 2837 1114; x_wconf 86' lang='lat' dir='ltr'><strong>Domino</strong></span> <span class='ocrx_word' id='word_1_177' title='bbox 2861 1057 3141 1115; x_wconf 86' lang='lat' dir='ltr'><strong>Salvatore</strong></span> <span class='ocrx_word' id='word_1_178' title='bbox 3170 1066 3317 1114; x_wconf 88' lang='lat' dir='ltr'><strong>recta</strong></span> <span class='ocrx_word' id='word_1_179' title='bbox 3343 1065 3503 1129; x_wconf 89' lang='lat' dir='ltr'><strong>atque</strong></span> <span class='ocrx_word' id='word_1_180' title='bbox 3530 1055 3722 1123; x_wconf 64' lang='lat' dir='ltr'><strong>stabili,</strong></span> 
     </span>
    </p>
   </div>
   <div class='ocr_carea' id='block_1_27' title="bbox 2118 1152 2756 1225">
    <p class='ocr_par' dir='ltr' id='par_1_27' title="bbox 2118 1152 2756 1225">
     <span class='ocr_line' id='line_1_27' title="bbox 2118 1152 2756 1225; baseline -0.008 -15"><span class='ocrx_word' id='word_1_181' title='bbox 2118 1152 2397 1223; x_wconf 71' lang='lat' dir='ltr'><strong>voluntate</strong></span> <span class='ocrx_word' id='word_1_182' title='bbox 2422 1152 2756 1225; x_wconf 87' lang='lat' dir='ltr'><strong>gaudebunt.</strong></span> 
     </span>
    </p>
   </div>
   <div class='ocr_carea' id='block_1_28' title="bbox 2655 1248 3174 1318">
    <p class='ocr_par' dir='ltr' id='par_1_28' title="bbox 2655 1248 3174 1318">
     <span class='ocr_line' id='line_1_28' title="bbox 2655 1248 3174 1318; baseline 0 -14"><span class='ocrx_word' id='word_1_183' title='bbox 2655 1248 2932 1305; x_wconf 73' lang='lat' dir='ltr'><strong>Conclusio</strong></span> <span class='ocrx_word' id='word_1_184' title='bbox 2970 1250 3174 1318; x_wconf 81' lang='lat' dir='ltr'><strong>psalmi.</strong></span> 
     </span>
    </p>
   </div>
   <div class='ocr_carea' id='block_1_29' title="bbox 2191 1362 3716 1434">
    <p class='ocr_par' dir='ltr' id='par_1_29' title="bbox 2191 1362 3716 1434">
     <span class='ocr_line' id='line_1_29' title="bbox 2191 1362 3716 1434; baseline -0.001 -14"><span class='ocrx_word' id='word_1_185' title='bbox 2191 1366 2359 1434; x_wconf 86' lang='lat' dir='ltr'><strong>Quam</strong></span> <span class='ocrx_word' id='word_1_186' title='bbox 2402 1364 2632 1421; x_wconf 79' lang='lat' dir='ltr'><strong>feliciter</strong></span> <span class='ocrx_word' id='word_1_187' title='bbox 2678 1363 2874 1419; x_wconf 81' lang='lat' dir='ltr'><strong>anxius</strong></span> <span class='ocrx_word' id='word_1_188' title='bbox 2912 1362 3016 1419; x_wconf 88' lang='lat' dir='ltr'><strong>iste</strong></span> <span class='ocrx_word' id='word_1_189' title='bbox 3046 1363 3283 1429; x_wconf 79' lang='lat' dir='ltr'><strong>deflevit,</strong></span> <span class='ocrx_word' id='word_1_190' title='bbox 3329 1376 3610 1433; x_wconf 85' lang='lat' dir='ltr'><strong>quousque</strong></span> <span class='ocrx_word' id='word_1_191' title='bbox 3647 1362 3716 1434; x_wconf 77' lang='lat' dir='ltr'><strong>ad</strong></span> 
     </span>
    </p>
   </div>
   <div class='ocr_carea' id='block_1_30' title="bbox 2120 1452 3718 1528">
    <p class='ocr_par' dir='ltr' id='par_1_30' title="bbox 2120 1452 3718 1528">
     <span class='ocr_line' id='line_1_30' title="bbox 2120 1452 3718 1528; baseline 0.001 -16"><span class='ocrx_word' id='word_1_192' title='bbox 2120 1456 2314 1528; x_wconf 89' lang='lat' dir='ltr'><strong>gaudia</strong></span> <span class='ocrx_word' id='word_1_193' title='bbox 2340 1471 2399 1513; x_wconf 92' lang='lat' dir='ltr'><strong>se</strong></span> <span class='ocrx_word' id='word_1_194' title='bbox 2426 1452 2802 1511; x_wconf 84' lang='lat' dir='ltr'><strong>discruciando</strong></span> <span class='ocrx_word' id='word_1_195' title='bbox 2833 1454 3076 1522; x_wconf 86' lang='lat' dir='ltr'><strong>pervenit</strong></span> <span class='ocrx_word' id='word_1_196' title='bbox 3104 1455 3118 1510; x_wconf 80' lang='grc' dir='ltr'><strong>ι</strong></span> <span class='ocrx_word' id='word_1_197' title='bbox 3154 1455 3367 1511; x_wconf 85' lang='lat' dir='ltr'><strong>Pridem</strong></span> <span class='ocrx_word' id='word_1_198' title='bbox 3398 1456 3597 1512; x_wconf 84' lang='lat' dir='ltr'><strong>similis</strong></span> <span class='ocrx_word' id='word_1_199' title='bbox 3623 1470 3718 1525; x_wconf 58' lang='lat' dir='ltr'><strong>peq</strong></span> 
     </span>
    </p>
   </div>
   <div class='ocr_carea' id='block_1_31' title="bbox 2122 1548 3716 1620">
    <p class='ocr_par' dir='ltr' id='par_1_31' title="bbox 2122 1548 3716 1620">
     <span class='ocr_line' id='line_1_31' title="bbox 2122 1548 3716 1620; baseline -0.001 -11"><span class='ocrx_word' id='word_1_200' title='bbox 2122 1551 2298 1609; x_wconf 87' lang='lat' dir='ltr'><strong>licano</strong></span> <span class='ocrx_word' id='word_1_201' title='bbox 2324 1551 2448 1620; x_wconf 87' lang='lat' dir='ltr'><strong>fuit,</strong></span> <span class='ocrx_word' id='word_1_202' title='bbox 2476 1551 2530 1606; x_wconf 89' lang='lat' dir='ltr'><strong>in</strong></span> <span class='ocrx_word' id='word_1_203' title='bbox 2549 1548 3004 1619; x_wconf 85' lang='lat' dir='ltr'><strong>subsequentibus</strong></span> <span class='ocrx_word' id='word_1_204' title='bbox 3026 1550 3263 1616; x_wconf 74' lang='lat' dir='ltr'><strong>phtenici</strong></span> <span class='ocrx_word' id='word_1_205' title='bbox 3284 1549 3680 1619; x_wconf 81' lang='lat' dir='ltr'><strong>comparandus</strong></span> <span class='ocrx_word' id='word_1_206' title='bbox 3699 1567 3716 1617; x_wconf 63' lang='grc' dir='ltr'>δ</span> 
     </span>
    </p>
   </div>
   <div class='ocr_carea' id='block_1_32' title="bbox 2123 1643 3719 1718">
    <p class='ocr_par' dir='ltr' id='par_1_32' title="bbox 2123 1643 3719 1718">
     <span class='ocr_line' id='line_1_32' title="bbox 2123 1643 3719 1718; baseline -0.001 -18"><span class='ocrx_word' id='word_1_207' title='bbox 2123 1647 2331 1718; x_wconf 85' lang='lat' dir='ltr'><strong>pridem</strong></span> <span class='ocrx_word' id='word_1_208' title='bbox 2378 1645 2715 1717; x_wconf 79' lang='lat' dir='ltr'><strong>nycticorax,</strong></span> <span class='ocrx_word' id='word_1_209' title='bbox 2747 1651 2867 1712; x_wconf 86' lang='lat' dir='ltr'><strong>post</strong></span> <span class='ocrx_word' id='word_1_210' title='bbox 2915 1643 3119 1712; x_wconf 86' lang='lat' dir='ltr'><strong>aquila;</strong></span> <span class='ocrx_word' id='word_1_211' title='bbox 3170 1654 3293 1697; x_wconf 87' lang='lat' dir='ltr'><strong>ante</strong></span> <span class='ocrx_word' id='word_1_212' title='bbox 3341 1659 3547 1712; x_wconf 85' lang='lat' dir='ltr'><strong>passer,</strong></span> <span class='ocrx_word' id='word_1_213' title='bbox 3593 1643 3719 1700; x_wconf 85' lang='lat' dir='ltr'><strong>inde</strong></span> 
     </span>
    </p>
   </div>
   <div class='ocr_carea' id='block_1_33' title="bbox 2125 1733 3720 1804">
    <p class='ocr_par' dir='ltr' id='par_1_33' title="bbox 2125 1733 3720 1804">
     <span class='ocr_line' id='line_1_33' title="bbox 2125 1733 3720 1804; baseline -0.002 -11"><span class='ocrx_word' id='word_1_214' title='bbox 2125 1736 2299 1794; x_wconf 89' lang='lat' dir='ltr'><strong>factos</strong></span> <span class='ocrx_word' id='word_1_215' title='bbox 2339 1746 2424 1793; x_wconf 86' lang='lat' dir='ltr'><strong>est</strong></span> <span class='ocrx_word' id='word_1_216' title='bbox 2459 1735 2705 1793; x_wconf 86' lang='lat' dir='ltr'><strong>columba</strong></span> <span class='ocrx_word' id='word_1_217' title='bbox 2743 1734 3023 1804; x_wconf 72' lang='lat' dir='ltr'><strong>praeclara.</strong></span> <span class='ocrx_word' id='word_1_218' title='bbox 3067 1733 3227 1789; x_wconf 82' lang='lat' dir='ltr'><strong>Tales</strong></span> <span class='ocrx_word' id='word_1_219' title='bbox 3269 1734 3720 1790; x_wconf 84' lang='lat' dir='ltr'><strong>commutationes</strong></span> 
     </span>
    </p>
   </div>
   <div class='ocr_carea' id='block_1_34' title="bbox 424 1802 3721 1901">
    <p class='ocr_par' dir='ltr' id='par_1_34' title="bbox 424 1802 3721 1901">
     <span class='ocr_line' id='line_1_34' title="bbox 424 1802 3721 1901; baseline -0.002 -11"><span class='ocrx_word' id='word_1_220' title='bbox 424 1808 550 1882; x_wconf 64' lang='lat' dir='ltr'><strong>qui“</strong></span> <span class='ocrx_word' id='word_1_221' title='bbox 591 1822 865 1879; x_wconf 66' lang='lat' dir='ltr'><strong>“unquam</strong></span> <span class='ocrx_word' id='word_1_222' title='bbox 909 1814 1069 1901; x_wconf 42' lang='lat' dir='ltr'><strong>fimi“</strong></span> <span class='ocrx_word' id='word_1_223' title='bbox 1102 1806 1177 1901; x_wconf 42' lang='grc' dir='ltr'><strong>,δί’</strong></span> <span class='ocrx_word' id='word_1_224' title='bbox 1209 1804 1328 1901; x_wconf 71' lang='lat' dir='ltr'><strong>_h°°</strong></span> <span class='ocrx_word' id='word_1_225' title='bbox 1369 1802 1720 1901; x_wconf 57' lang='grc' dir='ltr'><strong>θΫξὛυΡίίδίίθ</strong></span> <span class='ocrx_word' id='word_1_226' title='bbox 1758 1802 2017 1901; x_wconf 47' lang='grc' dir='ltr'><strong>Ϊθδίψτλ</strong></span> <span class='ocrx_word' id='word_1_227' title='bbox 2050 1804 2101 1867; x_wconf 77' lang='grc' dir='ltr'><strong>Β</strong></span> <span class='ocrx_word' id='word_1_228' title='bbox 2126 1832 2327 1887; x_wconf 85' lang='lat' dir='ltr'><strong>habent</strong></span> <span class='ocrx_word' id='word_1_229' title='bbox 2356 1831 2444 1901; x_wconf 90' lang='lat' dir='ltr'><strong>qui</strong></span> <span class='ocrx_word' id='word_1_230' title='bbox 2472 1844 2534 1886; x_wconf 88' lang='lat' dir='ltr'><strong>se</strong></span> <span class='ocrx_word' id='word_1_231' title='bbox 2559 1802 2788 1887; x_wconf 79' lang='lat' dir='ltr'><strong>Domino</strong></span> <span class='ocrx_word' id='word_1_232' title='bbox 2817 1844 2948 1898; x_wconf 89' lang='lat' dir='ltr'><strong>pura</strong></span> <span class='ocrx_word' id='word_1_233' title='bbox 2978 1837 3161 1885; x_wconf 90' lang='lat' dir='ltr'><strong>mente</strong></span> <span class='ocrx_word' id='word_1_234' title='bbox 3190 1828 3502 1898; x_wconf 84' lang='lat' dir='ltr'><strong>subjiciunt.</strong></span> <span class='ocrx_word' id='word_1_235' title='bbox 3538 1826 3721 1899; x_wconf 74' lang='lat' dir='ltr'><strong>Regna</strong></span> 
     </span>
    </p>
   </div>
   <div class='ocr_carea' id='block_1_35' title="bbox 426 1895 2021 1968">
    <p class='ocr_par' dir='ltr' id='par_1_35' title="bbox 426 1895 2021 1968">
     <span class='ocr_line' id='line_1_35' title="bbox 426 1895 2021 1968; baseline -0.004 -10"><span class='ocrx_word' id='word_1_236' title='bbox 426 1902 560 1959; x_wconf 82' lang='lat' dir='ltr'><strong>Nam</strong></span> <span class='ocrx_word' id='word_1_237' title='bbox 602 1901 649 1955; x_wconf 90' lang='lat' dir='ltr'><strong>si</strong></span> <span class='ocrx_word' id='word_1_238' title='bbox 689 1898 1023 1968; x_wconf 89' lang='lat' dir='ltr'><strong>corruptioni</strong></span> <span class='ocrx_word' id='word_1_239' title='bbox 1067 1897 1293 1953; x_wconf 88' lang='lat' dir='ltr'><strong>ulterius</strong></span> <span class='ocrx_word' id='word_1_240' title='bbox 1334 1896 1697 1965; x_wconf 84' lang='lat' dir='ltr'><strong>subjacerent,</strong></span> <span class='ocrx_word' id='word_1_241' title='bbox 1734 1910 1843 1951; x_wconf 92' lang='lat' dir='ltr'><strong>non</strong></span> <span class='ocrx_word' id='word_1_242' title='bbox 1874 1895 2021 1951; x_wconf 86' lang='lat' dir='ltr'><strong>dice-</strong></span> 
     </span>
    </p>
   </div>
   <div class='ocr_carea' id='block_1_36' title="bbox 425 1990 2017 2061">
    <p class='ocr_par' dir='ltr' id='par_1_36' title="bbox 425 1990 2017 2061">
     <span class='ocr_line' id='line_1_36' title="bbox 425 1990 2017 2061; baseline -0.004 -9"><span class='ocrx_word' id='word_1_243' title='bbox 425 2006 611 2052; x_wconf 85' lang='lat' dir='ltr'><strong>rentur</strong></span> <span class='ocrx_word' id='word_1_244' title='bbox 643 2008 766 2051; x_wconf 88' lang='lat' dir='ltr'><strong>esse</strong></span> <span class='ocrx_word' id='word_1_245' title='bbox 799 2000 1025 2059; x_wconf 85' lang='lat' dir='ltr'><strong>mutata,</strong></span> <span class='ocrx_word' id='word_1_246' title='bbox 1064 1991 1202 2047; x_wconf 85' lang='lat' dir='ltr'><strong>sicut</strong></span> <span class='ocrx_word' id='word_1_247' title='bbox 1227 1990 1417 2046; x_wconf 88' lang='lat' dir='ltr'><strong>Daniel</strong></span> <span class='ocrx_word' id='word_1_248' title='bbox 1457 1991 1723 2061; x_wconf 80' lang='lat' dir='ltr'><strong>propheta</strong></span> <span class='ocrx_word' id='word_1_249' title='bbox 1753 1996 2017 2046; x_wconf 83' lang='lat' dir='ltr'><strong>testatur:</strong></span> 
     </span>
    </p>
   </div>
   <div class='ocr_carea' id='block_1_37' title="bbox 430 2082 2021 2155">
    <p class='ocr_par' dir='ltr' id='par_1_37' title="bbox 430 2082 2021 2155">
     <span class='ocr_line' id='line_1_37' title="bbox 430 2082 2021 2155; baseline -0.005 -14"><span class='ocrx_word' id='word_1_250' title='bbox 430 2086 687 2155; x_wconf 83' lang='lat' dir='ltr'><strong>Quoniam</strong></span> <span class='ocrx_word' id='word_1_251' title='bbox 711 2083 961 2155; x_wconf 81' lang='lat' dir='ltr'><strong>sapientia</strong></span> <span class='ocrx_word' id='word_1_252' title='bbox 989 2092 1036 2137; x_wconf 87' lang='lat' dir='ltr'><strong>et</strong></span> <span class='ocrx_word' id='word_1_253' title='bbox 1070 2084 1254 2150; x_wconf 84' lang='lat' dir='ltr'><strong>virtus,</strong></span> <span class='ocrx_word' id='word_1_254' title='bbox 1286 2090 1333 2135; x_wconf 86' lang='lat' dir='ltr'><strong>et</strong></span> <span class='ocrx_word' id='word_1_255' title='bbox 1360 2083 1650 2137; x_wconf 88' lang='lat' dir='ltr'><strong>intellectus</strong></span> <span class='ocrx_word' id='word_1_256' title='bbox 1676 2082 1839 2152; x_wconf 86' lang='lat' dir='ltr'><strong>ipsius</strong></span> <span class='ocrx_word' id='word_1_257' title='bbox 1880 2088 2021 2147; x_wconf 83' lang='lat' dir='ltr'><strong>sunt,</strong></span> 
     </span>
    </p>
   </div>
   <div class='ocr_carea' id='block_1_38' title="bbox 427 2171 2021 2249">
    <p class='ocr_par' dir='ltr' id='par_1_38' title="bbox 427 2171 2021 2249">
     <span class='ocr_line' id='line_1_38' title="bbox 427 2171 2021 2249; baseline -0.003 -16"><span class='ocrx_word' id='word_1_258' title='bbox 427 2190 475 2233; x_wconf 86' lang='lat' dir='ltr'><strong>et</strong></span> <span class='ocrx_word' id='word_1_259' title='bbox 524 2180 632 2249; x_wconf 87' lang='lat' dir='ltr'><strong>ipse</strong></span> <span class='ocrx_word' id='word_1_260' title='bbox 676 2186 836 2232; x_wconf 89' lang='lat' dir='ltr'><strong>mutat</strong></span> <span class='ocrx_word' id='word_1_261' title='bbox 882 2186 1113 2245; x_wconf 86' lang='lat' dir='ltr'><strong>tempora</strong></span> <span class='ocrx_word' id='word_1_262' title='bbox 1153 2186 1197 2233; x_wconf 87' lang='lat' dir='ltr'><strong>et</strong></span> <span class='ocrx_word' id='word_1_263' title='bbox 1248 2176 1437 2231; x_wconf 70' lang='lat' dir='ltr'><strong>alecula</strong></span> <span class='ocrx_word' id='word_1_264' title='bbox 1487 2172 1651 2244; x_wconf 82' lang='lat' dir='ltr'><strong>(Dan.</strong></span> <span class='ocrx_word' id='word_1_265' title='bbox 1694 2189 1754 2243; x_wconf 84' lang='lat' dir='ltr'><strong>ll,</strong></span> <span class='ocrx_word' id='word_1_266' title='bbox 1784 2173 1876 2239; x_wconf 69' lang='lat'><strong>20,</strong></span> <span class='ocrx_word' id='word_1_267' title='bbox 1904 2171 2021 2244; x_wconf 76' lang='lat'><strong>21).</strong></span> 
     </span>
    </p>
   </div>
   <div class='ocr_carea' id='block_1_39' title="bbox 426 2265 2025 2339">
    <p class='ocr_par' dir='ltr' id='par_1_39' title="bbox 426 2265 2025 2339">
     <span class='ocr_line' id='line_1_39' title="bbox 426 2265 2025 2339; baseline -0.005 -13"><span class='ocrx_word' id='word_1_268' title='bbox 426 2270 689 2339; x_wconf 87' lang='lat' dir='ltr'><strong>Subjecit,</strong></span> <span class='ocrx_word' id='word_1_269' title='bbox 722 2279 779 2323; x_wconf 84' lang='lat' dir='ltr'><strong>tu</strong></span> <span class='ocrx_word' id='word_1_270' title='bbox 818 2277 987 2324; x_wconf 89' lang='lat' dir='ltr'><strong>autem</strong></span> <span class='ocrx_word' id='word_1_271' title='bbox 1026 2269 1160 2321; x_wconf 81' lang='lat' dir='ltr'><strong>idem</strong></span> <span class='ocrx_word' id='word_1_272' title='bbox 1187 2267 1295 2335; x_wconf 82' lang='lat' dir='ltr'><strong>ipse</strong></span> <span class='ocrx_word' id='word_1_273' title='bbox 1324 2282 1399 2331; x_wconf 89' lang='lat' dir='ltr'><strong>es,</strong></span> <span class='ocrx_word' id='word_1_274' title='bbox 1427 2274 1476 2320; x_wconf 86' lang='lat' dir='ltr'><strong>et</strong></span> <span class='ocrx_word' id='word_1_275' title='bbox 1505 2268 1630 2320; x_wconf 83' lang='lat' dir='ltr'><strong>anni</strong></span> <span class='ocrx_word' id='word_1_276' title='bbox 1657 2266 1731 2319; x_wconf 88' lang='lat' dir='ltr'><strong>tui</strong></span> <span class='ocrx_word' id='word_1_277' title='bbox 1763 2282 1867 2320; x_wconf 87' lang='lat' dir='ltr'><strong>non</strong></span> <span class='ocrx_word' id='word_1_278' title='bbox 1895 2265 2025 2335; x_wconf 81' lang='lat' dir='ltr'><strong>deﬁ-</strong></span> 
     </span>
    </p>
   </div>
   <div class='ocr_carea' id='block_1_40' title="bbox 428 2359 2020 2433">
    <p class='ocr_par' dir='ltr' id='par_1_40' title="bbox 428 2359 2020 2433">
     <span class='ocr_line' id='line_1_40' title="bbox 428 2359 2020 2433; baseline -0.003 -15"><span class='ocrx_word' id='word_1_279' title='bbox 428 2366 578 2419; x_wconf 83' lang='lat' dir='ltr'><strong>cient.</strong></span> <span class='ocrx_word' id='word_1_280' title='bbox 612 2364 759 2417; x_wconf 84' lang='lat' dir='ltr'><strong>fdem</strong></span> <span class='ocrx_word' id='word_1_281' title='bbox 797 2363 1030 2433; x_wconf 91' lang='lat' dir='ltr'><strong>positum</strong></span> <span class='ocrx_word' id='word_1_282' title='bbox 1066 2370 1152 2417; x_wconf 88' lang='lat' dir='ltr'><strong>est</strong></span> <span class='ocrx_word' id='word_1_283' title='bbox 1178 2370 1362 2416; x_wconf 91' lang='lat' dir='ltr'><strong>contra</strong></span> <span class='ocrx_word' id='word_1_284' title='bbox 1396 2360 1485 2416; x_wconf 81' lang='lat' dir='ltr'><strong>illa</strong></span> <span class='ocrx_word' id='word_1_285' title='bbox 1519 2376 1639 2432; x_wconf 68' lang='lat' dir='ltr'><strong>qua:</strong></span> <span class='ocrx_word' id='word_1_286' title='bbox 1677 2359 1816 2415; x_wconf 88' lang='lat' dir='ltr'><strong>dicta</strong></span> <span class='ocrx_word' id='word_1_287' title='bbox 1856 2368 2020 2415; x_wconf 89' lang='lat' dir='ltr'><strong>sunt:</strong></span> 
     </span>
    </p>
   </div>
   <div class='ocr_carea' id='block_1_41' title="bbox 428 2451 2025 2525">
    <p class='ocr_par' dir='ltr' id='par_1_41' title="bbox 428 2451 2025 2525">
     <span class='ocr_line' id='line_1_41' title="bbox 428 2451 2025 2525; baseline -0.004 -15"><span class='ocrx_word' id='word_1_288' title='bbox 428 2454 684 2525; x_wconf 88' lang='lat' dir='ltr'><strong>quoniam</strong></span> <span class='ocrx_word' id='word_1_289' title='bbox 714 2454 838 2509; x_wconf 89' lang='lat' dir='ltr'><strong>dum</strong></span> <span class='ocrx_word' id='word_1_290' title='bbox 868 2452 959 2508; x_wconf 84' lang='lat' dir='ltr'><strong>illa</strong></span> <span class='ocrx_word' id='word_1_291' title='bbox 989 2453 1098 2507; x_wconf 89' lang='lat' dir='ltr'><strong>sint</strong></span> <span class='ocrx_word' id='word_1_292' title='bbox 1128 2451 1555 2519; x_wconf 86' lang='lat' dir='ltr'><strong>commutabilia,</strong></span> <span class='ocrx_word' id='word_1_293' title='bbox 1591 2451 1851 2506; x_wconf 90' lang='lat' dir='ltr'><strong>Dominus</strong></span> <span class='ocrx_word' id='word_1_294' title='bbox 1880 2464 2025 2517; x_wconf 51' lang='lat' dir='ltr'><strong>sema</strong></span> 
     </span>
    </p>
   </div>
   <div class='ocr_carea' id='block_1_42' title="bbox 428 2532 2026 2617">
    <p class='ocr_par' dir='ltr' id='par_1_42' title="bbox 428 2532 2026 2617">
     <span class='ocr_line' id='line_1_42' title="bbox 428 2532 2026 2617; baseline -0.002 -14"><span class='ocrx_word' id='word_1_295' title='bbox 428 2532 528 2617; x_wconf 88' lang='lat' dir='ltr'><strong>per</strong></span> <span class='ocrx_word' id='word_1_296' title='bbox 552 2546 898 2601; x_wconf 87' lang='lat' dir='ltr'><strong>immutabilis</strong></span> <span class='ocrx_word' id='word_1_297' title='bbox 929 2552 1258 2616; x_wconf 75' lang='lat' dir='ltr'><strong>perseverat.</strong></span> <span class='ocrx_word' id='word_1_298' title='bbox 1287 2544 1409 2616; x_wconf 84' lang='lat' dir='ltr'><strong>Ipse</strong></span> <span class='ocrx_word' id='word_1_299' title='bbox 1432 2543 1879 2614; x_wconf 69' lang='lat' dir='ltr'><strong>omnipotentiae]</strong></span> <span class='ocrx_word' id='word_1_300' title='bbox 1904 2543 2026 2614; x_wconf 90' lang='lat' dir='ltr'><strong>ejus</strong></span> 
     </span>
    </p>
   </div>
   <div class='ocr_carea' id='block_1_43' title="bbox 427 2638 2026 2711">
    <p class='ocr_par' dir='ltr' id='par_1_43' title="bbox 427 2638 2026 2711">
     <span class='ocr_line' id='line_1_43' title="bbox 427 2638 2026 2711; baseline -0.003 -14"><span class='ocrx_word' id='word_1_301' title='bbox 427 2640 695 2711; x_wconf 79' lang='lat' dir='ltr'><strong>designat,</strong></span> <span class='ocrx_word' id='word_1_302' title='bbox 741 2638 865 2709; x_wconf 82' lang='lat' dir='ltr'><strong>quia</strong></span> <span class='ocrx_word' id='word_1_303' title='bbox 896 2653 1084 2694; x_wconf 73' lang='lat' dir='ltr'><strong>revera</strong></span> <span class='ocrx_word' id='word_1_304' title='bbox 1112 2638 1228 2707; x_wconf 89' lang='lat' dir='ltr'><strong>ipse</strong></span> <span class='ocrx_word' id='word_1_305' title='bbox 1254 2646 1359 2705; x_wconf 88' lang='lat' dir='ltr'><strong>est,</strong></span> <span class='ocrx_word' id='word_1_306' title='bbox 1385 2654 1508 2695; x_wconf 90' lang='lat' dir='ltr'><strong>cum</strong></span> <span class='ocrx_word' id='word_1_307' title='bbox 1536 2652 1599 2693; x_wconf 87' lang='lat' dir='ltr'><strong>se</strong></span> <span class='ocrx_word' id='word_1_308' title='bbox 1624 2638 1779 2708; x_wconf 91' lang='lat' dir='ltr'><strong>digna</strong></span> <span class='ocrx_word' id='word_1_309' title='bbox 1811 2652 2026 2705; x_wconf 85' lang='lat' dir='ltr'><strong>semper</strong></span> 
     </span>
    </p>
   </div>
   <div class='ocr_carea' id='block_1_44' title="bbox 428 2731 2023 2805">
    <p class='ocr_par' dir='ltr' id='par_1_44' title="bbox 428 2731 2023 2805">
     <span class='ocr_line' id='line_1_44' title="bbox 428 2731 2023 2805; baseline -0.004 -13"><span class='ocrx_word' id='word_1_310' title='bbox 428 2744 707 2805; x_wconf 83' lang='lat' dir='ltr'><strong>operatur.</strong></span> <span class='ocrx_word' id='word_1_311' title='bbox 757 2731 831 2788; x_wconf 86' lang='lat' dir='ltr'><strong>Es</strong></span> <span class='ocrx_word' id='word_1_312' title='bbox 872 2742 1120 2788; x_wconf 89' lang='lat' dir='ltr'><strong>naturam</strong></span> <span class='ocrx_word' id='word_1_313' title='bbox 1149 2733 1269 2802; x_wconf 90' lang='lat' dir='ltr'><strong>ejus</strong></span> <span class='ocrx_word' id='word_1_314' title='bbox 1310 2734 1410 2788; x_wconf 90' lang='lat' dir='ltr'><strong>sub</strong></span> <span class='ocrx_word' id='word_1_315' title='bbox 1436 2733 1706 2789; x_wconf 85' lang='lat' dir='ltr'><strong>brevitate</strong></span> <span class='ocrx_word' id='word_1_316' title='bbox 1747 2731 2023 2787; x_wconf 84' lang='lat' dir='ltr'><strong>declarat:</strong></span> 
     </span>
    </p>
   </div>
   <div class='ocr_carea' id='block_1_45' title="bbox 428 2825 2027 2898">
    <p class='ocr_par' dir='ltr' id='par_1_45' title="bbox 428 2825 2027 2898">
     <span class='ocr_line' id='line_1_45' title="bbox 428 2825 2027 2898; baseline 0.001 -16"><span class='ocrx_word' id='word_1_317' title='bbox 428 2828 559 2897; x_wconf 86' lang='lat' dir='ltr'><strong>quia</strong></span> <span class='ocrx_word' id='word_1_318' title='bbox 586 2826 703 2898; x_wconf 89' lang='lat' dir='ltr'><strong>ipse</strong></span> <span class='ocrx_word' id='word_1_319' title='bbox 728 2826 876 2883; x_wconf 90' lang='lat' dir='ltr'><strong>solus</strong></span> <span class='ocrx_word' id='word_1_320' title='bbox 903 2841 1000 2896; x_wconf 77' lang='lat' dir='ltr'><strong>per</strong></span> <span class='ocrx_word' id='word_1_321' title='bbox 1027 2841 1087 2881; x_wconf 89' lang='lat' dir='ltr'><strong>se</strong></span> <span class='ocrx_word' id='word_1_322' title='bbox 1112 2827 1257 2881; x_wconf 87' lang='lat' dir='ltr'><strong>novit</strong></span> <span class='ocrx_word' id='word_1_323' title='bbox 1283 2841 1426 2891; x_wconf 86' lang='lat' dir='ltr'><strong>esse,</strong></span> <span class='ocrx_word' id='word_1_324' title='bbox 1455 2826 1547 2896; x_wconf 89' lang='lat' dir='ltr'><strong>qui</strong></span> <span class='ocrx_word' id='word_1_325' title='bbox 1576 2834 1635 2881; x_wconf 90' lang='lat' dir='ltr'><strong>ut</strong></span> <span class='ocrx_word' id='word_1_326' title='bbox 1661 2828 1753 2892; x_wconf 89' lang='lat' dir='ltr'><strong>sit,</strong></span> <span class='ocrx_word' id='word_1_327' title='bbox 1777 2825 1888 2881; x_wconf 90' lang='lat' dir='ltr'><strong>alio</strong></span> <span class='ocrx_word' id='word_1_328' title='bbox 1916 2840 2027 2884; x_wconf 89' lang='lat' dir='ltr'><strong>non</strong></span> 
     </span>
    </p>
   </div>
   <div class='ocr_carea' id='block_1_46' title="bbox 431 2917 2029 2991">
    <p class='ocr_par' dir='ltr' id='par_1_46' title="bbox 431 2917 2029 2991">
     <span class='ocr_line' id='line_1_46' title="bbox 431 2917 2029 2991; baseline -0.001 -17"><span class='ocrx_word' id='word_1_329' title='bbox 431 2928 553 2991; x_wconf 76' lang='lat' dir='ltr'><strong>eget</strong></span> <span class='ocrx_word' id='word_1_330' title='bbox 597 2919 866 2989; x_wconf 85' lang='lat' dir='ltr'><strong>adjutore.</strong></span> <span class='ocrx_word' id='word_1_331' title='bbox 909 2917 1002 2973; x_wconf 91' lang='lat' dir='ltr'><strong>Sic</strong></span> <span class='ocrx_word' id='word_1_332' title='bbox 1035 2918 1153 2973; x_wconf 89' lang='lat' dir='ltr'><strong>istis</strong></span> <span class='ocrx_word' id='word_1_333' title='bbox 1200 2918 1368 2973; x_wconf 88' lang='lat' dir='ltr'><strong>tribus</strong></span> <span class='ocrx_word' id='word_1_334' title='bbox 1408 2917 1657 2973; x_wconf 89' lang='lat' dir='ltr'><strong>versibus</strong></span> <span class='ocrx_word' id='word_1_335' title='bbox 1698 2925 1752 2973; x_wconf 89' lang='lat' dir='ltr'><strong>et</strong></span> <span class='ocrx_word' id='word_1_336' title='bbox 1798 2917 2029 2979; x_wconf 88' lang='lat' dir='ltr'><strong>mutatio</strong></span> 
     </span>
    </p>
   </div>
   <div class='ocr_carea' id='block_1_47' title="bbox 433 3009 2030 3076">
    <p class='ocr_par' dir='ltr' id='par_1_47' title="bbox 433 3009 2030 3076">
     <span class='ocr_line' id='line_1_47' title="bbox 433 3009 2030 3076; baseline -0.002 -7"><span class='ocrx_word' id='word_1_337' title='bbox 433 3021 837 3076; x_wconf 87' lang='lat' dir='ltr'><strong>creaturarum,</strong></span> <span class='ocrx_word' id='word_1_338' title='bbox 877 3020 930 3067; x_wconf 88' lang='lat' dir='ltr'><strong>et</strong></span> <span class='ocrx_word' id='word_1_339' title='bbox 959 3011 1230 3067; x_wconf 82' lang='lat' dir='ltr'><strong>aeternitas</strong></span> <span class='ocrx_word' id='word_1_340' title='bbox 1258 3009 1472 3067; x_wconf 89' lang='lat' dir='ltr'><strong>Domini</strong></span> <span class='ocrx_word' id='word_1_341' title='bbox 1500 3009 1734 3067; x_wconf 87' lang='lat' dir='ltr'><strong>mirabili</strong></span> <span class='ocrx_word' id='word_1_342' title='bbox 1760 3010 2030 3069; x_wconf 87' lang='lat' dir='ltr'><strong>brevitate</strong></span> 
     </span>
    </p>
   </div>
   <div class='ocr_carea' id='block_1_48' title="bbox 437 3103 882 3171">
    <p class='ocr_par' dir='ltr' id='par_1_48' title="bbox 437 3103 882 3171">
     <span class='ocr_line' id='line_1_48' title="bbox 437 3103 882 3171; baseline -0.011 -10"><span class='ocrx_word' id='word_1_343' title='bbox 437 3103 705 3171; x_wconf 83' lang='lat' dir='ltr'><strong>descripta</strong></span> <span class='ocrx_word' id='word_1_344' title='bbox 735 3110 882 3157; x_wconf 92' lang='lat' dir='ltr'><strong>sunt.</strong></span> 
     </span>
    </p>
   </div>
   <div class='ocr_carea' id='block_1_49' title="bbox 2123 1922 3721 1995">
    <p class='ocr_par' dir='ltr' id='par_1_49' title="bbox 2123 1922 3721 1995">
     <span class='ocr_line' id='line_1_49' title="bbox 2123 1922 3721 1995; baseline -0.003 -12"><span class='ocrx_word' id='word_1_345' title='bbox 2123 1927 2394 1991; x_wconf 86' lang='lat' dir='ltr'><strong>dicantur,</strong></span> <span class='ocrx_word' id='word_1_346' title='bbox 2424 1925 2613 1995; x_wconf 82' lang='lat' dir='ltr'><strong>exigua</strong></span> <span class='ocrx_word' id='word_1_347' title='bbox 2643 1932 2801 1988; x_wconf 86' lang='lat' dir='ltr'><strong>sunt;</strong></span> <span class='ocrx_word' id='word_1_348' title='bbox 2836 1938 3088 1993; x_wconf 84' lang='lat' dir='ltr'><strong>purpurae</strong></span> <span class='ocrx_word' id='word_1_349' title='bbox 3129 1922 3435 1991; x_wconf 87' lang='lat' dir='ltr'><strong>laudentur,</strong></span> <span class='ocrx_word' id='word_1_350' title='bbox 3469 1923 3721 1990; x_wconf 86' lang='lat' dir='ltr'><strong>frequen-</strong></span> 
     </span>
    </p>
   </div>
   <div class='ocr_carea' id='block_1_50' title="bbox 2128 2016 3723 2085">
    <p class='ocr_par' dir='ltr' id='par_1_50' title="bbox 2128 2016 3723 2085">
     <span class='ocr_line' id='line_1_50' title="bbox 2128 2016 3723 2085; baseline -0.003 -9"><span class='ocrx_word' id='word_1_351' title='bbox 2128 2029 2212 2076; x_wconf 88' lang='lat' dir='ltr'><strong>ter</strong></span> <span class='ocrx_word' id='word_1_352' title='bbox 2256 2016 2530 2075; x_wconf 88' lang='lat' dir='ltr'><strong>utentibus</strong></span> <span class='ocrx_word' id='word_1_353' title='bbox 2571 2017 2916 2074; x_wconf 85' lang='lat' dir='ltr'><strong>sorduerunt.</strong></span> <span class='ocrx_word' id='word_1_354' title='bbox 2964 2016 3104 2072; x_wconf 87' lang='lat' dir='ltr'><strong>Ecce</strong></span> <span class='ocrx_word' id='word_1_355' title='bbox 3147 2016 3203 2070; x_wconf 92' lang='lat' dir='ltr'><strong>in</strong></span> <span class='ocrx_word' id='word_1_356' title='bbox 3252 2016 3444 2085; x_wconf 89' lang='lat' dir='ltr'><strong>pannis</strong></span> <span class='ocrx_word' id='word_1_357' title='bbox 3493 2017 3723 2072; x_wconf 78' lang='lat' dir='ltr'><strong>viocstur</strong></span> 
     </span>
    </p>
   </div>
   <div class='ocr_carea' id='block_1_51' title="bbox 2126 2108 3723 2178">
    <p class='ocr_par' dir='ltr' id='par_1_51' title="bbox 2126 2108 3723 2178">
     <span class='ocr_line' id='line_1_51' title="bbox 2126 2108 3723 2178; baseline -0.001 -11"><span class='ocrx_word' id='word_1_358' title='bbox 2126 2110 2384 2178; x_wconf 87' lang='lat' dir='ltr'><strong>mundus,</strong></span> <span class='ocrx_word' id='word_1_359' title='bbox 2429 2108 2675 2165; x_wconf 81' lang='lat' dir='ltr'><strong>diabolus</strong></span> <span class='ocrx_word' id='word_1_360' title='bbox 2705 2108 2967 2177; x_wconf 88' lang='lat' dir='ltr'><strong>plorando</strong></span> <span class='ocrx_word' id='word_1_361' title='bbox 2992 2117 3308 2177; x_wconf 83' lang='lat' dir='ltr'><strong>superatur;</strong></span> <span class='ocrx_word' id='word_1_362' title='bbox 3360 2116 3418 2165; x_wconf 89' lang='lat' dir='ltr'><strong>et</strong></span> <span class='ocrx_word' id='word_1_363' title='bbox 3444 2108 3534 2165; x_wconf 91' lang='lat' dir='ltr'><strong>cui</strong></span> <span class='ocrx_word' id='word_1_364' title='bbox 3564 2110 3723 2165; x_wconf 72' lang='lat' dir='ltr'><strong>nulla</strong></span> 
     </span>
    </p>
   </div>
   <div class='ocr_carea' id='block_1_52' title="bbox 2126 2202 3723 2275">
    <p class='ocr_par' dir='ltr' id='par_1_52' title="bbox 2126 2202 3723 2275">
     <span class='ocr_line' id='line_1_52' title="bbox 2126 2202 3723 2275; baseline -0.001 -14"><span class='ocrx_word' id='word_1_365' title='bbox 2126 2204 2381 2265; x_wconf 84' lang='lat' dir='ltr'><strong>cohortes</strong></span> <span class='ocrx_word' id='word_1_366' title='bbox 2406 2202 2473 2258; x_wconf 92' lang='lat' dir='ltr'><strong>ad</strong></span> <span class='ocrx_word' id='word_1_367' title='bbox 2505 2202 2912 2275; x_wconf 82' lang='lat' dir='ltr'><strong>repugnandum</strong></span> <span class='ocrx_word' id='word_1_368' title='bbox 2955 2202 3253 2268; x_wconf 87' lang='lat' dir='ltr'><strong>sufﬁciunt,</strong></span> <span class='ocrx_word' id='word_1_369' title='bbox 3284 2203 3532 2259; x_wconf 90' lang='lat' dir='ltr'><strong>oratione</strong></span> <span class='ocrx_word' id='word_1_370' title='bbox 3562 2204 3723 2259; x_wconf 84' lang='lat' dir='ltr'><strong>unius</strong></span> 
     </span>
    </p>
   </div>
   <div class='ocr_carea' id='block_1_53' title="bbox 2128 2294 3724 2366">
    <p class='ocr_par' dir='ltr' id='par_1_53' title="bbox 2128 2294 3724 2366">
     <span class='ocr_line' id='line_1_53' title="bbox 2128 2294 3724 2366; baseline -0.001 -14"><span class='ocrx_word' id='word_1_371' title='bbox 2128 2297 2380 2366; x_wconf 86' lang='lat' dir='ltr'><strong>pauperis</strong></span> <span class='ocrx_word' id='word_1_372' title='bbox 2430 2296 2736 2350; x_wconf 82' lang='lat' dir='ltr'><strong>inclinatur.</strong></span> <span class='ocrx_word' id='word_1_373' title='bbox 2771 2294 2863 2350; x_wconf 89' lang='lat' dir='ltr'><strong>lsli</strong></span> <span class='ocrx_word' id='word_1_374' title='bbox 2893 2295 3188 2363; x_wconf 84' lang='lat' dir='ltr'><strong>sapientes,</strong></span> <span class='ocrx_word' id='word_1_375' title='bbox 3240 2294 3331 2349; x_wconf 87' lang='lat' dir='ltr'><strong>isti</strong></span> <span class='ocrx_word' id='word_1_376' title='bbox 3374 2294 3585 2356; x_wconf 89' lang='lat' dir='ltr'><strong>diserti.</strong></span> <span class='ocrx_word' id='word_1_377' title='bbox 3635 2295 3724 2350; x_wconf 87' lang='lat' dir='ltr'><strong>isti</strong></span> 
     </span>
    </p>
   </div>
   <div class='ocr_carea' id='block_1_54' title="bbox 2127 2386 3725 2458">
    <p class='ocr_par' dir='ltr' id='par_1_54' title="bbox 2127 2386 3725 2458">
     <span class='ocr_line' id='line_1_54' title="bbox 2127 2386 3725 2458; baseline -0.003 -11"><span class='ocrx_word' id='word_1_378' title='bbox 2127 2403 2319 2447; x_wconf 88' lang='lat' dir='ltr'><strong>revera</strong></span> <span class='ocrx_word' id='word_1_379' title='bbox 2366 2388 2590 2458; x_wconf 84' lang='lat' dir='ltr'><strong>gloriosi</strong></span> <span class='ocrx_word' id='word_1_380' title='bbox 2641 2386 2861 2442; x_wconf 88' lang='lat' dir='ltr'><strong>dicendi</strong></span> <span class='ocrx_word' id='word_1_381' title='bbox 2907 2396 3036 2442; x_wconf 90' lang='lat' dir='ltr'><strong>sunt</strong></span> <span class='ocrx_word' id='word_1_382' title='bbox 3088 2393 3370 2454; x_wconf 89' lang='lat' dir='ltr'><strong>oratores,</strong></span> <span class='ocrx_word' id='word_1_383' title='bbox 3423 2389 3513 2457; x_wconf 89' lang='lat' dir='ltr'><strong>qui</strong></span> <span class='ocrx_word' id='word_1_384' title='bbox 3566 2388 3725 2443; x_wconf 86' lang='lat' dir='ltr'><strong>talem</strong></span> 
     </span>
    </p>
   </div>
   <div class='ocr_carea' id='block_1_55' title="bbox 2129 2477 3724 2553">
    <p class='ocr_par' dir='ltr' id='par_1_55' title="bbox 2129 2477 3724 2553">
     <span class='ocr_line' id='line_1_55' title="bbox 2129 2477 3724 2553; baseline 0.001 -17"><span class='ocrx_word' id='word_1_385' title='bbox 2129 2480 2525 2553; x_wconf 81' lang='lat' dir='ltr'><strong>possessionem</strong></span> <span class='ocrx_word' id='word_1_386' title='bbox 2558 2478 2789 2534; x_wconf 89' lang='lat' dir='ltr'><strong>victores</strong></span> <span class='ocrx_word' id='word_1_387' title='bbox 2817 2477 3126 2547; x_wconf 90' lang='lat' dir='ltr'><strong>accipiunt,</strong></span> <span class='ocrx_word' id='word_1_388' title='bbox 3158 2477 3227 2534; x_wconf 92' lang='lat' dir='ltr'><strong>de</strong></span> <span class='ocrx_word' id='word_1_389' title='bbox 3255 2492 3360 2548; x_wconf 91' lang='lat' dir='ltr'><strong>qua</strong></span> <span class='ocrx_word' id='word_1_390' title='bbox 3400 2478 3608 2534; x_wconf 89' lang='lat' dir='ltr'><strong>inimici</strong></span> <span class='ocrx_word' id='word_1_391' title='bbox 3635 2478 3724 2537; x_wconf 85' lang='lat' dir='ltr'><strong>ad-</strong></span> 
     </span>
    </p>
   </div>
   <div class='ocr_carea' id='block_1_56' title="bbox 2130 2558 3725 2640">
    <p class='ocr_par' dir='ltr' id='par_1_56' title="bbox 2130 2558 3725 2640">
     <span class='ocr_line' id='line_1_56' title="bbox 2130 2558 3725 2640; baseline 0 -11"><span class='ocrx_word' id='word_1_392' title='bbox 2130 2573 2384 2629; x_wconf 89' lang='lat' dir='ltr'><strong>versitate</strong></span> <span class='ocrx_word' id='word_1_393' title='bbox 2436 2558 2746 2627; x_wconf 85' lang='lat' dir='ltr'><strong>nullatenus</strong></span> <span class='ocrx_word' id='word_1_394' title='bbox 2796 2569 3175 2626; x_wconf 80' lang='lat' dir='ltr'><strong>excludantur.</strong></span> <span class='ocrx_word' id='word_1_395' title='bbox 3220 2569 3407 2625; x_wconf 87' lang='lat' dir='ltr'><strong>Talem</strong></span> <span class='ocrx_word' id='word_1_396' title='bbox 3448 2581 3725 2640; x_wconf 89' lang='lat' dir='ltr'><strong>postremo</strong></span> 
     </span>
    </p>
   </div>
   <div class='ocr_carea' id='block_1_57' title="bbox 2130 2663 3726 2735">
    <p class='ocr_par' dir='ltr' id='par_1_57' title="bbox 2130 2663 3726 2735">
     <span class='ocr_line' id='line_1_57' title="bbox 2130 2663 3726 2735; baseline 0 -14"><span class='ocrx_word' id='word_1_397' title='bbox 2130 2666 2496 2721; x_wconf 59' lang='lat' dir='ltr'><strong>hereditatem</strong></span> <span class='ocrx_word' id='word_1_398' title='bbox 2526 2672 2765 2729; x_wconf 90' lang='lat' dir='ltr'><strong>sumunt,</strong></span> <span class='ocrx_word' id='word_1_399' title='bbox 2796 2679 2957 2734; x_wconf 88' lang='lat' dir='ltr'><strong>quam</strong></span> <span class='ocrx_word' id='word_1_400' title='bbox 2985 2664 3103 2719; x_wconf 89' lang='lat' dir='ltr'><strong>sine</strong></span> <span class='ocrx_word' id='word_1_401' title='bbox 3131 2663 3316 2719; x_wconf 90' lang='lat' dir='ltr'><strong>labore</strong></span> <span class='ocrx_word' id='word_1_402' title='bbox 3343 2679 3560 2735; x_wconf 86' lang='lat' dir='ltr'><strong>semper</strong></span> <span class='ocrx_word' id='word_1_403' title='bbox 3589 2664 3726 2721; x_wconf 88' lang='lat' dir='ltr'><strong>obti-</strong></span> 
     </span>
    </p>
   </div>
   <div class='ocr_carea' id='block_1_58' title="bbox 2130 2753 3726 2826">
    <p class='ocr_par' dir='ltr' id='par_1_58' title="bbox 2130 2753 3726 2826">
     <span class='ocr_line' id='line_1_58' title="bbox 2130 2753 3726 2826; baseline -0.003 -12"><span class='ocrx_word' id='word_1_404' title='bbox 2130 2766 2314 2824; x_wconf 88' lang='lat' dir='ltr'><strong>neant,</strong></span> <span class='ocrx_word' id='word_1_405' title='bbox 2341 2772 2441 2816; x_wconf 90' lang='lat' dir='ltr'><strong>nec</strong></span> <span class='ocrx_word' id='word_1_406' title='bbox 2470 2756 2759 2826; x_wconf 86' lang='lat' dir='ltr'><strong>aliquando</strong></span> <span class='ocrx_word' id='word_1_407' title='bbox 2786 2764 2960 2811; x_wconf 90' lang='lat' dir='ltr'><strong>morte</strong></span> <span class='ocrx_word' id='word_1_408' title='bbox 2993 2756 3385 2825; x_wconf 85' lang='lat' dir='ltr'><strong>derelinquant.</strong></span> <span class='ocrx_word' id='word_1_409' title='bbox 3420 2753 3465 2809; x_wconf 92' lang='grc' dir='ltr'>Ο</span> <span class='ocrx_word' id='word_1_410' title='bbox 3489 2754 3726 2817; x_wconf 80' lang='lat' dir='ltr'><strong>conditio</strong></span> 
     </span>
    </p>
   </div>
   <div class='ocr_carea' id='block_1_59' title="bbox 2134 2847 3727 2923">
    <p class='ocr_par' dir='ltr' id='par_1_59' title="bbox 2134 2847 3727 2923">
     <span class='ocr_line' id='line_1_59' title="bbox 2134 2847 3727 2923; baseline -0.005 -14"><span class='ocrx_word' id='word_1_411' title='bbox 2134 2854 2289 2910; x_wconf 89' lang='lat' dir='ltr'><strong>beata</strong></span> <span class='ocrx_word' id='word_1_412' title='bbox 2328 2851 2729 2923; x_wconf 59' lang='lat' dir='ltr'><strong>paenitentiam,</strong></span> <span class='ocrx_word' id='word_1_413' title='bbox 2780 2865 2902 2921; x_wconf 66' lang='lat' dir='ltr'><strong>quae</strong></span> <span class='ocrx_word' id='word_1_414' title='bbox 2951 2849 3018 2905; x_wconf 91' lang='lat' dir='ltr'><strong>de</strong></span> <span class='ocrx_word' id='word_1_415' title='bbox 3062 2849 3171 2905; x_wconf 89' lang='lat' dir='ltr'><strong>reis</strong></span> <span class='ocrx_word' id='word_1_416' title='bbox 3218 2848 3391 2903; x_wconf 79' lang='lat' dir='ltr'><strong>efficis</strong></span> <span class='ocrx_word' id='word_1_417' title='bbox 3416 2847 3615 2918; x_wconf 84' lang='lat' dir='ltr'><strong>justus,</strong></span> <span class='ocrx_word' id='word_1_418' title='bbox 3662 2847 3727 2907; x_wconf 75' lang='lat' dir='ltr'><strong>de</strong></span> 
     </span>
    </p>
   </div>
   <div class='ocr_carea' id='block_1_60' title="bbox 2132 2934 3727 3011">
    <p class='ocr_par' dir='ltr' id='par_1_60' title="bbox 2132 2934 3727 3011">
     <span class='ocr_line' id='line_1_60' title="bbox 2132 2934 3727 3011; baseline -0.005 -11"><span class='ocrx_word' id='word_1_419' title='bbox 2132 2944 2382 3001; x_wconf 88' lang='lat' dir='ltr'><strong>tristibus</strong></span> <span class='ocrx_word' id='word_1_420' title='bbox 2424 2942 2734 3011; x_wconf 87' lang='lat' dir='ltr'><strong>perenniter</strong></span> <span class='ocrx_word' id='word_1_421' title='bbox 2777 2939 2966 3008; x_wconf 74' lang='lat' dir='ltr'><strong>laetos,</strong></span> <span class='ocrx_word' id='word_1_422' title='bbox 3011 2937 3081 2992; x_wconf 91' lang='lat' dir='ltr'><strong>de</strong></span> <span class='ocrx_word' id='word_1_423' title='bbox 3130 2938 3448 2992; x_wconf 86' lang='lat' dir='ltr'><strong>mortalibus</strong></span> <span class='ocrx_word' id='word_1_424' title='bbox 3483 2934 3727 2994; x_wconf 74' lang='lat' dir='ltr'><strong>absolute</strong></span> 
     </span>
    </p>
   </div>
   <div class='ocr_carea' id='block_1_61' title="bbox 2134 3027 3735 3105">
    <p class='ocr_par' dir='ltr' id='par_1_61' title="bbox 2134 3027 3735 3105">
     <span class='ocr_line' id='line_1_61' title="bbox 2134 3027 3735 3105; baseline -0.004 -15"><span class='ocrx_word' id='word_1_425' title='bbox 2134 3033 2459 3105; x_wconf 83' lang='lat' dir='ltr'><strong>perpetuos!</strong></span> <span class='ocrx_word' id='word_1_426' title='bbox 2503 3030 2603 3086; x_wconf 84' lang='lat' dir='ltr'><strong>Hic</strong></span> <span class='ocrx_word' id='word_1_427' title='bbox 2640 3030 2903 3085; x_wconf 90' lang='lat' dir='ltr'><strong>malorum</strong></span> <span class='ocrx_word' id='word_1_428' title='bbox 2944 3030 3258 3084; x_wconf 86' lang='lat' dir='ltr'><strong>societatem</strong></span> <span class='ocrx_word' id='word_1_429' title='bbox 3293 3027 3360 3082; x_wconf 91' lang='lat' dir='ltr'><strong>ad</strong></span> <span class='ocrx_word' id='word_1_430' title='bbox 3392 3034 3603 3096; x_wconf 84' lang='lat' dir='ltr'><strong>tempus</strong></span> <span class='ocrx_word' id='word_1_431' title='bbox 3635 3028 3735 3083; x_wconf 79' lang='lat' dir='ltr'><strong>ha-r</strong></span> 
     </span>
    </p>
   </div>
   <div class='ocr_carea' id='block_1_62' title="bbox 2133 3121 3728 3194">
    <p class='ocr_par' dir='ltr' id='par_1_62' title="bbox 2133 3121 3728 3194">
     <span class='ocr_line' id='line_1_62' title="bbox 2133 3121 3728 3194; baseline -0.004 -11"><span class='ocrx_word' id='word_1_432' title='bbox 2133 3127 2288 3194; x_wconf 89' lang='lat' dir='ltr'><strong>bent,</strong></span> <span class='ocrx_word' id='word_1_433' title='bbox 2318 3126 2391 3181; x_wconf 89' lang='lat' dir='ltr'><strong>ibi</strong></span> <span class='ocrx_word' id='word_1_434' title='bbox 2422 3125 2735 3194; x_wconf 86' lang='lat' dir='ltr'><strong>angelorum</strong></span> <span class='ocrx_word' id='word_1_435' title='bbox 2766 3124 3040 3178; x_wconf 91' lang='lat' dir='ltr'><strong>consortia</strong></span> <span class='ocrx_word' id='word_1_436' title='bbox 3070 3130 3270 3177; x_wconf 65' lang='lat' dir='ltr'><strong>mterna</strong></span> <span class='ocrx_word' id='word_1_437' title='bbox 3325 3121 3582 3176; x_wconf 78' lang='lat' dir='ltr'><strong>felicitate</strong></span> <span class='ocrx_word' id='word_1_438' title='bbox 3610 3134 3728 3182; x_wconf 76' lang='lat' dir='ltr'><strong>sus-</strong></span> 
     </span>
    </p>
   </div>
   <div class='ocr_carea' id='block_1_63' title="bbox 516 3186 2028 3291">
    <p class='ocr_par' dir='ltr' id='par_1_63' title="bbox 516 3193 2028 3261">
     <span class='ocr_line' id='line_1_63' title="bbox 516 3193 2028 3261; baseline -0.003 -8"><span class='ocrx_word' id='word_1_439' title='bbox 516 3196 667 3254; x_wconf 86' lang='lat' dir='ltr'><strong>Vcrs.</strong></span> <span class='ocrx_word' id='word_1_440' title='bbox 698 3197 786 3251; x_wconf 84' lang='lat'><strong>&#39;50.</strong></span> <span class='ocrx_word' id='word_1_441' title='bbox 829 3193 960 3250; x_wconf 86' lang='lat' dir='ltr'><strong>Filii</strong></span> <span class='ocrx_word' id='word_1_442' title='bbox 988 3212 1252 3251; x_wconf 83' lang='lat' dir='ltr'><strong>servorum</strong></span> <span class='ocrx_word' id='word_1_443' title='bbox 1292 3204 1499 3251; x_wconf 86' lang='lat' dir='ltr'><strong>tuorum</strong></span> <span class='ocrx_word' id='word_1_444' title='bbox 1537 3195 1891 3249; x_wconf 72' lang='lat' dir='ltr'><strong>inhabitabant</strong></span> <span class='ocrx_word' id='word_1_445' title='bbox 1934 3194 2028 3261; x_wconf 87' lang='lat' dir='ltr'><strong>ibi,</strong></span> 
     </span>
    </p>
   </div>
   <div class='ocr_carea' id='block_1_64' title="bbox 2131 3186 3736 3291">
    <p class='ocr_par' dir='ltr' id='par_1_64' title="bbox 2137 3213 3736 3291">
     <span class='ocr_line' id='line_1_64' title="bbox 2137 3213 3736 3291; baseline -0.002 -17"><span class='ocrx_word' id='word_1_446' title='bbox 2137 3220 2359 3291; x_wconf 86' lang='lat' dir='ltr'><strong>cipient.</strong></span> <span class='ocrx_word' id='word_1_447' title='bbox 2384 3219 2722 3288; x_wconf 84' lang='lat' dir='ltr'><strong>Quapropter</strong></span> <span class='ocrx_word' id='word_1_448' title='bbox 2744 3216 2989 3286; x_wconf 88' lang='lat' dir='ltr'><strong>quintum</strong></span> <span class='ocrx_word' id='word_1_449' title='bbox 3013 3214 3391 3285; x_wconf 73' lang='lat' dir='ltr'><strong>pmnitentiutn</strong></span> <span class='ocrx_word' id='word_1_450' title='bbox 3418 3213 3581 3269; x_wconf 87' lang='lat' dir='ltr'><strong>istutn</strong></span> <span class='ocrx_word' id='word_1_451' title='bbox 3611 3228 3736 3275; x_wconf 74' lang='lat' dir='ltr'><strong>esse</strong></span> 
     </span>
    </p>
   </div>
   <div class='ocr_carea' id='block_1_65' title="bbox 439 3286 2031 3357">
    <p class='ocr_par' dir='ltr' id='par_1_65' title="bbox 439 3286 2031 3357">
     <span class='ocr_line' id='line_1_65' title="bbox 439 3286 2031 3357; baseline -0.003 -12"><span class='ocrx_word' id='word_1_452' title='bbox 439 3299 485 3345; x_wconf 88' lang='lat' dir='ltr'><strong>ct</strong></span> <span class='ocrx_word' id='word_1_453' title='bbox 511 3307 680 3345; x_wconf 82' lang='lat' dir='ltr'><strong>semen</strong></span> <span class='ocrx_word' id='word_1_454' title='bbox 712 3306 889 3343; x_wconf 80' lang='lat' dir='ltr'><strong>eorum</strong></span> <span class='ocrx_word' id='word_1_455' title='bbox 917 3291 970 3342; x_wconf 87' lang='lat' dir='ltr'><strong>in</strong></span> <span class='ocrx_word' id='word_1_456' title='bbox 996 3289 1240 3343; x_wconf 72' lang='lat' dir='ltr'><strong>swculum</strong></span> <span class='ocrx_word' id='word_1_457' title='bbox 1269 3289 1445 3343; x_wconf 71' lang='lat' dir='ltr'><strong>surculi</strong></span> <span class='ocrx_word' id='word_1_458' title='bbox 1476 3289 1748 3357; x_wconf 84' lang='lat' dir='ltr'><strong>dirigetur.</strong></span> <span class='ocrx_word' id='word_1_459' title='bbox 1781 3286 2031 3341; x_wconf 86' lang='lat' dir='ltr'><strong>Pruden-</strong></span> 
     </span>
    </p>
   </div>
   <div class='ocr_carea' id='block_1_66' title="bbox 440 3381 2051 3453">
    <p class='ocr_par' dir='ltr' id='par_1_66' title="bbox 440 3381 2051 3453">
     <span class='ocr_line' id='line_1_66' title="bbox 440 3381 2051 3453; baseline -0.004 -16"><span class='ocrx_word' id='word_1_460' title='bbox 440 3382 647 3439; x_wconf 89' lang='lat' dir='ltr'><strong>tissime</strong></span> <span class='ocrx_word' id='word_1_461' title='bbox 673 3383 832 3437; x_wconf 90' lang='lat' dir='ltr'><strong>nimis</strong></span> <span class='ocrx_word' id='word_1_462' title='bbox 869 3394 1028 3453; x_wconf 88' lang='lat' dir='ltr'><strong>atque</strong></span> <span class='ocrx_word' id='word_1_463' title='bbox 1060 3382 1267 3437; x_wconf 89' lang='lat' dir='ltr'><strong>utiliter</strong></span> <span class='ocrx_word' id='word_1_464' title='bbox 1295 3382 1541 3439; x_wconf 88' lang='lat' dir='ltr'><strong>oratione</strong></span> <span class='ocrx_word' id='word_1_465' title='bbox 1580 3381 1870 3450; x_wconf 86' lang='lat' dir='ltr'><strong>completa,</strong></span> <span class='ocrx_word' id='word_1_466' title='bbox 1905 3397 2051 3448; x_wconf 65' lang='grc' dir='ltr'><strong>μεως.</strong></span> 
     </span>
    </p>
   </div>
   <div class='ocr_carea' id='block_1_67' title="bbox 440 3471 2032 3542">
    <p class='ocr_par' dir='ltr' id='par_1_67' title="bbox 440 3471 2032 3542">
     <span class='ocr_line' id='line_1_67' title="bbox 440 3471 2032 3542; baseline -0.001 -15"><span class='ocrx_word' id='word_1_467' title='bbox 440 3486 535 3542; x_wconf 86' lang='lat' dir='ltr'><strong>per</strong></span> <span class='ocrx_word' id='word_1_468' title='bbox 570 3471 662 3528; x_wconf 87' lang='lat' dir='ltr'><strong>ille</strong></span> <span class='ocrx_word' id='word_1_469' title='bbox 687 3472 1079 3541; x_wconf 86' lang='lat' dir='ltr'><strong>sanctissimus,</strong></span> <span class='ocrx_word' id='word_1_470' title='bbox 1121 3472 1187 3526; x_wconf 87' lang='lat' dir='ltr'><strong>de</strong></span> <span class='ocrx_word' id='word_1_471' title='bbox 1220 3480 1557 3540; x_wconf 86' lang='lat' dir='ltr'><strong>peccatorum</strong></span> <span class='ocrx_word' id='word_1_472' title='bbox 1589 3485 1808 3525; x_wconf 87' lang='lat' dir='ltr'><strong>suorum</strong></span> <span class='ocrx_word' id='word_1_473' title='bbox 1841 3471 2032 3525; x_wconf 89' lang='lat' dir='ltr'><strong>remis-</strong></span> 
     </span>
    </p>
   </div>
   <div class='ocr_carea' id='block_1_68' title="bbox 440 3561 2031 3631">
    <p class='ocr_par' dir='ltr' id='par_1_68' title="bbox 440 3561 2031 3631">
     <span class='ocr_line' id='line_1_68' title="bbox 440 3561 2031 3631; baseline -0.001 -12"><span class='ocrx_word' id='word_1_474' title='bbox 440 3561 616 3626; x_wconf 73' lang='lat' dir='ltr'><strong>sione,</strong></span> <span class='ocrx_word' id='word_1_475' title='bbox 646 3570 702 3617; x_wconf 89' lang='lat' dir='ltr'><strong>et</strong></span> <span class='ocrx_word' id='word_1_476' title='bbox 730 3562 797 3617; x_wconf 89' lang='lat' dir='ltr'><strong>de</strong></span> <span class='ocrx_word' id='word_1_477' title='bbox 825 3576 920 3631; x_wconf 88' lang='lat' dir='ltr'><strong>spe</strong></span> <span class='ocrx_word' id='word_1_478' title='bbox 950 3562 1125 3615; x_wconf 85' lang='lat' dir='ltr'><strong>futura</strong></span> <span class='ocrx_word' id='word_1_479' title='bbox 1156 3561 1567 3616; x_wconf 89' lang='lat' dir='ltr'><strong>resurrectionis</strong></span> <span class='ocrx_word' id='word_1_480' title='bbox 1595 3561 1898 3626; x_wconf 76' lang='lat' dir='ltr'><strong>exsultans,</strong></span> <span class='ocrx_word' id='word_1_481' title='bbox 1942 3576 2031 3617; x_wconf 83' lang='lat' dir='ltr'><strong>ve-</strong></span> 
     </span>
    </p>
   </div>
   <div class='ocr_carea' id='block_1_69' title="bbox 441 3652 2033 3727">
    <p class='ocr_par' dir='ltr' id='par_1_69' title="bbox 441 3652 2033 3727">
     <span class='ocr_line' id='line_1_69' title="bbox 441 3652 2033 3727; baseline -0.002 -17"><span class='ocrx_word' id='word_1_482' title='bbox 441 3654 523 3710; x_wconf 89' lang='lat' dir='ltr'><strong>nit</strong></span> <span class='ocrx_word' id='word_1_483' title='bbox 564 3655 632 3708; x_wconf 86' lang='lat' dir='ltr'><strong>ad</strong></span> <span class='ocrx_word' id='word_1_484' title='bbox 672 3655 955 3709; x_wconf 88' lang='lat' dir='ltr'><strong>terminum</strong></span> <span class='ocrx_word' id='word_1_485' title='bbox 1000 3653 1192 3723; x_wconf 87' lang='lat' dir='ltr'><strong>psalmi</strong></span> <span class='ocrx_word' id='word_1_486' title='bbox 1226 3670 1249 3727; x_wconf 8' lang='grc' dir='ltr'><strong>εγ</strong></span> <span class='ocrx_word' id='word_1_487' title='bbox 1275 3653 1363 3708; x_wconf 87' lang='lat' dir='ltr'><strong>ubi</strong></span> <span class='ocrx_word' id='word_1_488' title='bbox 1406 3652 1583 3707; x_wconf 86' lang='lat' dir='ltr'><strong>omnia</strong></span> <span class='ocrx_word' id='word_1_489' title='bbox 1626 3652 1728 3706; x_wconf 91' lang='lat' dir='ltr'><strong>sub</strong></span> <span class='ocrx_word' id='word_1_490' title='bbox 1764 3652 2033 3707; x_wconf 84' lang='lat' dir='ltr'><strong>brevitate</strong></span> 
     </span>
    </p>
   </div>
   <div class='ocr_carea' id='block_1_70' title="bbox 442 3744 2033 3814">
    <p class='ocr_par' dir='ltr' id='par_1_70' title="bbox 442 3744 2033 3814">
     <span class='ocr_line' id='line_1_70' title="bbox 442 3744 2033 3814; baseline -0.003 -10"><span class='ocrx_word' id='word_1_491' title='bbox 442 3747 800 3814; x_wconf 88' lang='lat' dir='ltr'><strong>concludens,</strong></span> <span class='ocrx_word' id='word_1_492' title='bbox 848 3761 907 3803; x_wconf 90' lang='lat' dir='ltr'><strong>se</strong></span> <span class='ocrx_word' id='word_1_493' title='bbox 941 3762 1066 3802; x_wconf 88' lang='lat' dir='ltr'><strong>cum</strong></span> <span class='ocrx_word' id='word_1_494' title='bbox 1114 3746 1311 3801; x_wconf 86' lang='lat' dir='ltr'><strong>sanctis</strong></span> <span class='ocrx_word' id='word_1_495' title='bbox 1350 3745 1467 3814; x_wconf 89' lang='lat' dir='ltr'><strong>ejus</strong></span> <span class='ocrx_word' id='word_1_496' title='bbox 1507 3744 1868 3801; x_wconf 84' lang='lat' dir='ltr'><strong>habitatorum</strong></span> <span class='ocrx_word' id='word_1_497' title='bbox 1912 3759 2033 3801; x_wconf 86' lang='lat' dir='ltr'><strong>esse</strong></span> 
     </span>
    </p>
   </div>
   <div class='ocr_carea' id='block_1_71' title="bbox 441 3826 2039 3911">
    <p class='ocr_par' dir='ltr' id='par_1_71' title="bbox 441 3826 2039 3911">
     <span class='ocr_line' id='line_1_71' title="bbox 441 3826 2039 3911; baseline -0.002 -14"><span class='ocrx_word' id='word_1_498' title='bbox 441 3841 760 3911; x_wconf 82' lang='lat' dir='ltr'><strong>congaudet,</strong></span> <span class='ocrx_word' id='word_1_499' title='bbox 794 3840 881 3896; x_wconf 90' lang='lat' dir='ltr'><strong>ubi</strong></span> <span class='ocrx_word' id='word_1_500' title='bbox 911 3847 996 3894; x_wconf 90' lang='lat' dir='ltr'><strong>est</strong></span> <span class='ocrx_word' id='word_1_501' title='bbox 1023 3854 1148 3906; x_wconf 86' lang='lat' dir='ltr'><strong>spes</strong></span> <span class='ocrx_word' id='word_1_502' title='bbox 1175 3838 1409 3907; x_wconf 83' lang='lat' dir='ltr'><strong>gloriosa</strong></span> <span class='ocrx_word' id='word_1_503' title='bbox 1439 3837 1696 3904; x_wconf 84' lang='lat' dir='ltr'><strong>ﬁdelium,</strong></span> <span class='ocrx_word' id='word_1_504' title='bbox 1733 3846 1791 3893; x_wconf 90' lang='lat' dir='ltr'><strong>et</strong></span> <span class='ocrx_word' id='word_1_505' title='bbox 1820 3826 2039 3907; x_wconf 78' lang='lat' dir='ltr'><strong>requies</strong></span> 
     </span>
    </p>
   </div>
   <div class='ocr_carea' id='block_1_72' title="bbox 444 3928 2035 4002">
    <p class='ocr_par' dir='ltr' id='par_1_72' title="bbox 444 3928 2035 4002">
     <span class='ocr_line' id='line_1_72' title="bbox 444 3928 2035 4002; baseline -0.004 -13"><span class='ocrx_word' id='word_1_506' title='bbox 444 3942 644 3989; x_wconf 62' lang='lat' dir='ltr'><strong>eterna</strong></span> <span class='ocrx_word' id='word_1_507' title='bbox 672 3932 962 4002; x_wconf 87' lang='lat' dir='ltr'><strong>justorum.</strong></span> <span class='ocrx_word' id='word_1_508' title='bbox 997 3928 1166 3984; x_wconf 86' lang='lat' dir='ltr'><strong>Filios</strong></span> <span class='ocrx_word' id='word_1_509' title='bbox 1194 3944 1453 3982; x_wconf 79' lang='lat' dir='ltr'><strong>servorum</strong></span> <span class='ocrx_word' id='word_1_510' title='bbox 1482 3938 1705 3995; x_wconf 86' lang='lat' dir='ltr'><strong>tuorum,</strong></span> <span class='ocrx_word' id='word_1_511' title='bbox 1740 3928 2035 3996; x_wconf 85' lang='lat' dir='ltr'><strong>discipulos</strong></span> 
     </span>
    </p>
   </div>
   <div class='ocr_carea' id='block_1_73' title="bbox 445 4021 2038 4095">
    <p class='ocr_par' dir='ltr' id='par_1_73' title="bbox 445 4021 2038 4095">
     <span class='ocr_line' id='line_1_73' title="bbox 445 4021 2038 4095; baseline -0.003 -14"><span class='ocrx_word' id='word_1_512' title='bbox 445 4024 829 4095; x_wconf 85' lang='lat' dir='ltr'><strong>prophetarum</strong></span> <span class='ocrx_word' id='word_1_513' title='bbox 856 4031 910 4077; x_wconf 90' lang='lat' dir='ltr'><strong>et</strong></span> <span class='ocrx_word' id='word_1_514' title='bbox 931 4023 1299 4091; x_wconf 76' lang='lat' dir='ltr'><strong>apostolorum</strong></span> <span class='ocrx_word' id='word_1_515' title='bbox 1322 4021 1472 4088; x_wconf 87' lang='lat' dir='ltr'><strong>dicit,</strong></span> <span class='ocrx_word' id='word_1_516' title='bbox 1498 4036 1634 4089; x_wconf 92' lang='lat' dir='ltr'><strong>quos</strong></span> <span class='ocrx_word' id='word_1_517' title='bbox 1658 4036 1751 4087; x_wconf 88' lang='lat' dir='ltr'><strong>per</strong></span> <span class='ocrx_word' id='word_1_518' title='bbox 1776 4022 1899 4076; x_wconf 88' lang='lat' dir='ltr'><strong>ﬁdei</strong></span> <span class='ocrx_word' id='word_1_519' title='bbox 1921 4028 2038 4077; x_wconf 86' lang='lat' dir='ltr'><strong>ute-</strong></span> 
     </span>
    </p>
   </div>
   <div class='ocr_carea' id='block_1_74' title="bbox 445 4112 2037 4185">
    <p class='ocr_par' dir='ltr' id='par_1_74' title="bbox 445 4112 2037 4185">
     <span class='ocr_line' id='line_1_74' title="bbox 445 4112 2037 4185; baseline -0.004 -13"><span class='ocrx_word' id='word_1_520' title='bbox 445 4131 567 4173; x_wconf 82' lang='lat' dir='ltr'><strong>rum</strong></span> <span class='ocrx_word' id='word_1_521' title='bbox 596 4125 777 4171; x_wconf 85' lang='lat' dir='ltr'><strong>sancta</strong></span> <span class='ocrx_word' id='word_1_522' title='bbox 801 4115 1181 4185; x_wconf 63' lang='lat' dir='ltr'><strong>prasdicatioue</strong></span> <span class='ocrx_word' id='word_1_523' title='bbox 1202 4120 1536 4182; x_wconf 85' lang='lat' dir='ltr'><strong>genuerunt;</strong></span> <span class='ocrx_word' id='word_1_524' title='bbox 1567 4112 1762 4180; x_wconf 90' lang='lat' dir='ltr'><strong>quibus</strong></span> <span class='ocrx_word' id='word_1_525' title='bbox 1792 4112 1867 4165; x_wconf 88' lang='lat' dir='ltr'><strong>ait</strong></span> <span class='ocrx_word' id='word_1_526' title='bbox 1893 4113 2037 4180; x_wconf 82' lang='lat' dir='ltr'><strong>Apo-</strong></span> 
     </span>
    </p>
   </div>
   <div class='ocr_carea' id='block_1_75' title="bbox 445 4203 2035 4276">
    <p class='ocr_par' dir='ltr' id='par_1_75' title="bbox 445 4203 2035 4276">
     <span class='ocr_line' id='line_1_75' title="bbox 445 4203 2035 4276; baseline -0.006 -7"><span class='ocrx_word' id='word_1_527' title='bbox 445 4208 652 4269; x_wconf 76' lang='lat' dir='ltr'><strong>Staius:</strong></span> <span class='ocrx_word' id='word_1_528' title='bbox 678 4206 861 4263; x_wconf 85' lang='lat' dir='ltr'><strong>Filioli</strong></span> <span class='ocrx_word' id='word_1_529' title='bbox 891 4208 1008 4273; x_wconf 84' lang='lat' dir='ltr'><strong>mei,</strong></span> <span class='ocrx_word' id='word_1_530' title='bbox 1031 4222 1154 4276; x_wconf 79' lang='lat' dir='ltr'><strong>quos</strong></span> <span class='ocrx_word' id='word_1_531' title='bbox 1185 4206 1368 4259; x_wconf 88' lang='lat' dir='ltr'><strong>iterum</strong></span> <span class='ocrx_word' id='word_1_532' title='bbox 1389 4205 1619 4273; x_wconf 85' lang='lat' dir='ltr'><strong>parturio</strong></span> <span class='ocrx_word' id='word_1_533' title='bbox 1643 4203 1786 4274; x_wconf 85' lang='lat' dir='ltr'><strong>(Gal.</strong></span> <span class='ocrx_word' id='word_1_534' title='bbox 1816 4221 1885 4270; x_wconf 86' lang='lat' dir='ltr'><strong>tv,</strong></span> <span class='ocrx_word' id='word_1_535' title='bbox 1913 4203 2035 4275; x_wconf 74' lang='lat' dir='ltr'><strong>i9);</strong></span> 
     </span>
    </p>
   </div>
   <div class='ocr_carea' id='block_1_76' title="bbox 446 4295 2041 4365">
    <p class='ocr_par' dir='ltr' id='par_1_76' title="bbox 446 4295 2041 4365">
     <span class='ocr_line' id='line_1_76' title="bbox 446 4295 2041 4365; baseline 0 -11"><span class='ocrx_word' id='word_1_536' title='bbox 446 4297 551 4354; x_wconf 91' lang='lat' dir='ltr'><strong>hoc</strong></span> <span class='ocrx_word' id='word_1_537' title='bbox 595 4299 754 4354; x_wconf 86' lang='lat' dir='ltr'><strong>etiam</strong></span> <span class='ocrx_word' id='word_1_538' title='bbox 802 4299 870 4353; x_wconf 88' lang='lat' dir='ltr'><strong>ad</strong></span> <span class='ocrx_word' id='word_1_539' title='bbox 915 4297 1256 4352; x_wconf 90' lang='lat' dir='ltr'><strong>Timotheum</strong></span> <span class='ocrx_word' id='word_1_540' title='bbox 1296 4295 1535 4350; x_wconf 86' lang='lat' dir='ltr'><strong>scribens</strong></span> <span class='ocrx_word' id='word_1_541' title='bbox 1588 4296 1643 4350; x_wconf 91' lang='lat' dir='ltr'><strong>in</strong></span> <span class='ocrx_word' id='word_1_542' title='bbox 1682 4295 1854 4365; x_wconf 89' lang='lat' dir='ltr'><strong>capite</strong></span> <span class='ocrx_word' id='word_1_543' title='bbox 1903 4297 2041 4356; x_wconf 77' lang='lat' dir='ltr'><strong>dixit</strong></span> 
     </span>
    </p>
   </div>
   <div class='ocr_carea' id='block_1_77' title="bbox 448 4384 2041 4459">
    <p class='ocr_par' dir='ltr' id='par_1_77' title="bbox 448 4384 2041 4459">
     <span class='ocr_line' id='line_1_77' title="bbox 448 4384 2041 4459; baseline 0.002 -17"><span class='ocrx_word' id='word_1_544' title='bbox 448 4389 701 4459; x_wconf 76' lang='lat' dir='ltr'><strong>Epistolte</strong></span> <span class='ocrx_word' id='word_1_545' title='bbox 725 4407 737 4444; x_wconf 92' lang='lat'><strong>:</strong></span> <span class='ocrx_word' id='word_1_546' title='bbox 760 4387 898 4442; x_wconf 85' lang='lat' dir='ltr'><strong>Filio</strong></span> <span class='ocrx_word' id='word_1_547' title='bbox 922 4386 1221 4442; x_wconf 85' lang='lat' dir='ltr'><strong>charissima</strong></span> <span class='ocrx_word' id='word_1_548' title='bbox 1244 4384 1326 4456; x_wconf 88' lang='lat' dir='ltr'><strong>(II</strong></span> <span class='ocrx_word' id='word_1_549' title='bbox 1350 4385 1485 4439; x_wconf 87' lang='lat' dir='ltr'><strong>&#39;l&#39;im.</strong></span> <span class='ocrx_word' id='word_1_550' title='bbox 1508 4401 1548 4452; x_wconf 87' lang='grc' dir='ltr'><strong>ι,</strong></span> <span class='ocrx_word' id='word_1_551' title='bbox 1569 4385 1646 4455; x_wconf 76' lang='grc'><strong>2),</strong></span> <span class='ocrx_word' id='word_1_552' title='bbox 1673 4402 1829 4455; x_wconf 89' lang='lat' dir='ltr'><strong>quem</strong></span> <span class='ocrx_word' id='word_1_553' title='bbox 1857 4386 2041 4455; x_wconf 81' lang='lat' dir='ltr'><strong>utique</strong></span> 
     </span>
    </p>
   </div>
   <div class='ocr_carea' id='block_1_78' title="bbox 448 4476 2039 4551">
    <p class='ocr_par' dir='ltr' id='par_1_78' title="bbox 448 4476 2039 4551">
     <span class='ocr_line' id='line_1_78' title="bbox 448 4476 2039 4551; baseline 0.001 -15"><span class='ocrx_word' id='word_1_554' title='bbox 448 4490 709 4551; x_wconf 79' lang='lat' dir='ltr'><strong>genuerat</strong></span> <span class='ocrx_word' id='word_1_555' title='bbox 736 4480 859 4537; x_wconf 85' lang='lat' dir='ltr'><strong>ﬁde.</strong></span> <span class='ocrx_word' id='word_1_556' title='bbox 895 4494 1005 4534; x_wconf 89' lang='lat' dir='ltr'><strong>non</strong></span> <span class='ocrx_word' id='word_1_557' title='bbox 1034 4492 1282 4547; x_wconf 89' lang='lat' dir='ltr'><strong>corpore.</strong></span> <span class='ocrx_word' id='word_1_558' title='bbox 1318 4476 1685 4533; x_wconf 84' lang='lat' dir='ltr'><strong>lnhabitabunt</strong></span> <span class='ocrx_word' id='word_1_559' title='bbox 1723 4480 1812 4545; x_wconf 89' lang='lat' dir='ltr'><strong>ibi,</strong></span> <span class='ocrx_word' id='word_1_560' title='bbox 1863 4481 2039 4537; x_wconf 87' lang='lat' dir='ltr'><strong>locum</strong></span> 
     </span>
    </p>
   </div>
   <div class='ocr_carea' id='block_1_79' title="bbox 2135 3306 3731 3381">
    <p class='ocr_par' dir='ltr' id='par_1_79' title="bbox 2135 3306 3731 3381">
     <span class='ocr_line' id='line_1_79' title="bbox 2135 3306 3731 3381; baseline -0.004 -12"><span class='ocrx_word' id='word_1_561' title='bbox 2135 3328 2446 3375; x_wconf 86' lang='lat' dir='ltr'><strong>noscamus,</strong></span> <span class='ocrx_word' id='word_1_562' title='bbox 2477 3312 2567 3381; x_wconf 91' lang='lat' dir='ltr'><strong>qui</strong></span> <span class='ocrx_word' id='word_1_563' title='bbox 2597 3325 2656 3366; x_wconf 89' lang='lat' dir='ltr'><strong>se</strong></span> <span class='ocrx_word' id='word_1_564' title='bbox 2684 3324 2791 3365; x_wconf 94' lang='lat' dir='ltr'><strong>non</strong></span> <span class='ocrx_word' id='word_1_565' title='bbox 2836 3308 3175 3364; x_wconf 88' lang='lat' dir='ltr'><strong>defendendo</strong></span> <span class='ocrx_word' id='word_1_566' title='bbox 3220 3306 3482 3374; x_wconf 91' lang='lat' dir='ltr'><strong>defendit,</strong></span> <span class='ocrx_word' id='word_1_567' title='bbox 3511 3322 3622 3363; x_wconf 88' lang='lat' dir='ltr'><strong>non</strong></span> <span class='ocrx_word' id='word_1_568' title='bbox 3649 3306 3731 3364; x_wconf 57' lang='lat' dir='ltr'><strong>die</strong></span> 
     </span>
    </p>
   </div>
   <div class='ocr_carea' id='block_1_80' title="bbox 2136 3399 3728 3471">
    <p class='ocr_par' dir='ltr' id='par_1_80' title="bbox 2136 3399 3728 3471">
     <span class='ocr_line' id='line_1_80' title="bbox 2136 3399 3728 3471; baseline -0.003 -12"><span class='ocrx_word' id='word_1_569' title='bbox 2136 3399 2346 3460; x_wconf 82' lang='lat' dir='ltr'><strong>luendd’</strong></span> <span class='ocrx_word' id='word_1_570' title='bbox 2363 3403 2540 3469; x_wconf 88' lang='lat' dir='ltr'><strong>diluit,</strong></span> <span class='ocrx_word' id='word_1_571' title='bbox 2576 3418 2682 3457; x_wconf 91' lang='lat' dir='ltr'><strong>non</strong></span> <span class='ocrx_word' id='word_1_572' title='bbox 2715 3400 2988 3471; x_wconf 85' lang='lat' dir='ltr'><strong>purgando</strong></span> <span class='ocrx_word' id='word_1_573' title='bbox 3016 3401 3287 3470; x_wconf 85' lang='lat' dir='ltr'><strong>purgavit;</strong></span> <span class='ocrx_word' id='word_1_574' title='bbox 3313 3400 3381 3455; x_wconf 90' lang='lat' dir='ltr'><strong>ad</strong></span> <span class='ocrx_word' id='word_1_575' title='bbox 3421 3399 3575 3469; x_wconf 85' lang='lat' dir='ltr'><strong>cujus</strong></span> <span class='ocrx_word' id='word_1_576' title='bbox 3603 3413 3728 3469; x_wconf 63' lang='lat' dir='ltr'><strong>pana</strong></span> 
     </span>
    </p>
   </div>
   <div class='ocr_carea' id='block_1_81' title="bbox 2140 3491 3736 3568">
    <p class='ocr_par' dir='ltr' id='par_1_81' title="bbox 2140 3491 3736 3568">
     <span class='ocr_line' id='line_1_81' title="bbox 2140 3491 3736 3568; baseline 0 -16"><span class='ocrx_word' id='word_1_577' title='bbox 2140 3505 2403 3568; x_wconf 87' lang='lat' dir='ltr'><strong>pertatem</strong></span> <span class='ocrx_word' id='word_1_578' title='bbox 2438 3496 2487 3552; x_wconf 87' lang='lat' dir='ltr'><strong>si</strong></span> <span class='ocrx_word' id='word_1_579' title='bbox 2513 3496 2698 3551; x_wconf 90' lang='lat' dir='ltr'><strong>venire</strong></span> <span class='ocrx_word' id='word_1_580' title='bbox 2729 3494 3108 3558; x_wconf 87' lang='lat' dir='ltr'><strong>meruerimus,</strong></span> <span class='ocrx_word' id='word_1_581' title='bbox 3140 3492 3317 3549; x_wconf 89' lang='lat' dir='ltr'><strong>omnia</strong></span> <span class='ocrx_word' id='word_1_582' title='bbox 3344 3491 3529 3548; x_wconf 85' lang='lat' dir='ltr'><strong>mundi</strong></span> <span class='ocrx_word' id='word_1_583' title='bbox 3567 3506 3736 3565; x_wconf 74' lang='lat' dir='ltr'><strong>regna</strong></span> 
     </span>
    </p>
   </div>
   <div class='ocr_carea' id='block_1_82' title="bbox 2139 3588 2978 3655">
    <p class='ocr_par' dir='ltr' id='par_1_82' title="bbox 2139 3588 2978 3655">
     <span class='ocr_line' id='line_1_82' title="bbox 2139 3588 2978 3655; baseline -0.005 -12"><span class='ocrx_word' id='word_1_584' title='bbox 2139 3589 2258 3645; x_wconf 90' lang='lat' dir='ltr'><strong>sine</strong></span> <span class='ocrx_word' id='word_1_585' title='bbox 2285 3588 2619 3645; x_wconf 88' lang='lat' dir='ltr'><strong>dubitatione</strong></span> <span class='ocrx_word' id='word_1_586' title='bbox 2645 3600 2978 3655; x_wconf 88' lang='lat' dir='ltr'><strong>superamus.</strong></span> 
     </span>
    </p>
   </div>
   <div class='ocr_carea' id='block_1_83' title="bbox 2451 3700 3421 3760">
    <p class='ocr_par' dir='ltr' id='par_1_83' title="bbox 2451 3700 3421 3760">
     <span class='ocr_line' id='line_1_83' title="bbox 2451 3700 3421 3760; baseline 0.002 -2"><span class='ocrx_word' id='word_1_587' title='bbox 2451 3700 2812 3758; x_wconf 81' lang='lat' dir='ltr'><strong>EXPOSITIO</strong></span> <span class='ocrx_word' id='word_1_588' title='bbox 2848 3700 2913 3755; x_wconf 85' lang='lat' dir='ltr'><strong>IN</strong></span> <span class='ocrx_word' id='word_1_589' title='bbox 2954 3700 3279 3759; x_wconf 78' lang='lat' dir='ltr'><strong>PSALMUM</strong></span> <span class='ocrx_word' id='word_1_590' title='bbox 3316 3700 3421 3760; x_wconf 80' lang='lat' dir='ltr'><strong>CIL</strong></span> 
     </span>
    </p>
   </div>
   <div class='ocr_carea' id='block_1_84' title="bbox 2637 3792 3232 3862">
    <p class='ocr_par' dir='ltr' id='par_1_84' title="bbox 2637 3792 3232 3862">
     <span class='ocr_line' id='line_1_84' title="bbox 2637 3792 3232 3862; baseline 0.003 -16"><span class='ocrx_word' id='word_1_591' title='bbox 2637 3792 2879 3847; x_wconf 85' lang='lat' dir='ltr'><strong>Psalmus</strong></span> <span class='ocrx_word' id='word_1_592' title='bbox 2910 3793 3010 3862; x_wconf 87' lang='lat' dir='ltr'><strong>ipsi</strong></span> <span class='ocrx_word' id='word_1_593' title='bbox 3043 3792 3232 3849; x_wconf 87' lang='lat' dir='ltr'><strong>David.</strong></span> 
     </span>
    </p>
   </div>
   <div class='ocr_carea' id='block_1_85' title="bbox 2211 3905 3730 3977">
    <p class='ocr_par' dir='ltr' id='par_1_85' title="bbox 2211 3905 3730 3977">
     <span class='ocr_line' id='line_1_85' title="bbox 2211 3905 3730 3977; baseline 0.001 -15"><span class='ocrx_word' id='word_1_594' title='bbox 2211 3907 2342 3963; x_wconf 85' lang='lat' dir='ltr'><strong>Post</strong></span> <span class='ocrx_word' id='word_1_595' title='bbox 2369 3905 2487 3965; x_wconf 85' lang='lat' dir='ltr'><strong>illas</strong></span> <span class='ocrx_word' id='word_1_596' title='bbox 2508 3906 2651 3961; x_wconf 87' lang='lat' dir='ltr'><strong>beati</strong></span> <span class='ocrx_word' id='word_1_597' title='bbox 2676 3906 2928 3977; x_wconf 86' lang='lat' dir='ltr'><strong>pauperis</strong></span> <span class='ocrx_word' id='word_1_598' title='bbox 2958 3905 3283 3960; x_wconf 85' lang='lat' dir='ltr'><strong>humillimas</strong></span> <span class='ocrx_word' id='word_1_599' title='bbox 3324 3919 3514 3974; x_wconf 87' lang='lat' dir='ltr'><strong>preces</strong></span> <span class='ocrx_word' id='word_1_600' title='bbox 3540 3912 3593 3962; x_wconf 89' lang='lat' dir='ltr'><strong>et</strong></span> <span class='ocrx_word' id='word_1_601' title='bbox 3626 3911 3730 3965; x_wconf 88' lang='lat' dir='ltr'><strong>tam</strong></span> 
     </span>
    </p>
   </div>
   <div class='ocr_carea' id='block_1_86' title="bbox 2141 3995 3737 4066">
    <p class='ocr_par' dir='ltr' id='par_1_86' title="bbox 2141 3995 3737 4066">
     <span class='ocr_line' id='line_1_86' title="bbox 2141 3995 3737 4066; baseline 0.003 -13"><span class='ocrx_word' id='word_1_602' title='bbox 2141 4012 2348 4066; x_wconf 71' lang='lat' dir='ltr'><strong>magna:</strong></span> <span class='ocrx_word' id='word_1_603' title='bbox 2407 3998 2739 4066; x_wconf 64' lang='lat' dir='ltr'><strong>paenitentiae</strong></span> <span class='ocrx_word' id='word_1_604' title='bbox 2797 3995 3029 4064; x_wconf 83' lang='lat' dir='ltr'><strong>gemitus</strong></span> <span class='ocrx_word' id='word_1_605' title='bbox 3086 3996 3405 4064; x_wconf 82' lang='lat' dir='ltr'><strong>explicatos,</strong></span> <span class='ocrx_word' id='word_1_606' title='bbox 3452 4006 3599 4054; x_wconf 87' lang='lat' dir='ltr'><strong>totus</strong></span> <span class='ocrx_word' id='word_1_607' title='bbox 3648 3999 3737 4057; x_wconf 79' lang='lat' dir='ltr'><strong>hic</strong></span> 
     </span>
    </p>
   </div>
   <div class='ocr_carea' id='block_1_87' title="bbox 2141 4085 3737 4165">
    <p class='ocr_par' dir='ltr' id='par_1_87' title="bbox 2141 4085 3737 4165">
     <span class='ocr_line' id='line_1_87' title="bbox 2141 4085 3737 4165; baseline 0.005 -24"><span class='ocrx_word' id='word_1_608' title='bbox 2141 4088 2379 4159; x_wconf 87' lang='lat' dir='ltr'><strong>psalmus</strong></span> <span class='ocrx_word' id='word_1_609' title='bbox 2421 4087 2630 4143; x_wconf 87' lang='lat' dir='ltr'><strong>Domini</strong></span> <span class='ocrx_word' id='word_1_610' title='bbox 2676 4087 2832 4141; x_wconf 88' lang='lat' dir='ltr'><strong>laude</strong></span> <span class='ocrx_word' id='word_1_611' title='bbox 2875 4085 3019 4159; x_wconf 83' lang='lat' dir='ltr'><strong>[mss.</strong></span> <span class='ocrx_word' id='word_1_612' title='bbox 3047 4088 3138 4155; x_wconf 82' lang='lat' dir='ltr'><strong>A.,</strong></span> <span class='ocrx_word' id='word_1_613' title='bbox 3163 4086 3254 4153; x_wconf 88' lang='lat' dir='ltr'><strong>B.,</strong></span> <span class='ocrx_word' id='word_1_614' title='bbox 3287 4086 3380 4156; x_wconf 88' lang='lat' dir='ltr'><strong>F.,</strong></span> <span class='ocrx_word' id='word_1_615' title='bbox 3408 4089 3737 4165; x_wconf 84' lang='lat' dir='ltr'><strong>laudatione]</strong></span> 
     </span>
    </p>
   </div>
   <div class='ocr_carea' id='block_1_88' title="bbox 2142 4180 3736 4257">
    <p class='ocr_par' dir='ltr' id='par_1_88' title="bbox 2142 4180 3736 4257">
     <span class='ocr_line' id='line_1_88' title="bbox 2142 4180 3736 4257; baseline 0.003 -22"><span class='ocrx_word' id='word_1_616' title='bbox 2142 4180 2381 4250; x_wconf 88' lang='lat' dir='ltr'><strong>repletus</strong></span> <span class='ocrx_word' id='word_1_617' title='bbox 2410 4187 2524 4245; x_wconf 91' lang='lat' dir='ltr'><strong>est;</strong></span> <span class='ocrx_word' id='word_1_618' title='bbox 2568 4188 2626 4233; x_wconf 90' lang='lat' dir='ltr'><strong>ut</strong></span> <span class='ocrx_word' id='word_1_619' title='bbox 2658 4180 2745 4248; x_wconf 88' lang='lat' dir='ltr'><strong>pia</strong></span> <span class='ocrx_word' id='word_1_620' title='bbox 2773 4180 3126 4248; x_wconf 85' lang='lat' dir='ltr'><strong>dispositione</strong></span> <span class='ocrx_word' id='word_1_621' title='bbox 3155 4182 3524 4250; x_wconf 54' lang='lat' dir='ltr'><strong>praecedentes</strong></span> <span class='ocrx_word' id='word_1_622' title='bbox 3552 4186 3736 4257; x_wconf 81' lang='lat' dir='ltr'><strong>lacry-</strong></span> 
     </span>
    </p>
   </div>
   <div class='ocr_carea' id='block_1_89' title="bbox 2144 4271 3737 4342">
    <p class='ocr_par' dir='ltr' id='par_1_89' title="bbox 2144 4271 3737 4342">
     <span class='ocr_line' id='line_1_89' title="bbox 2144 4271 3737 4342; baseline 0.004 -16"><span class='ocrx_word' id='word_1_623' title='bbox 2144 4286 2260 4327; x_wconf 87' lang='lat' dir='ltr'><strong>mas</strong></span> <span class='ocrx_word' id='word_1_624' title='bbox 2331 4272 2723 4341; x_wconf 66' lang='lat' dir='ltr'><strong>praeconiorum</strong></span> <span class='ocrx_word' id='word_1_625' title='bbox 2784 4271 2973 4341; x_wconf 81' lang='lat' dir='ltr'><strong>gaudia</strong></span> <span class='ocrx_word' id='word_1_626' title='bbox 3038 4280 3410 4342; x_wconf 72' lang='lat' dir='ltr'><strong>sequerentur;</strong></span> <span class='ocrx_word' id='word_1_627' title='bbox 3492 4276 3557 4331; x_wconf 86' lang='lat' dir='ltr'><strong>Et</strong></span> <span class='ocrx_word' id='word_1_628' title='bbox 3613 4276 3737 4334; x_wconf 83' lang='lat' dir='ltr'><strong>ideo</strong></span> 
     </span>
    </p>
   </div>
   <div class='ocr_carea' id='block_1_90' title="bbox 2144 4361 3733 4440">
    <p class='ocr_par' dir='ltr' id='par_1_90' title="bbox 2144 4361 3733 4440">
     <span class='ocr_line' id='line_1_90' title="bbox 2144 4361 3733 4440; baseline 0.006 -23"><span class='ocrx_word' id='word_1_629' title='bbox 2144 4362 2308 4436; x_wconf 88' lang='lat' dir='ltr'><strong>(sicut</strong></span> <span class='ocrx_word' id='word_1_630' title='bbox 2333 4378 2478 4434; x_wconf 82' lang='lat' dir='ltr'><strong>saepe</strong></span> <span class='ocrx_word' id='word_1_631' title='bbox 2512 4362 2763 4432; x_wconf 73' lang='lat' dir='ltr'><strong>diximus)</strong></span> <span class='ocrx_word' id='word_1_632' title='bbox 2791 4364 2891 4435; x_wconf 86' lang='lat' dir='ltr'><strong>ipsi</strong></span> <span class='ocrx_word' id='word_1_633' title='bbox 2917 4361 3086 4417; x_wconf 83' lang='lat' dir='ltr'><strong>David</strong></span> <span class='ocrx_word' id='word_1_634' title='bbox 3118 4366 3350 4434; x_wconf 90' lang='lat' dir='ltr'><strong>positum</strong></span> <span class='ocrx_word' id='word_1_635' title='bbox 3381 4375 3482 4437; x_wconf 90' lang='lat' dir='ltr'><strong>est,</strong></span> <span class='ocrx_word' id='word_1_636' title='bbox 3516 4382 3585 4424; x_wconf 89' lang='lat' dir='ltr'><strong>ne</strong></span> <span class='ocrx_word' id='word_1_637' title='bbox 3605 4368 3733 4440; x_wconf 84' lang='lat' dir='ltr'><strong>quid</strong></span> 
     </span>
    </p>
   </div>
   <div class='ocr_carea' id='block_1_91' title="bbox 2145 4457 3735 4531">
    <p class='ocr_par' dir='ltr' id='par_1_91' title="bbox 2145 4457 3735 4531">
     <span class='ocr_line' id='line_1_91' title="bbox 2145 4457 3735 4531; baseline 0.003 -19"><span class='ocrx_word' id='word_1_638' title='bbox 2145 4458 2212 4512; x_wconf 90' lang='lat' dir='ltr'><strong>ad</strong></span> <span class='ocrx_word' id='word_1_639' title='bbox 2243 4457 2402 4513; x_wconf 91' lang='lat' dir='ltr'><strong>istum</strong></span> <span class='ocrx_word' id='word_1_640' title='bbox 2434 4468 2705 4513; x_wconf 87' lang='lat' dir='ltr'><strong>terrenum</strong></span> <span class='ocrx_word' id='word_1_641' title='bbox 2756 4472 2937 4528; x_wconf 89' lang='lat' dir='ltr'><strong>regem</strong></span> <span class='ocrx_word' id='word_1_642' title='bbox 2968 4457 3173 4515; x_wconf 83' lang='lat' dir='ltr'><strong>referre</strong></span> <span class='ocrx_word' id='word_1_643' title='bbox 3211 4459 3556 4527; x_wconf 85' lang='lat' dir='ltr'><strong>deberemus,</strong></span> <span class='ocrx_word' id='word_1_644' title='bbox 3609 4464 3735 4531; x_wconf 84' lang='lat' dir='ltr'><strong>quia</strong></span> 
     </span>
    </p>
   </div>
   <div class='ocr_carea' id='block_1_92' title="bbox 448 4550 3736 4641">
    <p class='ocr_par' dir='ltr' id='par_1_92' title="bbox 448 4550 3736 4641">
     <span class='ocr_line' id='line_1_92' title="bbox 448 4550 3736 4641; baseline 0.001 -36"><span class='ocrx_word' id='word_1_645' title='bbox 448 4550 793 4627; x_wconf 53' lang='lat' dir='ltr'><strong>beatitudinis</strong></span> <span class='ocrx_word' id='word_1_646' title='bbox 832 4570 1100 4640; x_wconf 47' lang='lat' dir='ltr'><strong>signiﬁca,</strong></span> <span class='ocrx_word' id='word_1_647' title='bbox 1143 4584 1302 4639; x_wconf 60' lang='lat' dir='ltr'><strong>quem</strong></span> <span class='ocrx_word' id='word_1_648' title='bbox 1330 4569 1587 4625; x_wconf 65' lang='lat' dir='ltr'><strong>Dominus</strong></span> <span class='ocrx_word' id='word_1_649' title='bbox 1620 4571 1807 4637; x_wconf 45' lang='lat' dir='ltr'><strong>haben</strong></span> <span class='ocrx_word' id='word_1_650' title='bbox 1840 4572 1906 4628; x_wconf 67' lang='lat' dir='ltr'><strong>de</strong></span> <span class='ocrx_word' id='word_1_651' title='bbox 1929 4588 2039 4641; x_wconf 72' lang='lat' dir='ltr'><strong>quo</strong></span> <span class='ocrx_word' id='word_1_652' title='bbox 2066 4571 2121 4634; x_wconf 67' lang='grc' dir='ltr'><strong>Ι)</strong></span> <span class='ocrx_word' id='word_1_653' title='bbox 2145 4566 2377 4619; x_wconf 87' lang='lat' dir='ltr'><strong>superna</strong></span> <span class='ocrx_word' id='word_1_654' title='bbox 2421 4551 2536 4605; x_wconf 86' lang='lat' dir='ltr'><strong>laus</strong></span> <span class='ocrx_word' id='word_1_655' title='bbox 2590 4550 2886 4605; x_wconf 79' lang='lat' dir='ltr'><strong>manifeStis</strong></span> <span class='ocrx_word' id='word_1_656' title='bbox 2937 4552 3187 4606; x_wconf 88' lang='lat' dir='ltr'><strong>sensibus</strong></span> <span class='ocrx_word' id='word_1_657' title='bbox 3233 4552 3577 4620; x_wconf 71' lang='lat' dir='ltr'><strong>esplanatur.</strong></span> <span class='ocrx_word' id='word_1_658' title='bbox 3634 4554 3736 4609; x_wconf 85' lang='lat' dir='ltr'><strong>Est</strong></span> 
     </span>
    </p>
   </div>
   <div class='ocr_carea' id='block_1_93' title="bbox 446 4642 2028 4731">
    <p class='ocr_par' dir='ltr' id='par_1_93' title="bbox 446 4660 2028 4731">
     <span class='ocr_line' id='line_1_93' title="bbox 446 4660 2028 4731; baseline 0 -14"><span class='ocrx_word' id='word_1_659' title='bbox 446 4660 617 4717; x_wconf 74' lang='lat' dir='ltr'><strong>dicit:</strong></span> <span class='ocrx_word' id='word_1_660' title='bbox 644 4661 823 4730; x_wconf 85' lang='lat' dir='ltr'><strong>Pater,</strong></span> <span class='ocrx_word' id='word_1_661' title='bbox 847 4662 959 4716; x_wconf 87' lang='lat' dir='ltr'><strong>volo</strong></span> <span class='ocrx_word' id='word_1_662' title='bbox 985 4669 1039 4715; x_wconf 85' lang='lat' dir='ltr'><strong>ut</strong></span> <span class='ocrx_word' id='word_1_663' title='bbox 1065 4660 1150 4714; x_wconf 88' lang='lat' dir='ltr'><strong>ubi</strong></span> <span class='ocrx_word' id='word_1_664' title='bbox 1176 4676 1268 4731; x_wconf 84' lang='lat' dir='ltr'><strong>ego</strong></span> <span class='ocrx_word' id='word_1_665' title='bbox 1299 4676 1433 4725; x_wconf 86' lang='lat' dir='ltr'><strong>sum,</strong></span> <span class='ocrx_word' id='word_1_666' title='bbox 1457 4660 1527 4714; x_wconf 79' lang='lat' dir='ltr'><strong>ibi</strong></span> <span class='ocrx_word' id='word_1_667' title='bbox 1556 4660 1658 4716; x_wconf 87' lang='lat' dir='ltr'><strong>sint</strong></span> <span class='ocrx_word' id='word_1_668' title='bbox 1680 4670 1728 4715; x_wconf 89' lang='lat' dir='ltr'><strong>et</strong></span> <span class='ocrx_word' id='word_1_669' title='bbox 1756 4661 1809 4715; x_wconf 90' lang='lat' dir='ltr'><strong>hi</strong></span> <span class='ocrx_word' id='word_1_670' title='bbox 1840 4678 2028 4717; x_wconf 84' lang='lat' dir='ltr'><strong>mecum</strong></span> 
     </span>
    </p>
   </div>
   <div class='ocr_carea' id='block_1_94' title="bbox 2131 4642 3735 4731">
    <p class='ocr_par' dir='ltr' id='par_1_94' title="bbox 2146 4642 3735 4711">
     <span class='ocr_line' id='line_1_94' title="bbox 2146 4642 3735 4711; baseline 0.003 -12"><span class='ocrx_word' id='word_1_671' title='bbox 2146 4644 2288 4699; x_wconf 87' lang='lat' dir='ltr'><strong>enim</strong></span> <span class='ocrx_word' id='word_1_672' title='bbox 2317 4643 2523 4699; x_wconf 82' lang='lat' dir='ltr'><strong>lucidus</strong></span> <span class='ocrx_word' id='word_1_673' title='bbox 2556 4651 2609 4699; x_wconf 90' lang='lat' dir='ltr'><strong>et</strong></span> <span class='ocrx_word' id='word_1_674' title='bbox 2642 4642 2778 4698; x_wconf 89' lang='lat' dir='ltr'><strong>tituli</strong></span> <span class='ocrx_word' id='word_1_675' title='bbox 2806 4644 2884 4698; x_wconf 88' lang='lat' dir='ltr'><strong>sui</strong></span> <span class='ocrx_word' id='word_1_676' title='bbox 2914 4644 3158 4697; x_wconf 84' lang='lat' dir='ltr'><strong>claritate</strong></span> <span class='ocrx_word' id='word_1_677' title='bbox 3177 4642 3502 4711; x_wconf 87' lang='lat' dir='ltr'><strong>consimilis,</strong></span> <span class='ocrx_word' id='word_1_678' title='bbox 3532 4652 3589 4701; x_wconf 88' lang='lat' dir='ltr'><strong>ut</strong></span> <span class='ocrx_word' id='word_1_679' title='bbox 3618 4645 3735 4703; x_wconf 72' lang='lat' dir='ltr'><strong>sine</strong></span> 
     </span>
    </p>
   </div>
   <div class='ocr_carea' id='block_1_95' title="bbox 448 4734 3737 4826">
    <p class='ocr_par' dir='ltr' id='par_1_95' title="bbox 448 4734 3737 4826">
     <span class='ocr_line' id='line_1_95' title="bbox 448 4734 3737 4826; baseline 0 -32"><span class='ocrx_word' id='word_1_680' title='bbox 448 4752 630 4826; x_wconf 67' lang='grc' dir='ltr'><strong>(ιοαη,</strong></span> <span class='ocrx_word' id='word_1_681' title='bbox 660 4768 797 4817; x_wconf 54' lang='lat' dir='ltr'><strong>xv&quot;,</strong></span> <span class='ocrx_word' id='word_1_682' title='bbox 828 4752 944 4821; x_wconf 55' lang='lat'><strong>21,),</strong></span> <span class='ocrx_word' id='word_1_683' title='bbox 1005 4752 1059 4807; x_wconf 69' lang='lat' dir='ltr'><strong>in</strong></span> <span class='ocrx_word' id='word_1_684' title='bbox 1098 4766 1263 4821; x_wconf 60' lang='lat' dir='ltr'><strong>regno</strong></span> <span class='ocrx_word' id='word_1_685' title='bbox 1289 4751 1499 4808; x_wconf 57' lang='lat' dir='ltr'><strong>scilicet</strong></span> <span class='ocrx_word' id='word_1_686' title='bbox 1538 4753 1632 4807; x_wconf 73' lang='grc' dir='ltr'><strong>ίιιο</strong></span> <span class='ocrx_word' id='word_1_687' title='bbox 1661 4764 1920 4822; x_wconf 53' lang='lat' dir='ltr'><strong>perpetuo</strong></span> <span class='ocrx_word' id='word_1_688' title='bbox 1950 4756 2045 4818; x_wconf 57' lang='lat' dir='ltr'><strong>ubi</strong></span> <span class='ocrx_word' id='word_1_689' title='bbox 2145 4735 2460 4805; x_wconf 86' lang='lat' dir='ltr'><strong>difﬁcultate</strong></span> <span class='ocrx_word' id='word_1_690' title='bbox 2488 4735 2751 4792; x_wconf 89' lang='lat' dir='ltr'><strong>dictorum</strong></span> <span class='ocrx_word' id='word_1_691' title='bbox 2781 4736 2969 4805; x_wconf 90' lang='lat' dir='ltr'><strong>psalmi</strong></span> <span class='ocrx_word' id='word_1_692' title='bbox 3015 4734 3400 4793; x_wconf 87' lang='lat' dir='ltr'><strong>continentiam</strong></span> <span class='ocrx_word' id='word_1_693' title='bbox 3429 4738 3737 4811; x_wconf 77' lang='lat' dir='ltr'><strong>intelligere</strong></span> 
     </span>
    </p>
   </div>
   <div class='ocr_carea' id='block_1_96' title="bbox 438 4846 2036 4917">
    <p class='ocr_par' dir='ltr' id='par_1_96' title="bbox 438 4846 2036 4917">
     <span class='ocr_line' id='line_1_96' title="bbox 438 4846 2036 4917; baseline 0.004 -19"><span class='ocrx_word' id='word_1_694' title='bbox 438 4846 703 4917; x_wconf 82' lang='lat' dir='ltr'><strong>gaudium</strong></span> <span class='ocrx_word' id='word_1_695' title='bbox 727 4854 985 4901; x_wconf 69' lang='lat' dir='ltr'><strong>:eternum</strong></span> <span class='ocrx_word' id='word_1_696' title='bbox 1032 4852 1135 4912; x_wconf 82' lang='lat' dir='ltr'><strong>est,</strong></span> <span class='ocrx_word' id='word_1_697' title='bbox 1179 4852 1235 4900; x_wconf 92' lang='lat' dir='ltr'><strong>et</strong></span> <span class='ocrx_word' id='word_1_698' title='bbox 1282 4860 1554 4916; x_wconf 88' lang='lat' dir='ltr'><strong>nunquam</strong></span> <span class='ocrx_word' id='word_1_699' title='bbox 1601 4846 1830 4902; x_wconf 89' lang='lat' dir='ltr'><strong>ﬁnienda</strong></span> <span class='ocrx_word' id='word_1_700' title='bbox 1875 4863 2036 4904; x_wconf 85' lang='lat' dir='ltr'><strong>secu-</strong></span> 
     </span>
    </p>
   </div>
   <div class='ocr_carea' id='block_1_97' title="bbox 441 4935 2035 5003">
    <p class='ocr_par' dir='ltr' id='par_1_97' title="bbox 441 4935 2035 5003">
     <span class='ocr_line' id='line_1_97' title="bbox 441 4935 2035 5003; baseline 0.003 -11"><span class='ocrx_word' id='word_1_701' title='bbox 441 4937 597 4992; x_wconf 82' lang='lat' dir='ltr'><strong>ritas.</strong></span> <span class='ocrx_word' id='word_1_702' title='bbox 645 4935 752 4991; x_wconf 86' lang='lat' dir='ltr'><strong>Sed</strong></span> <span class='ocrx_word' id='word_1_703' title='bbox 794 4937 865 4990; x_wconf 81' lang='lat' dir='ltr'><strong>ita</strong></span> <span class='ocrx_word' id='word_1_704' title='bbox 906 4935 1044 5003; x_wconf 83' lang='lat' dir='ltr'><strong>ﬁlios</strong></span> <span class='ocrx_word' id='word_1_705' title='bbox 1083 4950 1341 4989; x_wconf 78' lang='lat' dir='ltr'><strong>servorum</strong></span> <span class='ocrx_word' id='word_1_706' title='bbox 1389 4937 1463 4991; x_wconf 91' lang='lat' dir='ltr'><strong>ibi</strong></span> <span class='ocrx_word' id='word_1_707' title='bbox 1491 4952 1612 4992; x_wconf 89' lang='lat' dir='ltr'><strong>cum</strong></span> <span class='ocrx_word' id='word_1_708' title='bbox 1640 4936 1870 4993; x_wconf 90' lang='lat' dir='ltr'><strong>Domino</strong></span> <span class='ocrx_word' id='word_1_709' title='bbox 1913 4954 2035 4996; x_wconf 79' lang='lat' dir='ltr'><strong>esse</strong></span> 
     </span>
    </p>
   </div>
   <div class='ocr_carea' id='block_1_98' title="bbox 444 5026 2040 5099">
    <p class='ocr_par' dir='ltr' id='par_1_98' title="bbox 444 5026 2040 5099">
     <span class='ocr_line' id='line_1_98' title="bbox 444 5026 2040 5099; baseline 0.001 -16"><span class='ocrx_word' id='word_1_710' title='bbox 444 5044 730 5099; x_wconf 82' lang='lat' dir='ltr'><strong>cognosce,</strong></span> <span class='ocrx_word' id='word_1_711' title='bbox 780 5038 840 5081; x_wconf 85' lang='lat' dir='ltr'><strong>ut</strong></span> <span class='ocrx_word' id='word_1_712' title='bbox 887 5036 944 5081; x_wconf 91' lang='lat' dir='ltr'><strong>et</strong></span> <span class='ocrx_word' id='word_1_713' title='bbox 988 5027 1134 5094; x_wconf 88' lang='lat' dir='ltr'><strong>ipsos</strong></span> <span class='ocrx_word' id='word_1_714' title='bbox 1179 5041 1388 5091; x_wconf 89' lang='lat' dir='ltr'><strong>servos,</strong></span> <span class='ocrx_word' id='word_1_715' title='bbox 1436 5026 1489 5081; x_wconf 92' lang='lat' dir='ltr'><strong>id</strong></span> <span class='ocrx_word' id='word_1_716' title='bbox 1530 5036 1616 5083; x_wconf 90' lang='lat' dir='ltr'><strong>est</strong></span> <span class='ocrx_word' id='word_1_717' title='bbox 1659 5029 1934 5097; x_wconf 86' lang='lat' dir='ltr'><strong>apostolos</strong></span> <span class='ocrx_word' id='word_1_718' title='bbox 1980 5037 2040 5085; x_wconf 88' lang='lat' dir='ltr'><strong>et</strong></span> 
     </span>
    </p>
   </div>
   <div class='ocr_carea' id='block_1_99' title="bbox 447 5120 2047 5197">
    <p class='ocr_par' dir='ltr' id='par_1_99' title="bbox 447 5120 2047 5197">
     <span class='ocr_line' id='line_1_99' title="bbox 447 5120 2047 5197; baseline 0.004 -22"><span class='ocrx_word' id='word_1_719' title='bbox 447 5123 828 5197; x_wconf 75' lang='lat' dir='ltr'><strong>przedicatores</strong></span> <span class='ocrx_word' id='word_1_720' title='bbox 857 5121 972 5189; x_wconf 86' lang='lat' dir='ltr'><strong>ejus</strong></span> <span class='ocrx_word' id='word_1_721' title='bbox 1001 5134 1120 5175; x_wconf 89' lang='lat' dir='ltr'><strong>esse</strong></span> <span class='ocrx_word' id='word_1_722' title='bbox 1150 5134 1253 5173; x_wconf 90' lang='lat' dir='ltr'><strong>non</strong></span> <span class='ocrx_word' id='word_1_723' title='bbox 1281 5120 1516 5175; x_wconf 84' lang='lat' dir='ltr'><strong>dubites.</strong></span> <span class='ocrx_word' id='word_1_724' title='bbox 1562 5122 1693 5177; x_wconf 78' lang='lat' dir='ltr'><strong>Nam</strong></span> <span class='ocrx_word' id='word_1_725' title='bbox 1725 5121 1772 5176; x_wconf 91' lang='lat' dir='ltr'><strong>si</strong></span> <span class='ocrx_word' id='word_1_726' title='bbox 1803 5122 2047 5192; x_wconf 11' lang='lat' dir='ltr'><strong>discipu-t</strong></span> 
     </span>
    </p>
   </div>
   <div class='ocr_carea' id='block_1_100' title="bbox 444 5208 2051 5291">
    <p class='ocr_par' dir='ltr' id='par_1_100' title="bbox 444 5208 2051 5291">
     <span class='ocr_line' id='line_1_100' title="bbox 444 5208 2051 5291; baseline 0.002 -23"><span class='ocrx_word' id='word_1_727' title='bbox 444 5213 511 5291; x_wconf 85' lang='lat' dir='ltr'><strong>lis</strong></span> <span class='ocrx_word' id='word_1_728' title='bbox 542 5213 689 5267; x_wconf 79' lang='lat' dir='ltr'><strong>locus</strong></span> <span class='ocrx_word' id='word_1_729' title='bbox 720 5210 1066 5266; x_wconf 88' lang='lat' dir='ltr'><strong>beatitudinis</strong></span> <span class='ocrx_word' id='word_1_730' title='bbox 1099 5208 1276 5277; x_wconf 91' lang='lat' dir='ltr'><strong>datur,</strong></span> <span class='ocrx_word' id='word_1_731' title='bbox 1310 5211 1551 5279; x_wconf 88' lang='lat' dir='ltr'><strong>nunquid</strong></span> <span class='ocrx_word' id='word_1_732' title='bbox 1592 5212 1737 5281; x_wconf 76' lang='lat' dir='ltr'><strong>ipsis</strong></span> <span class='ocrx_word' id='word_1_733' title='bbox 1764 5216 2051 5284; x_wconf 76' lang='lat' dir='ltr'><strong>magistris,</strong></span> 
     </span>
    </p>
   </div>
   <div class='ocr_carea' id='block_1_101' title="bbox 438 5302 2041 5375">
    <p class='ocr_par' dir='ltr' id='par_1_101' title="bbox 438 5302 2041 5375">
     <span class='ocr_line' id='line_1_101' title="bbox 438 5302 2041 5375; baseline 0.004 -16"><span class='ocrx_word' id='word_1_734' title='bbox 438 5314 524 5359; x_wconf 87' lang='lat' dir='ltr'><strong>est</strong></span> <span class='ocrx_word' id='word_1_735' title='bbox 566 5304 789 5358; x_wconf 84' lang='lat' dir='ltr'><strong>forsitan</strong></span> <span class='ocrx_word' id='word_1_736' title='bbox 838 5302 1225 5371; x_wconf 82' lang='lat' dir='ltr'><strong>abnegandus?</strong></span> <span class='ocrx_word' id='word_1_737' title='bbox 1268 5303 1372 5358; x_wconf 82' lang='lat' dir='ltr'><strong>Sed</strong></span> <span class='ocrx_word' id='word_1_738' title='bbox 1432 5318 1559 5359; x_wconf 89' lang='lat' dir='ltr'><strong>usus</strong></span> <span class='ocrx_word' id='word_1_739' title='bbox 1611 5305 1906 5375; x_wconf 68' lang='lat' dir='ltr'><strong>Scriptura:</strong></span> <span class='ocrx_word' id='word_1_740' title='bbox 1953 5315 2041 5365; x_wconf 83' lang='lat' dir='ltr'><strong>est</strong></span> 
     </span>
    </p>
   </div>
   <div class='ocr_carea' id='block_1_102' title="bbox 438 5396 2028 5471">
    <p class='ocr_par' dir='ltr' id='par_1_102' title="bbox 438 5396 2028 5471">
     <span class='ocr_line' id='line_1_102' title="bbox 438 5396 2028 5471; baseline 0.002 -18"><span class='ocrx_word' id='word_1_741' title='bbox 438 5397 728 5471; x_wconf 85' lang='lat' dir='ltr'><strong>aliquando</strong></span> <span class='ocrx_word' id='word_1_742' title='bbox 793 5396 1003 5453; x_wconf 87' lang='lat' dir='ltr'><strong>minora</strong></span> <span class='ocrx_word' id='word_1_743' title='bbox 1066 5396 1265 5464; x_wconf 91' lang='lat' dir='ltr'><strong>dicere,</strong></span> <span class='ocrx_word' id='word_1_744' title='bbox 1339 5406 1395 5451; x_wconf 90' lang='lat' dir='ltr'><strong>ut</strong></span> <span class='ocrx_word' id='word_1_745' title='bbox 1452 5407 1507 5452; x_wconf 91' lang='lat' dir='ltr'><strong>et</strong></span> <span class='ocrx_word' id='word_1_746' title='bbox 1581 5398 1784 5468; x_wconf 83' lang='lat' dir='ltr'><strong>majora</strong></span> <span class='ocrx_word' id='word_1_747' title='bbox 1832 5401 2028 5457; x_wconf 88' lang='lat' dir='ltr'><strong>ibidem</strong></span> 
     </span>
    </p>
   </div>
   <div class='ocr_carea' id='block_1_103' title="bbox 436 5489 2048 5561">
    <p class='ocr_par' dir='ltr' id='par_1_103' title="bbox 436 5489 2048 5561">
     <span class='ocr_line' id='line_1_103' title="bbox 436 5489 2048 5561; baseline 0.002 -15"><span class='ocrx_word' id='word_1_748' title='bbox 436 5492 717 5561; x_wconf 81' lang='lat' dir='ltr'><strong>complexa</strong></span> <span class='ocrx_word' id='word_1_749' title='bbox 754 5489 1064 5558; x_wconf 86' lang='lat' dir='ltr'><strong>vidcantur,</strong></span> <span class='ocrx_word' id='word_1_750' title='bbox 1108 5500 1165 5545; x_wconf 90' lang='lat' dir='ltr'><strong>ut</strong></span> <span class='ocrx_word' id='word_1_751' title='bbox 1205 5492 1256 5544; x_wconf 92' lang='lat' dir='ltr'><strong>in</strong></span> <span class='ocrx_word' id='word_1_752' title='bbox 1304 5490 1408 5545; x_wconf 84' lang='lat' dir='ltr'><strong>alio</strong></span> <span class='ocrx_word' id='word_1_753' title='bbox 1449 5490 1654 5559; x_wconf 88' lang='lat' dir='ltr'><strong>psalmo</strong></span> <span class='ocrx_word' id='word_1_754' title='bbox 1682 5493 1881 5549; x_wconf 88' lang='lat' dir='ltr'><strong>dictum</strong></span> <span class='ocrx_word' id='word_1_755' title='bbox 1911 5505 2048 5551; x_wconf 82' lang='lat' dir='ltr'><strong>est:.</strong></span> 
     </span>
    </p>
   </div>
   <div class='ocr_carea' id='block_1_104' title="bbox 436 5580 2051 5651">
    <p class='ocr_par' dir='ltr' id='par_1_104' title="bbox 436 5580 2051 5651">
     <span class='ocr_line' id='line_1_104' title="bbox 436 5580 2051 5651; baseline 0.004 -16"><span class='ocrx_word' id='word_1_756' title='bbox 436 5580 500 5635; x_wconf 82' lang='lat' dir='ltr'><strong>Si</strong></span> <span class='ocrx_word' id='word_1_757' title='bbox 544 5582 745 5637; x_wconf 71' lang='lat' dir='ltr'><strong>videbas</strong></span> <span class='ocrx_word' id='word_1_758' title='bbox 788 5584 967 5651; x_wconf 80' lang='lat' dir='ltr'><strong>furem,</strong></span> <span class='ocrx_word' id='word_1_759' title='bbox 1002 5582 1235 5637; x_wconf 71' lang='lat' dir='ltr'><strong>cnrrebas</strong></span> <span class='ocrx_word' id='word_1_760' title='bbox 1277 5599 1389 5636; x_wconf 89' lang='lat' dir='ltr'><strong>cum</strong></span> <span class='ocrx_word' id='word_1_761' title='bbox 1427 5598 1506 5644; x_wconf 84' lang='lat' dir='ltr'><strong>eo,</strong></span> <span class='ocrx_word' id='word_1_762' title='bbox 1539 5591 1589 5636; x_wconf 83' lang='lat' dir='ltr'><strong>et</strong></span> <span class='ocrx_word' id='word_1_763' title='bbox 1627 5600 1743 5636; x_wconf 87' lang='lat' dir='ltr'><strong>cum</strong></span> <span class='ocrx_word' id='word_1_764' title='bbox 1783 5585 2051 5647; x_wconf 70' lang='lat' dir='ltr'><strong>adulteris</strong></span> 
     </span>
    </p>
   </div>
   <div class='ocr_carea' id='block_1_105' title="bbox 439 5676 2031 5746">
    <p class='ocr_par' dir='ltr' id='par_1_105' title="bbox 439 5676 2031 5746">
     <span class='ocr_line' id='line_1_105' title="bbox 439 5676 2031 5746; baseline 0.005 -17"><span class='ocrx_word' id='word_1_765' title='bbox 439 5677 725 5745; x_wconf 81' lang='lat' dir='ltr'><strong>portionem</strong></span> <span class='ocrx_word' id='word_1_766' title='bbox 767 5687 906 5731; x_wconf 80' lang='lat' dir='ltr'><strong>luant</strong></span> <span class='ocrx_word' id='word_1_767' title='bbox 953 5678 1173 5746; x_wconf 78' lang='lat' dir='ltr'><strong>ponebas</strong></span> <span class='ocrx_word' id='word_1_768' title='bbox 1218 5676 1393 5744; x_wconf 64' lang='lat' dir='ltr'><strong>(Ps-al.</strong></span> <span class='ocrx_word' id='word_1_769' title='bbox 1438 5692 1580 5746; x_wconf 61' lang='grc' dir='ltr'><strong>κως,</strong></span> <span class='ocrx_word' id='word_1_770' title='bbox 1617 5677 1728 5743; x_wconf 76' lang='grc'><strong>18).</strong></span> <span class='ocrx_word' id='word_1_771' title='bbox 1781 5678 1855 5733; x_wconf 72' lang='lat' dir='ltr'><strong>lbi</strong></span> <span class='ocrx_word' id='word_1_772' title='bbox 1885 5682 2031 5737; x_wconf 81' lang='lat' dir='ltr'><strong>enim</strong></span> 
     </span>
    </p>
   </div>
   <div class='ocr_carea' id='block_1_106' title="bbox 439 5768 2033 5841">
    <p class='ocr_par' dir='ltr' id='par_1_106' title="bbox 439 5768 2033 5841">
     <span class='ocr_line' id='line_1_106' title="bbox 439 5768 2033 5841; baseline 0.003 -15"><span class='ocrx_word' id='word_1_773' title='bbox 439 5768 645 5826; x_wconf 85' lang='lat' dir='ltr'><strong>minora</strong></span> <span class='ocrx_word' id='word_1_774' title='bbox 673 5768 816 5827; x_wconf 85' lang='lat' dir='ltr'><strong>dicta</strong></span> <span class='ocrx_word' id='word_1_775' title='bbox 845 5780 991 5839; x_wconf 84' lang='lat' dir='ltr'><strong>sunt,</strong></span> <span class='ocrx_word' id='word_1_776' title='bbox 1026 5786 1082 5827; x_wconf 87' lang='lat' dir='ltr'><strong>ut</strong></span> <span class='ocrx_word' id='word_1_777' title='bbox 1115 5771 1271 5827; x_wconf 89' lang='lat' dir='ltr'><strong>simul</strong></span> <span class='ocrx_word' id='word_1_778' title='bbox 1294 5779 1347 5827; x_wconf 91' lang='lat' dir='ltr'><strong>ct</strong></span> <span class='ocrx_word' id='word_1_779' title='bbox 1376 5768 1580 5841; x_wconf 83' lang='lat' dir='ltr'><strong>majora</strong></span> <span class='ocrx_word' id='word_1_780' title='bbox 1613 5770 1836 5827; x_wconf 85' lang='lat' dir='ltr'><strong>crimina</strong></span> <span class='ocrx_word' id='word_1_781' title='bbox 1868 5774 2033 5831; x_wconf 88' lang='lat' dir='ltr'><strong>senti-</strong></span> 
     </span>
    </p>
   </div>
   <div class='ocr_carea' id='block_1_107' title="bbox 2146 4828 3159 4889">
    <p class='ocr_par' dir='ltr' id='par_1_107' title="bbox 2146 4828 3159 4889">
     <span class='ocr_line' id='line_1_107' title="bbox 2146 4828 3159 4889; baseline -0.011 -6"><span class='ocrx_word' id='word_1_782' title='bbox 2146 4828 2461 4887; x_wconf 85' lang='lat' dir='ltr'><strong>debeamus.</strong></span> <span class='ocrx_word' id='word_1_783' title='bbox 3156 4886 3159 4889; x_wconf 15' lang='grc' dir='ltr'>δ</span> 
     </span>
    </p>
   </div>
   <div class='ocr_carea' id='block_1_108' title="bbox 2723 4920 3157 4993">
    <p class='ocr_par' dir='ltr' id='par_1_108' title="bbox 2723 4920 3157 4993">
     <span class='ocr_line' id='line_1_108' title="bbox 2723 4920 3157 4993; baseline 0.009 -18"><span class='ocrx_word' id='word_1_784' title='bbox 2723 4920 2920 4977; x_wconf 86' lang='lat' dir='ltr'><strong>Divisio</strong></span> <span class='ocrx_word' id='word_1_785' title='bbox 2950 4924 3157 4993; x_wconf 80' lang='lat' dir='ltr'><strong>psalmi.</strong></span> 
     </span>
    </p>
   </div>
   <div class='ocr_carea' id='block_1_109' title="bbox 2234 5035 3731 5111">
    <p class='ocr_par' dir='ltr' id='par_1_109' title="bbox 2234 5035 3731 5111">
     <span class='ocr_line' id='line_1_109' title="bbox 2234 5035 3731 5111; baseline 0.005 -20"><span class='ocrx_word' id='word_1_786' title='bbox 2234 5036 2334 5091; x_wconf 88' lang='lat' dir='ltr'><strong>Per</strong></span> <span class='ocrx_word' id='word_1_787' title='bbox 2378 5041 2550 5090; x_wconf 81' lang='lat' dir='ltr'><strong>totum</strong></span> <span class='ocrx_word' id='word_1_788' title='bbox 2599 5035 2813 5105; x_wconf 81' lang='lat' dir='ltr'><strong>quidem</strong></span> <span class='ocrx_word' id='word_1_789' title='bbox 2862 5037 3127 5107; x_wconf 89' lang='lat' dir='ltr'><strong>psalmum</strong></span> <span class='ocrx_word' id='word_1_790' title='bbox 3167 5036 3429 5108; x_wconf 83' lang='lat' dir='ltr'><strong>propheta</strong></span> <span class='ocrx_word' id='word_1_791' title='bbox 3471 5039 3731 5111; x_wconf 86' lang='lat' dir='ltr'><strong>loquitur.</strong></span> 
     </span>
    </p>
   </div>
   <div class='ocr_carea' id='block_1_110' title="bbox 2148 5127 3733 5200">
    <p class='ocr_par' dir='ltr' id='par_1_110' title="bbox 2148 5127 3733 5200">
     <span class='ocr_line' id='line_1_110' title="bbox 2148 5127 3733 5200; baseline 0.003 -17"><span class='ocrx_word' id='word_1_792' title='bbox 2148 5128 2327 5183; x_wconf 86' lang='lat' dir='ltr'><strong>Prima</strong></span> <span class='ocrx_word' id='word_1_793' title='bbox 2357 5129 2669 5183; x_wconf 84' lang='lat' dir='ltr'><strong>narratione</strong></span> <span class='ocrx_word' id='word_1_794' title='bbox 2707 5127 2774 5181; x_wconf 86' lang='lat' dir='ltr'><strong>ad</strong></span> <span class='ocrx_word' id='word_1_795' title='bbox 2817 5128 3048 5182; x_wconf 88' lang='lat' dir='ltr'><strong>animam</strong></span> <span class='ocrx_word' id='word_1_796' title='bbox 3090 5141 3239 5182; x_wconf 89' lang='lat' dir='ltr'><strong>suam</strong></span> <span class='ocrx_word' id='word_1_797' title='bbox 3279 5130 3438 5184; x_wconf 88' lang='lat' dir='ltr'><strong>verba</strong></span> <span class='ocrx_word' id='word_1_798' title='bbox 3488 5131 3630 5200; x_wconf 89' lang='lat' dir='ltr'><strong>facit,</strong></span> <span class='ocrx_word' id='word_1_799' title='bbox 3676 5141 3733 5188; x_wconf 86' lang='lat' dir='ltr'><strong>ut</strong></span> 
     </span>
    </p>
   </div>
   <div class='ocr_carea' id='block_1_111' title="bbox 2150 5218 3733 5292">
    <p class='ocr_par' dir='ltr' id='par_1_111' title="bbox 2150 5218 3733 5292">
     <span class='ocr_line' id='line_1_111' title="bbox 2150 5218 3733 5292; baseline 0.005 -19"><span class='ocrx_word' id='word_1_800' title='bbox 2150 5220 2431 5274; x_wconf 88' lang='lat' dir='ltr'><strong>henedicat</strong></span> <span class='ocrx_word' id='word_1_801' title='bbox 2478 5218 2760 5273; x_wconf 89' lang='lat' dir='ltr'><strong>Dominum</strong></span> <span class='ocrx_word' id='word_1_802' title='bbox 2788 5258 2804 5283; x_wconf 93' lang='lat'><strong>,</strong></span> <span class='ocrx_word' id='word_1_803' title='bbox 2851 5227 2903 5272; x_wconf 91' lang='lat' dir='ltr'><strong>et</strong></span> <span class='ocrx_word' id='word_1_804' title='bbox 2954 5220 3213 5274; x_wconf 88' lang='lat' dir='ltr'><strong>beneﬁcia</strong></span> <span class='ocrx_word' id='word_1_805' title='bbox 3265 5221 3382 5292; x_wconf 85' lang='lat' dir='ltr'><strong>ejus</strong></span> <span class='ocrx_word' id='word_1_806' title='bbox 3427 5223 3733 5282; x_wconf 85' lang='lat' dir='ltr'><strong>nullatenus</strong></span> 
     </span>
    </p>
   </div>
   <div class='ocr_carea' id='block_1_112' title="bbox 2148 5310 3731 5390">
    <p class='ocr_par' dir='ltr' id='par_1_112' title="bbox 2148 5310 3731 5390">
     <span class='ocr_line' id='line_1_112' title="bbox 2148 5310 3731 5390; baseline 0.005 -23"><span class='ocrx_word' id='word_1_807' title='bbox 2148 5312 2341 5367; x_wconf 85' lang='lat' dir='ltr'><strong>debeat</strong></span> <span class='ocrx_word' id='word_1_808' title='bbox 2396 5310 2662 5371; x_wconf 82' lang='lat' dir='ltr'><strong>oblivisci.</strong></span> <span class='ocrx_word' id='word_1_809' title='bbox 2733 5311 2979 5367; x_wconf 85' lang='lat' dir='ltr'><strong>Secunda</strong></span> <span class='ocrx_word' id='word_1_810' title='bbox 3030 5315 3335 5371; x_wconf 81' lang='lat' dir='ltr'><strong>narratione</strong></span> <span class='ocrx_word' id='word_1_811' title='bbox 3379 5315 3507 5372; x_wconf 92' lang='lat' dir='ltr'><strong>dicit</strong></span> <span class='ocrx_word' id='word_1_812' title='bbox 3558 5320 3731 5390; x_wconf 87' lang='lat' dir='ltr'><strong>qualia</strong></span> 
     </span>
    </p>
   </div>
   <div class='ocr_carea' id='block_1_113' title="bbox 2146 5400 3733 5480">
    <p class='ocr_par' dir='ltr' id='par_1_113' title="bbox 2146 5400 3733 5480">
     <span class='ocr_line' id='line_1_113' title="bbox 2146 5400 3733 5480; baseline 0.005 -23"><span class='ocrx_word' id='word_1_813' title='bbox 2146 5402 2312 5473; x_wconf 84' lang='lat' dir='ltr'><strong>Moysi</strong></span> <span class='ocrx_word' id='word_1_814' title='bbox 2352 5400 2692 5471; x_wconf 57' lang='lat' dir='ltr'><strong>praestiterit,</strong></span> <span class='ocrx_word' id='word_1_815' title='bbox 2734 5410 2791 5456; x_wconf 90' lang='lat' dir='ltr'><strong>et</strong></span> <span class='ocrx_word' id='word_1_816' title='bbox 2832 5403 3053 5473; x_wconf 89' lang='lat' dir='ltr'><strong>reliquis</strong></span> <span class='ocrx_word' id='word_1_817' title='bbox 3084 5403 3331 5461; x_wconf 48' lang='lat' dir='ltr'><strong>ﬁdelibus</strong></span> <span class='ocrx_word' id='word_1_818' title='bbox 3370 5409 3503 5477; x_wconf 82' lang='lat' dir='ltr'><strong>suis,</strong></span> <span class='ocrx_word' id='word_1_819' title='bbox 3531 5419 3589 5464; x_wconf 88' lang='lat' dir='ltr'><strong>nt</strong></span> <span class='ocrx_word' id='word_1_820' title='bbox 3618 5410 3733 5480; x_wconf 91' lang='lat' dir='ltr'><strong>ipse</strong></span> 
     </span>
    </p>
   </div>
   <div class='ocr_carea' id='block_1_114' title="bbox 2142 5496 3733 5567">
    <p class='ocr_par' dir='ltr' id='par_1_114' title="bbox 2142 5496 3733 5567">
     <span class='ocr_line' id='line_1_114' title="bbox 2142 5496 3733 5567; baseline 0.004 -15"><span class='ocrx_word' id='word_1_821' title='bbox 2142 5496 2471 5567; x_wconf 89' lang='lat' dir='ltr'><strong>intelligatur</strong></span> <span class='ocrx_word' id='word_1_822' title='bbox 2498 5511 2527 5549; x_wconf 91' lang='lat' dir='ltr'><strong>a</strong></span> <span class='ocrx_word' id='word_1_823' title='bbox 2553 5497 2765 5551; x_wconf 63' lang='lat' dir='ltr'><strong>saeculis</strong></span> <span class='ocrx_word' id='word_1_824' title='bbox 2788 5511 3002 5567; x_wconf 91' lang='lat' dir='ltr'><strong>semper</strong></span> <span class='ocrx_word' id='word_1_825' title='bbox 3029 5498 3192 5554; x_wconf 85' lang='lat' dir='ltr'><strong>fuisse</strong></span> <span class='ocrx_word' id='word_1_826' title='bbox 3223 5501 3524 5557; x_wconf 82' lang='lat' dir='ltr'><strong>innniﬁcus.</strong></span> <span class='ocrx_word' id='word_1_827' title='bbox 3549 5501 3733 5558; x_wconf 83' lang='lat' dir='ltr'><strong>Tertio</strong></span> 
     </span>
    </p>
   </div>
   <div class='ocr_carea' id='block_1_115' title="bbox 2139 5588 3732 5661">
    <p class='ocr_par' dir='ltr' id='par_1_115' title="bbox 2139 5588 3732 5661">
     <span class='ocr_line' id='line_1_115' title="bbox 2139 5588 3732 5661; baseline 0.004 -19"><span class='ocrx_word' id='word_1_828' title='bbox 2139 5591 2258 5645; x_wconf 91' lang='lat' dir='ltr'><strong>loco</strong></span> <span class='ocrx_word' id='word_1_829' title='bbox 2297 5590 2361 5641; x_wconf 87' lang='lat' dir='ltr'><strong>ad</strong></span> <span class='ocrx_word' id='word_1_830' title='bbox 2402 5589 2624 5658; x_wconf 84' lang='lat' dir='ltr'><strong>angelos</strong></span> <span class='ocrx_word' id='word_1_831' title='bbox 2670 5588 2840 5643; x_wconf 84' lang='lat' dir='ltr'><strong>verba</strong></span> <span class='ocrx_word' id='word_1_832' title='bbox 2875 5591 3158 5658; x_wconf 88' lang='lat' dir='ltr'><strong>convertit,</strong></span> <span class='ocrx_word' id='word_1_833' title='bbox 3201 5594 3426 5648; x_wconf 68' lang='lat' dir='ltr'><strong>virtutes</strong></span> <span class='ocrx_word' id='word_1_834' title='bbox 3471 5607 3732 5661; x_wconf 86' lang='lat' dir='ltr'><strong>supernas</strong></span> 
     </span>
    </p>
   </div>
   <div class='ocr_carea' id='block_1_116' title="bbox 2141 5682 3730 5752">
    <p class='ocr_par' dir='ltr' id='par_1_116' title="bbox 2141 5682 3730 5752">
     <span class='ocr_line' id='line_1_116' title="bbox 2141 5682 3730 5752; baseline 0 -15"><span class='ocrx_word' id='word_1_835' title='bbox 2141 5682 2452 5751; x_wconf 81' lang='lat' dir='ltr'><strong>alloquitur,</strong></span> <span class='ocrx_word' id='word_1_836' title='bbox 2488 5690 2542 5735; x_wconf 87' lang='lat' dir='ltr'><strong>et</strong></span> <span class='ocrx_word' id='word_1_837' title='bbox 2572 5682 2806 5752; x_wconf 84' lang='lat' dir='ltr'><strong>reliquas</strong></span> <span class='ocrx_word' id='word_1_838' title='bbox 2859 5682 3150 5738; x_wconf 82' lang='lat' dir='ltr'><strong>rationales</strong></span> <span class='ocrx_word' id='word_1_839' title='bbox 3194 5692 3468 5741; x_wconf 77' lang='lat' dir='ltr'><strong>creaturas</strong></span> <span class='ocrx_word' id='word_1_840' title='bbox 3516 5684 3730 5752; x_wconf 88' lang='lat' dir='ltr'><strong>invitat,</strong></span> 
     </span>
    </p>
   </div>
   <div class='ocr_carea' id='block_1_117' title="bbox 2140 5773 3737 5847">
    <p class='ocr_par' dir='ltr' id='par_1_117' title="bbox 2140 5773 3737 5847">
     <span class='ocr_line' id='line_1_117' title="bbox 2140 5773 3737 5847; baseline 0 -16"><span class='ocrx_word' id='word_1_841' title='bbox 2140 5786 2201 5833; x_wconf 88' lang='lat' dir='ltr'><strong>ut</strong></span> <span class='ocrx_word' id='word_1_842' title='bbox 2222 5774 2434 5831; x_wconf 89' lang='lat' dir='ltr'><strong>Domini</strong></span> <span class='ocrx_word' id='word_1_843' title='bbox 2459 5773 2658 5845; x_wconf 84' lang='lat' dir='ltr'><strong>jugiter</strong></span> <span class='ocrx_word' id='word_1_844' title='bbox 2687 5774 2934 5834; x_wconf 86' lang='lat' dir='ltr'><strong>laudibus</strong></span> <span class='ocrx_word' id='word_1_845' title='bbox 2964 5785 3314 5847; x_wconf 85' lang='lat' dir='ltr'><strong>occupentur.</strong></span> <span class='ocrx_word' id='word_1_846' title='bbox 3714 5780 3737 5793; x_wconf 81' lang='grc'><strong>·’</strong></span> 
     </span>
    </p>
   </div>
  </div>
