  <div class='ocr_page' id='page_1' title='image "/cluster/home/n/w/nwhite01/storage/ocr_20150623/70/hvd.32044015469356/365.png"; bbox 0 0 4092 6344; ppageno 0'>
   <div class='ocr_carea' id='block_1_1' title="bbox 484 284 1564 351">
    <p class='ocr_par' dir='ltr' id='par_1_1' title="bbox 484 284 1564 351">
     <span class='ocr_line' id='line_1_1' title="bbox 484 284 1564 351; baseline 0.009 0"><span class='ocrx_word' id='word_1_1' title='bbox 484 291 586 351; x_wconf 77' lang='lat' dir='ltr'><strong>us</strong></span> <span class='ocrx_word' id='word_1_2' title='bbox 1511 284 1564 328; x_wconf 64' lang='grc'><strong>³)</strong></span> 
     </span>
    </p>
   </div>
   <div class='ocr_carea' id='block_1_2' title="bbox 924 410 1644 486">
    <p class='ocr_par' dir='ltr' id='par_1_2' title="bbox 924 410 1644 486">
     <span class='ocr_line' id='line_1_2' title="bbox 924 410 1644 486; baseline -0.01 -11"><span class='ocrx_word' id='word_1_3' title='bbox 924 411 1086 486; x_wconf 64' lang='grc'><strong>363</strong></span> <span class='ocrx_word' id='word_1_4' title='bbox 1123 410 1397 486; x_wconf 69' lang='lat' dir='ltr'><strong>Expositio</strong></span> <span class='ocrx_word' id='word_1_5' title='bbox 1433 412 1644 486; x_wconf 84' lang='lat' dir='ltr'><strong>psalmi.</strong></span> 
     </span>
    </p>
   </div>
   <div class='ocr_carea' id='block_1_3' title="bbox 461 507 2072 601">
    <p class='ocr_par' dir='ltr' id='par_1_3' title="bbox 461 507 2072 601">
     <span class='ocr_line' id='line_1_3' title="bbox 461 507 2072 601; baseline 0 -13"><span class='ocrx_word' id='word_1_6' title='bbox 461 507 463 510; x_wconf 0' lang='lat' dir='ltr'><strong>ﬁ</strong></span> <span class='ocrx_word' id='word_1_7' title='bbox 554 528 710 588; x_wconf 75' lang='lat' dir='ltr'><strong>Vers.</strong></span> <span class='ocrx_word' id='word_1_8' title='bbox 746 514 814 586; x_wconf 24' lang='lat'><strong>1..</strong></span> <span class='ocrx_word' id='word_1_9' title='bbox 837 528 1078 596; x_wconf 84' lang='lat' dir='ltr'><strong>Benedic,</strong></span> <span class='ocrx_word' id='word_1_10' title='bbox 1102 529 1276 584; x_wconf 89' lang='lat' dir='ltr'><strong>anima</strong></span> <span class='ocrx_word' id='word_1_11' title='bbox 1302 545 1439 596; x_wconf 91' lang='lat' dir='ltr'><strong>mea,</strong></span> <span class='ocrx_word' id='word_1_12' title='bbox 1468 528 1769 601; x_wconf 87' lang='lat' dir='ltr'><strong>Dominum,</strong></span> <span class='ocrx_word' id='word_1_13' title='bbox 1800 540 1870 600; x_wconf 92' lang='lat' dir='ltr'><strong>et,</strong></span> <span class='ocrx_word' id='word_1_14' title='bbox 1901 533 2072 589; x_wconf 89' lang='lat' dir='ltr'><strong>omnia</strong></span> 
     </span>
    </p>
   </div>
   <div class='ocr_carea' id='block_1_4' title="bbox 488 625 2072 696">
    <p class='ocr_par' dir='ltr' id='par_1_4' title="bbox 488 625 2072 696">
     <span class='ocr_line' id='line_1_4' title="bbox 488 625 2072 696; baseline 0.003 -18"><span class='ocrx_word' id='word_1_15' title='bbox 488 625 726 680; x_wconf 72' lang='lat' dir='ltr'><strong>interiora</strong></span> <span class='ocrx_word' id='word_1_16' title='bbox 763 641 892 690; x_wconf 85' lang='lat' dir='ltr'><strong>mea,</strong></span> <span class='ocrx_word' id='word_1_17' title='bbox 934 638 1115 678; x_wconf 80' lang='lat' dir='ltr'><strong><em>nomen</em></strong></span> <span class='ocrx_word' id='word_1_18' title='bbox 1153 632 1388 678; x_wconf 88' lang='lat' dir='ltr'><strong>sanctunt</strong></span> <span class='ocrx_word' id='word_1_19' title='bbox 1422 625 1554 696; x_wconf 87' lang='lat' dir='ltr'><strong>ejus.</strong></span> <span class='ocrx_word' id='word_1_20' title='bbox 1593 625 1781 682; x_wconf 87' lang='lat' dir='ltr'><strong>Sciens</strong></span> <span class='ocrx_word' id='word_1_21' title='bbox 1813 625 2072 696; x_wconf 82' lang='lat' dir='ltr'><strong>prephcta</strong></span> 
     </span>
    </p>
   </div>
   <div class='ocr_carea' id='block_1_5' title="bbox 486 715 2075 790">
    <p class='ocr_par' dir='ltr' id='par_1_5' title="bbox 486 715 2075 790">
     <span class='ocr_line' id='line_1_5' title="bbox 486 715 2075 790; baseline 0.003 -18"><span class='ocrx_word' id='word_1_22' title='bbox 486 728 694 774; x_wconf 88' lang='lat' dir='ltr'><strong>mentes</strong></span> <span class='ocrx_word' id='word_1_23' title='bbox 735 716 1011 772; x_wconf 83' lang='lat' dir='ltr'><strong>hominum</strong></span> <span class='ocrx_word' id='word_1_24' title='bbox 1051 715 1216 770; x_wconf 89' lang='lat' dir='ltr'><strong>variis</strong></span> <span class='ocrx_word' id='word_1_25' title='bbox 1263 716 1601 774; x_wconf 89' lang='lat' dir='ltr'><strong>illusionibus</strong></span> <span class='ocrx_word' id='word_1_26' title='bbox 1638 719 1942 790; x_wconf 87' lang='lat' dir='ltr'><strong>subjacerc,</strong></span> <span class='ocrx_word' id='word_1_27' title='bbox 1973 733 2075 776; x_wconf 88' lang='lat' dir='ltr'><strong>nec</strong></span> 
     </span>
    </p>
   </div>
   <div class='ocr_carea' id='block_1_6' title="bbox 485 799 2073 878">
    <p class='ocr_par' dir='ltr' id='par_1_6' title="bbox 485 799 2073 878">
     <span class='ocr_line' id='line_1_6' title="bbox 485 799 2073 878; baseline 0.001 -14"><span class='ocrx_word' id='word_1_28' title='bbox 485 799 698 877; x_wconf 66' lang='lat' dir='ltr'><strong>temper</strong></span> <span class='ocrx_word' id='word_1_29' title='bbox 718 807 769 861; x_wconf 93' lang='lat' dir='ltr'><strong>in</strong></span> <span class='ocrx_word' id='word_1_30' title='bbox 791 820 916 863; x_wconf 88' lang='lat' dir='ltr'><strong>vera</strong></span> <span class='ocrx_word' id='word_1_31' title='bbox 939 806 1392 878; x_wconf 71' lang='lat' dir='ltr'><strong>contemplatione</strong></span> <span class='ocrx_word' id='word_1_32' title='bbox 1413 807 1636 875; x_wconf 85' lang='lat' dir='ltr'><strong>deﬁxas,</strong></span> <span class='ocrx_word' id='word_1_33' title='bbox 1662 810 1897 865; x_wconf 90' lang='lat' dir='ltr'><strong>animam</strong></span> <span class='ocrx_word' id='word_1_34' title='bbox 1921 823 2073 866; x_wconf 87' lang='lat' dir='ltr'><strong>suam</strong></span> 
     </span>
    </p>
   </div>
   <div class='ocr_carea' id='block_1_7' title="bbox 485 896 2076 968">
    <p class='ocr_par' dir='ltr' id='par_1_7' title="bbox 485 896 2076 968">
     <span class='ocr_line' id='line_1_7' title="bbox 485 896 2076 968; baseline 0.001 -14"><span class='ocrx_word' id='word_1_35' title='bbox 485 900 564 954; x_wconf 68' lang='lat' dir='ltr'><strong>tir</strong></span> <span class='ocrx_word' id='word_1_36' title='bbox 593 905 810 954; x_wconf 88' lang='lat' dir='ltr'><strong>sanctus</strong></span> <span class='ocrx_word' id='word_1_37' title='bbox 843 896 1166 968; x_wconf 74' lang='lat' dir='ltr'><strong>alloquitur,</strong></span> <span class='ocrx_word' id='word_1_38' title='bbox 1209 907 1268 954; x_wconf 87' lang='lat' dir='ltr'><strong>ut</strong></span> <span class='ocrx_word' id='word_1_39' title='bbox 1295 913 1417 955; x_wconf 90' lang='lat' dir='ltr'><strong>cum</strong></span> <span class='ocrx_word' id='word_1_40' title='bbox 1446 899 1608 956; x_wconf 79' lang='lat' dir='ltr'><strong>fuerit</strong></span> <span class='ocrx_word' id='word_1_41' title='bbox 1651 900 1879 957; x_wconf 83' lang='lat' dir='ltr'><strong>diversis</strong></span> <span class='ocrx_word' id='word_1_42' title='bbox 1908 901 2076 957; x_wconf 90' lang='lat' dir='ltr'><strong>cladi-</strong></span> 
     </span>
    </p>
   </div>
   <div class='ocr_carea' id='block_1_8' title="bbox 483 987 2076 1056">
    <p class='ocr_par' dir='ltr' id='par_1_8' title="bbox 483 987 2076 1056">
     <span class='ocr_line' id='line_1_8' title="bbox 483 987 2076 1056; baseline 0 -8"><span class='ocrx_word' id='word_1_43' title='bbox 483 987 581 1048; x_wconf 85' lang='lat' dir='ltr'><strong>bus</strong></span> <span class='ocrx_word' id='word_1_44' title='bbox 627 988 874 1056; x_wconf 89' lang='lat' dir='ltr'><strong>liberata,</strong></span> <span class='ocrx_word' id='word_1_45' title='bbox 902 987 1293 1046; x_wconf 86' lang='lat' dir='ltr'><strong>beneﬁciorum</strong></span> <span class='ocrx_word' id='word_1_46' title='bbox 1339 991 1578 1047; x_wconf 91' lang='lat' dir='ltr'><strong>omnium</strong></span> <span class='ocrx_word' id='word_1_47' title='bbox 1619 992 1935 1048; x_wconf 74' lang='lat' dir='ltr'><strong>recordetur</strong></span> <span class='ocrx_word' id='word_1_48' title='bbox 1979 1008 2076 1048; x_wconf 89' lang='lat' dir='ltr'><strong>au-</strong></span> 
     </span>
    </p>
   </div>
   <div class='ocr_carea' id='block_1_9' title="bbox 482 1081 2077 1156">
    <p class='ocr_par' dir='ltr' id='par_1_9' title="bbox 482 1081 2077 1156">
     <span class='ocr_line' id='line_1_9' title="bbox 482 1081 2077 1156; baseline 0.004 -20"><span class='ocrx_word' id='word_1_49' title='bbox 482 1089 687 1137; x_wconf 89' lang='lat' dir='ltr'><strong>ctorem</strong></span> <span class='ocrx_word' id='word_1_50' title='bbox 722 1096 737 1134; x_wconf 88' lang='lat'><strong>:</strong></span> <span class='ocrx_word' id='word_1_51' title='bbox 767 1097 836 1138; x_wconf 90' lang='lat' dir='ltr'><strong>ne</strong></span> <span class='ocrx_word' id='word_1_52' title='bbox 881 1081 984 1138; x_wconf 89' lang='lat' dir='ltr'><strong>sibi</strong></span> <span class='ocrx_word' id='word_1_53' title='bbox 1009 1092 1101 1137; x_wconf 90' lang='lat' dir='ltr'><strong>aut</strong></span> <span class='ocrx_word' id='word_1_54' title='bbox 1141 1083 1294 1138; x_wconf 89' lang='lat' dir='ltr'><strong>alteri</strong></span> <span class='ocrx_word' id='word_1_55' title='bbox 1316 1083 1562 1154; x_wconf 81' lang='lat' dir='ltr'><strong>cuiquam</strong></span> <span class='ocrx_word' id='word_1_56' title='bbox 1617 1093 1768 1156; x_wconf 91' lang='lat' dir='ltr'><strong>putet</strong></span> <span class='ocrx_word' id='word_1_57' title='bbox 1813 1100 1936 1142; x_wconf 88' lang='lat' dir='ltr'><strong>esse</strong></span> <span class='ocrx_word' id='word_1_58' title='bbox 1981 1086 2077 1142; x_wconf 87' lang='lat' dir='ltr'><strong>tri-</strong></span> 
     </span>
    </p>
   </div>
   <div class='ocr_carea' id='block_1_10' title="bbox 482 1171 2078 1244">
    <p class='ocr_par' dir='ltr' id='par_1_10' title="bbox 482 1171 2078 1244">
     <span class='ocr_line' id='line_1_10' title="bbox 482 1171 2078 1244; baseline 0.003 -15"><span class='ocrx_word' id='word_1_59' title='bbox 482 1171 781 1241; x_wconf 89' lang='lat' dir='ltr'><strong>buendum,</strong></span> <span class='ocrx_word' id='word_1_60' title='bbox 811 1171 954 1244; x_wconf 91' lang='lat' dir='ltr'><strong>quod</strong></span> <span class='ocrx_word' id='word_1_61' title='bbox 983 1188 1014 1228; x_wconf 87' lang='lat' dir='ltr'><strong>a</strong></span> <span class='ocrx_word' id='word_1_62' title='bbox 1042 1173 1160 1228; x_wconf 79' lang='lat' dir='ltr'><strong>solo</strong></span> <span class='ocrx_word' id='word_1_63' title='bbox 1192 1173 1420 1228; x_wconf 91' lang='lat' dir='ltr'><strong>Domino</strong></span> <span class='ocrx_word' id='word_1_64' title='bbox 1447 1184 1658 1230; x_wconf 90' lang='lat' dir='ltr'><strong>constat</strong></span> <span class='ocrx_word' id='word_1_65' title='bbox 1697 1189 1816 1232; x_wconf 89' lang='lat' dir='ltr'><strong>esse</strong></span> <span class='ocrx_word' id='word_1_66' title='bbox 1854 1189 2078 1232; x_wconf 85' lang='lat' dir='ltr'><strong>conces-</strong></span> 
     </span>
    </p>
   </div>
   <div class='ocr_carea' id='block_1_11' title="bbox 399 1249 2078 1336">
    <p class='ocr_par' dir='ltr' id='par_1_11' title="bbox 399 1249 2078 1336">
     <span class='ocr_line' id='line_1_11' title="bbox 399 1249 2078 1336; baseline 0.001 -15"><span class='ocrx_word' id='word_1_67' title='bbox 399 1249 404 1255; x_wconf 59' lang='grc'><strong>’</strong></span> <span class='ocrx_word' id='word_1_68' title='bbox 481 1279 624 1321; x_wconf 87' lang='lat' dir='ltr'><strong>sum.</strong></span> <span class='ocrx_word' id='word_1_69' title='bbox 695 1265 791 1320; x_wconf 86' lang='lat' dir='ltr'><strong>Est</strong></span> <span class='ocrx_word' id='word_1_70' title='bbox 837 1265 982 1322; x_wconf 90' lang='lat' dir='ltr'><strong>enim</strong></span> <span class='ocrx_word' id='word_1_71' title='bbox 1037 1273 1246 1336; x_wconf 86' lang='lat' dir='ltr'><strong>gratum</strong></span> <span class='ocrx_word' id='word_1_72' title='bbox 1291 1273 1346 1321; x_wconf 90' lang='lat' dir='ltr'><strong>et</strong></span> <span class='ocrx_word' id='word_1_73' title='bbox 1386 1265 1827 1325; x_wconf 85' lang='lat' dir='ltr'><strong>honestissimum</strong></span> <span class='ocrx_word' id='word_1_74' title='bbox 1865 1266 2078 1325; x_wconf 86' lang='lat' dir='ltr'><strong>dicendi</strong></span> 
     </span>
    </p>
   </div>
   <div class='ocr_carea' id='block_1_12' title="bbox 484 1357 2077 1432">
    <p class='ocr_par' dir='ltr' id='par_1_12' title="bbox 484 1357 2077 1432">
     <span class='ocr_line' id='line_1_12' title="bbox 484 1357 2077 1432; baseline 0.004 -20"><span class='ocrx_word' id='word_1_75' title='bbox 484 1359 656 1429; x_wconf 82' lang='lat' dir='ltr'><strong>genus</strong></span> <span class='ocrx_word' id='word_1_76' title='bbox 683 1371 804 1414; x_wconf 90' lang='lat' dir='ltr'><strong>cum</strong></span> <span class='ocrx_word' id='word_1_77' title='bbox 827 1359 1003 1414; x_wconf 90' lang='lat' dir='ltr'><strong>anima</strong></span> <span class='ocrx_word' id='word_1_78' title='bbox 1025 1357 1194 1429; x_wconf 87' lang='lat' dir='ltr'><strong>loqui,</strong></span> <span class='ocrx_word' id='word_1_79' title='bbox 1231 1367 1291 1414; x_wconf 89' lang='lat' dir='ltr'><strong>ut</strong></span> <span class='ocrx_word' id='word_1_80' title='bbox 1320 1358 1556 1415; x_wconf 79' lang='lat' dir='ltr'><strong>universi</strong></span> <span class='ocrx_word' id='word_1_81' title='bbox 1585 1361 1880 1432; x_wconf 76' lang='lat' dir='ltr'><strong>intelligant</strong></span> <span class='ocrx_word' id='word_1_82' title='bbox 1902 1362 2077 1418; x_wconf 86' lang='lat' dir='ltr'><strong>omni-</strong></span> 
     </span>
    </p>
   </div>
   <div class='ocr_carea' id='block_1_13' title="bbox 482 1451 2078 1525">
    <p class='ocr_par' dir='ltr' id='par_1_13' title="bbox 482 1451 2078 1525">
     <span class='ocr_line' id='line_1_13' title="bbox 482 1451 2078 1525; baseline 0.002 -18"><span class='ocrx_word' id='word_1_83' title='bbox 482 1451 659 1507; x_wconf 84' lang='lat' dir='ltr'><strong>modis</strong></span> <span class='ocrx_word' id='word_1_84' title='bbox 679 1452 1059 1524; x_wconf 80' lang='lat' dir='ltr'><strong>appetendum,</strong></span> <span class='ocrx_word' id='word_1_85' title='bbox 1085 1453 1227 1523; x_wconf 90' lang='lat' dir='ltr'><strong>quod</strong></span> <span class='ocrx_word' id='word_1_86' title='bbox 1249 1451 1354 1507; x_wconf 87' lang='lat' dir='ltr'><strong>sibi</strong></span> <span class='ocrx_word' id='word_1_87' title='bbox 1383 1453 1790 1510; x_wconf 83' lang='lat' dir='ltr'><strong>saluberrimum</strong></span> <span class='ocrx_word' id='word_1_88' title='bbox 1813 1454 2078 1525; x_wconf 81' lang='lat' dir='ltr'><strong>propheta</strong></span> 
     </span>
    </p>
   </div>
   <div class='ocr_carea' id='block_1_14' title="bbox 482 1544 2077 1614">
    <p class='ocr_par' dir='ltr' id='par_1_14' title="bbox 482 1544 2077 1614">
     <span class='ocr_line' id='line_1_14' title="bbox 482 1544 2077 1614; baseline 0 -13"><span class='ocrx_word' id='word_1_89' title='bbox 482 1545 727 1601; x_wconf 85' lang='lat' dir='ltr'><strong>noscitur</strong></span> <span class='ocrx_word' id='word_1_90' title='bbox 755 1545 970 1601; x_wconf 86' lang='lat' dir='ltr'><strong>dedisse</strong></span> <span class='ocrx_word' id='word_1_91' title='bbox 997 1544 1300 1600; x_wconf 89' lang='lat' dir='ltr'><strong>consilium.</strong></span> <span class='ocrx_word' id='word_1_92' title='bbox 1347 1544 1622 1614; x_wconf 85' lang='lat' dir='ltr'><strong>Sequitur,</strong></span> <span class='ocrx_word' id='word_1_93' title='bbox 1655 1555 1704 1601; x_wconf 91' lang='lat' dir='ltr'><strong>et</strong></span> <span class='ocrx_word' id='word_1_94' title='bbox 1729 1547 1902 1600; x_wconf 83' lang='lat' dir='ltr'><strong>omnia</strong></span> <span class='ocrx_word' id='word_1_95' title='bbox 1942 1549 2077 1602; x_wconf 87' lang='lat' dir='ltr'><strong>inte-</strong></span> 
     </span>
    </p>
   </div>
   <div class='ocr_carea' id='block_1_15' title="bbox 481 1634 2076 1706">
    <p class='ocr_par' dir='ltr' id='par_1_15' title="bbox 481 1634 2076 1706">
     <span class='ocr_line' id='line_1_15' title="bbox 481 1634 2076 1706; baseline 0.002 -17"><span class='ocrx_word' id='word_1_96' title='bbox 481 1634 628 1689; x_wconf 89' lang='lat' dir='ltr'><strong>riora</strong></span> <span class='ocrx_word' id='word_1_97' title='bbox 653 1650 767 1690; x_wconf 89' lang='lat' dir='ltr'><strong>mea</strong></span> <span class='ocrx_word' id='word_1_98' title='bbox 793 1650 978 1688; x_wconf 81' lang='lat' dir='ltr'><strong>nomen</strong></span> <span class='ocrx_word' id='word_1_99' title='bbox 1007 1643 1241 1688; x_wconf 88' lang='lat' dir='ltr'><strong>sanctum</strong></span> <span class='ocrx_word' id='word_1_100' title='bbox 1263 1636 1394 1706; x_wconf 91' lang='lat' dir='ltr'><strong>ejus.</strong></span> <span class='ocrx_word' id='word_1_101' title='bbox 1425 1635 1686 1691; x_wconf 76' lang='lat' dir='ltr'><strong>Interiora</strong></span> <span class='ocrx_word' id='word_1_102' title='bbox 1707 1645 1834 1692; x_wconf 88' lang='lat' dir='ltr'><strong>sunt</strong></span> <span class='ocrx_word' id='word_1_103' title='bbox 1860 1637 2076 1706; x_wconf 68' lang='lat' dir='ltr'><strong>animat,</strong></span> 
     </span>
    </p>
   </div>
   <div class='ocr_carea' id='block_1_16' title="bbox 482 1724 2079 1798">
    <p class='ocr_par' dir='ltr' id='par_1_16' title="bbox 482 1724 2079 1798">
     <span class='ocr_line' id='line_1_16' title="bbox 482 1724 2079 1798; baseline 0.003 -18"><span class='ocrx_word' id='word_1_104' title='bbox 482 1724 738 1795; x_wconf 70' lang='lat' dir='ltr'><strong>cogitatio</strong></span> <span class='ocrx_word' id='word_1_105' title='bbox 763 1725 1060 1795; x_wconf 85' lang='lat' dir='ltr'><strong>multiplex,</strong></span> <span class='ocrx_word' id='word_1_106' title='bbox 1091 1725 1366 1795; x_wconf 87' lang='lat' dir='ltr'><strong>virtusque</strong></span> <span class='ocrx_word' id='word_1_107' title='bbox 1393 1725 1642 1783; x_wconf 85' lang='lat' dir='ltr'><strong>rationis.</strong></span> <span class='ocrx_word' id='word_1_108' title='bbox 1675 1726 1849 1798; x_wconf 83' lang='lat' dir='ltr'><strong>Ipsam</strong></span> <span class='ocrx_word' id='word_1_109' title='bbox 1880 1729 2079 1798; x_wconf 89' lang='lat' dir='ltr'><strong>quippe</strong></span> 
     </span>
    </p>
   </div>
   <div class='ocr_carea' id='block_1_17' title="bbox 1752 295 2582 363">
    <p class='ocr_par' dir='ltr' id='par_1_17' title="bbox 1752 295 2582 363">
     <span class='ocr_line' id='line_1_17' title="bbox 1752 295 2582 363; baseline 0.01 -9"><span class='ocrx_word' id='word_1_110' title='bbox 1752 295 1823 354; x_wconf 78' lang='grc' dir='ltr'><strong>Μ.</strong></span> <span class='ocrx_word' id='word_1_111' title='bbox 1863 295 2146 356; x_wconf 77' lang='lat' dir='ltr'><strong>AURELII</strong></span> <span class='ocrx_word' id='word_1_112' title='bbox 2184 299 2582 363; x_wconf 81' lang='lat' dir='ltr'><strong>CASSIODORI</strong></span> 
     </span>
    </p>
   </div>
   <div class='ocr_carea' id='block_1_18' title="bbox 3668 317 3772 379">
    <p class='ocr_par' dir='ltr' id='par_1_18' title="bbox 3668 317 3772 379">
     <span class='ocr_line' id='line_1_18' title="bbox 3668 317 3772 379; baseline 0.048 -5"><span class='ocrx_word' id='word_1_113' title='bbox 3668 317 3772 379; x_wconf 69' lang='grc' dir='ltr'><strong>ηο</strong></span> 
     </span>
    </p>
   </div>
   <div class='ocr_carea' id='block_1_19' title="bbox 2096 419 3780 512">
    <p class='ocr_par' dir='ltr' id='par_1_19' title="bbox 2096 419 3780 512">
     <span class='ocr_line' id='line_1_19' title="bbox 2096 419 3780 512; baseline 0.016 -40"><span class='ocrx_word' id='word_1_114' title='bbox 2096 419 2382 480; x_wconf 72' lang='lat' dir='ltr'><strong>Adiaboto</strong></span> <span class='ocrx_word' id='word_1_115' title='bbox 2432 434 2480 480; x_wconf 88' lang='lat' dir='ltr'><strong>et</strong></span> <span class='ocrx_word' id='word_1_116' title='bbox 2531 426 2728 497; x_wconf 83' lang='lat' dir='ltr'><strong>angelis</strong></span> <span class='ocrx_word' id='word_1_117' title='bbox 2770 429 2880 500; x_wconf 82' lang='lat' dir='ltr'><strong>ejus</strong></span> <span class='ocrx_word' id='word_1_118' title='bbox 2929 425 3144 500; x_wconf 73' lang='lat' dir='ltr'><strong>(Matth.</strong></span> <span class='ocrx_word' id='word_1_119' title='bbox 3186 440 3309 499; x_wconf 82' lang='lat' dir='ltr'><strong>xxv,</strong></span> <span class='ocrx_word' id='word_1_120' title='bbox 3365 433 3479 507; x_wconf 75' lang='grc' dir='ltr'><strong>Η).</strong></span> <span class='ocrx_word' id='word_1_121' title='bbox 3541 433 3780 512; x_wconf 82' lang='lat' dir='ltr'><strong>Quarto,</strong></span> 
     </span>
    </p>
   </div>
   <div class='ocr_carea' id='block_1_20' title="bbox 2177 513 3768 590">
    <p class='ocr_par' dir='ltr' id='par_1_20' title="bbox 2177 513 3768 590">
     <span class='ocr_line' id='line_1_20' title="bbox 2177 513 3768 590; baseline 0.014 -23"><span class='ocrx_word' id='word_1_122' title='bbox 2177 513 2330 567; x_wconf 87' lang='lat' dir='ltr'><strong>satiat</strong></span> <span class='ocrx_word' id='word_1_123' title='bbox 2357 515 2411 568; x_wconf 86' lang='lat' dir='ltr'><strong>in</strong></span> <span class='ocrx_word' id='word_1_124' title='bbox 2432 515 2576 570; x_wconf 86' lang='lat' dir='ltr'><strong>bonis</strong></span> <span class='ocrx_word' id='word_1_125' title='bbox 2598 518 2905 573; x_wconf 77' lang='lat' dir='ltr'><strong>desiderium</strong></span> <span class='ocrx_word' id='word_1_126' title='bbox 2927 519 3229 590; x_wconf 76' lang='lat' dir='ltr'><strong>beatorum,</strong></span> <span class='ocrx_word' id='word_1_127' title='bbox 3275 538 3395 580; x_wconf 90' lang='lat' dir='ltr'><strong>cum</strong></span> <span class='ocrx_word' id='word_1_128' title='bbox 3420 525 3503 582; x_wconf 87' lang='lat' dir='ltr'><strong>eis</strong></span> <span class='ocrx_word' id='word_1_129' title='bbox 3541 527 3768 590; x_wconf 87' lang='lat' dir='ltr'><strong>dicitur:</strong></span> 
     </span>
    </p>
   </div>
   <div class='ocr_carea' id='block_1_21' title="bbox 2182 602 3771 696">
    <p class='ocr_par' dir='ltr' id='par_1_21' title="bbox 2182 602 3771 696">
     <span class='ocr_line' id='line_1_21' title="bbox 2182 602 3771 696; baseline 0.016 -38"><span class='ocrx_word' id='word_1_130' title='bbox 2182 602 2382 672; x_wconf 81' lang='lat' dir='ltr'><strong>Venite,</strong></span> <span class='ocrx_word' id='word_1_131' title='bbox 2409 610 2654 664; x_wconf 81' lang='lat' dir='ltr'><strong>benedicti</strong></span> <span class='ocrx_word' id='word_1_132' title='bbox 2677 610 2853 669; x_wconf 87' lang='lat' dir='ltr'><strong>Patris</strong></span> <span class='ocrx_word' id='word_1_133' title='bbox 2878 617 2976 670; x_wconf 89' lang='lat' dir='ltr'><strong>mei</strong></span> <span class='ocrx_word' id='word_1_134' title='bbox 3005 617 3054 688; x_wconf 86' lang='grc' dir='ltr'><strong>(Ι</strong></span> <span class='ocrx_word' id='word_1_135' title='bbox 3063 617 3250 688; x_wconf 79' lang='lat' dir='ltr'><strong>bidens,</strong></span> <span class='ocrx_word' id='word_1_136' title='bbox 3269 620 3382 692; x_wconf 71' lang='grc'><strong>54).</strong></span> <span class='ocrx_word' id='word_1_137' title='bbox 3438 621 3657 696; x_wconf 83' lang='lat' dir='ltr'><strong>Quinto,</strong></span> <span class='ocrx_word' id='word_1_138' title='bbox 3685 645 3771 684; x_wconf 86' lang='lat' dir='ltr'><strong>co-</strong></span> 
     </span>
    </p>
   </div>
   <div class='ocr_carea' id='block_1_22' title="bbox 2174 699 3771 792">
    <p class='ocr_par' dir='ltr' id='par_1_22' title="bbox 2174 699 3771 792">
     <span class='ocr_line' id='line_1_22' title="bbox 2174 699 3771 792; baseline 0.019 -43"><span class='ocrx_word' id='word_1_139' title='bbox 2174 708 2323 752; x_wconf 90' lang='lat' dir='ltr'><strong>ronat</strong></span> <span class='ocrx_word' id='word_1_140' title='bbox 2350 699 2406 752; x_wconf 90' lang='lat' dir='ltr'><strong>in</strong></span> <span class='ocrx_word' id='word_1_141' title='bbox 2437 701 2761 759; x_wconf 79' lang='lat' dir='ltr'><strong>miseratione</strong></span> <span class='ocrx_word' id='word_1_142' title='bbox 2807 715 2858 763; x_wconf 88' lang='lat' dir='ltr'><strong>et</strong></span> <span class='ocrx_word' id='word_1_143' title='bbox 2881 708 3234 765; x_wconf 85' lang='lat' dir='ltr'><strong>misericordia</strong></span> <span class='ocrx_word' id='word_1_144' title='bbox 3261 726 3381 782; x_wconf 82' lang='lat' dir='ltr'><strong>sua,</strong></span> <span class='ocrx_word' id='word_1_145' title='bbox 3413 719 3632 786; x_wconf 85' lang='lat' dir='ltr'><strong>quando</strong></span> <span class='ocrx_word' id='word_1_146' title='bbox 3658 720 3771 792; x_wconf 87' lang='lat' dir='ltr'><strong>jam</strong></span> 
     </span>
    </p>
   </div>
   <div class='ocr_carea' id='block_1_23' title="bbox 2176 788 3772 884">
    <p class='ocr_par' dir='ltr' id='par_1_23' title="bbox 2176 788 3772 884">
     <span class='ocr_line' id='line_1_23' title="bbox 2176 788 3772 884; baseline 0.018 -40"><span class='ocrx_word' id='word_1_147' title='bbox 2176 788 2348 846; x_wconf 84' lang='lat' dir='ltr'><strong>beatis</strong></span> <span class='ocrx_word' id='word_1_148' title='bbox 2384 796 2604 862; x_wconf 70' lang='lat' dir='ltr'><strong>praemia</strong></span> <span class='ocrx_word' id='word_1_149' title='bbox 2644 796 2804 868; x_wconf 85' lang='lat' dir='ltr'><strong>digna</strong></span> <span class='ocrx_word' id='word_1_150' title='bbox 2843 802 3079 857; x_wconf 88' lang='lat' dir='ltr'><strong>restituit</strong></span> <span class='ocrx_word' id='word_1_151' title='bbox 3112 802 3244 875; x_wconf 86' lang='lat' dir='ltr'><strong>[ed.,</strong></span> <span class='ocrx_word' id='word_1_152' title='bbox 3293 810 3592 884; x_wconf 84' lang='lat' dir='ltr'><strong>restituet],</strong></span> <span class='ocrx_word' id='word_1_153' title='bbox 3633 788 3772 873; x_wconf 80' lang='lat' dir='ltr'><strong>sicut</strong></span> 
     </span>
    </p>
   </div>
   <div class='ocr_carea' id='block_1_24' title="bbox 2177 883 3772 979">
    <p class='ocr_par' dir='ltr' id='par_1_24' title="bbox 2177 883 3772 979">
     <span class='ocr_line' id='line_1_24' title="bbox 2177 883 3772 979; baseline 0.016 -41"><span class='ocrx_word' id='word_1_154' title='bbox 2177 883 2307 939; x_wconf 87' lang='lat' dir='ltr'><strong>dicit</strong></span> <span class='ocrx_word' id='word_1_155' title='bbox 2330 884 2618 956; x_wconf 82' lang='lat' dir='ltr'><strong>Apostolus</strong></span> <span class='ocrx_word' id='word_1_156' title='bbox 2648 907 2660 943; x_wconf 92' lang='lat'>:</span> <span class='ocrx_word' id='word_1_157' title='bbox 2688 889 2766 947; x_wconf 90' lang='lat' dir='ltr'><strong>De</strong></span> <span class='ocrx_word' id='word_1_158' title='bbox 2792 903 2974 949; x_wconf 76' lang='lat' dir='ltr'><strong>ctetero</strong></span> <span class='ocrx_word' id='word_1_159' title='bbox 2998 907 3228 968; x_wconf 85' lang='lat' dir='ltr'><strong>superest</strong></span> <span class='ocrx_word' id='word_1_160' title='bbox 3255 901 3382 954; x_wconf 83' lang='lat' dir='ltr'><strong>mihi</strong></span> <span class='ocrx_word' id='word_1_161' title='bbox 3405 883 3594 960; x_wconf 75' lang='lat' dir='ltr'><strong>corona</strong></span> <span class='ocrx_word' id='word_1_162' title='bbox 3611 909 3772 979; x_wconf 86' lang='lat' dir='ltr'><strong>justi-</strong></span> 
     </span>
    </p>
   </div>
   <div class='ocr_carea' id='block_1_25' title="bbox 2176 979 3771 1071">
    <p class='ocr_par' dir='ltr' id='par_1_25' title="bbox 2176 979 3771 1071">
     <span class='ocr_line' id='line_1_25' title="bbox 2176 979 3771 1071; baseline 0.016 -41"><span class='ocrx_word' id='word_1_163' title='bbox 2176 979 2279 1044; x_wconf 73' lang='lat' dir='ltr'><strong>tite,</strong></span> <span class='ocrx_word' id='word_1_164' title='bbox 2310 995 2465 1048; x_wconf 83' lang='lat' dir='ltr'><strong>quam</strong></span> <span class='ocrx_word' id='word_1_165' title='bbox 2503 983 2682 1038; x_wconf 82' lang='lat' dir='ltr'><strong>reddet</strong></span> <span class='ocrx_word' id='word_1_166' title='bbox 2707 985 2835 1040; x_wconf 83' lang='lat' dir='ltr'><strong>mihi</strong></span> <span class='ocrx_word' id='word_1_167' title='bbox 2862 984 3116 1044; x_wconf 85' lang='lat' dir='ltr'><strong>Dominus</strong></span> <span class='ocrx_word' id='word_1_168' title='bbox 3151 991 3204 1045; x_wconf 90' lang='lat' dir='ltr'><strong>in</strong></span> <span class='ocrx_word' id='word_1_169' title='bbox 3245 993 3338 1047; x_wconf 90' lang='lat' dir='ltr'><strong>illa</strong></span> <span class='ocrx_word' id='word_1_170' title='bbox 3373 995 3454 1050; x_wconf 88' lang='lat' dir='ltr'><strong>die</strong></span> <span class='ocrx_word' id='word_1_171' title='bbox 3484 997 3655 1066; x_wconf 83' lang='lat' dir='ltr'><strong>justus</strong></span> <span class='ocrx_word' id='word_1_172' title='bbox 3685 1003 3771 1071; x_wconf 81' lang='lat' dir='ltr'><strong>iu-</strong></span> 
     </span>
    </p>
   </div>
   <div class='ocr_carea' id='block_1_26' title="bbox 2177 1070 3770 1164">
    <p class='ocr_par' dir='ltr' id='par_1_26' title="bbox 2177 1070 3770 1164">
     <span class='ocr_line' id='line_1_26' title="bbox 2177 1070 3770 1164; baseline 0.016 -41"><span class='ocrx_word' id='word_1_173' title='bbox 2177 1070 2278 1124; x_wconf 71' lang='lat' dir='ltr'><strong>dex</strong></span> <span class='ocrx_word' id='word_1_174' title='bbox 2320 1070 2412 1144; x_wconf 88' lang='lat' dir='ltr'><strong>(II</strong></span> <span class='ocrx_word' id='word_1_175' title='bbox 2453 1072 2590 1132; x_wconf 87' lang='lat' dir='ltr'><strong>Tim.</strong></span> <span class='ocrx_word' id='word_1_176' title='bbox 2632 1091 2706 1144; x_wconf 83' lang='lat' dir='ltr'><strong>tv,</strong></span> <span class='ocrx_word' id='word_1_177' title='bbox 2731 1078 2810 1151; x_wconf 89' lang='lat'><strong>8).</strong></span> <span class='ocrx_word' id='word_1_178' title='bbox 2858 1079 2971 1136; x_wconf 79' lang='lat' dir='ltr'><strong>Hoc</strong></span> <span class='ocrx_word' id='word_1_179' title='bbox 3010 1081 3148 1140; x_wconf 81' lang='lat' dir='ltr'><strong>forte</strong></span> <span class='ocrx_word' id='word_1_180' title='bbox 3193 1085 3496 1156; x_wconf 87' lang='lat' dir='ltr'><strong>signiﬁcant</strong></span> <span class='ocrx_word' id='word_1_181' title='bbox 3532 1070 3770 1164; x_wconf 84' lang='lat' dir='ltr'><strong>quinque</strong></span> 
     </span>
    </p>
   </div>
   <div class='ocr_carea' id='block_1_27' title="bbox 2177 1167 3769 1255">
    <p class='ocr_par' dir='ltr' id='par_1_27' title="bbox 2177 1167 3769 1255">
     <span class='ocr_line' id='line_1_27' title="bbox 2177 1167 3769 1255; baseline 0.017 -38"><span class='ocrx_word' id='word_1_182' title='bbox 2177 1177 2368 1255; x_wconf 85' lang='lat' dir='ltr'><strong>panes,</strong></span> <span class='ocrx_word' id='word_1_183' title='bbox 2399 1167 2541 1224; x_wconf 89' lang='lat' dir='ltr'><strong>unde</strong></span> <span class='ocrx_word' id='word_1_184' title='bbox 2571 1171 2753 1240; x_wconf 89' lang='lat' dir='ltr'><strong>populi</strong></span> <span class='ocrx_word' id='word_1_185' title='bbox 2783 1171 2936 1245; x_wconf 87' lang='lat' dir='ltr'><strong>longa</strong></span> <span class='ocrx_word' id='word_1_186' title='bbox 2979 1175 3184 1246; x_wconf 89' lang='lat' dir='ltr'><strong>jejunia</strong></span> <span class='ocrx_word' id='word_1_187' title='bbox 3211 1180 3432 1238; x_wconf 81' lang='lat' dir='ltr'><strong>satiavit</strong></span> <span class='ocrx_word' id='word_1_188' title='bbox 3461 1200 3476 1238; x_wconf 93' lang='lat'><strong>:</strong></span> <span class='ocrx_word' id='word_1_189' title='bbox 3515 1187 3769 1255; x_wconf 91' lang='lat' dir='ltr'><strong>quoniam</strong></span> 
     </span>
    </p>
   </div>
   <div class='ocr_carea' id='block_1_28' title="bbox 2177 1254 3771 1345">
    <p class='ocr_par' dir='ltr' id='par_1_28' title="bbox 2177 1254 3771 1345">
     <span class='ocr_line' id='line_1_28' title="bbox 2177 1254 3771 1345; baseline 0.016 -35"><span class='ocrx_word' id='word_1_190' title='bbox 2177 1254 2294 1311; x_wconf 67' lang='lat' dir='ltr'><strong>haec</strong></span> <span class='ocrx_word' id='word_1_191' title='bbox 2317 1266 2371 1313; x_wconf 90' lang='lat' dir='ltr'><strong>et</strong></span> <span class='ocrx_word' id='word_1_192' title='bbox 2397 1259 2480 1315; x_wconf 88' lang='lat' dir='ltr'><strong>bis</strong></span> <span class='ocrx_word' id='word_1_193' title='bbox 2505 1262 2700 1319; x_wconf 87' lang='lat' dir='ltr'><strong>similia</strong></span> <span class='ocrx_word' id='word_1_194' title='bbox 2729 1265 2782 1320; x_wconf 91' lang='lat' dir='ltr'><strong>in</strong></span> <span class='ocrx_word' id='word_1_195' title='bbox 2811 1280 3060 1339; x_wconf 86' lang='lat' dir='ltr'><strong>magnum</strong></span> <span class='ocrx_word' id='word_1_196' title='bbox 3088 1273 3402 1342; x_wconf 84' lang='lat' dir='ltr'><strong>mysterium</strong></span> <span class='ocrx_word' id='word_1_197' title='bbox 3428 1254 3771 1345; x_wconf 64' lang='lat' dir='ltr'><strong>praecessisse</strong></span> 
     </span>
    </p>
   </div>
   <div class='ocr_carea' id='block_1_29' title="bbox 2176 1353 3766 1437">
    <p class='ocr_par' dir='ltr' id='par_1_29' title="bbox 2176 1353 3766 1437">
     <span class='ocr_line' id='line_1_29' title="bbox 2176 1353 3766 1437; baseline 0.013 -33"><span class='ocrx_word' id='word_1_198' title='bbox 2176 1360 2496 1407; x_wconf 88' lang='lat' dir='ltr'><strong>noscuntur.</strong></span> <span class='ocrx_word' id='word_1_199' title='bbox 2529 1353 2635 1410; x_wconf 89' lang='lat' dir='ltr'><strong>Sed</strong></span> <span class='ocrx_word' id='word_1_200' title='bbox 2667 1361 3114 1426; x_wconf 86' lang='lat' dir='ltr'><strong>perscrutandum</strong></span> <span class='ocrx_word' id='word_1_201' title='bbox 3145 1371 3228 1418; x_wconf 88' lang='lat' dir='ltr'><strong>est</strong></span> <span class='ocrx_word' id='word_1_202' title='bbox 3257 1377 3357 1420; x_wconf 89' lang='lat' dir='ltr'><strong>cur</strong></span> <span class='ocrx_word' id='word_1_203' title='bbox 3384 1367 3568 1437; x_wconf 61' lang='lat' dir='ltr'><strong>aquila</strong></span> <span class='ocrx_word' id='word_1_204' title='bbox 3595 1369 3766 1426; x_wconf 87' lang='lat' dir='ltr'><strong>intro-</strong></span> 
     </span>
    </p>
   </div>
   <div class='ocr_carea' id='block_1_30' title="bbox 2177 1443 3763 1530">
    <p class='ocr_par' dir='ltr' id='par_1_30' title="bbox 2177 1443 3763 1530">
     <span class='ocr_line' id='line_1_30' title="bbox 2177 1443 3763 1530; baseline 0.013 -30"><span class='ocrx_word' id='word_1_205' title='bbox 2177 1443 2405 1500; x_wconf 89' lang='lat' dir='ltr'><strong>ducatnr</strong></span> <span class='ocrx_word' id='word_1_206' title='bbox 2445 1449 2772 1517; x_wconf 86' lang='lat' dir='ltr'><strong>exemplum.</strong></span> <span class='ocrx_word' id='word_1_207' title='bbox 2821 1451 2954 1508; x_wconf 84' lang='lat' dir='ltr'><strong>Huic</strong></span> <span class='ocrx_word' id='word_1_208' title='bbox 2994 1453 3081 1508; x_wconf 89' lang='lat' dir='ltr'><strong>avi</strong></span> <span class='ocrx_word' id='word_1_209' title='bbox 3120 1453 3232 1524; x_wconf 85' lang='lat' dir='ltr'><strong>jam</strong></span> <span class='ocrx_word' id='word_1_210' title='bbox 3279 1465 3439 1513; x_wconf 68' lang='lat' dir='ltr'><strong>natale</strong></span> <span class='ocrx_word' id='word_1_211' title='bbox 3478 1468 3763 1530; x_wconf 68' lang='lat' dir='ltr'><strong>provecta,</strong></span> 
     </span>
    </p>
   </div>
   <div class='ocr_carea' id='block_1_31' title="bbox 2177 1540 3766 1620">
    <p class='ocr_par' dir='ltr' id='par_1_31' title="bbox 2177 1540 3766 1620">
     <span class='ocr_line' id='line_1_31' title="bbox 2177 1540 3766 1620; baseline 0.013 -29"><span class='ocrx_word' id='word_1_212' title='bbox 2177 1550 2474 1608; x_wconf 89' lang='lat' dir='ltr'><strong>supernum</strong></span> <span class='ocrx_word' id='word_1_213' title='bbox 2501 1540 2700 1597; x_wconf 89' lang='lat' dir='ltr'><strong>labium</strong></span> <span class='ocrx_word' id='word_1_214' title='bbox 2726 1558 2923 1600; x_wconf 89' lang='lat' dir='ltr'><strong>cornea</strong></span> <span class='ocrx_word' id='word_1_215' title='bbox 2949 1545 3241 1604; x_wconf 83' lang='lat' dir='ltr'><strong>inﬂexione</strong></span> <span class='ocrx_word' id='word_1_216' title='bbox 3265 1560 3536 1620; x_wconf 87' lang='lat' dir='ltr'><strong>nasutum,</strong></span> <span class='ocrx_word' id='word_1_217' title='bbox 3563 1563 3766 1612; x_wconf 87' lang='lat' dir='ltr'><strong>tantum</strong></span> 
     </span>
    </p>
   </div>
   <div class='ocr_carea' id='block_1_32' title="bbox 2178 1627 3767 1704">
    <p class='ocr_par' dir='ltr' id='par_1_32' title="bbox 2178 1627 3767 1704">
     <span class='ocr_line' id='line_1_32' title="bbox 2178 1627 3767 1704; baseline 0.012 -22"><span class='ocrx_word' id='word_1_218' title='bbox 2178 1627 2352 1684; x_wconf 85' lang='lat' dir='ltr'><strong>fertur</strong></span> <span class='ocrx_word' id='word_1_219' title='bbox 2391 1646 2732 1704; x_wconf 78' lang='lat' dir='ltr'><strong>exarescere,</strong></span> <span class='ocrx_word' id='word_1_220' title='bbox 2767 1645 2824 1691; x_wconf 91' lang='lat' dir='ltr'><strong>ut</strong></span> <span class='ocrx_word' id='word_1_221' title='bbox 2853 1637 2904 1692; x_wconf 91' lang='lat' dir='ltr'><strong>ei</strong></span> <span class='ocrx_word' id='word_1_222' title='bbox 2933 1651 3038 1692; x_wconf 93' lang='lat' dir='ltr'><strong>non</strong></span> <span class='ocrx_word' id='word_1_223' title='bbox 3071 1638 3142 1691; x_wconf 91' lang='lat' dir='ltr'><strong>sit</strong></span> <span class='ocrx_word' id='word_1_224' title='bbox 3171 1637 3398 1696; x_wconf 89' lang='lat' dir='ltr'><strong>liberum</strong></span> <span class='ocrx_word' id='word_1_225' title='bbox 3429 1656 3584 1698; x_wconf 81' lang='lat' dir='ltr'><strong>escas</strong></span> <span class='ocrx_word' id='word_1_226' title='bbox 3613 1645 3767 1701; x_wconf 86' lang='lat' dir='ltr'><strong>solita</strong></span> 
     </span>
    </p>
   </div>
   <div class='ocr_carea' id='block_1_33' title="bbox 2178 1717 3765 1807">
    <p class='ocr_par' dir='ltr' id='par_1_33' title="bbox 2178 1717 3765 1807">
     <span class='ocr_line' id='line_1_33' title="bbox 2178 1717 3765 1807; baseline 0.013 -33"><span class='ocrx_word' id='word_1_227' title='bbox 2178 1717 2427 1778; x_wconf 85' lang='lat' dir='ltr'><strong>libertate</strong></span> <span class='ocrx_word' id='word_1_228' title='bbox 2461 1723 2777 1796; x_wconf 84' lang='lat' dir='ltr'><strong>decerpere,</strong></span> <span class='ocrx_word' id='word_1_229' title='bbox 2815 1743 2936 1798; x_wconf 83' lang='lat' dir='ltr'><strong>quac</strong></span> <span class='ocrx_word' id='word_1_230' title='bbox 2975 1729 3286 1800; x_wconf 74' lang='lat' dir='ltr'><strong>intelligens</strong></span> <span class='ocrx_word' id='word_1_231' title='bbox 3323 1732 3464 1790; x_wconf 91' lang='lat' dir='ltr'><strong>unde</strong></span> <span class='ocrx_word' id='word_1_232' title='bbox 3493 1736 3596 1792; x_wconf 86' lang='lat' dir='ltr'><strong>sibi</strong></span> <span class='ocrx_word' id='word_1_233' title='bbox 3632 1739 3765 1807; x_wconf 88' lang='lat' dir='ltr'><strong>peri-</strong></span> 
     </span>
    </p>
   </div>
   <div class='ocr_carea' id='block_1_34' title="bbox 486 1807 2065 1903">
    <p class='ocr_par' dir='ltr' id='par_1_34' title="bbox 486 1818 2065 1882">
     <span class='ocr_line' id='line_1_34' title="bbox 486 1818 2065 1882; baseline 0.003 -10"><span class='ocrx_word' id='word_1_234' title='bbox 486 1818 662 1874; x_wconf 77' lang='lat' dir='ltr'><strong>voluit</strong></span> <span class='ocrx_word' id='word_1_235' title='bbox 688 1834 806 1875; x_wconf 92' lang='lat' dir='ltr'><strong>cum</strong></span> <span class='ocrx_word' id='word_1_236' title='bbox 839 1819 1018 1874; x_wconf 90' lang='lat' dir='ltr'><strong>anima</strong></span> <span class='ocrx_word' id='word_1_237' title='bbox 1049 1819 1355 1882; x_wconf 87' lang='lat' dir='ltr'><strong>convenire,</strong></span> <span class='ocrx_word' id='word_1_238' title='bbox 1387 1829 1444 1874; x_wconf 89' lang='lat' dir='ltr'><strong>ut</strong></span> <span class='ocrx_word' id='word_1_239' title='bbox 1472 1819 1751 1876; x_wconf 87' lang='lat' dir='ltr'><strong>harmonia</strong></span> <span class='ocrx_word' id='word_1_240' title='bbox 1778 1820 1924 1878; x_wconf 88' lang='lat' dir='ltr'><strong>ﬁdeli</strong></span> <span class='ocrx_word' id='word_1_241' title='bbox 1952 1823 2065 1877; x_wconf 86' lang='lat' dir='ltr'><strong>laus</strong></span> 
     </span>
    </p>
   </div>
   <div class='ocr_carea' id='block_1_35' title="bbox 2165 1807 3765 1903">
    <p class='ocr_par' dir='ltr' id='par_1_35' title="bbox 2174 1815 3765 1903">
     <span class='ocr_line' id='line_1_35' title="bbox 2174 1815 3765 1903; baseline 0.011 -32"><span class='ocrx_word' id='word_1_242' title='bbox 2174 1815 2353 1871; x_wconf 89' lang='lat' dir='ltr'><strong>culum</strong></span> <span class='ocrx_word' id='word_1_243' title='bbox 2382 1817 2509 1872; x_wconf 72' lang='lat' dir='ltr'><strong>vitae</strong></span> <span class='ocrx_word' id='word_1_244' title='bbox 2541 1821 2710 1888; x_wconf 80' lang='lat' dir='ltr'><strong>possit</strong></span> <span class='ocrx_word' id='word_1_245' title='bbox 2739 1821 3005 1890; x_wconf 88' lang='lat' dir='ltr'><strong>accidere,</strong></span> <span class='ocrx_word' id='word_1_246' title='bbox 3036 1837 3099 1880; x_wconf 91' lang='lat' dir='ltr'><strong>os</strong></span> <span class='ocrx_word' id='word_1_247' title='bbox 3127 1837 3282 1881; x_wconf 89' lang='lat' dir='ltr'><strong>suum</strong></span> <span class='ocrx_word' id='word_1_248' title='bbox 3309 1825 3363 1881; x_wconf 90' lang='lat' dir='ltr'><strong>in</strong></span> <span class='ocrx_word' id='word_1_249' title='bbox 3393 1842 3525 1884; x_wconf 89' lang='lat' dir='ltr'><strong>saxo</strong></span> <span class='ocrx_word' id='word_1_250' title='bbox 3554 1829 3682 1903; x_wconf 83' lang='lat' dir='ltr'><strong>[ed.,</strong></span> <span class='ocrx_word' id='word_1_251' title='bbox 3713 1832 3765 1888; x_wconf 92' lang='lat' dir='ltr'><strong>in</strong></span> 
     </span>
    </p>
   </div>
   <div class='ocr_carea' id='block_1_36' title="bbox 487 1907 2074 1984">
    <p class='ocr_par' dir='ltr' id='par_1_36' title="bbox 487 1907 2074 1984">
     <span class='ocr_line' id='line_1_36' title="bbox 487 1907 2074 1984; baseline 0.003 -18"><span class='ocrx_word' id='word_1_252' title='bbox 487 1907 702 1966; x_wconf 86' lang='lat' dir='ltr'><strong>Domini</strong></span> <span class='ocrx_word' id='word_1_253' title='bbox 725 1910 970 1966; x_wconf 89' lang='lat' dir='ltr'><strong>adnnatis</strong></span> <span class='ocrx_word' id='word_1_254' title='bbox 985 1909 1190 1965; x_wconf 88' lang='lat' dir='ltr'><strong>viribus</strong></span> <span class='ocrx_word' id='word_1_255' title='bbox 1218 1921 1518 1968; x_wconf 88' lang='lat' dir='ltr'><strong>assonaret.</strong></span> <span class='ocrx_word' id='word_1_256' title='bbox 1542 1911 1700 1984; x_wconf 69' lang='lat' dir='ltr'><strong>Saepe</strong></span> <span class='ocrx_word' id='word_1_257' title='bbox 1723 1914 1868 1970; x_wconf 91' lang='lat' dir='ltr'><strong>cnim</strong></span> <span class='ocrx_word' id='word_1_258' title='bbox 1896 1914 2074 1970; x_wconf 85' lang='lat' dir='ltr'><strong>anima</strong></span> 
     </span>
    </p>
   </div>
   <div class='ocr_carea' id='block_1_37' title="bbox 482 2003 2075 2079">
    <p class='ocr_par' dir='ltr' id='par_1_37' title="bbox 482 2003 2075 2079">
     <span class='ocr_line' id='line_1_37' title="bbox 482 2003 2075 2079; baseline 0.005 -21"><span class='ocrx_word' id='word_1_259' title='bbox 482 2003 600 2059; x_wconf 72' lang='lat' dir='ltr'><strong>Vult</strong></span> <span class='ocrx_word' id='word_1_260' title='bbox 626 2004 826 2074; x_wconf 87' lang='lat' dir='ltr'><strong>aliquid</strong></span> <span class='ocrx_word' id='word_1_261' title='bbox 853 2018 1032 2076; x_wconf 83' lang='lat' dir='ltr'><strong>agere,</strong></span> <span class='ocrx_word' id='word_1_262' title='bbox 1064 2013 1119 2060; x_wconf 90' lang='lat' dir='ltr'><strong>et</strong></span> <span class='ocrx_word' id='word_1_263' title='bbox 1148 2019 1244 2074; x_wconf 89' lang='lat' dir='ltr'><strong>per</strong></span> <span class='ocrx_word' id='word_1_264' title='bbox 1268 2003 1635 2075; x_wconf 84' lang='lat' dir='ltr'><strong>phantasticas</strong></span> <span class='ocrx_word' id='word_1_265' title='bbox 1666 2009 2075 2079; x_wconf 87' lang='lat' dir='ltr'><strong>imaginationes</strong></span> 
     </span>
    </p>
   </div>
   <div class='ocr_carea' id='block_1_38' title="bbox 485 2097 2074 2158">
    <p class='ocr_par' dir='ltr' id='par_1_38' title="bbox 485 2097 2074 2158">
     <span class='ocr_line' id='line_1_38' title="bbox 485 2097 2074 2158; baseline 0.003 -5"><span class='ocrx_word' id='word_1_266' title='bbox 485 2097 744 2153; x_wconf 88' lang='lat' dir='ltr'><strong>cluditur.</strong></span> <span class='ocrx_word' id='word_1_267' title='bbox 793 2097 900 2155; x_wconf 90' lang='lat' dir='ltr'><strong>Sed</strong></span> <span class='ocrx_word' id='word_1_268' title='bbox 929 2099 1011 2154; x_wconf 90' lang='lat' dir='ltr'><strong>vir</strong></span> <span class='ocrx_word' id='word_1_269' title='bbox 1039 2105 1260 2154; x_wconf 88' lang='lat' dir='ltr'><strong>sanctus</strong></span> <span class='ocrx_word' id='word_1_270' title='bbox 1290 2097 1342 2153; x_wconf 89' lang='lat' dir='ltr'><strong>in</strong></span> <span class='ocrx_word' id='word_1_271' title='bbox 1373 2097 1588 2155; x_wconf 89' lang='lat' dir='ltr'><strong>Domini</strong></span> <span class='ocrx_word' id='word_1_272' title='bbox 1612 2100 1771 2157; x_wconf 89' lang='lat' dir='ltr'><strong>laude</strong></span> <span class='ocrx_word' id='word_1_273' title='bbox 1796 2101 1928 2156; x_wconf 89' lang='lat' dir='ltr'><strong>nihil</strong></span> <span class='ocrx_word' id='word_1_274' title='bbox 1955 2116 1986 2156; x_wconf 90' lang='lat' dir='ltr'><strong>a</strong></span> <span class='ocrx_word' id='word_1_275' title='bbox 2015 2117 2074 2158; x_wconf 91' lang='lat' dir='ltr'><strong>se</strong></span> 
     </span>
    </p>
   </div>
   <div class='ocr_carea' id='block_1_39' title="bbox 483 2190 2075 2265">
    <p class='ocr_par' dir='ltr' id='par_1_39' title="bbox 483 2190 2075 2265">
     <span class='ocr_line' id='line_1_39' title="bbox 483 2190 2075 2265; baseline 0.003 -20"><span class='ocrx_word' id='word_1_276' title='bbox 483 2190 650 2246; x_wconf 79' lang='lat' dir='ltr'><strong>voluit</strong></span> <span class='ocrx_word' id='word_1_277' title='bbox 670 2191 906 2259; x_wconf 88' lang='lat' dir='ltr'><strong>deviare,</strong></span> <span class='ocrx_word' id='word_1_278' title='bbox 947 2190 1044 2246; x_wconf 88' lang='lat' dir='ltr'><strong>sed</strong></span> <span class='ocrx_word' id='word_1_279' title='bbox 1075 2191 1254 2246; x_wconf 88' lang='lat' dir='ltr'><strong>omnia</strong></span> <span class='ocrx_word' id='word_1_280' title='bbox 1285 2205 1394 2246; x_wconf 92' lang='lat' dir='ltr'><strong>uno</strong></span> <span class='ocrx_word' id='word_1_281' title='bbox 1420 2203 1686 2249; x_wconf 89' lang='lat' dir='ltr'><strong>concentu</strong></span> <span class='ocrx_word' id='word_1_282' title='bbox 1715 2207 1930 2263; x_wconf 91' lang='lat' dir='ltr'><strong>canere,</strong></span> <span class='ocrx_word' id='word_1_283' title='bbox 1953 2209 2075 2265; x_wconf 72' lang='lat' dir='ltr'><strong>qua:</strong></span> 
     </span>
    </p>
   </div>
   <div class='ocr_carea' id='block_1_40' title="bbox 482 2283 1583 2355">
    <p class='ocr_par' dir='ltr' id='par_1_40' title="bbox 482 2283 1583 2355">
     <span class='ocr_line' id='line_1_40' title="bbox 482 2283 1583 2355; baseline -0.001 -15"><span class='ocrx_word' id='word_1_284' title='bbox 482 2283 820 2355; x_wconf 88' lang='lat' dir='ltr'><strong>culpabiliter</strong></span> <span class='ocrx_word' id='word_1_285' title='bbox 847 2284 946 2340; x_wconf 86' lang='lat' dir='ltr'><strong>sibi</strong></span> <span class='ocrx_word' id='word_1_286' title='bbox 979 2291 1224 2354; x_wconf 87' lang='lat' dir='ltr'><strong>poterant</strong></span> <span class='ocrx_word' id='word_1_287' title='bbox 1251 2284 1583 2354; x_wconf 85' lang='lat' dir='ltr'><strong>discrepare.</strong></span> 
     </span>
    </p>
   </div>
   <div class='ocr_carea' id='block_1_41' title="bbox 552 2398 2075 2468">
    <p class='ocr_par' dir='ltr' id='par_1_41' title="bbox 552 2398 2075 2468">
     <span class='ocr_line' id='line_1_41' title="bbox 552 2398 2075 2468; baseline 0 -14"><span class='ocrx_word' id='word_1_288' title='bbox 552 2399 709 2456; x_wconf 74' lang='lat' dir='ltr'><strong>Vere.</strong></span> <span class='ocrx_word' id='word_1_289' title='bbox 749 2399 804 2454; x_wconf 76' lang='lat'><strong>2.</strong></span> <span class='ocrx_word' id='word_1_290' title='bbox 847 2398 1087 2464; x_wconf 78' lang='lat' dir='ltr'><strong>Benedic,</strong></span> <span class='ocrx_word' id='word_1_291' title='bbox 1129 2399 1301 2453; x_wconf 88' lang='lat' dir='ltr'><strong>anima</strong></span> <span class='ocrx_word' id='word_1_292' title='bbox 1345 2415 1480 2467; x_wconf 88' lang='lat' dir='ltr'><strong>mea,</strong></span> <span class='ocrx_word' id='word_1_293' title='bbox 1524 2399 1822 2468; x_wconf 87' lang='lat' dir='ltr'><strong>Dominum,</strong></span> <span class='ocrx_word' id='word_1_294' title='bbox 1872 2409 1921 2455; x_wconf 92' lang='lat' dir='ltr'><strong>et</strong></span> <span class='ocrx_word' id='word_1_295' title='bbox 1965 2400 2075 2456; x_wconf 90' lang='lat' dir='ltr'><strong>noli</strong></span> 
     </span>
    </p>
   </div>
   <div class='ocr_carea' id='block_1_42' title="bbox 481 2492 2074 2563">
    <p class='ocr_par' dir='ltr' id='par_1_42' title="bbox 481 2492 2074 2563">
     <span class='ocr_line' id='line_1_42' title="bbox 481 2492 2074 2563; baseline 0.003 -17"><span class='ocrx_word' id='word_1_296' title='bbox 481 2492 708 2548; x_wconf 80' lang='lat' dir='ltr'><strong>oblivisci</strong></span> <span class='ocrx_word' id='word_1_297' title='bbox 751 2509 924 2548; x_wconf 81' lang='lat' dir='ltr'><strong>omnes</strong></span> <span class='ocrx_word' id='word_1_298' title='bbox 969 2493 1322 2548; x_wconf 82' lang='lat' dir='ltr'><strong>retributiones</strong></span> <span class='ocrx_word' id='word_1_299' title='bbox 1367 2495 1503 2563; x_wconf 86' lang='lat' dir='ltr'><strong>ejus.</strong></span> <span class='ocrx_word' id='word_1_300' title='bbox 1580 2493 1816 2549; x_wconf 88' lang='lat' dir='ltr'><strong>Primum</strong></span> <span class='ocrx_word' id='word_1_301' title='bbox 1859 2509 2074 2550; x_wconf 86' lang='lat' dir='ltr'><strong>versum</strong></span> 
     </span>
    </p>
   </div>
   <div class='ocr_carea' id='block_1_43' title="bbox 481 2582 2073 2655">
    <p class='ocr_par' dir='ltr' id='par_1_43' title="bbox 481 2582 2073 2655">
     <span class='ocr_line' id='line_1_43' title="bbox 481 2582 2073 2655; baseline 0.003 -16"><span class='ocrx_word' id='word_1_302' title='bbox 481 2583 680 2654; x_wconf 83' lang='lat' dir='ltr'><strong>repetit</strong></span> <span class='ocrx_word' id='word_1_303' title='bbox 719 2583 915 2639; x_wconf 89' lang='lat' dir='ltr'><strong>decora</strong></span> <span class='ocrx_word' id='word_1_304' title='bbox 955 2582 1305 2655; x_wconf 87' lang='lat' dir='ltr'><strong>replicatione</strong></span> <span class='ocrx_word' id='word_1_305' title='bbox 1353 2585 1673 2654; x_wconf 83' lang='lat' dir='ltr'><strong>verborum,</strong></span> <span class='ocrx_word' id='word_1_306' title='bbox 1730 2594 1788 2642; x_wconf 89' lang='lat' dir='ltr'><strong>ut</strong></span> <span class='ocrx_word' id='word_1_307' title='bbox 1836 2586 2073 2644; x_wconf 88' lang='lat' dir='ltr'><strong>studium</strong></span> 
     </span>
    </p>
   </div>
   <div class='ocr_carea' id='block_1_44' title="bbox 481 2674 2075 2755">
    <p class='ocr_par' dir='ltr' id='par_1_44' title="bbox 481 2674 2075 2755">
     <span class='ocr_line' id='line_1_44' title="bbox 481 2674 2075 2755; baseline 0.008 -27"><span class='ocrx_word' id='word_1_308' title='bbox 481 2674 774 2730; x_wconf 77' lang='lat' dir='ltr'><strong>niaximum</strong></span> <span class='ocrx_word' id='word_1_309' title='bbox 799 2677 1096 2733; x_wconf 85' lang='lat' dir='ltr'><strong>concitaret</strong></span> <span class='ocrx_word' id='word_1_310' title='bbox 1120 2680 1392 2748; x_wconf 84' lang='lat' dir='ltr'><strong>geminata</strong></span> <span class='ocrx_word' id='word_1_311' title='bbox 1419 2681 1684 2736; x_wconf 87' lang='lat' dir='ltr'><strong>sententia</strong></span> <span class='ocrx_word' id='word_1_312' title='bbox 1712 2697 1724 2735; x_wconf 89' lang='lat'>:</span> <span class='ocrx_word' id='word_1_313' title='bbox 1751 2695 1819 2736; x_wconf 88' lang='lat' dir='ltr'><strong>ne</strong></span> <span class='ocrx_word' id='word_1_314' title='bbox 1841 2683 1908 2738; x_wconf 88' lang='lat' dir='ltr'><strong>ad</strong></span> <span class='ocrx_word' id='word_1_315' title='bbox 1939 2699 2075 2755; x_wconf 87' lang='lat' dir='ltr'><strong>opus</strong></span> 
     </span>
    </p>
   </div>
   <div class='ocr_carea' id='block_1_45' title="bbox 480 2767 2076 2846">
    <p class='ocr_par' dir='ltr' id='par_1_45' title="bbox 480 2767 2076 2846">
     <span class='ocr_line' id='line_1_45' title="bbox 480 2767 2076 2846; baseline 0.009 -26"><span class='ocrx_word' id='word_1_316' title='bbox 480 2768 590 2824; x_wconf 84' lang='lat' dir='ltr'><strong>tale</strong></span> <span class='ocrx_word' id='word_1_317' title='bbox 627 2767 805 2824; x_wconf 90' lang='lat' dir='ltr'><strong>anima</strong></span> <span class='ocrx_word' id='word_1_318' title='bbox 851 2768 1281 2830; x_wconf 88' lang='lat' dir='ltr'><strong>dissimulatione</strong></span> <span class='ocrx_word' id='word_1_319' title='bbox 1319 2774 1484 2829; x_wconf 89' lang='lat' dir='ltr'><strong>noxia</strong></span> <span class='ocrx_word' id='word_1_320' title='bbox 1524 2775 1740 2846; x_wconf 82' lang='lat' dir='ltr'><strong>segnior</strong></span> <span class='ocrx_word' id='word_1_321' title='bbox 1770 2792 1899 2834; x_wconf 80' lang='lat' dir='ltr'><strong>esse</strong></span> <span class='ocrx_word' id='word_1_322' title='bbox 1928 2779 2076 2836; x_wconf 64' lang='lat' dir='ltr'><strong>video</strong></span> 
     </span>
    </p>
   </div>
   <div class='ocr_carea' id='block_1_46' title="bbox 479 2864 2071 2933">
    <p class='ocr_par' dir='ltr' id='par_1_46' title="bbox 479 2864 2071 2933">
     <span class='ocr_line' id='line_1_46' title="bbox 479 2864 2071 2933; baseline 0.008 -21"><span class='ocrx_word' id='word_1_323' title='bbox 479 2866 633 2914; x_wconf 88' lang='lat' dir='ltr'><strong>retur</strong></span> <span class='ocrx_word' id='word_1_324' title='bbox 675 2875 690 2912; x_wconf 88' lang='lat'><strong>:</strong></span> <span class='ocrx_word' id='word_1_325' title='bbox 717 2868 842 2916; x_wconf 86' lang='lat' dir='ltr'><strong>ante</strong></span> <span class='ocrx_word' id='word_1_326' title='bbox 882 2864 1062 2916; x_wconf 88' lang='lat' dir='ltr'><strong>omnia</strong></span> <span class='ocrx_word' id='word_1_327' title='bbox 1091 2877 1339 2933; x_wconf 90' lang='lat' dir='ltr'><strong>monens,</strong></span> <span class='ocrx_word' id='word_1_328' title='bbox 1371 2875 1428 2922; x_wconf 91' lang='lat' dir='ltr'><strong>ut</strong></span> <span class='ocrx_word' id='word_1_329' title='bbox 1460 2880 1520 2922; x_wconf 91' lang='lat' dir='ltr'><strong>se</strong></span> <span class='ocrx_word' id='word_1_330' title='bbox 1555 2877 1746 2922; x_wconf 90' lang='lat' dir='ltr'><strong>cuncta</strong></span> <span class='ocrx_word' id='word_1_331' title='bbox 1775 2869 1844 2924; x_wconf 90' lang='lat' dir='ltr'><strong>ab</strong></span> <span class='ocrx_word' id='word_1_332' title='bbox 1880 2869 2071 2925; x_wconf 88' lang='lat' dir='ltr'><strong>eodem</strong></span> 
     </span>
    </p>
   </div>
   <div class='ocr_carea' id='block_1_47' title="bbox 481 2949 2073 3028">
    <p class='ocr_par' dir='ltr' id='par_1_47' title="bbox 481 2949 2073 3028">
     <span class='ocr_line' id='line_1_47' title="bbox 481 2949 2073 3028; baseline 0.007 -25"><span class='ocrx_word' id='word_1_333' title='bbox 481 2949 790 3006; x_wconf 88' lang='lat' dir='ltr'><strong>meminerit</strong></span> <span class='ocrx_word' id='word_1_334' title='bbox 835 2953 1128 3022; x_wconf 87' lang='lat' dir='ltr'><strong>accepisse.</strong></span> <span class='ocrx_word' id='word_1_335' title='bbox 1186 2955 1278 3009; x_wconf 90' lang='lat' dir='ltr'><strong>lllc</strong></span> <span class='ocrx_word' id='word_1_336' title='bbox 1327 2957 1470 3011; x_wconf 88' lang='lat' dir='ltr'><strong>enim</strong></span> <span class='ocrx_word' id='word_1_337' title='bbox 1531 2956 1747 3012; x_wconf 90' lang='lat' dir='ltr'><strong>laudare</strong></span> <span class='ocrx_word' id='word_1_338' title='bbox 1801 2973 2073 3028; x_wconf 86' lang='lat' dir='ltr'><strong>nunquam</strong></span> 
     </span>
    </p>
   </div>
   <div class='ocr_carea' id='block_1_48' title="bbox 480 3031 2069 3120">
    <p class='ocr_par' dir='ltr' id='par_1_48' title="bbox 480 3031 2069 3120">
     <span class='ocr_line' id='line_1_48' title="bbox 480 3031 2069 3120; baseline 0.005 -21"><span class='ocrx_word' id='word_1_339' title='bbox 480 3043 699 3113; x_wconf 82' lang='lat' dir='ltr'><strong>desinit,</strong></span> <span class='ocrx_word' id='word_1_340' title='bbox 747 3047 838 3115; x_wconf 91' lang='lat' dir='ltr'><strong>qui</strong></span> <span class='ocrx_word' id='word_1_341' title='bbox 881 3031 1078 3102; x_wconf 82' lang='lat' dir='ltr'><strong>collata</strong></span> <span class='ocrx_word' id='word_1_342' title='bbox 1127 3049 1387 3105; x_wconf 88' lang='lat' dir='ltr'><strong>beneﬁcia</strong></span> <span class='ocrx_word' id='word_1_343' title='bbox 1435 3063 1543 3106; x_wconf 93' lang='lat' dir='ltr'><strong>non</strong></span> <span class='ocrx_word' id='word_1_344' title='bbox 1590 3058 1769 3120; x_wconf 88' lang='lat' dir='ltr'><strong>potest</strong></span> <span class='ocrx_word' id='word_1_345' title='bbox 1818 3051 2069 3107; x_wconf 78' lang='lat' dir='ltr'><strong>oblivisci.</strong></span> 
     </span>
    </p>
   </div>
   <div class='ocr_carea' id='block_1_49' title="bbox 478 3131 2071 3208">
    <p class='ocr_par' dir='ltr' id='par_1_49' title="bbox 478 3131 2071 3208">
     <span class='ocr_line' id='line_1_49' title="bbox 478 3131 2071 3208; baseline 0.005 -18"><span class='ocrx_word' id='word_1_346' title='bbox 478 3131 693 3192; x_wconf 81' lang='lat' dir='ltr'><strong>Intuere</strong></span> <span class='ocrx_word' id='word_1_347' title='bbox 750 3144 1009 3205; x_wconf 70' lang='lat' dir='ltr'><strong>prmterea</strong></span> <span class='ocrx_word' id='word_1_348' title='bbox 1069 3139 1211 3208; x_wconf 91' lang='lat' dir='ltr'><strong>quod</strong></span> <span class='ocrx_word' id='word_1_349' title='bbox 1261 3140 1460 3194; x_wconf 89' lang='lat' dir='ltr'><strong>dictum</strong></span> <span class='ocrx_word' id='word_1_350' title='bbox 1510 3149 1616 3207; x_wconf 90' lang='lat' dir='ltr'><strong>cst,</strong></span> <span class='ocrx_word' id='word_1_351' title='bbox 1677 3141 2071 3198; x_wconf 82' lang='lat' dir='ltr'><strong>retributiones:</strong></span> 
     </span>
    </p>
   </div>
   <div class='ocr_carea' id='block_1_50' title="bbox 479 3227 2072 3300">
    <p class='ocr_par' dir='ltr' id='par_1_50' title="bbox 479 3227 2072 3300">
     <span class='ocr_line' id='line_1_50' title="bbox 479 3227 2072 3300; baseline 0.008 -20"><span class='ocrx_word' id='word_1_352' title='bbox 479 3227 735 3298; x_wconf 85' lang='lat' dir='ltr'><strong>quoniam</strong></span> <span class='ocrx_word' id='word_1_353' title='bbox 784 3229 927 3283; x_wconf 90' lang='lat' dir='ltr'><strong>aliud</strong></span> <span class='ocrx_word' id='word_1_354' title='bbox 974 3230 1270 3286; x_wconf 87' lang='lat' dir='ltr'><strong>debebatur</strong></span> <span class='ocrx_word' id='word_1_355' title='bbox 1324 3231 1600 3286; x_wconf 90' lang='lat' dir='ltr'><strong>hominum</strong></span> <span class='ocrx_word' id='word_1_356' title='bbox 1649 3233 1880 3300; x_wconf 86' lang='lat' dir='ltr'><strong>delictis,</strong></span> <span class='ocrx_word' id='word_1_357' title='bbox 1927 3235 2072 3292; x_wconf 87' lang='lat' dir='ltr'><strong>aliud</strong></span> 
     </span>
    </p>
   </div>
   <div class='ocr_carea' id='block_1_51' title="bbox 477 3321 2070 3396">
    <p class='ocr_par' dir='ltr' id='par_1_51' title="bbox 477 3321 2070 3396">
     <span class='ocr_line' id='line_1_51' title="bbox 477 3321 2070 3396; baseline 0.007 -22"><span class='ocrx_word' id='word_1_358' title='bbox 477 3321 800 3376; x_wconf 76' lang='lat' dir='ltr'><strong>retributum</strong></span> <span class='ocrx_word' id='word_1_359' title='bbox 815 3321 961 3394; x_wconf 68' lang='grc' dir='ltr'><strong>[ηαδ.</strong></span> <span class='ocrx_word' id='word_1_360' title='bbox 977 3322 1156 3388; x_wconf 86' lang='grc' dir='ltr'><strong>Α.,Β.,</strong></span> <span class='ocrx_word' id='word_1_361' title='bbox 1181 3323 1425 3396; x_wconf 87' lang='lat' dir='ltr'><strong>retribui]</strong></span> <span class='ocrx_word' id='word_1_362' title='bbox 1440 3326 1778 3392; x_wconf 81' lang='lat' dir='ltr'><strong>cognoscitur</strong></span> <span class='ocrx_word' id='word_1_363' title='bbox 1791 3327 2070 3386; x_wconf 85' lang='lat' dir='ltr'><strong>absolutis.</strong></span> 
     </span>
    </p>
   </div>
   <div class='ocr_carea' id='block_1_52' title="bbox 481 3409 2072 3490">
    <p class='ocr_par' dir='ltr' id='par_1_52' title="bbox 481 3409 2072 3490">
     <span class='ocr_line' id='line_1_52' title="bbox 481 3409 2072 3490; baseline 0.008 -26"><span class='ocrx_word' id='word_1_364' title='bbox 481 3409 597 3465; x_wconf 76' lang='lat' dir='ltr'><strong>Hoc</strong></span> <span class='ocrx_word' id='word_1_365' title='bbox 624 3421 708 3466; x_wconf 90' lang='lat' dir='ltr'><strong>est</strong></span> <span class='ocrx_word' id='word_1_366' title='bbox 734 3411 874 3466; x_wconf 88' lang='lat' dir='ltr'><strong>enim</strong></span> <span class='ocrx_word' id='word_1_367' title='bbox 903 3414 1046 3483; x_wconf 90' lang='lat' dir='ltr'><strong>quod</strong></span> <span class='ocrx_word' id='word_1_368' title='bbox 1076 3414 1302 3469; x_wconf 84' lang='lat' dir='ltr'><strong>oblivisci</strong></span> <span class='ocrx_word' id='word_1_369' title='bbox 1332 3415 1463 3470; x_wconf 91' lang='lat' dir='ltr'><strong>nulli</strong></span> <span class='ocrx_word' id='word_1_370' title='bbox 1497 3415 1575 3471; x_wconf 80' lang='lat' dir='ltr'><strong>las</strong></span> <span class='ocrx_word' id='word_1_371' title='bbox 1605 3425 1721 3485; x_wconf 89' lang='lat' dir='ltr'><strong>est,</strong></span> <span class='ocrx_word' id='word_1_372' title='bbox 1751 3429 1812 3474; x_wconf 91' lang='lat' dir='ltr'><strong>ut</strong></span> <span class='ocrx_word' id='word_1_373' title='bbox 1838 3419 1928 3490; x_wconf 87' lang='lat' dir='ltr'><strong>qui</strong></span> <span class='ocrx_word' id='word_1_374' title='bbox 1955 3429 2072 3477; x_wconf 90' lang='lat' dir='ltr'><strong>erat</strong></span> 
     </span>
    </p>
   </div>
   <div class='ocr_carea' id='block_1_53' title="bbox 482 3503 2070 3583">
    <p class='ocr_par' dir='ltr' id='par_1_53' title="bbox 482 3503 2070 3583">
     <span class='ocr_line' id='line_1_53' title="bbox 482 3503 2070 3583; baseline 0.008 -25"><span class='ocrx_word' id='word_1_375' title='bbox 482 3503 748 3558; x_wconf 76' lang='lat' dir='ltr'><strong>obnoxius</strong></span> <span class='ocrx_word' id='word_1_376' title='bbox 778 3518 972 3574; x_wconf 67' lang='lat' dir='ltr'><strong>prensa,</strong></span> <span class='ocrx_word' id='word_1_377' title='bbox 997 3505 1186 3576; x_wconf 90' lang='lat' dir='ltr'><strong>dignus</strong></span> <span class='ocrx_word' id='word_1_378' title='bbox 1219 3506 1372 3563; x_wconf 91' lang='lat' dir='ltr'><strong>ﬁeret</strong></span> <span class='ocrx_word' id='word_1_379' title='bbox 1404 3525 1529 3564; x_wconf 89' lang='lat' dir='ltr'><strong>mox</strong></span> <span class='ocrx_word' id='word_1_380' title='bbox 1557 3511 1780 3566; x_wconf 88' lang='lat' dir='ltr'><strong>honore.</strong></span> <span class='ocrx_word' id='word_1_381' title='bbox 1813 3512 1918 3569; x_wconf 89' lang='lat' dir='ltr'><strong>Sed</strong></span> <span class='ocrx_word' id='word_1_382' title='bbox 1950 3529 2070 3583; x_wconf 68' lang='lat' dir='ltr'><strong>quae</strong></span> 
     </span>
    </p>
   </div>
   <div class='ocr_carea' id='block_1_54' title="bbox 477 3593 2066 3675">
    <p class='ocr_par' dir='ltr' id='par_1_54' title="bbox 477 3593 2066 3675">
     <span class='ocr_line' id='line_1_54' title="bbox 477 3593 2066 3675; baseline 0.009 -27"><span class='ocrx_word' id='word_1_383' title='bbox 477 3593 594 3650; x_wconf 73' lang='lat' dir='ltr'><strong>ista:</strong></span> <span class='ocrx_word' id='word_1_384' title='bbox 621 3596 730 3652; x_wconf 90' lang='lat' dir='ltr'><strong>sint</strong></span> <span class='ocrx_word' id='word_1_385' title='bbox 768 3597 1121 3653; x_wconf 82' lang='lat' dir='ltr'><strong>retributiones</strong></span> <span class='ocrx_word' id='word_1_386' title='bbox 1153 3598 1364 3654; x_wconf 90' lang='lat' dir='ltr'><strong>Domini</strong></span> <span class='ocrx_word' id='word_1_387' title='bbox 1406 3611 1799 3672; x_wconf 84' lang='lat' dir='ltr'><strong>consequenter</strong></span> <span class='ocrx_word' id='word_1_388' title='bbox 1827 3615 2066 3675; x_wconf 90' lang='lat' dir='ltr'><strong>enarrat,</strong></span> 
     </span>
    </p>
   </div>
   <div class='ocr_carea' id='block_1_55' title="bbox 476 3686 2066 3764">
    <p class='ocr_par' dir='ltr' id='par_1_55' title="bbox 476 3686 2066 3764">
     <span class='ocr_line' id='line_1_55' title="bbox 476 3686 2066 3764; baseline 0.011 -26"><span class='ocrx_word' id='word_1_389' title='bbox 476 3699 608 3755; x_wconf 89' lang='lat' dir='ltr'><strong>quas</strong></span> <span class='ocrx_word' id='word_1_390' title='bbox 643 3687 688 3741; x_wconf 91' lang='lat' dir='ltr'><strong>si</strong></span> <span class='ocrx_word' id='word_1_391' title='bbox 732 3686 894 3744; x_wconf 88' lang='lat' dir='ltr'><strong>homo</strong></span> <span class='ocrx_word' id='word_1_392' title='bbox 936 3689 1152 3759; x_wconf 76' lang='lat' dir='ltr'><strong>cogitat,</strong></span> <span class='ocrx_word' id='word_1_393' title='bbox 1195 3691 1456 3748; x_wconf 91' lang='lat' dir='ltr'><strong>beneﬁcia</strong></span> <span class='ocrx_word' id='word_1_394' title='bbox 1510 3693 1680 3764; x_wconf 88' lang='lat' dir='ltr'><strong>ipsius</strong></span> <span class='ocrx_word' id='word_1_395' title='bbox 1726 3702 1835 3752; x_wconf 86' lang='lat' dir='ltr'><strong>tota</strong></span> <span class='ocrx_word' id='word_1_396' title='bbox 1885 3709 2066 3755; x_wconf 90' lang='lat' dir='ltr'><strong>mente</strong></span> 
     </span>
    </p>
   </div>
   <div class='ocr_carea' id='block_1_56' title="bbox 473 3776 766 3834">
    <p class='ocr_par' dir='ltr' id='par_1_56' title="bbox 473 3776 766 3834">
     <span class='ocr_line' id='line_1_56' title="bbox 473 3776 766 3834; baseline 0 0"><span class='ocrx_word' id='word_1_397' title='bbox 473 3776 766 3834; x_wconf 78' lang='lat' dir='ltr'><strong>collaudat.</strong></span> 
     </span>
    </p>
   </div>
   <div class='ocr_carea' id='block_1_57' title="bbox 541 3889 2058 3975">
    <p class='ocr_par' dir='ltr' id='par_1_57' title="bbox 541 3889 2058 3975">
     <span class='ocr_line' id='line_1_57' title="bbox 541 3889 2058 3975; baseline 0.01 -29"><span class='ocrx_word' id='word_1_398' title='bbox 541 3889 700 3947; x_wconf 76' lang='lat' dir='ltr'><strong>Vers.</strong></span> <span class='ocrx_word' id='word_1_399' title='bbox 719 3889 778 3947; x_wconf 80' lang='grc'><strong>5.</strong></span> <span class='ocrx_word' id='word_1_400' title='bbox 803 3891 906 3959; x_wconf 84' lang='lat' dir='ltr'><strong>Qui</strong></span> <span class='ocrx_word' id='word_1_401' title='bbox 925 3895 1182 3964; x_wconf 82' lang='lat' dir='ltr'><strong>propitius</strong></span> <span class='ocrx_word' id='word_1_402' title='bbox 1210 3897 1270 3964; x_wconf 79' lang='lat' dir='ltr'><strong>ﬁt</strong></span> <span class='ocrx_word' id='word_1_403' title='bbox 1293 3898 1528 3956; x_wconf 87' lang='lat' dir='ltr'><strong>omnibus</strong></span> <span class='ocrx_word' id='word_1_404' title='bbox 1551 3899 1908 3972; x_wconf 82' lang='lat' dir='ltr'><strong>iniquitatibus</strong></span> <span class='ocrx_word' id='word_1_405' title='bbox 1931 3906 2058 3975; x_wconf 87' lang='lat' dir='ltr'><strong>tuis,</strong></span> 
     </span>
    </p>
   </div>
   <div class='ocr_carea' id='block_1_58' title="bbox 473 3983 1398 4058">
    <p class='ocr_par' dir='ltr' id='par_1_58' title="bbox 473 3983 1398 4058">
     <span class='ocr_line' id='line_1_58' title="bbox 473 3983 1398 4058; baseline 0.013 -23"><span class='ocrx_word' id='word_1_406' title='bbox 473 3983 561 4051; x_wconf 79' lang='lat' dir='ltr'><strong>qui</strong></span> <span class='ocrx_word' id='word_1_407' title='bbox 582 3992 732 4038; x_wconf 90' lang='lat' dir='ltr'><strong>sanat</strong></span> <span class='ocrx_word' id='word_1_408' title='bbox 763 4000 938 4042; x_wconf 89' lang='lat' dir='ltr'><strong>omnes</strong></span> <span class='ocrx_word' id='word_1_409' title='bbox 966 3986 1241 4058; x_wconf 84' lang='lat' dir='ltr'><strong>tanguores</strong></span> <span class='ocrx_word' id='word_1_410' title='bbox 1262 3997 1398 4047; x_wconf 83' lang='lat' dir='ltr'><strong>tuos.</strong></span> 
     </span>
    </p>
   </div>
   <div class='ocr_carea' id='block_1_59' title="bbox 542 4093 2058 4182">
    <p class='ocr_par' dir='ltr' id='par_1_59' title="bbox 542 4093 2058 4182">
     <span class='ocr_line' id='line_1_59' title="bbox 542 4093 2058 4182; baseline 0.014 -35"><span class='ocrx_word' id='word_1_411' title='bbox 542 4093 698 4149; x_wconf 78' lang='lat' dir='ltr'><strong>Vers.</strong></span> <span class='ocrx_word' id='word_1_412' title='bbox 721 4093 776 4150; x_wconf 76' lang='grc'><strong>4.</strong></span> <span class='ocrx_word' id='word_1_413' title='bbox 813 4095 917 4162; x_wconf 84' lang='lat' dir='ltr'><strong>Qui</strong></span> <span class='ocrx_word' id='word_1_414' title='bbox 941 4099 1144 4153; x_wconf 86' lang='lat' dir='ltr'><strong>redimit</strong></span> <span class='ocrx_word' id='word_1_415' title='bbox 1164 4101 1228 4156; x_wconf 91' lang='lat' dir='ltr'><strong>de</strong></span> <span class='ocrx_word' id='word_1_416' title='bbox 1249 4101 1459 4158; x_wconf 87' lang='lat' dir='ltr'><strong>interitu</strong></span> <span class='ocrx_word' id='word_1_417' title='bbox 1479 4105 1636 4161; x_wconf 71' lang='lat' dir='ltr'><strong>vitam</strong></span> <span class='ocrx_word' id='word_1_418' title='bbox 1661 4115 1827 4177; x_wconf 88' lang='lat' dir='ltr'><strong>tuam,</strong></span> <span class='ocrx_word' id='word_1_419' title='bbox 1858 4112 1947 4182; x_wconf 86' lang='lat' dir='ltr'><strong>qui</strong></span> <span class='ocrx_word' id='word_1_420' title='bbox 1971 4129 2058 4168; x_wconf 87' lang='lat' dir='ltr'><strong>sa-</strong></span> 
     </span>
    </p>
   </div>
   <div class='ocr_carea' id='block_1_60' title="bbox 471 4186 1356 4253">
    <p class='ocr_par' dir='ltr' id='par_1_60' title="bbox 471 4186 1356 4253">
     <span class='ocr_line' id='line_1_60' title="bbox 471 4186 1356 4253; baseline 0.015 -14"><span class='ocrx_word' id='word_1_421' title='bbox 471 4186 570 4240; x_wconf 82' lang='lat' dir='ltr'><strong>tiat</strong></span> <span class='ocrx_word' id='word_1_422' title='bbox 596 4189 650 4242; x_wconf 88' lang='lat' dir='ltr'><strong>in</strong></span> <span class='ocrx_word' id='word_1_423' title='bbox 678 4188 824 4245; x_wconf 86' lang='lat' dir='ltr'><strong>bonis</strong></span> <span class='ocrx_word' id='word_1_424' title='bbox 852 4193 1161 4250; x_wconf 83' lang='lat' dir='ltr'><strong>desiderium</strong></span> <span class='ocrx_word' id='word_1_425' title='bbox 1188 4205 1356 4253; x_wconf 89' lang='lat' dir='ltr'><strong>tuum.</strong></span> 
     </span>
    </p>
   </div>
   <div class='ocr_carea' id='block_1_61' title="bbox 541 4278 2061 4358">
    <p class='ocr_par' dir='ltr' id='par_1_61' title="bbox 541 4278 2061 4358">
     <span class='ocr_line' id='line_1_61' title="bbox 541 4278 2061 4358; baseline 0.016 -26"><span class='ocrx_word' id='word_1_426' title='bbox 541 4278 696 4336; x_wconf 84' lang='lat' dir='ltr'><strong>Vers.</strong></span> <span class='ocrx_word' id='word_1_427' title='bbox 721 4283 778 4338; x_wconf 82' lang='grc'><strong>5.</strong></span> <span class='ocrx_word' id='word_1_428' title='bbox 807 4283 908 4349; x_wconf 76' lang='lat' dir='ltr'><strong>Qui</strong></span> <span class='ocrx_word' id='word_1_429' title='bbox 935 4297 1146 4342; x_wconf 88' lang='lat' dir='ltr'><strong>coronat</strong></span> <span class='ocrx_word' id='word_1_430' title='bbox 1175 4297 1224 4344; x_wconf 87' lang='lat' dir='ltr'><strong>te</strong></span> <span class='ocrx_word' id='word_1_431' title='bbox 1261 4291 1315 4345; x_wconf 92' lang='lat' dir='ltr'><strong>in</strong></span> <span class='ocrx_word' id='word_1_432' title='bbox 1346 4283 1671 4352; x_wconf 82' lang='lat' dir='ltr'><strong>miseratione</strong></span> <span class='ocrx_word' id='word_1_433' title='bbox 1691 4305 1740 4354; x_wconf 90' lang='lat' dir='ltr'><strong>et</strong></span> <span class='ocrx_word' id='word_1_434' title='bbox 1767 4300 2061 4358; x_wconf 85' lang='lat' dir='ltr'><strong>misericor-</strong></span> 
     </span>
    </p>
   </div>
   <div class='ocr_carea' id='block_1_62' title="bbox 472 4365 2056 4452">
    <p class='ocr_par' dir='ltr' id='par_1_62' title="bbox 472 4365 2056 4452">
     <span class='ocr_line' id='line_1_62' title="bbox 472 4365 2056 4452; baseline 0.019 -33"><span class='ocrx_word' id='word_1_435' title='bbox 472 4365 559 4420; x_wconf 89' lang='lat' dir='ltr'><strong>dia</strong></span> <span class='ocrx_word' id='word_1_436' title='bbox 609 4384 628 4422; x_wconf 92' lang='lat'><strong><em>:</em></strong></span> <span class='ocrx_word' id='word_1_437' title='bbox 671 4374 996 4428; x_wconf 83' lang='lat' dir='ltr'><strong>renouabitur</strong></span> <span class='ocrx_word' id='word_1_438' title='bbox 1040 4376 1173 4430; x_wconf 84' lang='lat' dir='ltr'><strong>sicut</strong></span> <span class='ocrx_word' id='word_1_439' title='bbox 1213 4382 1398 4449; x_wconf 76' lang='lat' dir='ltr'><strong>aquila:</strong></span> <span class='ocrx_word' id='word_1_440' title='bbox 1434 4384 1675 4452; x_wconf 84' lang='lat' dir='ltr'><strong>juventus</strong></span> <span class='ocrx_word' id='word_1_441' title='bbox 1719 4397 1826 4444; x_wconf 91' lang='lat' dir='ltr'><strong>tua.</strong></span> <span class='ocrx_word' id='word_1_442' title='bbox 1874 4390 1929 4446; x_wconf 81' lang='lat' dir='ltr'><strong>In</strong></span> <span class='ocrx_word' id='word_1_443' title='bbox 1971 4393 2056 4450; x_wconf 90' lang='lat' dir='ltr'><strong>bis</strong></span> 
     </span>
    </p>
   </div>
   <div class='ocr_carea' id='block_1_63' title="bbox 471 4455 2056 4544">
    <p class='ocr_par' dir='ltr' id='par_1_63' title="bbox 471 4455 2056 4544">
     <span class='ocr_line' id='line_1_63' title="bbox 471 4455 2056 4544; baseline 0.019 -35"><span class='ocrx_word' id='word_1_444' title='bbox 471 4455 643 4510; x_wconf 88' lang='lat' dir='ltr'><strong>tribus</strong></span> <span class='ocrx_word' id='word_1_445' title='bbox 683 4461 925 4518; x_wconf 79' lang='lat' dir='ltr'><strong>versibus</strong></span> <span class='ocrx_word' id='word_1_446' title='bbox 969 4471 1310 4534; x_wconf 79' lang='lat' dir='ltr'><strong>exponuntur</strong></span> <span class='ocrx_word' id='word_1_447' title='bbox 1353 4471 1454 4526; x_wconf 90' lang='lat' dir='ltr'><strong>sub</strong></span> <span class='ocrx_word' id='word_1_448' title='bbox 1502 4476 1750 4544; x_wconf 89' lang='lat' dir='ltr'><strong>quinaria</strong></span> <span class='ocrx_word' id='word_1_449' title='bbox 1793 4479 2056 4540; x_wconf 85' lang='lat' dir='ltr'><strong>divisione</strong></span> 
     </span>
    </p>
   </div>
   <div class='ocr_carea' id='block_1_64' title="bbox 2177 1907 3764 1993">
    <p class='ocr_par' dir='ltr' id='par_1_64' title="bbox 2177 1907 3764 1993">
     <span class='ocr_line' id='line_1_64' title="bbox 2177 1907 3764 1993; baseline 0.011 -31"><span class='ocrx_word' id='word_1_450' title='bbox 2177 1907 2390 1979; x_wconf 81' lang='lat' dir='ltr'><strong>saxum]</strong></span> <span class='ocrx_word' id='word_1_451' title='bbox 2419 1909 2616 1966; x_wconf 89' lang='lat' dir='ltr'><strong>dicitur</strong></span> <span class='ocrx_word' id='word_1_452' title='bbox 2659 1914 2926 1984; x_wconf 82' lang='lat' dir='ltr'><strong>expolire,</strong></span> <span class='ocrx_word' id='word_1_453' title='bbox 2958 1931 3235 1989; x_wconf 90' lang='lat' dir='ltr'><strong>usquequo</strong></span> <span class='ocrx_word' id='word_1_454' title='bbox 3280 1921 3460 1976; x_wconf 90' lang='lat' dir='ltr'><strong>omnia</strong></span> <span class='ocrx_word' id='word_1_455' title='bbox 3510 1922 3612 1976; x_wconf 88' lang='lat' dir='ltr'><strong>sibi</strong></span> <span class='ocrx_word' id='word_1_456' title='bbox 3655 1924 3764 1993; x_wconf 83' lang='lat' dir='ltr'><strong>ejus</strong></span> 
     </span>
    </p>
   </div>
   <div class='ocr_carea' id='block_1_65' title="bbox 2177 1999 3764 2082">
    <p class='ocr_par' dir='ltr' id='par_1_65' title="bbox 2177 1999 3764 2082">
     <span class='ocr_line' id='line_1_65' title="bbox 2177 1999 3764 2082; baseline 0.009 -29"><span class='ocrx_word' id='word_1_457' title='bbox 2177 1999 2561 2069; x_wconf 81' lang='lat' dir='ltr'><strong>impedimenta</strong></span> <span class='ocrx_word' id='word_1_458' title='bbox 2603 2003 2938 2062; x_wconf 89' lang='lat' dir='ltr'><strong>submoveat.</strong></span> <span class='ocrx_word' id='word_1_459' title='bbox 2971 2007 3089 2074; x_wconf 88' lang='lat' dir='ltr'><strong>Quo</strong></span> <span class='ocrx_word' id='word_1_460' title='bbox 3116 2007 3259 2065; x_wconf 79' lang='lat' dir='ltr'><strong>facto</strong></span> <span class='ocrx_word' id='word_1_461' title='bbox 3287 2009 3340 2064; x_wconf 89' lang='lat' dir='ltr'><strong>in</strong></span> <span class='ocrx_word' id='word_1_462' title='bbox 3370 2012 3644 2082; x_wconf 88' lang='lat' dir='ltr'><strong>antiquam</strong></span> <span class='ocrx_word' id='word_1_463' title='bbox 3676 2029 3764 2067; x_wconf 80' lang='lat' dir='ltr'><strong>va-</strong></span> 
     </span>
    </p>
   </div>
   <div class='ocr_carea' id='block_1_66' title="bbox 2176 2090 3765 2174">
    <p class='ocr_par' dir='ltr' id='par_1_66' title="bbox 2176 2090 3765 2174">
     <span class='ocr_line' id='line_1_66' title="bbox 2176 2090 3765 2174; baseline 0.009 -28"><span class='ocrx_word' id='word_1_464' title='bbox 2176 2090 2471 2149; x_wconf 89' lang='lat' dir='ltr'><strong>letudinem</strong></span> <span class='ocrx_word' id='word_1_465' title='bbox 2515 2097 2760 2164; x_wconf 89' lang='lat' dir='ltr'><strong>corporis</strong></span> <span class='ocrx_word' id='word_1_466' title='bbox 2797 2097 2902 2166; x_wconf 90' lang='lat' dir='ltr'><strong>sui,</strong></span> <span class='ocrx_word' id='word_1_467' title='bbox 2936 2113 3182 2154; x_wconf 88' lang='lat' dir='ltr'><strong>escarum</strong></span> <span class='ocrx_word' id='word_1_468' title='bbox 3224 2101 3385 2156; x_wconf 88' lang='lat' dir='ltr'><strong>solita</strong></span> <span class='ocrx_word' id='word_1_469' title='bbox 3425 2106 3765 2174; x_wconf 80' lang='lat' dir='ltr'><strong>perceptione</strong></span> 
     </span>
    </p>
   </div>
   <div class='ocr_carea' id='block_1_67' title="bbox 2177 2185 3764 2259">
    <p class='ocr_par' dir='ltr' id='par_1_67' title="bbox 2177 2185 3764 2259">
     <span class='ocr_line' id='line_1_67' title="bbox 2177 2185 3764 2259; baseline 0.006 -20"><span class='ocrx_word' id='word_1_470' title='bbox 2177 2193 2480 2240; x_wconf 90' lang='lat' dir='ltr'><strong>revocatur.</strong></span> <span class='ocrx_word' id='word_1_471' title='bbox 2511 2185 2599 2241; x_wconf 91' lang='lat' dir='ltr'><strong>Sic</strong></span> <span class='ocrx_word' id='word_1_472' title='bbox 2627 2187 2802 2242; x_wconf 90' lang='lat' dir='ltr'><strong>anima</strong></span> <span class='ocrx_word' id='word_1_473' title='bbox 2832 2188 2885 2243; x_wconf 90' lang='lat' dir='ltr'><strong>in</strong></span> <span class='ocrx_word' id='word_1_474' title='bbox 2915 2191 3196 2259; x_wconf 85' lang='lat' dir='ltr'><strong>pristinam</strong></span> <span class='ocrx_word' id='word_1_475' title='bbox 3223 2193 3507 2249; x_wconf 84' lang='lat' dir='ltr'><strong>sanitatem</strong></span> <span class='ocrx_word' id='word_1_476' title='bbox 3537 2197 3764 2250; x_wconf 80' lang='lat' dir='ltr'><strong>reverti-</strong></span> 
     </span>
    </p>
   </div>
   <div class='ocr_carea' id='block_1_68' title="bbox 2177 2275 3760 2348">
    <p class='ocr_par' dir='ltr' id='par_1_68' title="bbox 2177 2275 3760 2348">
     <span class='ocr_line' id='line_1_68' title="bbox 2177 2275 3760 2348; baseline 0.008 -20"><span class='ocrx_word' id='word_1_477' title='bbox 2177 2279 2287 2340; x_wconf 89' lang='lat' dir='ltr'><strong>tur,</strong></span> <span class='ocrx_word' id='word_1_478' title='bbox 2327 2275 2371 2329; x_wconf 91' lang='lat' dir='ltr'><strong>si</strong></span> <span class='ocrx_word' id='word_1_479' title='bbox 2403 2284 2622 2343; x_wconf 83' lang='lat' dir='ltr'><strong>peccata</strong></span> <span class='ocrx_word' id='word_1_480' title='bbox 2653 2291 2751 2331; x_wconf 89' lang='lat' dir='ltr'><strong>sua</strong></span> <span class='ocrx_word' id='word_1_481' title='bbox 2782 2277 2834 2333; x_wconf 90' lang='lat' dir='ltr'><strong>in</strong></span> <span class='ocrx_word' id='word_1_482' title='bbox 2868 2289 3018 2347; x_wconf 86' lang='lat' dir='ltr'><strong>petra</strong></span> <span class='ocrx_word' id='word_1_483' title='bbox 3047 2295 3167 2348; x_wconf 77' lang='lat' dir='ltr'><strong>quae</strong></span> <span class='ocrx_word' id='word_1_484' title='bbox 3195 2290 3278 2338; x_wconf 90' lang='lat' dir='ltr'><strong>est</strong></span> <span class='ocrx_word' id='word_1_485' title='bbox 3305 2280 3554 2340; x_wconf 87' lang='lat' dir='ltr'><strong>Christus</strong></span> <span class='ocrx_word' id='word_1_486' title='bbox 3584 2284 3760 2340; x_wconf 87' lang='lat' dir='ltr'><strong>Domi-</strong></span> 
     </span>
    </p>
   </div>
   <div class='ocr_carea' id='block_1_69' title="bbox 2177 2367 3764 2436">
    <p class='ocr_par' dir='ltr' id='par_1_69' title="bbox 2177 2367 3764 2436">
     <span class='ocr_line' id='line_1_69' title="bbox 2177 2367 3764 2436; baseline 0.009 -16"><span class='ocrx_word' id='word_1_487' title='bbox 2177 2380 2279 2420; x_wconf 90' lang='lat' dir='ltr'><strong>nus</strong></span> <span class='ocrx_word' id='word_1_488' title='bbox 2306 2367 2544 2435; x_wconf 79' lang='lat' dir='ltr'><strong>expolire</strong></span> <span class='ocrx_word' id='word_1_489' title='bbox 2573 2382 2679 2424; x_wconf 89' lang='lat' dir='ltr'><strong>non</strong></span> <span class='ocrx_word' id='word_1_490' title='bbox 2710 2367 2942 2426; x_wconf 89' lang='lat' dir='ltr'><strong>desinat.</strong></span> <span class='ocrx_word' id='word_1_491' title='bbox 2982 2371 3291 2429; x_wconf 81' lang='lat' dir='ltr'><strong>Revertitur</strong></span> <span class='ocrx_word' id='word_1_492' title='bbox 3331 2375 3476 2432; x_wconf 88' lang='lat' dir='ltr'><strong>enim</strong></span> <span class='ocrx_word' id='word_1_493' title='bbox 3513 2377 3582 2432; x_wconf 87' lang='lat' dir='ltr'><strong>ad</strong></span> <span class='ocrx_word' id='word_1_494' title='bbox 3622 2377 3764 2436; x_wconf 87' lang='lat' dir='ltr'><strong>cibos</strong></span> 
     </span>
    </p>
   </div>
   <div class='ocr_carea' id='block_1_70' title="bbox 2179 2456 3762 2540">
    <p class='ocr_par' dir='ltr' id='par_1_70' title="bbox 2179 2456 3762 2540">
     <span class='ocr_line' id='line_1_70' title="bbox 2179 2456 3762 2540; baseline 0.01 -28"><span class='ocrx_word' id='word_1_495' title='bbox 2179 2456 2476 2522; x_wconf 77' lang='lat' dir='ltr'><strong>Salutares,</strong></span> <span class='ocrx_word' id='word_1_496' title='bbox 2535 2461 2750 2530; x_wconf 88' lang='lat' dir='ltr'><strong>quando</strong></span> <span class='ocrx_word' id='word_1_497' title='bbox 2788 2461 3015 2531; x_wconf 90' lang='lat' dir='ltr'><strong>delicta,</strong></span> <span class='ocrx_word' id='word_1_498' title='bbox 3045 2479 3168 2535; x_wconf 66' lang='lat' dir='ltr'><strong>quas</strong></span> <span class='ocrx_word' id='word_1_499' title='bbox 3217 2474 3346 2522; x_wconf 90' lang='lat' dir='ltr'><strong>sunt</strong></span> <span class='ocrx_word' id='word_1_500' title='bbox 3381 2467 3762 2540; x_wconf 84' lang='lat' dir='ltr'><strong>impedimenta</strong></span> 
     </span>
    </p>
   </div>
   <div class='ocr_carea' id='block_1_71' title="bbox 2175 2550 3475 2629">
    <p class='ocr_par' dir='ltr' id='par_1_71' title="bbox 2175 2550 3475 2629">
     <span class='ocr_line' id='line_1_71' title="bbox 2175 2550 3475 2629; baseline 0.011 -25"><span class='ocrx_word' id='word_1_501' title='bbox 2175 2556 2391 2605; x_wconf 59' lang='lat' dir='ltr'><strong>aeterna:</strong></span> <span class='ocrx_word' id='word_1_502' title='bbox 2421 2550 2566 2619; x_wconf 80' lang='lat' dir='ltr'><strong>vitae,</strong></span> <span class='ocrx_word' id='word_1_503' title='bbox 2591 2552 2819 2610; x_wconf 91' lang='lat' dir='ltr'><strong>Domino</strong></span> <span class='ocrx_word' id='word_1_504' title='bbox 2846 2566 3158 2624; x_wconf 65' lang='lat' dir='ltr'><strong>praestante,</strong></span> <span class='ocrx_word' id='word_1_505' title='bbox 3190 2560 3475 2629; x_wconf 89' lang='lat' dir='ltr'><strong>respuerit.</strong></span> 
     </span>
    </p>
   </div>
   <div class='ocr_carea' id='block_1_72' title="bbox 2254 2639 3762 2725">
    <p class='ocr_par' dir='ltr' id='par_1_72' title="bbox 2254 2639 3762 2725">
     <span class='ocr_line' id='line_1_72' title="bbox 2254 2639 3762 2725; baseline 0.009 -30"><span class='ocrx_word' id='word_1_506' title='bbox 2254 2639 2409 2697; x_wconf 80' lang='lat' dir='ltr'><strong>Vers.</strong></span> <span class='ocrx_word' id='word_1_507' title='bbox 2442 2642 2502 2697; x_wconf 91' lang='lat'><strong>6.</strong></span> <span class='ocrx_word' id='word_1_508' title='bbox 2523 2641 2744 2699; x_wconf 85' lang='lat' dir='ltr'><strong>Faciens</strong></span> <span class='ocrx_word' id='word_1_509' title='bbox 2769 2646 3143 2703; x_wconf 82' lang='lat' dir='ltr'><strong>misericordias</strong></span> <span class='ocrx_word' id='word_1_510' title='bbox 3162 2649 3436 2722; x_wconf 87' lang='lat' dir='ltr'><strong>Dominus,</strong></span> <span class='ocrx_word' id='word_1_511' title='bbox 3453 2663 3504 2708; x_wconf 90' lang='lat' dir='ltr'><strong>et</strong></span> <span class='ocrx_word' id='word_1_512' title='bbox 3513 2654 3762 2725; x_wconf 68' lang='lat' dir='ltr'><strong>judicium</strong></span> 
     </span>
    </p>
   </div>
   <div class='ocr_carea' id='block_1_73' title="bbox 2179 2731 3757 2809">
    <p class='ocr_par' dir='ltr' id='par_1_73' title="bbox 2179 2731 3757 2809">
     <span class='ocr_line' id='line_1_73' title="bbox 2179 2731 3757 2809; baseline 0.013 -28"><span class='ocrx_word' id='word_1_513' title='bbox 2179 2731 2411 2784; x_wconf 88' lang='lat' dir='ltr'><strong>omnibus</strong></span> <span class='ocrx_word' id='word_1_514' title='bbox 2435 2732 2682 2804; x_wconf 83' lang='lat' dir='ltr'><strong>injuriam</strong></span> <span class='ocrx_word' id='word_1_515' title='bbox 2705 2735 3036 2803; x_wconf 84' lang='lat' dir='ltr'><strong>patientibus.</strong></span> <span class='ocrx_word' id='word_1_516' title='bbox 3059 2738 3347 2809; x_wconf 82' lang='lat' dir='ltr'><strong>Postquam</strong></span> <span class='ocrx_word' id='word_1_517' title='bbox 3372 2740 3510 2797; x_wconf 84' lang='lat' dir='ltr'><strong>dixit</strong></span> <span class='ocrx_word' id='word_1_518' title='bbox 3535 2743 3757 2801; x_wconf 89' lang='lat' dir='ltr'><strong>retribu-</strong></span> 
     </span>
    </p>
   </div>
   <div class='ocr_carea' id='block_1_74' title="bbox 2175 2821 3761 2896">
    <p class='ocr_par' dir='ltr' id='par_1_74' title="bbox 2175 2821 3761 2896">
     <span class='ocr_line' id='line_1_74' title="bbox 2175 2821 3761 2896; baseline 0.013 -21"><span class='ocrx_word' id='word_1_519' title='bbox 2175 2823 2351 2877; x_wconf 86' lang='lat' dir='ltr'><strong>tiones</strong></span> <span class='ocrx_word' id='word_1_520' title='bbox 2377 2821 2608 2892; x_wconf 89' lang='lat' dir='ltr'><strong>Domini,</strong></span> <span class='ocrx_word' id='word_1_521' title='bbox 2649 2841 2780 2896; x_wconf 86' lang='lat' dir='ltr'><strong>quas</strong></span> <span class='ocrx_word' id='word_1_522' title='bbox 2811 2827 2898 2884; x_wconf 91' lang='lat' dir='ltr'><strong>hic</strong></span> <span class='ocrx_word' id='word_1_523' title='bbox 2924 2833 3202 2888; x_wconf 87' lang='lat' dir='ltr'><strong>conversis</strong></span> <span class='ocrx_word' id='word_1_524' title='bbox 3235 2831 3311 2888; x_wconf 90' lang='lat' dir='ltr'><strong>in&#39;</strong></span> <span class='ocrx_word' id='word_1_525' title='bbox 3331 2833 3426 2890; x_wconf 92' lang='lat' dir='ltr'><strong>illo</strong></span> <span class='ocrx_word' id='word_1_526' title='bbox 3449 2837 3651 2895; x_wconf 65' lang='lat' dir='ltr'><strong>saeculo</strong></span> <span class='ocrx_word' id='word_1_527' title='bbox 3675 2851 3761 2896; x_wconf 85' lang='lat' dir='ltr'><strong>ve-</strong></span> 
     </span>
    </p>
   </div>
   <div class='ocr_carea' id='block_1_75' title="bbox 2175 2917 3756 2997">
    <p class='ocr_par' dir='ltr' id='par_1_75' title="bbox 2175 2917 3756 2997">
     <span class='ocr_line' id='line_1_75' title="bbox 2175 2917 3756 2997; baseline 0.01 -27"><span class='ocrx_word' id='word_1_528' title='bbox 2175 2917 2373 2972; x_wconf 84' lang='lat' dir='ltr'><strong>raciter</strong></span> <span class='ocrx_word' id='word_1_529' title='bbox 2399 2917 2636 2973; x_wconf 88' lang='lat' dir='ltr'><strong>creditur</strong></span> <span class='ocrx_word' id='word_1_530' title='bbox 2663 2933 2824 2988; x_wconf 84' lang='lat' dir='ltr'><strong>posse</strong></span> <span class='ocrx_word' id='word_1_531' title='bbox 2853 2930 3143 2992; x_wconf 69' lang='lat' dir='ltr'><strong>praestare,</strong></span> <span class='ocrx_word' id='word_1_532' title='bbox 3185 2939 3325 2980; x_wconf 91' lang='lat' dir='ltr'><strong>nunc</strong></span> <span class='ocrx_word' id='word_1_533' title='bbox 3355 2925 3480 2983; x_wconf 88' lang='lat' dir='ltr'><strong>dicit</strong></span> <span class='ocrx_word' id='word_1_534' title='bbox 3507 2928 3756 2997; x_wconf 83' lang='lat' dir='ltr'><strong>breviter,</strong></span> 
     </span>
    </p>
   </div>
   <div class='ocr_carea' id='block_1_76' title="bbox 2173 3007 3758 3090">
    <p class='ocr_par' dir='ltr' id='par_1_76' title="bbox 2173 3007 3758 3090">
     <span class='ocr_line' id='line_1_76' title="bbox 2173 3007 3758 3090; baseline 0.011 -29"><span class='ocrx_word' id='word_1_535' title='bbox 2173 3009 2298 3078; x_wconf 85' lang='lat' dir='ltr'><strong>quia</strong></span> <span class='ocrx_word' id='word_1_536' title='bbox 2347 3007 2600 3065; x_wconf 88' lang='lat' dir='ltr'><strong>Dominus</strong></span> <span class='ocrx_word' id='word_1_537' title='bbox 2650 3013 3025 3070; x_wconf 78' lang='lat' dir='ltr'><strong>misericordias</strong></span> <span class='ocrx_word' id='word_1_538' title='bbox 3071 3017 3231 3088; x_wconf 82' lang='lat' dir='ltr'><strong>faciat</strong></span> <span class='ocrx_word' id='word_1_539' title='bbox 3287 3019 3645 3090; x_wconf 86' lang='lat' dir='ltr'><strong>sperantibus,</strong></span> <span class='ocrx_word' id='word_1_540' title='bbox 3704 3033 3758 3079; x_wconf 87' lang='lat' dir='ltr'><strong>et</strong></span> 
     </span>
    </p>
   </div>
   <div class='ocr_carea' id='block_1_77' title="bbox 2173 3100 3764 3181">
    <p class='ocr_par' dir='ltr' id='par_1_77' title="bbox 2173 3100 3764 3181">
     <span class='ocr_line' id='line_1_77' title="bbox 2173 3100 3764 3181; baseline 0.01 -27"><span class='ocrx_word' id='word_1_541' title='bbox 2173 3100 2464 3156; x_wconf 80' lang='lat' dir='ltr'><strong>vindictam</strong></span> <span class='ocrx_word' id='word_1_542' title='bbox 2510 3112 2728 3172; x_wconf 75' lang='lat' dir='ltr'><strong>prtestct</strong></span> <span class='ocrx_word' id='word_1_543' title='bbox 2769 3107 3078 3174; x_wconf 84' lang='lat' dir='ltr'><strong>patientibus</strong></span> <span class='ocrx_word' id='word_1_544' title='bbox 3125 3110 3335 3166; x_wconf 86' lang='lat' dir='ltr'><strong>cunctis</strong></span> <span class='ocrx_word' id='word_1_545' title='bbox 3372 3113 3660 3181; x_wconf 76' lang='lat' dir='ltr'><strong>injuriam;</strong></span> <span class='ocrx_word' id='word_1_546' title='bbox 3705 3125 3764 3170; x_wconf 89' lang='lat' dir='ltr'><strong>ut</strong></span> 
     </span>
    </p>
   </div>
   <div class='ocr_carea' id='block_1_78' title="bbox 2099 3190 3762 3275">
    <p class='ocr_par' dir='ltr' id='par_1_78' title="bbox 2099 3190 3762 3275">
     <span class='ocr_line' id='line_1_78' title="bbox 2099 3190 3762 3275; baseline 0.011 -31"><span class='ocrx_word' id='word_1_547' title='bbox 2099 3199 2147 3263; x_wconf 74' lang='grc' dir='ltr'>α</span> <span class='ocrx_word' id='word_1_548' title='bbox 2178 3190 2356 3247; x_wconf 90' lang='lat' dir='ltr'><strong>nullus</strong></span> <span class='ocrx_word' id='word_1_549' title='bbox 2386 3191 2442 3248; x_wconf 92' lang='lat' dir='ltr'><strong>in</strong></span> <span class='ocrx_word' id='word_1_550' title='bbox 2471 3192 2548 3248; x_wconf 87' lang='lat' dir='ltr'><strong>eis</strong></span> <span class='ocrx_word' id='word_1_551' title='bbox 2579 3195 2750 3265; x_wconf 89' lang='lat' dir='ltr'><strong>possit</strong></span> <span class='ocrx_word' id='word_1_552' title='bbox 2777 3196 3023 3255; x_wconf 87' lang='lat' dir='ltr'><strong>dubitare</strong></span> <span class='ocrx_word' id='word_1_553' title='bbox 3051 3215 3172 3270; x_wconf 86' lang='lat' dir='ltr'><strong>quae</strong></span> <span class='ocrx_word' id='word_1_554' title='bbox 3201 3201 3342 3258; x_wconf 90' lang='lat' dir='ltr'><strong>dicta</strong></span> <span class='ocrx_word' id='word_1_555' title='bbox 3372 3212 3518 3272; x_wconf 90' lang='lat' dir='ltr'><strong>sunt,</strong></span> <span class='ocrx_word' id='word_1_556' title='bbox 3547 3203 3762 3275; x_wconf 77' lang='lat' dir='ltr'><strong>qdando</strong></span> 
     </span>
    </p>
   </div>
   <div class='ocr_carea' id='block_1_79' title="bbox 2173 3285 3764 3360">
    <p class='ocr_par' dir='ltr' id='par_1_79' title="bbox 2173 3285 3764 3360">
     <span class='ocr_line' id='line_1_79' title="bbox 2173 3285 3764 3360; baseline 0.013 -21"><span class='ocrx_word' id='word_1_557' title='bbox 2173 3285 2348 3356; x_wconf 87' lang='lat' dir='ltr'><strong>ipsum</strong></span> <span class='ocrx_word' id='word_1_558' title='bbox 2396 3287 2679 3345; x_wconf 90' lang='lat' dir='ltr'><strong>Dominum</strong></span> <span class='ocrx_word' id='word_1_559' title='bbox 2737 3293 2828 3348; x_wconf 89' lang='lat' dir='ltr'><strong>tali</strong></span> <span class='ocrx_word' id='word_1_560' title='bbox 2877 3293 3192 3352; x_wconf 90' lang='lat' dir='ltr'><strong>deﬁnitione</strong></span> <span class='ocrx_word' id='word_1_561' title='bbox 3236 3305 3593 3355; x_wconf 86' lang='lat' dir='ltr'><strong>monstratum</strong></span> <span class='ocrx_word' id='word_1_562' title='bbox 3643 3317 3764 3360; x_wconf 86' lang='lat' dir='ltr'><strong>esse</strong></span> 
     </span>
    </p>
   </div>
   <div class='ocr_carea' id='block_1_80' title="bbox 2173 3383 3764 3460">
    <p class='ocr_par' dir='ltr' id='par_1_80' title="bbox 2173 3383 3764 3460">
     <span class='ocr_line' id='line_1_80' title="bbox 2173 3383 3764 3460; baseline 0.014 -28"><span class='ocrx_word' id='word_1_563' title='bbox 2173 3391 2543 3449; x_wconf 85' lang='lat' dir='ltr'><strong>cognosceret.</strong></span> <span class='ocrx_word' id='word_1_564' title='bbox 2572 3383 2672 3439; x_wconf 83' lang='lat' dir='ltr'><strong>Hic</strong></span> <span class='ocrx_word' id='word_1_565' title='bbox 2701 3387 2847 3442; x_wconf 84' lang='lat' dir='ltr'><strong>enim</strong></span> <span class='ocrx_word' id='word_1_566' title='bbox 2879 3402 3070 3445; x_wconf 86' lang='lat' dir='ltr'><strong>versus</strong></span> <span class='ocrx_word' id='word_1_567' title='bbox 3111 3405 3209 3460; x_wconf 90' lang='lat' dir='ltr'><strong>per</strong></span> <span class='ocrx_word' id='word_1_568' title='bbox 3237 3392 3455 3448; x_wconf 89' lang='lat' dir='ltr'><strong>modum</strong></span> <span class='ocrx_word' id='word_1_569' title='bbox 3501 3393 3764 3453; x_wconf 81' lang='lat' dir='ltr'><strong>deﬁnitio-</strong></span> 
     </span>
    </p>
   </div>
   <div class='ocr_carea' id='block_1_81' title="bbox 2171 3470 3762 3556">
    <p class='ocr_par' dir='ltr' id='par_1_81' title="bbox 2171 3470 3762 3556">
     <span class='ocr_line' id='line_1_81' title="bbox 2171 3470 3762 3556; baseline 0.013 -32"><span class='ocrx_word' id='word_1_570' title='bbox 2171 3470 2254 3525; x_wconf 90' lang='lat' dir='ltr'><strong>nis</strong></span> <span class='ocrx_word' id='word_1_571' title='bbox 2283 3471 2488 3528; x_wconf 88' lang='lat' dir='ltr'><strong>edictus</strong></span> <span class='ocrx_word' id='word_1_572' title='bbox 2525 3483 2625 3541; x_wconf 87' lang='lat' dir='ltr'><strong>est,</strong></span> <span class='ocrx_word' id='word_1_573' title='bbox 2660 3477 2871 3545; x_wconf 88' lang='lat' dir='ltr'><strong>quando</strong></span> <span class='ocrx_word' id='word_1_574' title='bbox 2909 3493 3007 3549; x_wconf 89' lang='lat' dir='ltr'><strong>per</strong></span> <span class='ocrx_word' id='word_1_575' title='bbox 3052 3480 3182 3536; x_wconf 90' lang='lat' dir='ltr'><strong>illud</strong></span> <span class='ocrx_word' id='word_1_576' title='bbox 3226 3483 3368 3552; x_wconf 92' lang='lat' dir='ltr'><strong>quod</strong></span> <span class='ocrx_word' id='word_1_577' title='bbox 3413 3484 3762 3556; x_wconf 85' lang='lat' dir='ltr'><strong>singulariter</strong></span> 
     </span>
    </p>
   </div>
   <div class='ocr_carea' id='block_1_82' title="bbox 2170 3560 3762 3648">
    <p class='ocr_par' dir='ltr' id='par_1_82' title="bbox 2170 3560 3762 3648">
     <span class='ocr_line' id='line_1_82' title="bbox 2170 3560 3762 3648; baseline 0.011 -31"><span class='ocrx_word' id='word_1_578' title='bbox 2170 3560 2353 3628; x_wconf 77' lang='lat' dir='ltr'><strong>efﬁcit,</strong></span> <span class='ocrx_word' id='word_1_579' title='bbox 2383 3565 2574 3635; x_wconf 89' lang='lat' dir='ltr'><strong>aliquis</strong></span> <span class='ocrx_word' id='word_1_580' title='bbox 2604 3567 2891 3624; x_wconf 90' lang='lat' dir='ltr'><strong>indicatur.</strong></span> <span class='ocrx_word' id='word_1_581' title='bbox 2947 3569 3081 3626; x_wconf 83' lang='lat' dir='ltr'><strong>Nam</strong></span> <span class='ocrx_word' id='word_1_582' title='bbox 3113 3573 3476 3646; x_wconf 85' lang='lat' dir='ltr'><strong>interroganti</strong></span> <span class='ocrx_word' id='word_1_583' title='bbox 3510 3575 3607 3632; x_wconf 88' lang='lat' dir='ltr'><strong>tibi</strong></span> <span class='ocrx_word' id='word_1_584' title='bbox 3634 3577 3762 3648; x_wconf 91' lang='lat' dir='ltr'><strong>quid</strong></span> 
     </span>
    </p>
   </div>
   <div class='ocr_carea' id='block_1_83' title="bbox 2168 3657 3759 3732">
    <p class='ocr_par' dir='ltr' id='par_1_83' title="bbox 2168 3657 3759 3732">
     <span class='ocr_line' id='line_1_83' title="bbox 2168 3657 3759 3732; baseline 0.008 -19"><span class='ocrx_word' id='word_1_585' title='bbox 2168 3657 2240 3713; x_wconf 88' lang='lat' dir='ltr'><strong>sit</strong></span> <span class='ocrx_word' id='word_1_586' title='bbox 2291 3657 2587 3715; x_wconf 75' lang='lat' dir='ltr'><strong>Dominus?</strong></span> <span class='ocrx_word' id='word_1_587' title='bbox 2625 3663 2921 3732; x_wconf 88' lang='lat' dir='ltr'><strong>respondes</strong></span> <span class='ocrx_word' id='word_1_588' title='bbox 2950 3681 2965 3718; x_wconf 90' lang='lat'><strong>:</strong></span> <span class='ocrx_word' id='word_1_589' title='bbox 2999 3663 3225 3721; x_wconf 86' lang='lat' dir='ltr'><strong>Faciens</strong></span> <span class='ocrx_word' id='word_1_590' title='bbox 3273 3668 3660 3725; x_wconf 84' lang='lat' dir='ltr'><strong>misericordias</strong></span> <span class='ocrx_word' id='word_1_591' title='bbox 3708 3679 3759 3724; x_wconf 87' lang='lat' dir='ltr'><strong>et</strong></span> 
     </span>
    </p>
   </div>
   <div class='ocr_carea' id='block_1_84' title="bbox 2160 3749 3762 3832">
    <p class='ocr_par' dir='ltr' id='par_1_84' title="bbox 2160 3749 3762 3832">
     <span class='ocr_line' id='line_1_84' title="bbox 2160 3749 3762 3832; baseline 0.012 -31"><span class='ocrx_word' id='word_1_592' title='bbox 2160 3749 2420 3819; x_wconf 88' lang='lat' dir='ltr'><strong>judicium</strong></span> <span class='ocrx_word' id='word_1_593' title='bbox 2466 3751 2699 3807; x_wconf 83' lang='lat' dir='ltr'><strong>omnibus</strong></span> <span class='ocrx_word' id='word_1_594' title='bbox 2744 3754 3006 3832; x_wconf 13' lang='lat' dir='ltr'><strong>injuriam»</strong></span> <span class='ocrx_word' id='word_1_595' title='bbox 3045 3758 3371 3826; x_wconf 83' lang='lat' dir='ltr'><strong>patientibus.</strong></span> <span class='ocrx_word' id='word_1_596' title='bbox 3425 3760 3762 3832; x_wconf 80' lang='lat' dir='ltr'><strong>Quapropter</strong></span> 
     </span>
    </p>
   </div>
   <div class='ocr_carea' id='block_1_85' title="bbox 2166 3830 3757 3920">
    <p class='ocr_par' dir='ltr' id='par_1_85' title="bbox 2166 3830 3757 3920">
     <span class='ocr_line' id='line_1_85' title="bbox 2166 3830 3757 3920; baseline 0.008 -26"><span class='ocrx_word' id='word_1_597' title='bbox 2166 3837 2379 3896; x_wconf 87' lang='lat' dir='ltr'><strong>abunde</strong></span> <span class='ocrx_word' id='word_1_598' title='bbox 2407 3841 2714 3911; x_wconf 81' lang='lat' dir='ltr'><strong>designatus</strong></span> <span class='ocrx_word' id='word_1_599' title='bbox 2742 3855 2826 3901; x_wconf 86' lang='lat' dir='ltr'><strong>est</strong></span> <span class='ocrx_word' id='word_1_600' title='bbox 2854 3830 3110 3904; x_wconf 71' lang='lat' dir='ltr'><strong>Dominus</strong></span> <span class='ocrx_word' id='word_1_601' title='bbox 3141 3847 3282 3905; x_wconf 88' lang='lat' dir='ltr'><strong>Deus</strong></span> <span class='ocrx_word' id='word_1_602' title='bbox 3304 3895 3320 3920; x_wconf 93' lang='lat'><strong>,</strong></span> <span class='ocrx_word' id='word_1_603' title='bbox 3354 3865 3477 3906; x_wconf 89' lang='lat' dir='ltr'><strong>cum</strong></span> <span class='ocrx_word' id='word_1_604' title='bbox 3507 3830 3757 3908; x_wconf 46' lang='lat' dir='ltr'><strong>nulli—al-</strong></span> 
     </span>
    </p>
   </div>
   <div class='ocr_carea' id='block_1_86' title="bbox 2168 3933 3750 4008">
    <p class='ocr_par' dir='ltr' id='par_1_86' title="bbox 2168 3933 3750 4008">
     <span class='ocr_line' id='line_1_86' title="bbox 2168 3933 3750 4008; baseline 0.008 -23"><span class='ocrx_word' id='word_1_605' title='bbox 2168 3933 2266 3986; x_wconf 90' lang='lat' dir='ltr'><strong>teri</strong></span> <span class='ocrx_word' id='word_1_606' title='bbox 2305 3933 2476 4002; x_wconf 86' lang='lat' dir='ltr'><strong>possit</strong></span> <span class='ocrx_word' id='word_1_607' title='bbox 2523 3937 2812 3992; x_wconf 91' lang='lat' dir='ltr'><strong>convenire</strong></span> <span class='ocrx_word' id='word_1_608' title='bbox 2841 3939 2983 4008; x_wconf 90' lang='lat' dir='ltr'><strong>quod</strong></span> <span class='ocrx_word' id='word_1_609' title='bbox 3014 3939 3219 3994; x_wconf 90' lang='lat' dir='ltr'><strong>dictum</strong></span> <span class='ocrx_word' id='word_1_610' title='bbox 3261 3949 3364 3996; x_wconf 87' lang='lat' dir='ltr'><strong>est.</strong></span> <span class='ocrx_word' id='word_1_611' title='bbox 3417 3941 3526 3997; x_wconf 88' lang='lat' dir='ltr'><strong>lllis</strong></span> <span class='ocrx_word' id='word_1_612' title='bbox 3571 3952 3750 3999; x_wconf 87' lang='lat' dir='ltr'><strong>autem</strong></span> 
     </span>
    </p>
   </div>
   <div class='ocr_carea' id='block_1_87' title="bbox 2163 4023 3752 4100">
    <p class='ocr_par' dir='ltr' id='par_1_87' title="bbox 2163 4023 3752 4100">
     <span class='ocr_line' id='line_1_87' title="bbox 2163 4023 3752 4100; baseline 0.009 -23"><span class='ocrx_word' id='word_1_613' title='bbox 2163 4023 2541 4081; x_wconf 82' lang='lat' dir='ltr'><strong>misericordias</strong></span> <span class='ocrx_word' id='word_1_614' title='bbox 2571 4026 2696 4096; x_wconf 78' lang='lat' dir='ltr'><strong>facit</strong></span> <span class='ocrx_word' id='word_1_615' title='bbox 2723 4029 2814 4099; x_wconf 93' lang='lat' dir='ltr'><strong>qui</strong></span> <span class='ocrx_word' id='word_1_616' title='bbox 2845 4030 3050 4086; x_wconf 88' lang='lat' dir='ltr'><strong>miserti</strong></span> <span class='ocrx_word' id='word_1_617' title='bbox 3077 4032 3296 4100; x_wconf 78' lang='lat' dir='ltr'><strong>fuerint,</strong></span> <span class='ocrx_word' id='word_1_618' title='bbox 3327 4033 3468 4088; x_wconf 89' lang='lat' dir='ltr'><strong>sicut</strong></span> <span class='ocrx_word' id='word_1_619' title='bbox 3495 4035 3551 4088; x_wconf 93' lang='lat' dir='ltr'><strong>in</strong></span> <span class='ocrx_word' id='word_1_620' title='bbox 3578 4033 3752 4090; x_wconf 84' lang='lat' dir='ltr'><strong>Evan-</strong></span> 
     </span>
    </p>
   </div>
   <div class='ocr_carea' id='block_1_88' title="bbox 2162 4115 3755 4198">
    <p class='ocr_par' dir='ltr' id='par_1_88' title="bbox 2162 4115 3755 4198">
     <span class='ocr_line' id='line_1_88' title="bbox 2162 4115 3755 4198; baseline 0.007 -27"><span class='ocrx_word' id='word_1_621' title='bbox 2162 4115 2305 4183; x_wconf 78' lang='lat' dir='ltr'><strong>gelio</strong></span> <span class='ocrx_word' id='word_1_622' title='bbox 2332 4115 2460 4172; x_wconf 89' lang='lat' dir='ltr'><strong>dicit</strong></span> <span class='ocrx_word' id='word_1_623' title='bbox 2494 4135 2508 4170; x_wconf 89' lang='lat'><strong>:</strong></span> <span class='ocrx_word' id='word_1_624' title='bbox 2541 4117 2687 4173; x_wconf 87' lang='lat' dir='ltr'><strong>Beati</strong></span> <span class='ocrx_word' id='word_1_625' title='bbox 2725 4121 3096 4190; x_wconf 81' lang='lat' dir='ltr'><strong>misericordes,</strong></span> <span class='ocrx_word' id='word_1_626' title='bbox 3127 4127 3370 4193; x_wconf 86' lang='lat' dir='ltr'><strong>quoniam</strong></span> <span class='ocrx_word' id='word_1_627' title='bbox 3420 4127 3520 4198; x_wconf 90' lang='lat' dir='ltr'><strong>ipsi</strong></span> <span class='ocrx_word' id='word_1_628' title='bbox 3550 4127 3755 4182; x_wconf 34' lang='lat' dir='ltr'><strong>miserie</strong></span> 
     </span>
    </p>
   </div>
   <div class='ocr_carea' id='block_1_89' title="bbox 2162 4205 3756 4290">
    <p class='ocr_par' dir='ltr' id='par_1_89' title="bbox 2162 4205 3756 4290">
     <span class='ocr_line' id='line_1_89' title="bbox 2162 4205 3756 4290; baseline 0.011 -33"><span class='ocrx_word' id='word_1_629' title='bbox 2162 4205 2391 4259; x_wconf 89' lang='lat' dir='ltr'><strong>cordiam</strong></span> <span class='ocrx_word' id='word_1_630' title='bbox 2429 4220 2804 4279; x_wconf 86' lang='lat' dir='ltr'><strong>consequentur</strong></span> <span class='ocrx_word' id='word_1_631' title='bbox 2834 4211 3047 4284; x_wconf 76' lang='lat' dir='ltr'><strong>(Matth.</strong></span> <span class='ocrx_word' id='word_1_632' title='bbox 3077 4229 3131 4282; x_wconf 89' lang='lat' dir='ltr'><strong>v,</strong></span> <span class='ocrx_word' id='word_1_633' title='bbox 3159 4214 3242 4285; x_wconf 84' lang='lat'><strong>7).</strong></span> <span class='ocrx_word' id='word_1_634' title='bbox 3273 4215 3546 4286; x_wconf 88' lang='lat' dir='ltr'><strong>Sequitur,</strong></span> <span class='ocrx_word' id='word_1_635' title='bbox 3585 4227 3638 4272; x_wconf 83' lang='lat' dir='ltr'><strong>et</strong></span> <span class='ocrx_word' id='word_1_636' title='bbox 3665 4220 3756 4290; x_wconf 67' lang='lat' dir='ltr'><strong>juo</strong></span> 
     </span>
    </p>
   </div>
   <div class='ocr_carea' id='block_1_90' title="bbox 2163 4295 3754 4380">
    <p class='ocr_par' dir='ltr' id='par_1_90' title="bbox 2163 4295 3754 4380">
     <span class='ocr_line' id='line_1_90' title="bbox 2163 4295 3754 4380; baseline 0.013 -33"><span class='ocrx_word' id='word_1_637' title='bbox 2163 4295 2352 4348; x_wconf 88' lang='lat' dir='ltr'><strong>dicium</strong></span> <span class='ocrx_word' id='word_1_638' title='bbox 2391 4299 2622 4354; x_wconf 86' lang='lat' dir='ltr'><strong>omnibus</strong></span> <span class='ocrx_word' id='word_1_639' title='bbox 2651 4301 2895 4370; x_wconf 89' lang='lat' dir='ltr'><strong>injuriam</strong></span> <span class='ocrx_word' id='word_1_640' title='bbox 2939 4306 3272 4373; x_wconf 85' lang='lat' dir='ltr'><strong>patientibus.</strong></span> <span class='ocrx_word' id='word_1_641' title='bbox 3330 4307 3443 4364; x_wconf 83' lang='lat' dir='ltr'><strong>Hoc</strong></span> <span class='ocrx_word' id='word_1_642' title='bbox 3493 4309 3602 4366; x_wconf 83' lang='lat' dir='ltr'><strong>illis</strong></span> <span class='ocrx_word' id='word_1_643' title='bbox 3633 4325 3754 4380; x_wconf 85' lang='lat' dir='ltr'><strong>pro-</strong></span> 
     </span>
    </p>
   </div>
   <div class='ocr_carea' id='block_1_91' title="bbox 2163 4388 3752 4473">
    <p class='ocr_par' dir='ltr' id='par_1_91' title="bbox 2163 4388 3752 4473">
     <span class='ocr_line' id='line_1_91' title="bbox 2163 4388 3752 4473; baseline 0.01 -31"><span class='ocrx_word' id='word_1_644' title='bbox 2163 4388 2391 4443; x_wconf 90' lang='lat' dir='ltr'><strong>mittitur</strong></span> <span class='ocrx_word' id='word_1_645' title='bbox 2421 4391 2510 4460; x_wconf 91' lang='lat' dir='ltr'><strong>qui</strong></span> <span class='ocrx_word' id='word_1_646' title='bbox 2539 4392 2810 4460; x_wconf 85' lang='lat' dir='ltr'><strong>patientiac</strong></span> <span class='ocrx_word' id='word_1_647' title='bbox 2837 4411 3060 4453; x_wconf 79' lang='lat' dir='ltr'><strong>nutriere</strong></span> <span class='ocrx_word' id='word_1_648' title='bbox 3087 4397 3431 4469; x_wconf 74' lang='lat' dir='ltr'><strong>decorentur,</strong></span> <span class='ocrx_word' id='word_1_649' title='bbox 3463 4401 3532 4458; x_wconf 88' lang='lat' dir='ltr'><strong>de</strong></span> <span class='ocrx_word' id='word_1_650' title='bbox 3562 4403 3752 4473; x_wconf 88' lang='lat' dir='ltr'><strong>quibus</strong></span> 
     </span>
    </p>
   </div>
   <div class='ocr_carea' id='block_1_92' title="bbox 2161 4481 3748 4564">
    <p class='ocr_par' dir='ltr' id='par_1_92' title="bbox 2161 4481 3748 4564">
     <span class='ocr_line' id='line_1_92' title="bbox 2161 4481 3748 4564; baseline 0.013 -32"><span class='ocrx_word' id='word_1_651' title='bbox 2161 4481 2236 4535; x_wconf 87' lang='lat' dir='ltr'><strong>ait</strong></span> <span class='ocrx_word' id='word_1_652' title='bbox 2264 4497 2278 4534; x_wconf 91' lang='lat'><strong>:</strong></span> <span class='ocrx_word' id='word_1_653' title='bbox 2308 4481 2440 4536; x_wconf 77' lang='lat' dir='ltr'><strong>Mihi</strong></span> <span class='ocrx_word' id='word_1_654' title='bbox 2469 4484 2768 4553; x_wconf 81' lang='lat' dir='ltr'><strong>uindictam,</strong></span> <span class='ocrx_word' id='word_1_655' title='bbox 2810 4497 2857 4541; x_wconf 90' lang='lat' dir='ltr'><strong>et</strong></span> <span class='ocrx_word' id='word_1_656' title='bbox 2889 4505 2980 4560; x_wconf 86' lang='lat' dir='ltr'><strong>ego</strong></span> <span class='ocrx_word' id='word_1_657' title='bbox 3014 4491 3292 4545; x_wconf 88' lang='lat' dir='ltr'><strong>retribuam</strong></span> <span class='ocrx_word' id='word_1_658' title='bbox 3320 4493 3496 4564; x_wconf 82' lang='lat' dir='ltr'><strong>(Rom.</strong></span> <span class='ocrx_word' id='word_1_659' title='bbox 3527 4509 3629 4560; x_wconf 83' lang='lat' dir='ltr'><strong>xu,</strong></span> <span class='ocrx_word' id='word_1_660' title='bbox 3663 4500 3748 4559; x_wconf 73' lang='grc'><strong>19,</strong></span> 
     </span>
    </p>
   </div>
   <div class='ocr_carea' id='block_1_93' title="bbox 470 4549 3745 4652">
    <p class='ocr_par' dir='ltr' id='par_1_93' title="bbox 470 4549 3745 4652">
     <span class='ocr_line' id='line_1_93' title="bbox 470 4549 3745 4652; baseline 0.015 -49"><span class='ocrx_word' id='word_1_661' title='bbox 470 4549 849 4610; x_wconf 87' lang='lat' dir='ltr'><strong>retributiones</strong></span> <span class='ocrx_word' id='word_1_662' title='bbox 885 4553 1048 4611; x_wconf 84' lang='lat' dir='ltr'><strong>futuri</strong></span> <span class='ocrx_word' id='word_1_663' title='bbox 1078 4559 1282 4629; x_wconf 66' lang='lat' dir='ltr'><strong>saeculi,</strong></span> <span class='ocrx_word' id='word_1_664' title='bbox 1313 4576 1446 4630; x_wconf 89' lang='lat' dir='ltr'><strong>quas</strong></span> <span class='ocrx_word' id='word_1_665' title='bbox 1489 4567 1688 4622; x_wconf 86' lang='lat' dir='ltr'><strong>sanctis</strong></span> <span class='ocrx_word' id='word_1_666' title='bbox 1725 4570 1836 4626; x_wconf 88' lang='lat' dir='ltr'><strong>suis</strong></span> <span class='ocrx_word' id='word_1_667' title='bbox 1869 4571 2048 4629; x_wconf 88' lang='lat' dir='ltr'><strong>Domi—</strong></span> <span class='ocrx_word' id='word_1_668' title='bbox 2079 4581 2136 4645; x_wconf 79' lang='grc'><strong>1)</strong></span> <span class='ocrx_word' id='word_1_669' title='bbox 2159 4583 2206 4628; x_wconf 88' lang='lat' dir='ltr'><strong>et</strong></span> <span class='ocrx_word' id='word_1_670' title='bbox 2232 4571 2386 4628; x_wconf 85' lang='lat' dir='ltr'><strong>Ilebr.</strong></span> <span class='ocrx_word' id='word_1_671' title='bbox 2419 4590 2471 4642; x_wconf 96' lang='lat' dir='ltr'><strong>x,</strong></span> <span class='ocrx_word' id='word_1_672' title='bbox 2496 4575 2612 4645; x_wconf 80' lang='grc'><strong>50).</strong></span> <span class='ocrx_word' id='word_1_673' title='bbox 2645 4549 2780 4633; x_wconf 85' lang='lat' dir='ltr'><strong>Nam</strong></span> <span class='ocrx_word' id='word_1_674' title='bbox 2808 4579 2898 4648; x_wconf 91' lang='lat' dir='ltr'><strong>qui</strong></span> <span class='ocrx_word' id='word_1_675' title='bbox 2916 4549 2980 4636; x_wconf 67' lang='lat' dir='ltr'><strong>se</strong></span> <span class='ocrx_word' id='word_1_676' title='bbox 3007 4596 3167 4637; x_wconf 89' lang='lat' dir='ltr'><strong>manu</strong></span> <span class='ocrx_word' id='word_1_677' title='bbox 3193 4549 3510 4641; x_wconf 70' lang='lat' dir='ltr'><strong>desiderant</strong></span> <span class='ocrx_word' id='word_1_678' title='bbox 3538 4549 3745 4652; x_wconf 45' lang='lat' dir='ltr'><strong>ulcisci;</strong></span> 
     </span>
    </p>
   </div>
   <div class='ocr_carea' id='block_1_94' title="bbox 468 4641 2054 4734">
    <p class='ocr_par' dir='ltr' id='par_1_94' title="bbox 468 4641 2054 4734">
     <span class='ocr_line' id='line_1_94' title="bbox 468 4641 2054 4734; baseline 0.016 -40"><span class='ocrx_word' id='word_1_679' title='bbox 468 4650 568 4734; x_wconf 78' lang='lat' dir='ltr'><strong>nus</strong></span> <span class='ocrx_word' id='word_1_680' title='bbox 591 4641 675 4710; x_wconf 89' lang='lat' dir='ltr'><strong>pia</strong></span> <span class='ocrx_word' id='word_1_681' title='bbox 696 4645 1040 4703; x_wconf 88' lang='lat' dir='ltr'><strong>miseratione</strong></span> <span class='ocrx_word' id='word_1_682' title='bbox 1058 4648 1310 4722; x_wconf 80' lang='lat' dir='ltr'><strong>[mss.A.,</strong></span> <span class='ocrx_word' id='word_1_683' title='bbox 1327 4651 1416 4719; x_wconf 87' lang='lat' dir='ltr'><strong>B.,</strong></span> <span class='ocrx_word' id='word_1_684' title='bbox 1434 4652 1525 4725; x_wconf 86' lang='lat' dir='ltr'><strong>F.,</strong></span> <span class='ocrx_word' id='word_1_685' title='bbox 1547 4658 1932 4734; x_wconf 89' lang='lat' dir='ltr'><strong>misericordia]</strong></span> <span class='ocrx_word' id='word_1_686' title='bbox 1958 4663 2054 4720; x_wconf 89' lang='lat' dir='ltr'><strong>lar-</strong></span> 
     </span>
    </p>
   </div>
   <div class='ocr_carea' id='block_1_95' title="bbox 467 4728 2052 4816">
    <p class='ocr_par' dir='ltr' id='par_1_95' title="bbox 467 4728 2052 4816">
     <span class='ocr_line' id='line_1_95' title="bbox 467 4728 2052 4816; baseline 0.018 -33"><span class='ocrx_word' id='word_1_687' title='bbox 467 4728 626 4798; x_wconf 82' lang='lat' dir='ltr'><strong>gitur.</strong></span> <span class='ocrx_word' id='word_1_688' title='bbox 669 4732 799 4800; x_wconf 70' lang='lat' dir='ltr'><strong>Quae</strong></span> <span class='ocrx_word' id='word_1_689' title='bbox 823 4736 992 4803; x_wconf 87' lang='lat' dir='ltr'><strong>ﬁgura</strong></span> <span class='ocrx_word' id='word_1_690' title='bbox 1011 4738 1208 4795; x_wconf 91' lang='lat' dir='ltr'><strong>dicitur</strong></span> <span class='ocrx_word' id='word_1_691' title='bbox 1245 4744 1695 4816; x_wconf 83' lang='lat' dir='ltr'><strong>synathroismos,</strong></span> <span class='ocrx_word' id='word_1_692' title='bbox 1730 4749 1784 4805; x_wconf 91' lang='lat' dir='ltr'><strong>id</strong></span> <span class='ocrx_word' id='word_1_693' title='bbox 1807 4760 1894 4807; x_wconf 88' lang='lat' dir='ltr'><strong>est</strong></span> <span class='ocrx_word' id='word_1_694' title='bbox 1914 4728 2052 4812; x_wconf 72' lang='lat' dir='ltr'><strong>con-</strong></span> 
     </span>
    </p>
   </div>
   <div class='ocr_carea' id='block_1_96' title="bbox 467 4825 2049 4912">
    <p class='ocr_par' dir='ltr' id='par_1_96' title="bbox 467 4825 2049 4912">
     <span class='ocr_line' id='line_1_96' title="bbox 467 4825 2049 4912; baseline 0.018 -36"><span class='ocrx_word' id='word_1_695' title='bbox 467 4825 727 4893; x_wconf 82' lang='lat' dir='ltr'><strong>gregatio,</strong></span> <span class='ocrx_word' id='word_1_696' title='bbox 757 4829 973 4896; x_wconf 88' lang='lat' dir='ltr'><strong>quando</strong></span> <span class='ocrx_word' id='word_1_697' title='bbox 1004 4829 1057 4884; x_wconf 92' lang='lat' dir='ltr'><strong>in</strong></span> <span class='ocrx_word' id='word_1_698' title='bbox 1087 4845 1252 4888; x_wconf 90' lang='lat' dir='ltr'><strong>unum</strong></span> <span class='ocrx_word' id='word_1_699' title='bbox 1299 4837 1572 4908; x_wconf 82' lang='lat' dir='ltr'><strong>cumulum</strong></span> <span class='ocrx_word' id='word_1_700' title='bbox 1602 4853 1791 4912; x_wconf 88' lang='lat' dir='ltr'><strong>aspera</strong></span> <span class='ocrx_word' id='word_1_701' title='bbox 1821 4845 2049 4906; x_wconf 88' lang='lat' dir='ltr'><strong>crimina</strong></span> 
     </span>
    </p>
   </div>
   <div class='ocr_carea' id='block_1_97' title="bbox 467 4916 2048 4998">
    <p class='ocr_par' dir='ltr' id='par_1_97' title="bbox 467 4916 2048 4998">
     <span class='ocr_line' id='line_1_97' title="bbox 467 4916 2048 4998; baseline 0.02 -32"><span class='ocrx_word' id='word_1_702' title='bbox 467 4923 559 4968; x_wconf 76' lang='lat' dir='ltr'><strong>aut</strong></span> <span class='ocrx_word' id='word_1_703' title='bbox 584 4916 744 4972; x_wconf 88' lang='lat' dir='ltr'><strong>nimis</strong></span> <span class='ocrx_word' id='word_1_704' title='bbox 773 4919 954 4973; x_wconf 88' lang='lat' dir='ltr'><strong>suavia</strong></span> <span class='ocrx_word' id='word_1_705' title='bbox 985 4921 1246 4980; x_wconf 86' lang='lat' dir='ltr'><strong>beneﬁcia</strong></span> <span class='ocrx_word' id='word_1_706' title='bbox 1285 4928 1633 4998; x_wconf 86' lang='lat' dir='ltr'><strong>colliguntur.</strong></span> <span class='ocrx_word' id='word_1_707' title='bbox 1680 4932 1865 4993; x_wconf 89' lang='lat' dir='ltr'><strong>Primo</strong></span> <span class='ocrx_word' id='word_1_708' title='bbox 1904 4941 2048 4998; x_wconf 85' lang='lat' dir='ltr'><strong>enim</strong></span> 
     </span>
    </p>
   </div>
   <div class='ocr_carea' id='block_1_98' title="bbox 466 5005 2048 5089">
    <p class='ocr_par' dir='ltr' id='par_1_98' title="bbox 466 5005 2048 5089">
     <span class='ocr_line' id='line_1_98' title="bbox 466 5005 2048 5089; baseline 0.021 -35"><span class='ocrx_word' id='word_1_709' title='bbox 466 5005 526 5072; x_wconf 76' lang='lat' dir='ltr'><strong>ﬁt</strong></span> <span class='ocrx_word' id='word_1_710' title='bbox 553 5006 806 5074; x_wconf 84' lang='lat' dir='ltr'><strong>propitius</strong></span> <span class='ocrx_word' id='word_1_711' title='bbox 826 5012 1048 5076; x_wconf 86' lang='lat' dir='ltr'><strong>peccatis</strong></span> <span class='ocrx_word' id='word_1_712' title='bbox 1089 5027 1304 5084; x_wconf 88' lang='lat' dir='ltr'><strong>eorum,</strong></span> <span class='ocrx_word' id='word_1_713' title='bbox 1328 5020 1543 5088; x_wconf 81' lang='lat' dir='ltr'><strong>quando</strong></span> <span class='ocrx_word' id='word_1_714' title='bbox 1568 5023 1816 5083; x_wconf 85' lang='lat' dir='ltr'><strong>remissis</strong></span> <span class='ocrx_word' id='word_1_715' title='bbox 1836 5027 2048 5089; x_wconf 87' lang='lat' dir='ltr'><strong>delictis</strong></span> 
     </span>
    </p>
   </div>
   <div class='ocr_carea' id='block_1_99' title="bbox 464 5094 2048 5188">
    <p class='ocr_par' dir='ltr' id='par_1_99' title="bbox 464 5094 2048 5188">
     <span class='ocr_line' id='line_1_99' title="bbox 464 5094 2048 5188; baseline 0.018 -38"><span class='ocrx_word' id='word_1_716' title='bbox 464 5095 522 5150; x_wconf 90' lang='lat' dir='ltr'><strong>in</strong></span> <span class='ocrx_word' id='word_1_717' title='bbox 543 5108 676 5163; x_wconf 89' lang='lat' dir='ltr'><strong>pace</strong></span> <span class='ocrx_word' id='word_1_718' title='bbox 702 5094 949 5168; x_wconf 80' lang='lat' dir='ltr'><strong>dignatur</strong></span> <span class='ocrx_word' id='word_1_719' title='bbox 970 5104 1246 5174; x_wconf 86' lang='lat' dir='ltr'><strong>suscipere</strong></span> <span class='ocrx_word' id='word_1_720' title='bbox 1273 5117 1606 5178; x_wconf 87' lang='lat' dir='ltr'><strong>peccatores.</strong></span> <span class='ocrx_word' id='word_1_721' title='bbox 1650 5113 1922 5188; x_wconf 88' lang='lat' dir='ltr'><strong>Secundo,</strong></span> <span class='ocrx_word' id='word_1_722' title='bbox 1962 5139 2048 5178; x_wconf 85' lang='lat' dir='ltr'><strong>sa-</strong></span> 
     </span>
    </p>
   </div>
   <div class='ocr_carea' id='block_1_100' title="bbox 464 5190 2048 5272">
    <p class='ocr_par' dir='ltr' id='par_1_100' title="bbox 464 5190 2048 5272">
     <span class='ocr_line' id='line_1_100' title="bbox 464 5190 2048 5272; baseline 0.021 -34"><span class='ocrx_word' id='word_1_723' title='bbox 464 5197 552 5240; x_wconf 86' lang='lat' dir='ltr'><strong>Ital</strong></span> <span class='ocrx_word' id='word_1_724' title='bbox 590 5203 765 5243; x_wconf 87' lang='lat' dir='ltr'><strong>omnes</strong></span> <span class='ocrx_word' id='word_1_725' title='bbox 791 5190 1065 5264; x_wconf 84' lang='lat' dir='ltr'><strong>languores</strong></span> <span class='ocrx_word' id='word_1_726' title='bbox 1094 5196 1352 5269; x_wconf 88' lang='lat' dir='ltr'><strong>ﬁdelium,</strong></span> <span class='ocrx_word' id='word_1_727' title='bbox 1379 5215 1502 5259; x_wconf 90' lang='lat' dir='ltr'><strong>cum</strong></span> <span class='ocrx_word' id='word_1_728' title='bbox 1546 5208 1810 5265; x_wconf 88' lang='lat' dir='ltr'><strong>securitas</strong></span> <span class='ocrx_word' id='word_1_729' title='bbox 1853 5219 1908 5267; x_wconf 90' lang='lat' dir='ltr'><strong>et</strong></span> <span class='ocrx_word' id='word_1_730' title='bbox 1947 5213 2048 5272; x_wconf 85' lang='lat' dir='ltr'><strong>im-</strong></span> 
     </span>
    </p>
   </div>
   <div class='ocr_carea' id='block_1_101' title="bbox 463 5278 2044 5376">
    <p class='ocr_par' dir='ltr' id='par_1_101' title="bbox 463 5278 2044 5376">
     <span class='ocr_line' id='line_1_101' title="bbox 463 5278 2044 5376; baseline 0.022 -47"><span class='ocrx_word' id='word_1_731' title='bbox 463 5278 761 5336; x_wconf 85' lang='lat' dir='ltr'><strong>mortalitas</strong></span> <span class='ocrx_word' id='word_1_732' title='bbox 781 5292 982 5342; x_wconf 66' lang='lat' dir='ltr'><strong>azterna</strong></span> <span class='ocrx_word' id='word_1_733' title='bbox 1003 5288 1056 5343; x_wconf 93' lang='lat' dir='ltr'><strong>in</strong></span> <span class='ocrx_word' id='word_1_734' title='bbox 1078 5293 1474 5354; x_wconf 86' lang='lat' dir='ltr'><strong>resurrectione</strong></span> <span class='ocrx_word' id='word_1_735' title='bbox 1499 5300 1832 5370; x_wconf 89' lang='lat' dir='ltr'><strong>conceditur,</strong></span> <span class='ocrx_word' id='word_1_736' title='bbox 1857 5303 1910 5360; x_wconf 94' lang='lat' dir='ltr'><strong>id</strong></span> <span class='ocrx_word' id='word_1_737' title='bbox 1937 5316 2044 5376; x_wconf 90' lang='lat' dir='ltr'><strong>est,</strong></span> 
     </span>
    </p>
   </div>
   <div class='ocr_carea' id='block_1_102' title="bbox 463 5365 2042 5460">
    <p class='ocr_par' dir='ltr' id='par_1_102' title="bbox 463 5365 2042 5460">
     <span class='ocr_line' id='line_1_102' title="bbox 463 5365 2042 5460; baseline 0.023 -41"><span class='ocrx_word' id='word_1_738' title='bbox 463 5365 940 5460; x_wconf 10' lang='lat' dir='ltr'><strong>(Iumicorruptibile</strong></span> <span class='ocrx_word' id='word_1_739' title='bbox 964 5380 1060 5432; x_wconf 87' lang='lat' dir='ltr'><strong>hoc</strong></span> <span class='ocrx_word' id='word_1_740' title='bbox 1090 5382 1310 5439; x_wconf 87' lang='lat' dir='ltr'><strong>induerit</strong></span> <span class='ocrx_word' id='word_1_741' title='bbox 1334 5387 1791 5460; x_wconf 87' lang='lat' dir='ltr'><strong>incorruptionem,</strong></span> <span class='ocrx_word' id='word_1_742' title='bbox 1818 5365 1873 5450; x_wconf 54' lang='lat' dir='ltr'><strong>&#39;a</strong></span> <span class='ocrx_word' id='word_1_743' title='bbox 1899 5365 2042 5454; x_wconf 54' lang='lat' dir='ltr'><strong>mor:</strong></span> 
     </span>
    </p>
   </div>
   <div class='ocr_carea' id='block_1_103' title="bbox 464 5458 2046 5557">
    <p class='ocr_par' dir='ltr' id='par_1_103' title="bbox 464 5458 2046 5557">
     <span class='ocr_line' id='line_1_103' title="bbox 464 5458 2046 5557; baseline 0.022 -46"><span class='ocrx_word' id='word_1_744' title='bbox 464 5458 566 5557; x_wconf 76' lang='lat' dir='ltr'><strong>tale</strong></span> <span class='ocrx_word' id='word_1_745' title='bbox 591 5459 688 5516; x_wconf 80' lang='lat' dir='ltr'><strong>hoc</strong></span> <span class='ocrx_word' id='word_1_746' title='bbox 711 5462 931 5523; x_wconf 86' lang='lat' dir='ltr'><strong>induerit</strong></span> <span class='ocrx_word' id='word_1_747' title='bbox 957 5470 1391 5530; x_wconf 78' lang='lat' dir='ltr'><strong>immortalitatem</strong></span> <span class='ocrx_word' id='word_1_748' title='bbox 1415 5477 1469 5550; x_wconf 90' lang='lat' dir='ltr'><strong>(I</strong></span> <span class='ocrx_word' id='word_1_749' title='bbox 1501 5458 1620 5538; x_wconf 80' lang='lat' dir='ltr'><strong>Cor.</strong></span> <span class='ocrx_word' id='word_1_750' title='bbox 1647 5501 1738 5553; x_wconf 87' lang='lat' dir='ltr'><strong>xv,</strong></span> <span class='ocrx_word' id='word_1_751' title='bbox 1763 5458 1874 5557; x_wconf 65' lang='grc'><strong>34).</strong></span> <span class='ocrx_word' id='word_1_752' title='bbox 1915 5488 2046 5545; x_wconf 88' lang='lat' dir='ltr'><strong>Ter-</strong></span> 
     </span>
    </p>
   </div>
   <div class='ocr_carea' id='block_1_104' title="bbox 463 5548 2044 5646">
    <p class='ocr_par' dir='ltr' id='par_1_104' title="bbox 463 5548 2044 5646">
     <span class='ocr_line' id='line_1_104' title="bbox 463 5548 2044 5646; baseline 0.022 -42"><span class='ocrx_word' id='word_1_753' title='bbox 463 5548 564 5618; x_wconf 89' lang='lat' dir='ltr'><strong>tio,</strong></span> <span class='ocrx_word' id='word_1_754' title='bbox 602 5553 815 5618; x_wconf 83' lang='lat' dir='ltr'><strong>redimet</strong></span> <span class='ocrx_word' id='word_1_755' title='bbox 855 5558 918 5614; x_wconf 89' lang='lat' dir='ltr'><strong>de</strong></span> <span class='ocrx_word' id='word_1_756' title='bbox 964 5561 1172 5617; x_wconf 85' lang='lat' dir='ltr'><strong>interitu</strong></span> <span class='ocrx_word' id='word_1_757' title='bbox 1214 5565 1370 5620; x_wconf 83' lang='lat' dir='ltr'><strong>vitam</strong></span> <span class='ocrx_word' id='word_1_758' title='bbox 1399 5548 1662 5642; x_wconf 84' lang='lat' dir='ltr'><strong>nostram,</strong></span> <span class='ocrx_word' id='word_1_759' title='bbox 1703 5548 1915 5646; x_wconf 80' lang='lat' dir='ltr'><strong>quando</strong></span> <span class='ocrx_word' id='word_1_760' title='bbox 1943 5597 2044 5638; x_wconf 87' lang='lat' dir='ltr'><strong>nos</strong></span> 
     </span>
    </p>
   </div>
   <div class='ocr_carea' id='block_1_105' title="bbox 463 5641 2042 5742">
    <p class='ocr_par' dir='ltr' id='par_1_105' title="bbox 463 5641 2042 5742">
     <span class='ocr_line' id='line_1_105' title="bbox 463 5641 2042 5742; baseline 0.023 -45"><span class='ocrx_word' id='word_1_761' title='bbox 463 5641 532 5700; x_wconf 86' lang='lat' dir='ltr'><strong>ab</strong></span> <span class='ocrx_word' id='word_1_762' title='bbox 553 5653 768 5703; x_wconf 69' lang='lat' dir='ltr'><strong>ceterum</strong></span> <span class='ocrx_word' id='word_1_763' title='bbox 797 5653 984 5708; x_wconf 89' lang='lat' dir='ltr'><strong>mortis</strong></span> <span class='ocrx_word' id='word_1_764' title='bbox 1005 5655 1305 5716; x_wconf 86' lang='lat' dir='ltr'><strong>calamitate</strong></span> <span class='ocrx_word' id='word_1_765' title='bbox 1337 5641 1694 5734; x_wconf 87' lang='lat' dir='ltr'><strong>submoverit;</strong></span> <span class='ocrx_word' id='word_1_766' title='bbox 1720 5641 1954 5742; x_wconf 80' lang='lat' dir='ltr'><strong>scilicet,</strong></span> <span class='ocrx_word' id='word_1_767' title='bbox 1981 5685 2042 5733; x_wconf 89' lang='lat' dir='ltr'><strong>ut</strong></span> 
     </span>
    </p>
   </div>
   <div class='ocr_carea' id='block_1_106' title="bbox 462 5737 2038 5832">
    <p class='ocr_par' dir='ltr' id='par_1_106' title="bbox 462 5737 2038 5832">
     <span class='ocr_line' id='line_1_106' title="bbox 462 5737 2038 5832; baseline 0.023 -45"><span class='ocrx_word' id='word_1_768' title='bbox 462 5747 570 5796; x_wconf 89' lang='lat' dir='ltr'><strong>non</strong></span> <span class='ocrx_word' id='word_1_769' title='bbox 591 5737 869 5800; x_wconf 83' lang='lat' dir='ltr'><strong>audiamus</strong></span> <span class='ocrx_word' id='word_1_770' title='bbox 897 5761 908 5798; x_wconf 95' lang='lat'>:</span> <span class='ocrx_word' id='word_1_771' title='bbox 940 5742 1024 5803; x_wconf 89' lang='lat' dir='ltr'><strong>Ite</strong></span> <span class='ocrx_word' id='word_1_772' title='bbox 1044 5745 1098 5802; x_wconf 90' lang='lat' dir='ltr'><strong>in</strong></span> <span class='ocrx_word' id='word_1_773' title='bbox 1123 5748 1292 5820; x_wconf 86' lang='lat' dir='ltr'><strong>ignem</strong></span> <span class='ocrx_word' id='word_1_774' title='bbox 1318 5761 1584 5828; x_wconf 77' lang='lat' dir='ltr'><strong>wternum,</strong></span> <span class='ocrx_word' id='word_1_775' title='bbox 1616 5760 1704 5829; x_wconf 87' lang='lat' dir='ltr'><strong>qui</strong></span> <span class='ocrx_word' id='word_1_776' title='bbox 1733 5737 2038 5832; x_wconf 66' lang='lat' dir='ltr'><strong>paraturas:</strong></span> 
     </span>
    </p>
   </div>
   <div class='ocr_carea' id='block_1_107' title="bbox 2154 4661 3744 4740">
    <p class='ocr_par' dir='ltr' id='par_1_107' title="bbox 2154 4661 3744 4740">
     <span class='ocr_line' id='line_1_107' title="bbox 2154 4661 3744 4740; baseline 0.009 -23"><span class='ocrx_word' id='word_1_777' title='bbox 2154 4661 2498 4735; x_wconf 76' lang='lat' dir='ltr'><strong>furoremque</strong></span> <span class='ocrx_word' id='word_1_778' title='bbox 2527 4680 2683 4722; x_wconf 91' lang='lat' dir='ltr'><strong>suum</strong></span> <span class='ocrx_word' id='word_1_779' title='bbox 2732 4667 2933 4724; x_wconf 90' lang='lat' dir='ltr'><strong>inimici</strong></span> <span class='ocrx_word' id='word_1_780' title='bbox 2961 4673 3333 4740; x_wconf 90' lang='lat' dir='ltr'><strong>persecutione</strong></span> <span class='ocrx_word' id='word_1_781' title='bbox 3357 4675 3559 4731; x_wconf 88' lang='lat' dir='ltr'><strong>satiare</strong></span> <span class='ocrx_word' id='word_1_782' title='bbox 3613 4691 3744 4732; x_wconf 88' lang='lat' dir='ltr'><strong>con-</strong></span> 
     </span>
    </p>
   </div>
   <div class='ocr_carea' id='block_1_108' title="bbox 2155 4755 3745 4840">
    <p class='ocr_par' dir='ltr' id='par_1_108' title="bbox 2155 4755 3745 4840">
     <span class='ocr_line' id='line_1_108' title="bbox 2155 4755 3745 4840; baseline 0.009 -28"><span class='ocrx_word' id='word_1_783' title='bbox 2155 4755 2398 4824; x_wconf 78' lang='lat' dir='ltr'><strong>teadunt,</strong></span> <span class='ocrx_word' id='word_1_784' title='bbox 2434 4757 2719 4815; x_wconf 87' lang='lat' dir='ltr'><strong>vindictam</strong></span> <span class='ocrx_word' id='word_1_785' title='bbox 2754 4761 2977 4817; x_wconf 92' lang='lat' dir='ltr'><strong>Domino</strong></span> <span class='ocrx_word' id='word_1_786' title='bbox 3034 4779 3143 4818; x_wconf 91' lang='lat' dir='ltr'><strong>non</strong></span> <span class='ocrx_word' id='word_1_787' title='bbox 3183 4776 3482 4835; x_wconf 89' lang='lat' dir='ltr'><strong>reservant,</strong></span> <span class='ocrx_word' id='word_1_788' title='bbox 3536 4770 3660 4840; x_wconf 89' lang='lat' dir='ltr'><strong>quia</strong></span> <span class='ocrx_word' id='word_1_789' title='bbox 3687 4784 3745 4826; x_wconf 89' lang='lat' dir='ltr'><strong>se</strong></span> 
     </span>
    </p>
   </div>
   <div class='ocr_carea' id='block_1_109' title="bbox 2155 4847 3745 4924">
    <p class='ocr_par' dir='ltr' id='par_1_109' title="bbox 2155 4847 3745 4924">
     <span class='ocr_line' id='line_1_109' title="bbox 2155 4847 3745 4924; baseline 0.009 -22"><span class='ocrx_word' id='word_1_790' title='bbox 2155 4847 2383 4904; x_wconf 90' lang='lat' dir='ltr'><strong>credunt</strong></span> <span class='ocrx_word' id='word_1_791' title='bbox 2410 4862 2570 4918; x_wconf 88' lang='lat' dir='ltr'><strong>posse</strong></span> <span class='ocrx_word' id='word_1_792' title='bbox 2617 4850 2962 4924; x_wconf 86' lang='lat' dir='ltr'><strong>distringere,</strong></span> <span class='ocrx_word' id='word_1_793' title='bbox 3009 4855 3151 4924; x_wconf 92' lang='lat' dir='ltr'><strong>quod</strong></span> <span class='ocrx_word' id='word_1_794' title='bbox 3183 4855 3449 4914; x_wconf 87' lang='lat' dir='ltr'><strong>deberent</strong></span> <span class='ocrx_word' id='word_1_795' title='bbox 3493 4874 3525 4914; x_wconf 87' lang='lat' dir='ltr'><strong>a</strong></span> <span class='ocrx_word' id='word_1_796' title='bbox 3553 4859 3745 4916; x_wconf 84' lang='lat' dir='ltr'><strong>Judice</strong></span> 
     </span>
    </p>
   </div>
   <div class='ocr_carea' id='block_1_110' title="bbox 2155 4940 3744 5023">
    <p class='ocr_par' dir='ltr' id='par_1_110' title="bbox 2155 4940 3744 5023">
     <span class='ocr_line' id='line_1_110' title="bbox 2155 4940 3744 5023; baseline 0.01 -31"><span class='ocrx_word' id='word_1_797' title='bbox 2155 4940 2426 5009; x_wconf 86' lang='lat' dir='ltr'><strong>postulare</strong></span> <span class='ocrx_word' id='word_1_798' title='bbox 2455 4940 2584 5012; x_wconf 89' lang='lat' dir='ltr'><strong>[ed.,</strong></span> <span class='ocrx_word' id='word_1_799' title='bbox 2617 4943 2958 5018; x_wconf 62' lang='lat' dir='ltr'><strong>praestolari].</strong></span> <span class='ocrx_word' id='word_1_800' title='bbox 2989 4945 3214 5014; x_wconf 89' lang='lat' dir='ltr'><strong>Dedisti,</strong></span> <span class='ocrx_word' id='word_1_801' title='bbox 3245 4951 3588 5008; x_wconf 85' lang='lat' dir='ltr'><strong>sanctissime</strong></span> <span class='ocrx_word' id='word_1_802' title='bbox 3619 4967 3744 5023; x_wconf 88' lang='lat' dir='ltr'><strong>pro-</strong></span> 
     </span>
    </p>
   </div>
   <div class='ocr_carea' id='block_1_111' title="bbox 2153 5030 3744 5114">
    <p class='ocr_par' dir='ltr' id='par_1_111' title="bbox 2153 5030 3744 5114">
     <span class='ocr_line' id='line_1_111' title="bbox 2153 5030 3744 5114; baseline 0.01 -30"><span class='ocrx_word' id='word_1_803' title='bbox 2153 5030 2335 5100; x_wconf 85' lang='lat' dir='ltr'><strong>pheta,</strong></span> <span class='ocrx_word' id='word_1_804' title='bbox 2366 5033 2562 5088; x_wconf 83' lang='lat' dir='ltr'><strong>animac</strong></span> <span class='ocrx_word' id='word_1_805' title='bbox 2609 5043 2713 5090; x_wconf 66' lang='lat' dir='ltr'><strong>tua:</strong></span> <span class='ocrx_word' id='word_1_806' title='bbox 2741 5036 2954 5092; x_wconf 87' lang='lat' dir='ltr'><strong>salubre</strong></span> <span class='ocrx_word' id='word_1_807' title='bbox 2982 5039 3290 5107; x_wconf 87' lang='lat' dir='ltr'><strong>consilium,</strong></span> <span class='ocrx_word' id='word_1_808' title='bbox 3340 5042 3397 5097; x_wconf 90' lang='lat' dir='ltr'><strong>in</strong></span> <span class='ocrx_word' id='word_1_809' title='bbox 3441 5058 3552 5114; x_wconf 90' lang='lat' dir='ltr'><strong>quo</strong></span> <span class='ocrx_word' id='word_1_810' title='bbox 3593 5059 3656 5101; x_wconf 89' lang='lat' dir='ltr'><strong>se</strong></span> <span class='ocrx_word' id='word_1_811' title='bbox 3691 5053 3744 5102; x_wconf 88' lang='lat' dir='ltr'><strong>et</strong></span> 
     </span>
    </p>
   </div>
   <div class='ocr_carea' id='block_1_112' title="bbox 2152 5121 3742 5195">
    <p class='ocr_par' dir='ltr' id='par_1_112' title="bbox 2152 5121 3742 5195">
     <span class='ocr_line' id='line_1_112' title="bbox 2152 5121 3742 5195; baseline 0.011 -20"><span class='ocrx_word' id='word_1_812' title='bbox 2152 5121 2384 5178; x_wconf 89' lang='lat' dir='ltr'><strong>mundus</strong></span> <span class='ocrx_word' id='word_1_813' title='bbox 2433 5123 2638 5180; x_wconf 86' lang='lat' dir='ltr'><strong>sentiat</strong></span> <span class='ocrx_word' id='word_1_814' title='bbox 2684 5127 3048 5195; x_wconf 83' lang='lat' dir='ltr'><strong>consulatum;</strong></span> <span class='ocrx_word' id='word_1_815' title='bbox 3097 5131 3177 5186; x_wconf 89' lang='lat' dir='ltr'><strong>sic</strong></span> <span class='ocrx_word' id='word_1_816' title='bbox 3205 5133 3345 5188; x_wconf 87' lang='lat' dir='ltr'><strong>enim</strong></span> <span class='ocrx_word' id='word_1_817' title='bbox 3393 5134 3488 5190; x_wconf 88' lang='lat' dir='ltr'><strong>tibi</strong></span> <span class='ocrx_word' id='word_1_818' title='bbox 3533 5135 3742 5193; x_wconf 86' lang='lat' dir='ltr'><strong>locutus</strong></span> 
     </span>
    </p>
   </div>
   <div class='ocr_carea' id='block_1_113' title="bbox 2149 5213 3740 5292">
    <p class='ocr_par' dir='ltr' id='par_1_113' title="bbox 2149 5213 3740 5292">
     <span class='ocr_line' id='line_1_113' title="bbox 2149 5213 3740 5292; baseline 0.008 -22"><span class='ocrx_word' id='word_1_819' title='bbox 2149 5227 2231 5282; x_wconf 88' lang='lat' dir='ltr'><strong>es,</strong></span> <span class='ocrx_word' id='word_1_820' title='bbox 2256 5221 2317 5268; x_wconf 89' lang='lat' dir='ltr'><strong>ut</strong></span> <span class='ocrx_word' id='word_1_821' title='bbox 2339 5213 2495 5270; x_wconf 89' lang='lat' dir='ltr'><strong>nobis</strong></span> <span class='ocrx_word' id='word_1_822' title='bbox 2523 5215 2765 5284; x_wconf 86' lang='lat' dir='ltr'><strong>diceres;</strong></span> <span class='ocrx_word' id='word_1_823' title='bbox 2793 5218 2871 5275; x_wconf 92' lang='lat' dir='ltr'><strong>sic</strong></span> <span class='ocrx_word' id='word_1_824' title='bbox 2900 5218 2996 5276; x_wconf 91' lang='lat' dir='ltr'><strong>tibi</strong></span> <span class='ocrx_word' id='word_1_825' title='bbox 3031 5220 3298 5292; x_wconf 85' lang='lat' dir='ltr'><strong>profuisti,</strong></span> <span class='ocrx_word' id='word_1_826' title='bbox 3331 5230 3391 5279; x_wconf 90' lang='lat' dir='ltr'><strong>ut</strong></span> <span class='ocrx_word' id='word_1_827' title='bbox 3418 5233 3474 5281; x_wconf 86' lang='lat' dir='ltr'><strong>et</strong></span> <span class='ocrx_word' id='word_1_828' title='bbox 3502 5241 3602 5284; x_wconf 90' lang='lat' dir='ltr'><strong>nos</strong></span> <span class='ocrx_word' id='word_1_829' title='bbox 3623 5225 3740 5283; x_wconf 89' lang='lat' dir='ltr'><strong>sine</strong></span> 
     </span>
    </p>
   </div>
   <div class='ocr_carea' id='block_1_114' title="bbox 2151 5302 2770 5366">
    <p class='ocr_par' dir='ltr' id='par_1_114' title="bbox 2151 5302 2770 5366">
     <span class='ocr_line' id='line_1_114' title="bbox 2151 5302 2770 5366; baseline 0.01 -6"><span class='ocrx_word' id='word_1_830' title='bbox 2151 5302 2482 5362; x_wconf 89' lang='lat' dir='ltr'><strong>dubitatione</strong></span> <span class='ocrx_word' id='word_1_831' title='bbox 2509 5308 2770 5366; x_wconf 89' lang='lat' dir='ltr'><strong>salvares.</strong></span> 
     </span>
    </p>
   </div>
   <div class='ocr_carea' id='block_1_115' title="bbox 2223 5395 3739 5479">
    <p class='ocr_par' dir='ltr' id='par_1_115' title="bbox 2223 5395 3739 5479">
     <span class='ocr_line' id='line_1_115' title="bbox 2223 5395 3739 5479; baseline 0.009 -27"><span class='ocrx_word' id='word_1_832' title='bbox 2223 5395 2379 5453; x_wconf 69' lang='grc' dir='ltr'><strong>νει-ε.</strong></span> <span class='ocrx_word' id='word_1_833' title='bbox 2412 5399 2466 5453; x_wconf 92' lang='grc'><strong>7.</strong></span> <span class='ocrx_word' id='word_1_834' title='bbox 2498 5398 2670 5458; x_wconf 85' lang='lat' dir='ltr'><strong>Notas</strong></span> <span class='ocrx_word' id='word_1_835' title='bbox 2699 5403 2817 5473; x_wconf 82' lang='lat' dir='ltr'><strong>fecit</strong></span> <span class='ocrx_word' id='word_1_836' title='bbox 2870 5406 2976 5460; x_wconf 83' lang='lat' dir='ltr'><strong>uias</strong></span> <span class='ocrx_word' id='word_1_837' title='bbox 3004 5420 3124 5462; x_wconf 89' lang='lat' dir='ltr'><strong>suas</strong></span> <span class='ocrx_word' id='word_1_838' title='bbox 3165 5406 3359 5479; x_wconf 78' lang='lat' dir='ltr'><strong>Moysi,</strong></span> <span class='ocrx_word' id='word_1_839' title='bbox 3401 5409 3527 5479; x_wconf 81' lang='lat' dir='ltr'><strong>ﬁliis</strong></span> <span class='ocrx_word' id='word_1_840' title='bbox 3572 5408 3739 5466; x_wconf 83' lang='lat' dir='ltr'><strong>Israel</strong></span> 
     </span>
    </p>
   </div>
   <div class='ocr_carea' id='block_1_116' title="bbox 2150 5491 3734 5576">
    <p class='ocr_par' dir='ltr' id='par_1_116' title="bbox 2150 5491 3734 5576">
     <span class='ocr_line' id='line_1_116' title="bbox 2150 5491 3734 5576; baseline 0.012 -32"><span class='ocrx_word' id='word_1_841' title='bbox 2150 5491 2430 5547; x_wconf 77' lang='lat' dir='ltr'><strong>voluntates</strong></span> <span class='ocrx_word' id='word_1_842' title='bbox 2471 5510 2611 5551; x_wconf 88' lang='lat' dir='ltr'><strong>suas.</strong></span> <span class='ocrx_word' id='word_1_843' title='bbox 2657 5497 2916 5568; x_wconf 90' lang='lat' dir='ltr'><strong>Superius</strong></span> <span class='ocrx_word' id='word_1_844' title='bbox 2957 5501 3167 5559; x_wconf 83' lang='lat' dir='ltr'><strong>dixerat</strong></span> <span class='ocrx_word' id='word_1_845' title='bbox 3195 5519 3327 5576; x_wconf 90' lang='lat' dir='ltr'><strong>quas</strong></span> <span class='ocrx_word' id='word_1_846' title='bbox 3355 5506 3734 5564; x_wconf 67' lang='lat' dir='ltr'><strong>retributiones</strong></span> 
     </span>
    </p>
   </div>
   <div class='ocr_carea' id='block_1_117' title="bbox 2148 5586 3732 5670">
    <p class='ocr_par' dir='ltr' id='par_1_117' title="bbox 2148 5586 3732 5670">
     <span class='ocr_line' id='line_1_117' title="bbox 2148 5586 3732 5670; baseline 0.008 -26"><span class='ocrx_word' id='word_1_847' title='bbox 2148 5586 2204 5644; x_wconf 89' lang='lat' dir='ltr'><strong>in</strong></span> <span class='ocrx_word' id='word_1_848' title='bbox 2248 5587 2341 5644; x_wconf 92' lang='lat' dir='ltr'><strong>illo</strong></span> <span class='ocrx_word' id='word_1_849' title='bbox 2382 5593 2581 5649; x_wconf 58' lang='lat' dir='ltr'><strong>saeculo</strong></span> <span class='ocrx_word' id='word_1_850' title='bbox 2623 5594 2773 5664; x_wconf 88' lang='lat' dir='ltr'><strong>plebs</strong></span> <span class='ocrx_word' id='word_1_851' title='bbox 2814 5596 2968 5654; x_wconf 86' lang='lat' dir='ltr'><strong>beata</strong></span> <span class='ocrx_word' id='word_1_852' title='bbox 3011 5610 3344 5670; x_wconf 87' lang='lat' dir='ltr'><strong>mereretur;</strong></span> <span class='ocrx_word' id='word_1_853' title='bbox 3373 5615 3516 5658; x_wconf 91' lang='lat' dir='ltr'><strong>nunc</strong></span> <span class='ocrx_word' id='word_1_854' title='bbox 3555 5610 3732 5659; x_wconf 89' lang='lat' dir='ltr'><strong>autem</strong></span> 
     </span>
    </p>
   </div>
   <div class='ocr_carea' id='block_1_118' title="bbox 2147 5680 3730 5765">
    <p class='ocr_par' dir='ltr' id='par_1_118' title="bbox 2147 5680 3730 5765">
     <span class='ocr_line' id='line_1_118' title="bbox 2147 5680 3730 5765; baseline 0.009 -29"><span class='ocrx_word' id='word_1_855' title='bbox 2147 5680 2369 5738; x_wconf 85' lang='lat' dir='ltr'><strong>veniens</strong></span> <span class='ocrx_word' id='word_1_856' title='bbox 2394 5683 2460 5739; x_wconf 87' lang='lat' dir='ltr'><strong>ad</strong></span> <span class='ocrx_word' id='word_1_857' title='bbox 2491 5686 2780 5744; x_wconf 87' lang='lat' dir='ltr'><strong>secundam</strong></span> <span class='ocrx_word' id='word_1_858' title='bbox 2814 5693 3198 5764; x_wconf 88' lang='lat' dir='ltr'><strong>narrationem,</strong></span> <span class='ocrx_word' id='word_1_859' title='bbox 3229 5709 3325 5765; x_wconf 89' lang='lat' dir='ltr'><strong>per</strong></span> <span class='ocrx_word' id='word_1_860' title='bbox 3357 5694 3516 5751; x_wconf 89' lang='lat' dir='ltr'><strong>unius</strong></span> <span class='ocrx_word' id='word_1_861' title='bbox 3545 5710 3730 5753; x_wconf 82' lang='lat' dir='ltr'><strong>exem-</strong></span> 
     </span>
    </p>
   </div>
   <div class='ocr_carea' id='block_1_119' title="bbox 2147 5773 3781 5865">
    <p class='ocr_par' dir='ltr' id='par_1_119' title="bbox 2147 5773 3781 5865">
     <span class='ocr_line' id='line_1_119' title="bbox 2147 5773 3781 5865; baseline 0.01 -37"><span class='ocrx_word' id='word_1_862' title='bbox 2147 5773 2292 5844; x_wconf 88' lang='lat' dir='ltr'><strong>plum</strong></span> <span class='ocrx_word' id='word_1_863' title='bbox 2323 5776 2512 5845; x_wconf 82' lang='lat' dir='ltr'><strong>probat</strong></span> <span class='ocrx_word' id='word_1_864' title='bbox 2539 5789 2738 5850; x_wconf 86' lang='lat' dir='ltr'><strong>quanta</strong></span> <span class='ocrx_word' id='word_1_865' title='bbox 2767 5792 2819 5838; x_wconf 90' lang='lat' dir='ltr'><strong>et</strong></span> <span class='ocrx_word' id='word_1_866' title='bbox 2872 5784 2956 5841; x_wconf 90' lang='lat' dir='ltr'><strong>hic</strong></span> <span class='ocrx_word' id='word_1_867' title='bbox 3003 5787 3315 5857; x_wconf 76' lang='lat' dir='ltr'><strong>praestiterit</strong></span> <span class='ocrx_word' id='word_1_868' title='bbox 3357 5788 3530 5846; x_wconf 86' lang='lat' dir='ltr'><strong>servis</strong></span> <span class='ocrx_word' id='word_1_869' title='bbox 3572 5786 3730 5845; x_wconf 82' lang='lat' dir='ltr'><strong>suis=</strong></span> <span class='ocrx_word' id='word_1_870' title='bbox 3768 5857 3781 5865; x_wconf 89' lang='lat'>_</span> 
     </span>
    </p>
   </div>
   <div class='ocr_carea' id='block_1_120' title="bbox 4067 4115 4075 5207">
    <p class='ocr_par' dir='ltr' id='par_1_120' title="bbox 4067 4889 4072 5207">
     <span class='ocr_line' id='line_1_120' title="bbox 4067 4889 4072 5207; baseline 0 0"><span class='ocrx_word' id='word_1_871' title='bbox 4067 4889 4072 5207; x_wconf 79' lang='lat' dir='ltr'><strong>l</strong></span> 
     </span>
    </p>
   </div>
  </div>
